2263 2668
494 135 558 169 DE
585 132 973 169 SIGNIFIGATloNE
1003 134 1287 174 VERBORUM.
1338 139 1484 173 LIBER
1511 139 1619 174 XVII.
1959 141 2034 177 685

251 227 412 266 Strigas.
443 226 502 266 (Ad
525 239 553 267 p
566 226 649 267 249.)
682 226 764 256 Stri.
781 249 787 256 .
826 227 968 264 ,Striges
991 238 1057 257 aves
1079 234 1258 267 nocturnas,
1288 236 1322 261 ut
1345 232 1385 261 ait
1406 232 1545 269 Verrius,
1582 232 1690 261 Graeci
1712 232 1849 273 σφίγγας
1870 236 2032 274 appellant,

85 283 102 301 a
125 281 184 310 quo
208 270 348 299 maleficis
371 270 546 300 mulienibus
569 281 676 299 nomen
700 270 825 298 inditum
850 275 911 305 est,
948 280 1021 308 quas
1046 272 1190 302 volaticas
1213 275 1301 302 0113111
1323 280 1441 306 vocant
1485 276 1587 314 ltaque
1610 275 1705 304 solent
1727 275 1773 304 his
1796 276 1893 306 verbis
1916 287 1963 306 eas
1985 289 2033 307 ve-

85 315 140 343 luti
165 319 297 342 avestere
320 313 442 342 Graeci:

579 351 702 394 Σφίγγ’
725 351 921 404 ἆπὸπεμπον,
942 353 1135 405 νυκτιβόαν,
1167 355 1222 388 τᾶν
1246 355 1360 399 σφίγγ’
1383 356 1443 390 cino*
1466 362 1542 391 λαοῦ

580 400 592 413 *
607 396 716 436 ’Όρνιν
740 393 904 435 οἷνωνυμον
928 394 1108 436 ωκυπόρους
1132 399 1178 429 ἐπὶ
1201 403 1286 438 νῆας.

84 440 198 469 Plinius
222 439 276 468 11ο5
300 450 404 468 versus
427 439 590 476 intellexit,
616 450 682 467 cum
701 440 805 468 scribit
823 423 894 477 (Xl,
919 440 999 477 394)
1023 440 1138 480 Strigas
1161 443 1190 470 in
1209 441 1386 473 Graecorum
1410 443 1482 473 diris
1504 451 1530 472 et
1553 443 1809 483 imprecationibus
1831 444 1940 477 haberi.
1974 446 2034 483 Qui

84 483 134 512 1110
157 480 306 512 somniant
330 482 443 521 syrnia,
474 492 528 510 nae
551 482 607 520 ipsi
631 482 758 511 multum
782 482 1013 511 hallucinantur.
1058 483 1133 512 Puto
1156 486 1318 514 secundum
1342 496 1461 515 versum
1483 486 1524 515 ita
1546 486 1705 525 legendum
1727 497 1762 516 ac
1784 488 2000 527 supplendum:

568 522 676 563 ’'09va
699 522 859 564 οἷνῶνυμον
882 522 1062 563 wnvn690v9
1085 526 1132 556 ἐπὶ
1155 530 1230 565 νῆας
1254 528 1367 559 ἔλαυνε-

83 565 185 597 Scal.
224 567 342 596 Harum'
364 567 463 596 avium
492 566 724 605 descliptionem
753 573 821 606 pete
849 578 885 596 ex
908 568 996 598 Ovid.
1021 568 1069 597 lib.
1083 569 1131 598 VI.
1154 570 1232 599 F.ast
1255 576 1325 609 post
1346 581 1465 600 versum
1487 573 1556 602 130.
1601 571 1638 599 Et
1665 576 1747 601 recte
1771 572 1892 602 Verrius
1914 573 1995 603 strix
2018 585 2033 602 a

84 610 199 639 Graeco
223 612 322 650 σφίγξ
345 619 397 639 seu
421 610 516 648 σφίξ,
549 609 631 647 quod
654 622 669 637 3
693 611 798 649 σφίζω
821 610 949 647 strideo,
978 611 1055 639 unde
1079 611 1166 641 Ovid.
1191 613 1224 650 (l.
1245 614 1302 650 c.):

577 651 631 680 Est
654 651 716 680 illis
738 652 877 692 strigibus
900 663 1017 690 nomen,
1046 652 1097 681 secl
1120 656 1244 684 nominis
1266 655 1350 684 huius

620 693 744 731 Caussa,
769 694 849 735 quod
870 694 1015 724 horrenda
1037 695 1157 725 stridere
1178 705 1261 726 nocte
1282 697 1383 727 solent.

81 736 222 765 Mulieres
245 741 343 765 autem
365 735 514 765 veneficae
537 736 639 775 striges
661 737 775 773 (lictae,
812 738 878 776 quia
907 738 936 766 in
968 748 1015 767 eas
1038 749 1105 767 aves
1127 738 1300 776 figurantur.
1346 740 1430 769 Unde
1452 745 1481 769 et
1504 741 1650 770 volaticae
1674 740 1770 770 dictae
1793 741 2032 772 sunt.1sidor.:

82 778 209 818 Striges,
232 777 366 807 mulieres
385 777 540 807 volaticae.
580 780 616 807 Et
640 780 752 809 Gloss.:
778 780 878 819 Singa
900 777 1098 820 λαίσφυγων,
1122 782 1171 812 καὶ
1193 781 1269 822 γυνὴ
1291 783 1452 821 φαρμακίς.
1486 783 1554 811 11311
1578 784 1666 812 etiam
1688 783 1777 812 hodie
1799 783 1922 823 strigam
1944 794 2034 813 vene-

80 820 168 849 ficam
190 827 307 850 vocant.
330 821 419 850 Dac.
461 822 524 850 Duo
548 831 650 850 versus
675 823 782 852 Graeci
804 828 873 852 sunt
895 823 926 851 in
948 824 1042 852 xeteri
1064 823 1158 860 libro,
1184 835 1311 863 quorum
1334 826 1459 855 alterum
1483 826 1657 855 mendosum
1681 826 1772 855 Aldus
1794 830 1823 855 et
1846 826 1978 855 Alciatus
2001 827 2033 855 in

80 864 216 902 Parergis
239 865 279 893 ita
303 863 511 893 emendarzunt

575 904 622 936 Σι
625 919 693 946 ρνια
717 905 884 946 πομπεύειν
907 908 1073 947 νυκτίκομα
1097 909 1218 950 σφίγγα
1241 905 1272 940 δ’
1295 907 1395 941 ὀλοόν.

79 948 215 977 Alterum
243 959 380 985 versum,
417 948 469 987 qui
491 953 571 977 recte
594 949 644 978 1110
666 950 795 989 sctiptus
818 955 874 987 est,
898 951 972 980 male
995 952 1136 980 referunt.
1180 952 1213 980 In
1237 953 1336 992 priore
1359 957 1457 981 autem
1481 950 1631 993 σφίγγατ’
1652 950 1743 983 ὄλαὸν
1766 953 1912 992 scriptum
1935 957 1979 981 est
2001 953 2033 981 iu

79 991 176 1020 veteri
204 991 297 1029 libro,
336 991 388 1020 sed
417 996 556 1020 neutrum
585 1002 646 1021 esse
670 993 732 1022 sine
755 993 861 1022 mendo
882 994 990 1023 Fulvio
1014 994 1120 1023 Ursino
1143 999 1245 1024 nostro
1269 996 1397 1024 videtur.
1443 996 1484 1024 De
1506 996 1647 1034 strigibus
1669 1000 1767 1024 autem
1788 996 1891 1024 Latina
1914 1005 2033 1034 quoque

79 1033 160 1063 Festi
182 1034 273 1063 verba
296 1044 359 1063 esse
381 1034 570 1072 intelligenda
593 1045 678 1064 nemo
702 1036 838 1073 ignorare
862 1041 968 1074 potest.
990 1036 1078 1067 Ant.
1102 1036 1197 1077 Aug.
1232 1035 1317 1079 Σύρρ
1320 1050 1384 1069 ιντα
1407 1036 1582 1077 πομπεύειν.
1616 1039 1697 1068 Haec
1714 1038 1938 1078 corruptissima
1954 1042 2031 1068 sunt.

79 1075 170 1106 Varie
192 1077 269 1106 varii
292 1077 458 1106 emendant.
493 1078 647 1106 Τ1111101105
671 1078 720 1108 lib.
734 1079 814 1108 XIV
840 1079 960 1107 Λᾶν-015.
985 1089 1049 1118 cap
1064 1082 1107 1110 1..

566 1118 699 1171 Σφίγγ’
721 1118 910 1159 αποπέπμειν
932 1120 1111 1161 νυκτιβόαν,
1141 1119 1254 1162 σφίγγ’
1279 1119 1386 1153 αὐτίκα
1408 1120 1492 1159 λαόν,

566 1160 676 1203 ’Όρνιν
698 1160 862 1203 ἄνωνυμον
885 1162 1003 1196 ἐνθένδ’
1027 1162 1207 1204 ωκυπόρους
1229 1164 1276 1195 ἐπὶ
1299 1168 1385 1204 νῆας.

78 1204 211 1243 Scaliger
233 1204 264 1233 in
286 1204 439 1234 Catalect.:

563 1245 695 1298 Σφίγγ’
719 1245 901 1287 ἅπόπεμπον
923 1246 1101 1286 νυκτιβόαν,
1136 1246 1191 1279 τᾶν
1214 1246 1330 1289 σφίγγ’
1353 1247 1494 1290 α’γελαίαν

563 1286 675 1331 ’Όρνιν
700 1288 864 1330 ἆνωνυμον
888 1289 1016 1322 ἐνθένθ’
1040 1288 1220 1332 ω’κυπόρους
1242 1291 1290 1323 ἐπὶ
1313 1295 1397 1332 νῆας.

77 1330 115 1360 Et
136 1331 166 1360 in
189 1332 267 1361 110115
288 1333 349 1361 5015
371 1332 408 1361 ad
431 1332 566 1361 Festum.

565 1370 695 1426 ,Σφίγγ’
716 1372 912 1425 οἷπόπεμπον,
939 1374 1122 1427 νυκτιβόαν,
1146 1389 1202 1408 ταν
1225 1374 1338 1431 σφίγγ’
1361 1374 1420 1408 ἀπὸ
1443 1379 1517 1408 λαοῦ

565 1415 673 1456 ’Όρνιν
699 1414 861 1457 α’νώνυμον
885 1415 1064 1459 ὠκυπόρους
1087 1420 1134 1451 ἐπὶ
1156 1422 1232 1459 νῆας
1254 1420 1369 1451 ἔλαυνε

76 1456 206 1487 Tandem
229 1458 399 1488 Hadrianus
422 1459 523 1488 Iunius
544 1458 575 1487 in
598 1460 818 1490 nomenclatore
841 1471 895 1490 suo
919 1471 992 1490 voce
1014 1461 1142 1492 Lamia:

570 1499 687 1541 Συρνιοι
699 1501 869 1553 πομπεύου
892 1504 1077 1542 νυκτίνομαν
1094 1505 1221 1554 σφίγγα
1243 1503 1354 1535 ταλαόν

557 1542 665 1581 ’Όρνιν
689 1541 850 1584 ἆνώνυμον
875 1546 903 1582 ἐξ
908 1544 970 1576 ελὰ’
995 1544 1177 1585 ωκυπόρους
1199 1546 1247 1577 ἐπὶ
1269 1550 1354 1585 νῆας.

75 1586 133 1616 Sed
150 1586 235 1616 Iunio
254 1586 398 1625 imposuit
415 1590 575 1624 corruptus
593 1587 672 1615 festi
690 1588 801 1638 Codex,
831 1589 933 1627 Neque
948 1588 1025 1617 enim
1040 1587 1150 1638 σύρνια
1167 1590 1314 1617 Graecum
1331 1593 1384 1618 est.
1415 1589 1476 1628 Ego
1494 1588 1531 1618 ad
1549 1599 1631 1618 oram
1648 1587 1758 1617 codicis
1776 1588 1814 1617 ita
1832 1592 2027 1617 tentaveram:

563 1626 694 1680 Σφίγγ’
704 1626 905 1681 α’ποπὲμπειν
928 1628 1111 1669 νυκτινόμαν
1136 1631 1257 1672 σφίγγα
1279 1628 1306 1661 τ’
1328 1628 1423 1662 §tadu

563 1669 671 1711 Ὀρνιν
694 1668 857 1711 ἀνώνυμον
879 1669 1063 1712 ωκυπόρους
1085 1673 1133 1704 ἐπὶ
1157 1686 1236 1712 νηας
1258 1671 1402 1704 ἐλαύνειν.

73 1712 139 1742 Hoc
161 1717 221 1743 est:
255 1713 382 1751 Strigem
410 1717 512 1741 averte
538 1718 630 1742 noctu
653 1720 840 1753 pascentem,
875 1716 1055 1754 foedamque
1078 1716 1197 1754 strigem
1222 1726 1305 1745 avem
1329 1717 1450 1745 feralem
1473 1716 1590 1745 veloces
1612 1715 1642 1744 in
1665 1724 1755 1744 naves
1777 1715 1853 1753 suga.
1899 1713 1952 1743 Vel
1975 1724 2030 1760 ν’ν-

73 1753 199 1796 κτιβὸαν
221 1766 277 1795 pro
300 1753 491 1792 νυκτινόμαν.
527 1756 601 1784 Nam
625 1761 654 1785 et
676 1758 754 1786 stiix
775 1757 920 1798 νυκτιβόα
943 1759 1106 1788 dicebatur.
1144 1758 1309 1797 Hesychius
1331 1759 1362 1788 in
1386 1759 1530 1799 σφίγλος
1554 1758 1643 1788 Dac.
1690 1758 1823 1796 tegenda
1847 1757 1891 1785 sic
1913 1759 2030 1786 censult

75 1798 188 1829 Graeca
213 1799 379 1829 Mauritius
401 1797 523 1838 Haupt,
553 1799 668 1828 iuvenis
692 1800 895 1838 doctissimus,
926 1811 1013 1840 quem
1036 1801 1288 1830 0011511113νο1·3111;

560 1839 692 1892 Σφίγγ’
705 1840 903 1894 ἀποπέμπειν
924 1843 1106 1883 νυκτιβόαν,
1137 1856 1192 1874 ταν
1214 1839 1327 1884 σφίγγ’
1352 1840 1412 1874 eino*
1434 1845 1524 1879 λαῶν,

560 1881 671 1923 ’Όρνιν
694 1882 886 1924 ἀνωνύμων,
915 1884 1029 1934 σφίγγ’
1053 1884 1236 1927 ω’κυπόρους
1259 1887 1307 1917 ἐπὶ
1329 1889 1412 1925 νῆας.

72 1926 121 1955 Ad
144 1936 221 1965 quae
244 1926 319 1955 haec
342 1926 509 1955 adnotavit:
531 1923 736 1966 Ἀποπὲμπειν
758 1929 842 1957 veibi
863 1930 1013 1958 notionem
1036 1929 1150 1980 requiri
1172 1934 1254 1958 recte
1275 1929 1353 1958 vidit
1375 1928 1516 1967 Scaliger.
1555 1927 1598 1956 {ta
1621 1931 1799 1966 usurpatum
1822 1925 1929 1963 legitur
1951 1919 2027 1954 οἷπό-

71 1980 169 2008 πεμπε
191 1970 222 1998 111
245 1969 354 2008 Hymn.
378 1968 474 2008 Orph.
490 1969 551 2005 XI,
578 1971 625 2000 16.
657 1970 751 2006 LVII,
777 1974 826 2003 10.
856 1972 995 2009 LXXVI,
1020 1974 1069 2003 10.
1092 1968 1277 2011 ἀποπέμψας
1298 1971 1409 2008 XLVI,
1433 1973 1464 2002 3.
1508 1970 1621 1999 Versus
1651 1969 1707 1999 etsi
1735 1979 1796 1998 nou
1819 1971 1865 1997 est
1886 1966 2026 2006 optimus,

72 2017 102 2041 at
124 2012 211 2042 facile
233 2017 332 2041 tamen
354 2012 475 2041 tolmai-i
499 2011 610 2050 possit,
645 2014 821 2051 p1aesertim
849 2014 881 2043 in
909 2014 967 2042 hoc
997 2014 1136 2043 carminis
1165 2024 1282 2052 genere.
1329 2014 1458 2054 Σφίγγα
1486 2018 1533 2042 ter
1555 2013 1685 2051 positum
1708 2011 1794 2040 facile
1818 2009 1915 2049 potuit
1937 2009 2026 2038 semel

72 2054 178 2085 omitti.
222 2055 349 2084 Navium
380 2055 689 2084 commemorationem
712 2056 822 2093 miror,
859 2061 889 2086 et
912 2061 1008 2086 tamen
1032 2057 1259 2086 commemorari
1282 2056 1433 2086 videntur.
1478 2056 1606 2085 Omnino
1630 2059 1728 2085 autem
1751 2051 1916 2082 cavendum
1939 2056 2025 2090 puto,

69 2107 107 2126 ne
135 2098 248 2127 talibus
276 2098 413 2127 formulis
443 2107 561 2126 sensum
591 2097 718 2127 ieddere
747 2098 915 2128 laboremus
944 2100 1064 2138 planum
1094 2104 1123 2128 et
1145 2099 1309 2138 simplicem
1334 2104 1363 2129 et
1384 2099 1590 2138 perspicuum.
1633 2096 1749 2126 Habent
1771 2095 1848 2125 enim
1869 2094 1928 2123 hoc
1950 2103 2024 2132 pro-

69 2142 187 2179 prium,
224 2145 258 2169 ut
279 2142 369 2170 1111135
392 2146 421 2169 et
444 2140 644 2169 tenebricosas
666 2146 695 2170 et
717 2152 810 2180 paene
831 2142 974 2171 absurdas
997 2141 1169 2171 contineant
1191 2141 1361 2171 sententias.
1405 2141 1442 2170 Id
1470 2141 1521 2170 vel
1545 2140 1720 2170 Germanica
1748 2137 1882 2167 carmina
1904 2137 2022 2169 docent,

70 2184 180 2221 quibus
201 2184 370 2221 sanguinem
394 2183 503 2212 sistunt
525 2183 573 2211 vel
595 2183 700 2212 febrim
722 2189 862 2214 avertunt
885 2190 940 2214 cet.
948 2207 956 2222 ,
993 2194 1128 2224 quaeque
1151 2185 1335 2222 collegerunt
1356 2183 1564 2225 HoJJ'mannus
1585 2180 1827 2212 Fallerslebensis
1849 2178 2020 2219 (Fundgru-

69 2227 159 2266 ben),
181 2225 307 2263 Arnim,
331 2232 361 2255 et
375 2225 542 2254 Brentanus
564 2225 805 2265 (Wunderhorn)
828 2233 856 2257 et
872 2227 1015 2257 Hor-silus
1036 2226 1355 2266 (Zauberbibliothek).
1391 2226 1472 2256 Haec
1494 2227 1554 2256 ille.
1592 2225 1664 2255 Mihi
1686 2224 1861 2258 videbatur,
1885 2223 2020 2250 correcto

69 2271 166 2310 primo
189 2268 377 2306 hexametro,
402 2268 559 2307 legendum
583 2278 662 2297 esse:

556 2307 685 2361 Σφίγγ’
696 2308 951 2361 ἂποπομπεύειν,
983 2324 1039 2342 ταν
1060 2309 1238 2364 νυκτιβόαν,
1270 2309 1331 2342 ἆπὸ
1355 2313 1441 2348 λαοῦ,

556 2351 665 2390 ’Όρνιν
686 2349 880 2394 ἆνωνύμιον,
909 2353 1024 2396 σφίγγ’
1048 2352 1231 2396 ωκυπόρους
1252 2354 1301 2386 ἐπὶ
1323 2356 1408 2394 νῆας.

70 2399 206 2428 Ceterum
230 2396 423 2435 cf.1nterpp.
448 2396 485 2424 ad
507 2395 635 2436 Hesych.
658 2396 763 2428 10111.Ι.
784 2407 849 2436 pag.
861 2399 935 2430 220.
958 2399 1031 2430 478.
