2263 2668
508 94 573 128 DE
597 93 988 129 SIGNIFICATIONE
1014 95 1299 132 VERBORUM.
1351 98 1496 132 LIBER
1520 99 1611 133 xlv.
1961 104 2036 139 115

89 183 314 231 Oufentinaffl
336 186 438 220 tribus
462 188 504 220 ab
531 183 715 222 Oufenteffi
735 188 839 221 fluvio
865 188 964 222 dicta.

89 236 270 271 Ostentum
299 243 506 274 ostentatum.

89 285 257 322 Ostinet²⁹
280 301 344 334 pro
372 290 523 323 ostendit.

88 339 254 373 Oscinum
264 337 289 358 ³⁰
310 341 485 386 augurium
512 354 532 375 a
557 347 657 376 cantu
684 342 802 375 avium.

88 390 234 426 oscines
257 403 334 425 aves
361 393 547 438 auspicium
574 405 632 426 ore
658 393 828 427 facientes.

88 442 191 477 Ostia
216 444 294 476 urbs
320 444 363 477 ab
390 445 477 477 exitu
504 445 635 478 Tiberis
660 445 840 490 appellata.

88 493 236 528 Osorem
264 495 432 537 dixerunt,
465 496 522 539 qui
549 496 695 540 aliquem
722 496 856 529 odisset.

88 543 215 580 Οῑῑίο31
237 546 307 580 illic
316 543 349 579 ³².

88 597 303 643 Obiurgatio
329 602 407 642 post
432 602 531 642 turpe
556 598 684 631 factum
712 597 895 643 castigatio.
951 596 1099 630 Monitio
1125 609 1206 631 vero
1233 603 1281 632 est
1307 604 1383 634 aute
1410 602 1628 636 commissum.

88 648 315 682 Obtrectator
342 654 407 690 est,
443 650 501 692 qui
528 649 608 684 facit
635 650 714 693 quid
743 655 856 683 contra
882 653 972 684 recte
998 653 1204 684 tractantem.

88 699 290 734 Obmanens
314 712 378 746 pro
406 700 463 733 diu
488 712 639 743 manem,
679 706 714 734 ut
740 712 946 746 permanens.

87 750 250 799 Offriugi
275 757 362 785 terra
388 751 523 794 dicitur,
564 749 702 796 quum³³
723 753 841 786 iterum
867 757 1052 785 transverso
1078 752 1173 786 sulco
1199 757 1320 786 aratur.

88 803 207 837 Orare
233 803 358 847 antiqui
385 800 569 836 dixerunt&
591 815 654 848 pro
683 816 795 849 agere.
853 803 954 837 Unde
981 808 1013 837 et
1039 808 1187 838 oratores
1213 815 1386 839 causarum
1413 809 1558 845 actores,
1599 812 1631 839 et
1658 811 1822 849 oratores,
1860 808 1918 852 qui
1944 820 2030 844 nunc

185 855 305 899 legati,
350 855 442 898 quod
470 855 677 900 reipublicae
703 856 860 889 mandata
885 860 1096 901 peragerent.

87 913 324 948 Occisitantur
350 927 452 959 saepe
477 916 684 950 occiduntur.

87 964 151 999 Osi
175 970 254 1000 sunt
279 972 314 999 ut
339 967 449 1011 perosi
475 972 548 1000 sunt
575 963 793 1001 dicebaturffi.

87 1014 331 1062 Optionatus³⁶
351 1022 387 1050 ut
413 1018 645 1052 decurionatus
668 1019 735 1052 sive
762 1019 973 1063 pontificatus
1000 1018 1131 1053 dicitur.

87 1067 143 1102 Ob
169 1080 207 1102 os
232 1069 397 1114 significat
423 1069 465 1102 ad
495 1081 541 1103 os.

86 1118 339 1154 Obsonitavere
364 1132 464 1166 saepe
491 1122 704 1155 obsonavere.
757 1119 934 1166 Significat
960 1125 1071 1155 autem
1097 1120 1275 1155 convivari.

87 1170 252 1205 Ostentas
278 1183 378 1217 saepe
405 1173 548 1206 ostendis
574 1172 741 1217 gloriandi
769 1184 876 1206 causa.

87 1221 290 1268 Opigenam
316 1223 477 1257 Iunonem
504 1229 675 1257 matronae
702 1223 878 1267 colebant,
913 1223 1006 1267 quod
1033 1224 1120 1258 ferre
1146 1235 1221 1258 eam
1246 1235 1351 1269 opem
1376 1223 1409 1256 in
1435 1228 1534 1268 partu
1559 1223 1786 1256 laborantibus
1813 1223 2003 1257 credebant.

86 1273 226 1307 Oletum
252 1279 374 1308 stercus
398 1275 590 1309 humanum.
644 1275 824 1310 Veranius:
865 1275 1106 1309 Sacerdotula
1131 1276 1166 1309 in
1191 1276 1354 1311 sacrario
1380 1274 1547 1309 Martiali
1562 1274 1657 1320 fecit
1683 1275 1822 1310 oletum.

86 1324 268 1372 Oppidum
295 1326 420 1361 dictum
450 1324 540 1369 est³⁷,
578 1327 672 1370 quod
699 1339 800 1372 opem
827 1328 976 1373 praebet.

86 1376 201 1411 Orcus
227 1378 269 1411 ab
295 1378 449 1422 urgendo
476 1382 618 1412 mortem
646 1379 753 1413 dictus
763 1376 798 1415 ³³.
855 1379 887 1414 C
912 1380 999 1412 enim
1026 1390 1091 1424 pro
1121 1379 1158 1412 G
1183 1379 1376 1423 frequenter
1401 1378 1574 1424 ponebant
1599 1377 1735 1421 antiqui.

86 1427 291 1476 Offendices
323 1429 480 1463 dicebant
513 1431 675 1475 ligaturae
707 1430 834 1475 nodos,
882 1431 1003 1475 quibus
1030 1442 1116 1475 apex
1141 1432 1352 1466 retinebatur.
1409 1430 1449 1464 ld
1459 1426 1484 1447 ³⁹
1506 1441 1609 1474 quum
1636 1429 1839 1474 pervenisset
1863 1427 1908 1462 ad
1935 1439 2030 1462 men-

184 1485 272 1522 tum,
299 1479 455 1515 dicebant
481 1481 767 1516 offendimentum.

801 1607 1109 1652 LIBER
1177 1606 1313 1649 XIV.

84 1688 301 1734 Praeceptat
328 1702 428 1736 saepe
454 1694 628 1738 praecipit.

84 1738 270 1775 Plisimaw
290 1742 442 1786 plurima.

84 1791 238 1825 Petilam
263 1803 385 1826 suram
410 1795 577 1840 significat
603 1795 764 1841 ungulam
793 1795 869 1839 equi
895 1795 1015 1828 albam.

86 1842 210 1876 Pilare
235 1848 268 1876 et
294 1846 486 1890 compilare
511 1858 531 1880 a
557 1846 692 1881 Graeco
719 1846 861 1882 trahitur
870 1843 904 1879 4¹.
959 1845 1082 1880 Graeci
1109 1845 1197 1879 enim
1222 1843 1312 1877 fures
1337 1838 1522 1891 πιλητοίῤ2
1543 1842 1666 1877 dicunt.

84 1978 116 2006 Β·
139 1994 181 2001 ·-
199 1977 250 2018 23)
267 1979 338 2018 Ποη]
361 1985 389 2008 ²2
403 1991 461 2009 non
476 1981 572 2013 Gu.1.
596 1998 638 2004 —
660 1982 706 2022 24)
730 1981 861 2020 murtea]
878 1981 927 2009 Sic
943 1980 1038 2012 Gu.2.
1081 1979 1152 2010 bris.
1173 1994 1216 2000 —-
1236 1978 1287 2015 33)
1308 1977 1415 2018 quum]
1439 1989 1529 2018 quom
1541 1989 1587 2018 pr.
1608 1995 1652 2002 --
1673 1977 1721 2015 34)
1743 1977 1867 2016 antiqui
1881 1974 2031 2010 dixerunt]

84 2026 197 2059 nuptea
214 2021 293 2059 vulg.
317 2037 360 2044 -
380 2021 427 2064 25)
451 2023 558 2063 quum]
578 2035 669 2063 quom
682 2026 715 2054 B.
737 2042 772 2048 -α
794 2028 842 2055 26)
865 2023 900 2051 id
914 2021 1038 2061 rectum]
1082 2021 1224 2050 dixerunt
1239 2026 1301 2050 ant.
1319 2021 1374 2051 Gu.
1390 2024 1417 2052 1.
1432 2032 1449 2051 a
1463 2031 1522 2051 sec.
1536 2031 1613 2051 man.
1655 2019 1786 2051 Exhibet
1801 2019 1876 2049 enim
1894 2018 1941 2047 bis
1955 2015 2033 2045 hanc

84 2069 196 2092 rectum
213 2062 249 2090 id
260 2064 291 2092 B.
315 2079 358 2086 -
377 2067 426 2103 27)
452 2067 630 2106 Oufentina]
646 2068 695 2096 Sic
709 2068 743 2097 Β.
760 2068 854 2097 Gu.2.
870 2066 907 2094 M.
921 2066 950 2093 S.
985 2066 1038 2102 Of·
1082 2064 1220 2103 glossam.
1240 2079 1283 2085 —
1304 2066 1349 2099 55)
1368 2062 1539 2103 dicebatur]
1553 2063 1691 2093 dicebant
1706 2062 1778 2092 L.B.
1799 2077 1842 2086 --
1863 2064 1908 2098 36)
1931 2060 2032 2099 Optio-

79 2107 203 2143 sentina
215 2106 246 2134 L.
280 2106 425 2143 Ofentincc
439 2118 482 2147 pr.
516 2110 645 2147 ng'fent.
657 2110 739 2148 vulg.
761 2125 803 2132 —-
826 2108 875 2146 28)
901 2106 1039 2146 Oufente]
1082 2105 1187 2144 natus]
1210 2105 1258 2135 Sic
1271 2107 1300 2136 S.
1348 2106 1515 2146 Optinatus
1529 2106 1624 2138 Gu-2.
1666 2106 1842 2144 Optimatus
1857 2103 1938 2141 vulg.
1975 2101 2034 2131 Sed

83 2149 132 2177 Sic
153 2148 190 2177 M.
214 2149 242 2176 S.
291 2149 395 2187 Ofente
417 2151 448 2180 L.
471 2151 503 2179 B.
525 2162 571 2190 pr.
620 2153 731 2190 Ofente
752 2152 807 2180 Gu.
822 2154 850 2183 2.
898 2151 1041 2188 Oswente
1083 2149 1152 2178 vide
1164 2148 1373 2186 Fragm.Fesfi
1386 2159 1451 2181 mv.
1475 2167 1517 2171 —
1538 2151 1586 2186 37)
1608 2147 1668 2188 est]
1691 2158 1748 2177 om.
1762 2148 1796 2176 B.
1817 2163 1859 2169 —
1880 2145 1927 2185 38)
1950 2155 2033 2173 mor—

85 2191 141 2219 Gu·
158 2193 184 2222 1.
213 2206 256 2212 -
286 2190 332 2230 29)
360 2193 493 2229 Ostinet]
521 2194 656 2222 obstinet
672 2196 700 2223 S.
732 2210 768 2216 -
801 2192 849 2232 30)
875 2191 1038 2231 oscinum]
1082 2198 1141 2221 tem
1154 2190 1266 2230 dictus]
1282 2191 1331 2220 Sic
1345 2191 1384 2221 M.
1401 2192 1534 2225 Gu.1.2.
1566 2191 1670 2220 dictu-s·
1684 2195 1807 2220 mortem
1820 2188 1902 2227 vulg.
1922 2204 1959 2210 -
1982 2184 2032 2226 39)

84 2233 167 2261 Hanc
189 2233 317 2270 glossam
342 2245 407 2263 cum
429 2241 571 2274 sequente
587 2237 773 2265 coniunctam
792 2234 910 2264 exhibet
925 2235 990 2265 cod.
1005 2235 1038 2264 L.
1083 2234 1136 2274 Id]
1153 2240 1179 2263 et
1193 2233 1229 2262 id
1240 2234 1273 2264 L.
1288 2250 1322 2256 --
1338 2232 1383 2272 40)
1399 2233 1545 2274 Plisima]
1556 2235 1702 2264 Plusima
1715 2233 1747 2262 L.
1769 2249 1803 2255 --
1824 2232 1873 2269 41)
1888 2227 2032 2265 trahitur]

84 2276 141 2306 ita:
166 2276 249 2304 Nam
265 2276 386 2305 oscines.-
402 2277 438 2305 id
451 2284 492 2305 est
508 2289 578 2306 aves
592 2281 765 2317 auspicium
783 2279 975 2316 arefaciunt.
996 2293 1040 2300 --
1083 2277 1250 2306 trahuntur
1259 2277 1291 2306 L.
1300 2277 1331 2306 B.
1344 2293 1378 2300 —-
1390 2277 1439 2315 42)
1446 2278 1540 2316 sures
1552 2274 1690 2317 πιλητάς]
1704 2275 1753 2305 Sic
1764 2276 1870 2310 Gu.2.,
1885 2273 1938 2301 nisi
1953 2267 2032 2308 quod

84 2316 131 2359 31)
155 2319 240 2354 ome]
259 2329 317 2357 pro
332 2320 398 2347 mic
412 2321 442 2351 L.
462 2321 519 2350 (ιιι.
537 2324 562 2353 1.
611 2322 676 2350 om
697 2323 747 2350 im
767 2321 799 2349 B.
822 2338 864 2343 -
885 2318 935 2361 32)
957 2319 1039 2360 mic]
1082 2320 1107 2350 is
1117 2320 1230 2359 piletus
1240 2319 1351 2349 Latinis
1363 2319 1460 2351 literis
1475 2319 1612 2359 exhibet,
1634 2325 1668 2349 ut
1683 2314 1901 2349 Gu.1.etSca¹·
1926 2314 2031 2360 elam

87 2365 120 2388 ut
136 2361 191 2389 olla⁴
207 2361 257 2388 illa·
271 2361 338 2390 add.
360 2363 389 2390 S.
432 2362 537 2392 Nescio
557 2363 644 2393 unde.
690 2364 779 2393 Abest
796 2363 832 2393 ab
853 2363 990 2393 omnibus
1003 2362 1039 2392 li-
1078 2364 1191 2402 piletus
1204 2362 1296 2395 Gu11.
1309 2361 1477 2404 Lip8.Scal.
1499 2364 1592 2402 sures
1602 2362 1739 2402 Philetas
1749 2359 1787 2389 Μ.
1809 2358 1909 2398 planes
1918 2353 2029 2392 pzletas

1550 2414 1619 2446 P*
