2263 2668
451 126 516 160 DE
542 126 816 161 VERBORUM
842 123 1229 160 SlGNIFlCATlONE
1257 123 1569 158 FRAGMENTA.

1827 122 1902 156 269

121 233 198 256 cere
216 221 452 262 instituerunt,
479 224 516 253 ut
541 221 671 254 notavit
691 221 806 254 Aelius
832 221 865 254 in
887 220 961 254 ΧΠ.
984 218 1274 265 significationum
1300 218 1495 252 verborum.
1552 217 1789 251 Trisulcum
1816 216 1834 248 f
1839 217 1898 249 ul-

120 284 199 318 gur
226 273 288 306 fuit
314 272 361 306 ab
389 272 540 317 antiquis
566 272 714 315 dictum,
750 273 826 318 quia
851 272 904 314 id,
941 277 996 305 aut
1022 270 1186 312 incendit,
1221 274 1277 303 aut
1304 270 1431 317 afflat,
1458 274 1520 304 aut
1546 270 1701 303 terebrat.
1752 267 1896 312 Toga—

121 332 254 357 tarum
282 324 416 369 duplex
441 334 573 369 genus:
614 327 900 369 praetextarum,
943 323 1116 356 hominum
1142 322 1295 367 fastigi03
1333 334 1419 366 quae
1445 323 1496 355 sic
1522 321 1766 366 appellantur,
1802 318 1896 362 quod

120 377 209 421 togis
234 376 412 421 praetextis
436 386 544 420 remp.
568 376 821 409 administrent.
846 374 1118 415 tabernariarum,
1135 374 1212 417 quia
1228 374 1422 407 hominibus
1443 373 1684 407 eoecellentibus
1711 370 1809 404 etiam
1830 370 1896 403 hu-

120 428 215 460 miles
238 427 426 472 permixti,
467 431 504 460 ut
530 430 608 460 sunt
631 427 805 473 plagiarii,
844 426 929 460 servi
961 426 1104 469 denique
1134 430 1166 458 et
1192 436 1376 470 cauponae
1403 436 1446 458 ex
1472 424 1618 458 tabernis
1645 423 1786 456 honeste
1812 432 1895 466 pro-

121 479 221 512 deant
242 489 431 524 persaepe.
489 477 648 512 Tauras
663 477 691 521 3,
736 490 853 513 vaccas
880 478 1005 511 steriles
1033 476 1279 522 appellabant,
1315 478 1365 510 ait
1392 476 1547 516 Verrius,
1585 487 1671 519 quae
1696 486 1762 507 non
1789 473 1896 518 magis

120 531 266 575 pariant,
302 541 407 574 quam
433 530 537 563 tauri.
565 530 630 563 sed
655 531 874 564 verosimilius
900 530 939 563 sit
965 541 1006 562 ex
1029 529 1162 562 Graeco
1192 528 1320 570 dictas,
1356 529 1440 573 quia
1468 527 1600 560 Graeci
1625 537 1772 565 vaccae,
1805 521 1895 559 ταύ-

121 596 184 627 ρας
220 582 404 626 appellant.
466 581 578 614 Todi
610 588 683 614 sunt
717 594 800 616 aves
827 592 985 627 parvae,

121 644 200 666 eum
227 633 277 666 ait
287 645 297 665 .·

1030 584 1063 614 et
1096 580 1224 620 todilli,
1270 591 1410 623 quarum
1438 577 1506 612 m.9
1560 579 1695 612 Plautus
1726 578 1759 609 in
1795 576 1894 619 Syro,

227 693 329 727 Cum
357 692 535 726 extritis
561 693 681 733 talis,
728 703 815 726 cum
842 692 1009 725 todillis
1036 691 1263 726 crusculis.

125 753 410 787 Tubilustria
436 753 555 796 quibus
583 752 701 785 diebus
729 752 930 786 adscribtum
957 752 989 785 in
1010 751 1128 785 Fastis
1154 755 1220 792 est,
1248 762 1326 784 cum
1354 750 1388 782 in
1415 749 1506 782 atrio
1528 748 1661 781 Sutorio
1686 759 1774 793 agna
1797 747 1898 779 tubae

119 805 324 838 lustrantur.
353 804 399 837 ab
427 805 476 838 eis
501 805 599 837 tubos
627 804 817 848 appellant,
845 803 937 847 quod
964 815 1068 849 genus
1095 803 1311 837 lustrationis
1337 813 1381 834 ex·
1404 800 1548 834 Arcadia
1568 800 1767 832 Pallanteo*
1792 801 2070 830 trans-’tAccadiae

546 856 603 888 Tu
614 856 818 899 ditantes,
846 856 1035 896 tundentes,
1062 855 1243 901 negotium
1270 853 1449 887 tundentes
1474 852 1663 897 significare
1687 851 1730 883 ait
1752 849 1896 890 Cincius,

119 856 232 889 latum
259 867 332 890 esse
358 856 487 889 dicunt.

118 907 158 940 id
184 912 234 941 est
261 911 420 953 agentes.
472 907 601 940 Ennius
627 908 648 940 l.
668 908 728 941 ll.:

221 968 339 1001 Haec
366 969 477 1000 inter
504 979 544 1000 se
570 970 747 1000 totum‘·

118 1032 151 1060 et
174 1027 349 1061 Lucretius
374 1028 454 1060 item
480 1028 567 1060 libro
590 1028 652 1060 ll.:

774 967 815 1000 vi
841 967 1096 1000 tuditantes

219 1089 307 1122 Nec
332 1087 588 1121 tuditantia
615 1098 697 1121 rem
725 1092 894 1120 cessant
921 1087 1185 1120 extrinsecus
1212 1084 1354 1117 ullam.

123 1146 179 1180 Tu
188 1148 303 1182 dites
325 1149 470 1181 malleos
493 1148 666 1192 appellant
686 1147 811 1190 antiqui
832 1159 852 1179 a
872 1147 1065 1187 tundendo,
1092 1145 1247 1191 quamvis
1267 1144 1334 1177 ali*
1354 1143 1473 1177 crurib.
1497 1142 1627 1175 tudites.

117 1199 325 1246 Philologus
351 1200 514 1233 existimat
536 1199 707 1233 Tuditano
735 1210 925 1243 cognomen
951 1199 1116 1238 inclitum,
1159 1197 1253 1242 quod
1285 1199 1387 1239 caput
1421 1194 1570 1227 malleoli
1599 1191 1706 1225 simile
1731 1190 1894 1223 habuerit.

287 1250 458 1284 Tullios
472 1248 506 1271 ¹⁰
530 1251 590 1284 alii
618 1251 771 1284 dixerunt
797 1262 866 1284 esse
892 1250 1032 1290 silanos,
1077 1250 1134 1282 alii
1161 1249 1265 1290 rivos,
1306 1242 1396 1295 aliiss
1413 1246 1628 1279 vehementes
1653 1254 1736 1288 pro·
1789 1240 1894 1287 [160]

116 1301 272 1334 lectiones
299 1302 488 1346 sanguinis*
515 1303 673 1336 arcuatim
700 1302 849 1342 fluentis,
880 1302 996 1345 quales
1022 1306 1096 1334 sunt
1121 1300 1242 1333 Tiburi
1268 1299 1300 1331 in
1326 1299 1463 1332 Aniene.

1517 1296 1641 1330 Ennius
1667 1296 1700 1328 iu
1722 1294 1844 1327 Aiace:

217 1354 324 1386 Aiax
350 1354 475 1387 misso
502 1354 708 1400 sanguine
734 1353 882 1398 tepido
908 1353 1005 1386 tulii
1033 1352 1236 1386 efflantes
1263 1351 1417 1383 volant.

114 1403 335 1449 Topperll
358 1405 546 1450 significare
573 1407 619 1439 ait
644 1406 794 1440 Artorius
820 1405 903 1447 cito,
941 1405 1096 1445 fortasse,
1139 1403 1307 1445 celeriter,
1349 1402 1506 1436 temeret
1541 1399 1626 1439 cito,
1666 1398 1712 1431 sic
1737 1397 1769 1429 in
1797 1392 2049 1428 ΝεεὶείὟ-ῑῡὸῒῦΐθ

115 1456 260 1490 carmine
270 1468 278 1489 ε

216 1507 393 1553 Topper
418 1509 619 1542 fortunae
646 1512 955 1541 commutantur
981 1507 1231 1540 hominibus.

116 1557 240 1602 (citius)
267 1560 314 1592 sic
338 1559 378 1595 C.
402 1560 563 1592 Naevius:

218 1610 425 1654 Capesset
449 1611 660 1645 flammam
688 1610 872 1644 Volcani
899 1610 1021 1644 cito·.

116 1660 162 1692 sic
187 1661 219 1693 in
246 1661 368 1694 eodem
379 1673 388 1694 ε

219 1712 405 1755 Namque
429 1713 590 1746 nullum
619 1713 739 1758 peius
773 1716 988 1746 macerat·
1014 1711 1297 1751 humanum'·,

322 1763 476 1807 viret-1·
503 1765 569 1798 cui
594 1771 688 1798 sunt
714 1776 912 1811 magnae,
945 1770 1100 1809 topper
1127 1763 1402 1806 confringent
1429 1759 1685 1803 inportunae
1714 1754 1886 1792 unde††.

115 1895 333 1933 magistratibus
360 1907 396 1925 ex
418 1898 574 1936 praesidiis
599 1897 769 1934 discedere,
802 1897 838 1934 Q.
861 1896 978 1933 Fabius,

114 1943 144 1966 et
170 1938 207 1968 Μ.
234 1939 392 1968 Marcellus
419 1950 478 1968 cos.
502 1941 569 1979 quia
594 1940 649 1979 ipsi
673 1940 709 1968 ad
733 1940 842 1969 Urbem
866 1940 978 1977 venire,

114 1985 143 2009 et
165 1981 311 2019 pupulum
330 1991 434 2020 rogare
456 1983 493 2012 de
516 1984 640 2021 imperio
654 1984 740 2012 novis
758 1983 978 2020 magistratibus

113 2023 285 2052 mandando
316 2030 393 2053 metu
415 2025 595 2054 imminentis
627 2026 778 2054 Annibalis
804 2036 863 2053 non
892 2030 978 2063 pote·-

111 2070 198 2102 rant,
230 2071 353 2104 egenmt
382 2067 414 2096 id
436 2077 490 2106 per
517 2068 666 2096 Tribunos
689 2068 798 2107 plebis,
828 2073 916 2106 atque
938 2067 976 2095 ita

111 2106 281 2137 Tribunicia
303 2111 455 2147 rogatione
477 2110 569 2147 legem
593 2110 740 2139 Curiatam
763 2110 850 2138 latam
875 2110 973 2140 fuisse.

112 2159 189 2188 quae
211 2151 311 2189 potius
340 2152 389 2180 lex
419 2152 560 2189 Tributa,
595 2153 644 2182 vel
676 2158 708 2181 ut
736 2152 836 2182 verius
867 2152 974 2190 dicam,

111 2191 301 2222 Plebiscitum
324 2194 467 2233 appellari
489 2193 650 2224 debuisset.
673 2195 758 2224 locus
779 2204 848 2223 sane
871 2193 976 2222 diffici-

110 2234 164 2273 lis,
198 2240 229 2264 et
255 2236 392 2266 mutilato
419 2237 582 2276 exemplari
611 2237 766 2268 obscurus.
810 2237 845 2273 Q.
868 2236 976 2265 Fabius

111 2282 140 2306 et
161 2276 199 2306 M.
222 2278 380 2308 Marcellus
408 2290 468 2309 cos.
498 2279 628 2309 eduntur
657 2290 734 2308 anno
759 2280 830 2312 539.
876 2279 975 2308 Aelius

110 2319 216 2349 Gallus
241 2321 273 2349 in
301 2321 383 2351 libris
413 2321 666 2360 Significationum
689 2323 862 2358 verborum,
899 2331 975 2360 quae

110 2362 150 2391 nd
171 2362 218 2392 iun
241 2365 408 2402 pertinent,
439 2366 550 2394 citatur
571 2375 660 2404 supra
683 2365 713 2393 in
736 2364 974 2394 Poetliminium.

118 2404 198 2435 Uro.
220 2422 261 2428 -
291 2405 322 2446 8)
352 2407 490 2447 Taurum]
515 2407 665 2437 Videndus
695 2407 788 2436 Varro
813 2406 865 2437 lib.
881 2409 908 2438 2
936 2406 974 2437 de

1023 1908 1053 1927 re
1075 1895 1195 1926 rustica.
1218 1905 1282 1933 cap.
1306 1895 1335 1925 6.
1367 1893 1445 1922 Urs.
1468 1907 1509 1913 -—
1529 1889 1558 1928 9)
1576 1891 1652 1927 Lege
1674 1890 1820 1917 meminit.
1845 1902 1885 1908 -

1023 1939 1070 1978 10)
1081 1939 1222 1973 Tullios]
1245 1936 1354 1965 Paulus
1376 1936 1409 1963 in
1433 1934 1558 1974 epitoma
1572 1931 1783 1970 manuscripta.
1808 1929 1884 1958 Tul,-

1022 1983 1079 2010 lios
1109 1981 1167 2009 alii
1189 1979 1329 2008 dixerunt
1351 1988 1412 2006 esse
1440 1978 1574 2013 silanos,
1608 1975 1667 2003 alii
1691 1975 1789 2009 rivos,
1825 1971 1885 1998 alii

1020 2025 1200 2053 vehemente-s·
1218 2022 1417 2061 proiectione-s·
1432 2020 1598 2059 sanguinis
1614 2017 1767 2046 arcuatim
1779 2014 1883 2053 fluen-

1021 2069 1076 2104 tis,
1101 2072 1197 2095 cetera
1222 2069 1256 2094 ut
1276 2064 1390 2094 Festus.
1440 2063 1474 2092 In
1496 2062 1618 2100 antiquo
1641 2059 1738 2089 lexico
1760 2056 1882 2085 Latino-

1019 2110 1151 2145 Graeco,
1182 2107 1328 2136 Silvanus
1357 2106 1519 2145 exponitur
1539 2099 1667 2144 κρουνός
1694 2106 1722 2130 et
1749 2100 1791 2129 ita
1819 2100 1881 2147 for-

1017 2157 1096 2181 tasse
1124 2150 1280 2190 legendum
1307 2154 1371 2179 tum
1391 2148 1457 2185 hic,
1502 2152 1566 2176 tum
1596 2144 1676 2185 apud
1711 2142 1880 2172 Cornelium

1019 2194 1145 2224 Celsum.
1191 2193 1272 2230 Quid
1293 2192 1319 2221 si
1342 2202 1396 2231 pro
1409 2191 1573 2230 sanguinis
1594 2189 1727 2226 legumus
1756 2184 1878 2214 amnis?

1020 2237 1090 2276 quia
1113 2237 1264 2275 sequitur,
1299 2235 1402 2273 quales
1423 2238 1493 2263 sunt
1514 2230 1626 2261 Tiburi.
1656 2229 1707 2258 sed
1736 2228 1814 2257 nihil
1835 2232 1880 2256 te-

1020 2289 1100 2309 mere
1122 2278 1304 2308 mutandum.
1338 2278 1416 2307 Urs.
1436 2291 1481 2298 ·-
1517 2273 1562 2314 11)
1591 2273 1723 2312 Topper.]
1745 2272 1878 2318 Jllatuse,

1015 2333 1074 2361 pro
1097 2328 1200 2350 temere
1221 2321 1251 2349 in
1264 2320 1396 2358 margine
1417 2317 1588 2359 posuimus,
1611 2317 1682 2355 quia
1704 2316 1744 2344 ita
1767 2318 1811 2344 est
1832 2323 1880 2360 ιη’-

1019 2365 1072 2394 sra.
1116 2365 1283 2393 Jsomonem
1305 2367 1401 2392 autem
1423 2371 1479 2400 pro
1507 2360 1694 2395 humanum,
1728 2367 1766 2386 ex
1789 2356 1876 2401 Ennii

1018 2417 1120 2437 versu:
1152 2407 1291 2436 Miserum
1314 2404 1471 2434 mandebat
1492 2402 1659 2433 homonem.
1683 2404 1712 2430 et
1733 2408 1824 2437 supra
1847 2406 1876 2423 m

1914 836 2056 866 Pallanteo,

1903 871 1945 895 vel
1959 869 2070 896 Arcadia

1904 913 1919 930 a
1938 904 2052 930 Pallante

1930 966 1948 976 '⁸
1957 965 1975 990 s.
1994 967 2049 990 tota

1680 1140 1763 1172 Inde
1783 1138 1895 1172 Ateius
1922 1143 1960 1168 ’ᾗ
1979 1142 2023 1167 alii
2044 1150 2060 1168 a

1940 1177 2042 1203 tudibus

1915 1298 1952 1322 'L
1971 1296 2050 1322 amnis

1899 1609 1906 1618 “
1917 1609 1935 1633 1.
1963 1611 2063 1641 topper.

1350 1707 1530 1751 quamde
1566 1716 1678 1738 mare
1713 1703 2047 1764 saevum-:5323

1947 1781 2012 1803 nem,

1912 1807 1931 1839 †
1939 1808 1957 1832 f.
1977 1806 2044 1832 vires

1895 1842 1951 1874 ††f.
1969 1841 2059 1867 undae.
