2263 2668
500 85 565 119 DE
591 83 979 119 SIGNIFICATIONE
1005 84 1289 120 VERBORUM.
1341 86 1486 120 LIBER
1511 87 1552 121 V.
1951 89 2000 125 57

56 174 289 211 Diomedea³⁰
311 177 433 218 insula,
473 178 506 210 in
532 190 599 221 qua
625 177 807 211 Diomedes
834 179 980 222 sepultus
1007 184 1069 221 est,
1105 179 1267 213 excedens
1293 180 1397 213 Italia.

56 229 258 273 Depontam'
283 240 375 262 senes
402 226 704 273 appellabantur³¹‚
744 229 800 272 qui
827 230 1030 274 sexagenarii
1059 230 1103 262 de
1129 236 1233 275 ponte
1260 230 1506 266 deiicie'bantur.

56 279 276 313 Desiderare
304 285 336 313 et
362 281 572 314 considerare
600 293 619 314 a
645 281 805 314 sideribus
833 281 900 315 dici
927 286 1052 315 certum
1080 286 1135 314 est.

57 331 217 364 Decures
244 332 447 365 decuriones.

57 381 321 427 Defomicalum
348 395 367 415 a
393 383 562 415 fomitibus
590 384 768 423 succisum,
803 383 921 427 quibus
947 383 1120 417 confoveri
1148 387 1217 416 erat
1242 384 1374 416 solitum
1398 381 1559 429 lignum³²

59 435 302 479 Depeculatus
327 447 346 466 a
373 430 532 478 [ηοω-633
553 434 681 467 dicitur.

60 486 297 519 Decultarunt
323 486 420 518 valde
448 486 656 519 occultarunt
666 482 699 518 ³⁵.

735 434 803 476 Qui
830 435 914 468 enim
925 431 949 451 ³⁴
970 436 1137 480 populum
1163 435 1315 476 fraudat,
1356 436 1528 480 peculatus
1555 447 1665 481 poena
1691 440 1828 470 tenetur.

61 538 310 571 Decalicatnm
337 537 431 570 calce
457 538 551 570 litum
561 533 595 569 ³⁶.

61 589 171 622 Dium
198 589 312 656 fusslgur
339 588 557 632 appellabant
584 588 753 629 diurnum,
797 589 888 632 quod
914 589 1076 633 putabant
1100 589 1201 631 Iovis,
1236 593 1272 621 ut
1297 593 1496 623 nocturnum
1523 589 1693 623 Summani
1703 586 1737 624 ³⁴¹.

62 640 219 674 Dicasse't
241 638 253 656 Β
275 639 402 672 dixerit.

817 756 1121 799 LIBER
1197 755 1252 797 V.

66 843 219 876 Elucum
247 842 410 886 significat
437 842 634 886 languidum
663 852 701 874 ac
712 838 736 858 3⁹
757 842 1006 884 semisomnum‚
1040 842 1111 883 vel,
1146 847 1181 875 ut
1207 841 1261 874 alii
1287 842 1417 881 volunt,
1451 839 1721 875 alucinatorem⁴⁰
1748 846 1781 874 et
1806 836 2004 886 nugarum⁴¹

167 898 367 933 amatorem,
395 893 461 926 sive
482 894 638 926 halonem
650 889 684 933 ⁴²,
711 893 746 926 id
766 900 813 926 est
836 893 991 927 hesterno
1001 891 1027 912 ⁴³
1046 894 1122 926 vino
1143 894 1375 939 languentem,
1402 893 1494 937 quod
1517 890 1657 930 ἕωλον”
1677 894 1822 928 vocitant
1841 886 2006 927 Graeciffi.

66 944 216 985 Emere,
259 945 351 988 quod
379 956 464 978 nunc
492 950 539 978 est
565 945 720 985 mercari,
756 946 879 988 antiqui
904 945 1112 991 accipiebant
1137 957 1201 991 pro
1227 957 1366 978 sumere.

66 996 188 1029 Elices
214 997 294 1029 sulci
321 997 464 1039 aquarii,
507 1007 569 1041 per
595 1007 678 1040 quos
706 1008 793 1040 aqua
820 997 962 1031 collecta
990 997 1142 1032 educitur
1168 1010 1186 1031 e
1212 993 1323 1030 lirisffi.

68 1047 209 1081 Ermum
237 1049 388 1081 etiamne.

68 1099 259 1132 Elaudare
283 1100 360 1144 plus
388 1110 488 1142 quam
514 1099 692 1134 nominare.

69 1150 266 1184 Elecebrae
292 1150 499 1195 argentariae
526 1151 716 1185 meretrices
743 1150 785 1183 ab
814 1150 978 1184 eliciendo
1006 1156 1144 1196 argento
1171 1151 1289 1186 dictae.

70 1201 242 1235 Electabo
251 1199 276 1219 ⁴⁷
300 1203 440 1237 eliciam.

70 1253 280 1298 Emmquam
308 1252 492 1296 ecquando.

69 1304 290 1338 Emussitata
315 1305 359 1337 ad
385 1304 537 1337 amussim
564 1304 661 1337 facta.

70 1355 275 1389 Endoitium
299 1356 434 1389 initium.

71 1407 142 1440 Em
151 1404 176 1424 4⁸
196 1412 277 1440 tum.

72 1458 268 1503 Empcmda
278 1455 302 1475 “¹⁹
328 1469 536 1503 paganorum
564 1458 637 1492 dea.

73 1509 200 1542 Emem
226 1509 378 1542 eundem.

75 1560 266 1594 Elumbum
274 1558 299 1578 ⁵⁰
320 1560 434 1593 evulso
443 1555 465 1576 ⁵¹
490 1559 615 1592 lumbo.

75 1613 269 1657 Elinguem
292 1612 360 1645 sine
386 1611 510 1655 lingua.

77 1663 278 1696 Elacatena
305 1674 409 1707 genus
435 1661 634 1704 salsamenti,
667 1662 760 1705 quod
786 1662 976 1706 appellatur
1001 1657 1140 1707 vulgo⁵²
1166 1656 1399 1695 melandrea⁵³.

79 1714 223 1748 Enubro
233 1712 258 1732 ⁵*
277 1714 448 1749 inhibenti.

80 1766 192 1800 Elixa
218 1778 238 1799 a
263 1762 427 1809 liquore⁵⁵
452 1764 549 1798 dicta.

82 1885 114 1912 1..
139 1900 178 1906 —
201 1888 246 1919 28)
267 1884 470 1923 appellantur]
485 1884 717 1922 appellabantur
731 1883 762 1911 L.
780 1898 821 1904 —
844 1886 888 1918 29)
913 1885 956 1918 in]
973 1893 1030 1910 om.
1074 1881 1159 1909 lonen
1177 1881 1231 1908 Gu.
1244 1881 1273 1909 2.
1310 1878 1426 1906 alumen
1441 1875 1479 1906 M.
1519 1875 1632 1903 alenem
1650 1873 1706 1901 Gu.
1726 1874 1752 1902 1.
1790 1872 1977 1900 ltaliatonem
1989 1869 2020 1899 Β.

82 1926 114 1955 L.
137 1942 178 1949 -—
200 1930 244 1960 30)
267 1927 445 1965 Diomeden]
460 1926 623 1955 Diomedia
638 1926 676 1954 M.
699 1942 741 1947 —
764 1924 809 1959 31)
834 1925 1033 1964 appellatum·
1074 1939 1115 1945 —
1137 1921 1184 1962 43)
1207 1920 1359 1959 hesterno]
1381 1921 1429 1948 Sic
1446 1918 1478 1947 L.
1494 1918 1522 1946 S.
1565 1917 1709 1945 lzestremo
1724 1915 1758 1945 Β.
1803 1919 1918 1942 externo
1940 1912 2023 1950 vulg.

84 1967 153 2008 tur]
178 1970 373 2008 appellantur
393 1970 430 1998 M.
458 1986 500 1991 —
527 1972 570 2003 32)
595 1970 730 2008 lignum]
755 1979 811 1998 om.
832 1969 863 1996 L.
879 1969 910 1996 B.
933 1968 988 1995 Gu.
1007 1969 1032 1996 1.
1077 1965 1212 1994 Pessime.
1233 1979 1275 1985 -—-
1296 1964 1340 1998 44)
1361 1959 1465 2001 ἕωλον]
1488 1961 1572 1988 εοῐυη
1588 1960 1682 1989 Gu.2.
1697 1967 1743 1997 pr.
1787 1958 1879 1987 ἕωλον
1891 1955 1976 1983 eolon
1989 1955 2023 1984 Β.

84 2022 130 2051 pr.
152 2028 194 2033 —
215 2011 262 2052 33)
281 2014 394 2050 pecore]
412 2011 527 2050 pecude
543 2022 588 2051 pr.
628 2022 736 2050 pecare
750 2011 789 2039 M.
813 2027 850 2032 —
876 2012 919 2044 34)
944 2009 1032 2046 enim]
1079 2019 1135 2036 om.
1152 2008 1181 2037 L.
1205 2007 1261 2035 Gu.
1279 2009 1305 2037 1.
1327 2021 1369 2027 —
1388 2003 1434 2043 45)
1458 2001 1610 2040 vocitant]
1632 2005 1742 2029 vocant
1758 2000 1788 2028 L.
1804 1999 1835 2028 B.
1858 1999 1914 2028 Gu.
1934 2000 1960 2029 1.
1983 2013 2024 2018 —

85 2064 143 2083 om.
159 2054 216 2083 Gu.
235 2057 261 2085 1.
283 2071 325 2076 -
346 2053 391 2093 35)
416 2055 622 2092 occultarunt]
647 2055 695 2082 Sic
710 2054 741 2082 L.
759 2054 813 2081 Gu.
829 2055 854 2083 1.
874 2054 901 2081 S.
946 2062 1035 2079 occu-
1078 2050 1123 2089 46)
1153 2061 1166 2077 e
1187 2050 1270 2085 liris]
1294 2060 1308 2076 e
1328 2058 1383 2077 om.
1405 2047 1437 2076 Β.
1482 2047 1549 2084 lyra
1572 2045 1603 2074 L.
1625 2060 1667 2066 —
1691 2044 1739 2091 47)
1761 2041 1922 2077 Electaho]
1945 2040 2025 2069 Ela-

81 2102 198 2136 parunt
214 2097 292 2134 vulg.
311 2097 443 2125 Pessime.
469 2113 504 2118 —
528 2099 572 2134 36)
596 2096 698 2134 litum]
724 2097 855 2134 ligatum
873 2096 928 2123 Gu.
947 2097 974 2125 1.
994 2109 1036 2114 ——
1079 2093 1164 2121 ctabo
1183 2092 1221 2121 M.
1249 2107 1290 2113 -
1316 2091 1361 2126 48)
1384 2088 1462 2128 Em]
1485 2089 1550 2118 Om.
1573 2086 1653 2116 hunc
1673 2085 1835 2114 articulum
1853 2085 1885 2113 L.
1906 2084 1935 2113 S.
1956 2083 2025 2111 Dae.

85 2141 133 2177 37)
155 2145 187 2166 ιιι
205 2146 281 2169 noct.
301 2140 399 2175 Sum.)
424 2140 612 2167 Nocturnum
624 2139 747 2176 fulmen
763 2139 926 2166 Summano
946 2137 1037 2163 attri-
1080 2135 1183 2164 Er1313.
1201 2135 1294 2164 Gu.1.
1317 2149 1357 2154 -
1380 2135 1427 2168 49)
1449 2128 1626 2170 Empanda]
1643 2127 1803 2168 Emparda
1817 2127 1847 2158 L.
1882 2123 2026 2165 Empada

87 2181 215 2209 buebant
238 2182 267 2211 [ι.
291 2198 333 2202 -
360 2182 408 2219 38)
431 2183 571 2209 Dic-assit
594 2180 718 2216 dixerit]
743 2190 799 2208 om.
819 2180 849 2208 L.
894 2180 1035 2215 Dice-isit,
1082 2179 1136 2206 Gu.
1150 2180 1176 2209 1.
1199 2193 1240 2199 —
1262 2178 1308 2211 50)
1324 2175 1503 2209 Elumbum]
1517 2172 1678 2202 Elumhem
1694 2172 1722 2199 S.
1733 2172 1765 2202 D„
1789 2187 1826 2192 --
1851 2167 1898 2210 51)
1913 2164 2025 2203 evulso]

88 2224 211 2252 disserit
227 2224 281 2252 Gu.
294 2226 319 2254 1.
359 2225 500 2252 Dic-assit
515 2224 621 2252 direxit
638 2224 694 2252 Gu.
709 2225 737 2253 2.
760 2238 802 2243 —
825 2219 870 2259 39)
895 2224 940 2257 ac]
965 2227 990 2249 et
1006 2221 1036 2251 L.
1080 2221 1129 2249 Sic
1143 2220 1182 2249 M.
1200 2219 1292 2250 Gu.2.
1306 2219 1334 2247 S.
1345 2218 1378 2249 D.
1424 2217 1531 2246 avulso
1545 2216 1624 2254 vulg.
1646 2230 1688 2236 --
1709 2215 1753 2249 52)
1774 2211 1881 2251 vulgo]
1904 2222 1924 2239 a
1936 2209 2025 2246 vulgo

88 2282 130 2289 —
152 2269 199 2303 40)
222 2266 458 2304 alucinator-em]
483 2266 531 2295 Sic
552 2266 590 2294 M.
615 2266 670 2295 Gu.
686 2268 714 2297 2.
759 2265 991 2293 allucinatos-em
1007 2264 1037 2292 L.
1082 2264 1112 2292 L.
1135 2278 1176 2285 -
1197 2265 1241 2296 53)
1261 2259 1453 2299 -melandreaJ
1476 2257 1654 2288 malandn'a
1669 2257 1700 2287 L.
1746 2254 1924 2284 malandrea
1939 2252 1972 2280 Β.
1987 2248 2025 2278 M.

91 2309 147 2338 Gu.
164 2313 189 2340 1.
206 2310 234 2338 S.
278 2309 393 2337 stallae.
410 2310 489 2346 vulg.
513 2325 553 2330 —
576 2310 623 2344 41)
646 2308 818 2346 nugarum]
842 2306 889 2335 Sic
906 2307 935 2336 L.
952 2307 983 2335 B.
999 2305 1038 2336 M.
1084 2306 1139 2335 Gu.
1152 2308 1177 2336 1.
1194 2314 1237 2343 pr.
1255 2305 1283 2332 S.
1296 2304 1330 2333 D.
1353 2320 1395 2325 -
1416 2304 1464 2338 54)
1487 2300 1627 2340 Enubro]
1651 2299 1789 2329 Eizuhrio
1806 2298 1837 2328 L.
1859 2311 1900 2319 -
1919 2296 1966 2328 55)
1989 2292 2026 2319 Μ’

92 2351 225 2383 Gu-l-2.
244 2362 288 2390 pr.
307 2353 334 2381 S.
376 2357 562 2391 nugatorum
575 2351 654 2388 vulg.
676 2366 718 2372 —-
741 2348 786 2387 4⁵2)
809 2349 959 2387 kalonem]
984 2349 1040 2376 lla-
1083 2346 1187 2387 quot-e]
1210 2346 1344 2376 licoreB.

142 2411 305 2440 Girumu.
329 2421 392 2439 LAT.
414 2410 449 2439 ll.
1581 2394 1616 2427 Η
