2263 2668
537 109 601 142 DE
632 107 1019 143 SIGNIFICATIONE
1052 105 1336 141 VERBORUM.
1388 107 1533 141 LIBER
1561 109 1602 143 X.
1970 108 2044 142 477

96 207 126 238 οῖ
145 205 371 245 χαμαιῤῥιφεῐς,
405 207 432 231 et
457 201 507 240 qui
532 202 660 241 expositi
683 207 751 230 sunt
776 206 933 240 propterca
957 200 986 228 in
1010 199 1279 228 constitutionibus
1303 198 1375 227 dicti
1397 204 1464 228 sunt
1487 200 1670 240 χαμευρετοί.
1695 197 1792 229 Scal.
1837 199 1938 235 Festa,
1969 211 2044 238 quae

92 250 122 277 in
147 248 290 276 honorem
317 248 411 274 Accae
436 245 591 273 Larentiae
614 246 651 273 X.
677 245 735 273 Cal.
759 245 819 273 Ian.
843 242 1078 272 celebrabantur.
1126 242 1184 270 Alii
1209 242 1311 279 legunt
1334 241 1531 271 Laurentalia
1556 248 1585 272 et
1606 242 1799 279 Laurentiae,
1836 246 1864 270 et
1886 242 1926 270 ita
1951 243 2045 271 Varro

94 291 145 320 lib.
159 291 192 320 V.
217 290 286 329 (Vl,
310 289 424 328 p.205.
449 287 512 326 Sp.)
537 287 627 315 Ovid.
652 287 701 316 lib.
715 288 764 315 ΙΙΙ.
788 288 862 315 Fast.
888 286 1021 320 (v.55.).
1056 284 1113 312 Sed
1140 285 1313 323 Dionysius,
1338 284 1530 321 Plutarchus,
1556 286 1687 321 Gellius,
1712 283 1897 321 Macrobius,
1919 285 2045 313 Lactan-

93 334 153 362 tius
176 333 334 372 praferunt
356 330 516 359 Larentiae
538 334 565 358 et
588 329 776 360 Larentalia.
821 328 921 357 Livius
944 328 1031 356 etiam
1056 327 1105 355 lib.
1119 327 1149 364 1,
1172 328 1285 365 (c.4.):
1323 326 1376 355 Ab
1406 338 1437 356 eo
1469 327 1510 356 acl
1538 327 1657 356 stabula
1680 327 1839 356 Larentiae
1862 328 1952 355 uxori
1972 326 2045 356 eclu-

95 374 208 405 candos
231 374 326 404 datos.
364 373 401 401 Et
424 372 537 400 Tabula
560 372 636 401 Fast.
659 382 758 401 mense
783 370 955 401 Decembri:
991 370 1022 398 E.
1046 370 1129 400 ΕΑΒ.
1153 371 1211 400 NP.
1234 370 1266 398 id
1290 373 1345 398 est:
1371 369 1546 399 Larentalia
1571 369 1702 411 nefastus
1722 370 1828 409 primo.
1868 369 1948 398 Libri
1973 370 2045 408 qui-

94 418 163 447 dam
186 428 240 457 pro
265 416 379 445 nutritii
400 414 508 443 habent
530 415 704 451 inventoris,
735 415 816 453 quod
837 413 950 453 placuit
973 412 1121 450 Scaligero
1144 412 1275 450 mihique
1298 412 1387 440 etiam
1409 413 1518 450 placet.
1541 412 1628 442 Dac.
1672 410 1886 449 Laurentalia‚
1915 412 1965 440 alii
1984 413 2044 441 La—

93 461 233 490 rentaria.
267 460 308 488 De,
330 457 472 497 expositis
495 457 560 486 dixi
583 457 620 486 ad
638 457 769 486 Titulum
793 457 829 486 de
851 455 1015 485 infantibus
1037 456 1192 494 expositis.
1220 453 1324 484 Goth.
1358 453 1534 484 Larentalia
1555 460 1583 484 et
1596 454 1741 483 Larentia
1763 453 1853 482 hodie
1875 454 1958 493 apud
1974 454 2045 484 Var-

93 513 196 532 ronem
219 512 339 541 quoque
361 501 478 538 legitur.

258 541 498 582 Locupletes.
543 542 666 581 Proprie
690 541 741 580 qui
765 540 840 571 locis
861 541 880 570 i.
901 551 924 570 e.
947 540 1024 579 agris
1047 540 1130 579 pleni
1155 544 1233 571 sunt.
1269 540 1344 569 Plin.
1366 539 1418 568 lib.
1432 539 1544 576 XVIII,
1569 550 1632 579 cap.
1646 542 1691 571 3.:
1712 537 1887 578 Locupletes
1910 537 2045 568 dicebant

95 587 170 624 loci,
191 586 247 616 hoc
269 593 309 615 est
332 586 398 626 agri
417 583 527 623 plenos.
572 584 596 612 A
620 583 718 621 locus,
743 584 784 612 ita
808 584 923 623 antiqui
945 593 1047 622 agrum
1071 583 1228 620 dicebant,
1258 587 1288 612 et
1308 580 1386 622 ples,
1417 582 1538 621 plenus,
1565 593 1581 610 a
1600 580 1683 622 pleo,
1707 581 1787 610 unde
1809 579 1926 620 impleo.
1957 581 2043 611 Dac.

95 631 138 658 Cf.
160 629 247 659 etiam
271 639 345 667 quae
368 637 459 666 supra
481 627 610 655 diximus
633 628 670 655 ad
695 637 722 655 v.
746 626 902 666 Expretus.

259 671 453 700 Locatum.
498 670 626 706 Lucare,
650 679 770 709 ponere.
815 669 895 707 Virg.
920 667 1006 708 (Aen.
1024 668 1077 705 iv,
1101 667 1203 707 266.):
1235 665 1434 696 Fundamenta
1456 664 1556 695 locant
1578 665 1641 696 alii.
1686 666 1773 695 Dae.

258 713 313 741 La
323 713 431 742 ruati.
477 712 526 739 Sic
548 713 669 751 proprie
693 712 886 748 dicebantur,
918 711 968 750 qui
992 711 1049 739 sibi
1073 712 1186 747 larvas,
1215 710 1246 738 id
1269 714 1312 739 est
1334 713 1480 738 nocturna
1502 709 1759 744 terriculamenta,
1786 711 1948 736 nocturnos
1972 707 2046 735 dae—

95 766 198 786 mones
220 755 324 784 videre
347 755 526 783 videbantur
547 755 641 794 iisque
665 759 750 784 erant
773 754 920 784 exterriti.
951 754 1025 783 Vide
1046 752 1180 783 Cerritus.
1205 752 1293 782 Dac.
1323 751 1426 780 Larua
1449 761 1550 789 propr.
1568 756 1611 780 est
1633 751 1805 780 femininum
1827 749 1955 778 nominis
1970 748 2044 786 Lar,

96 800 174 828 unde
198 798 298 834 Lara,
323 797 439 833 Lama,
465 796 593 826 Lartlzz'a
617 798 729 826 formae
752 802 821 825 sunt
844 796 1063 826 femininorum.
1108 797 1152 827 Cf.
1175 795 1293 825 Mi'iller.
1317 795 1365 823 die
1387 794 1533 823 Etrusker
1549 794 1592 829 ΙΙ,
1617 796 1687 826 106.
1713 798 1741 822 et
1763 793 1792 829 I,
1816 791 1888 823 411.

262 841 390 869 Latos.
438 840 534 868 Arbor
557 845 601 869 est
624 841 749 878 Lydiae,
773 840 853 868 unde
875 840 965 868 tibiae
989 839 1113 875 fiebant,
1138 849 1212 877 quae
1235 842 1263 866 et
1286 837 1353 866 ideo
1377 837 1466 866 λωτοί
1482 837 1600 864 Graecis
1622 836 1726 865 dictae.
1759 834 1893 873 Euripid.
1918 834 2046 872 (aliquo-

94 884 161 921 ties)
186 888 213 911 et
235 883 293 912 alii.
331 882 426 910 Latini
452 883 537 910 etiam
562 881 617 911 lon·
639 894 693 921 pro
717 883 804 911 tibiis.
845 883 865 909 Α
888 883 951 910 loto
975 882 1047 909 dicti
1073 881 1245 921 Lotophagi
1269 880 1400 918 populus
1425 884 1453 907 et
1475 878 1677 917 Lotophagitis
1703 878 1809 908 insula.
1839 876 1927 906 Dae.
1971 877 2045 905 Inde

94 925 176 955 loton
199 936 255 964 pro
278 925 376 953 fistula
400 924 561 956 Athenaeo,
594 923 700 955 Goth.
748 926 790 954 De
812 924 892 954 Loto
916 925 1039 963 eiusque
1065 924 1156 953 variis
1180 923 1353 962 generibus,
1393 922 1430 950 cf.
1453 921 1581 951 Passow.
1606 921 1637 949 in
1660 921 1757 949 lexico
1777 921 1906 955 Graeco,
1943 925 1970 947 et
1995 920 2045 957 qui

93 968 134 996 ibi
161 968 241 996 citati
265 972 345 996 sunt.

259 1010 429 1039 Lucaris
449 1011 625 1050 pecunia.
669 1011 742 1039 Vide
766 1010 877 1040 Lucar.
924 1011 1010 1040 Dae.

261 1051 362 1081 Luca
373 1054 440 1082 ria.
486 1054 510 1080 A
533 1052 598 1081 luce
622 1053 702 1081 dicta
725 1054 789 1082 vult
816 1054 908 1082 Varro
931 1054 980 1083 lib.
998 1054 1029 1083 V.
1054 1052 1122 1092 (VI,
1146 1062 1213 1091 pag.
1228 1053 1300 1085 255.
1325 1051 1406 1091 Sp.):
1437 1050 1569 1080 Lucaria
1591 1050 1657 1078 item
1681 1060 1698 1077 a
1721 1047 1800 1084 luce,
1830 1045 2045 1087 quodpropter

94 1094 187 1124 lucem
211 1095 350 1123 amissam
374 1096 399 1123 is
422 1093 517 1124 cultus
540 1096 697 1124 institutus.
742 1096 798 1124 Sed
824 1097 952 1132 si‘ustra3
983 1096 1108 1124 Lucaria
1131 1095 1209 1123 enim
1232 1105 1248 1122 a
1271 1095 1357 1130 luco,
1384 1095 1471 1122 lucus
1494 1104 1508 1121 a
1533 1093 1617 1128 luce,
1641 1091 1722 1129 quod
1746 1090 1875 1118 accensis
1897 1089 2046 1117 funalibus

94 1137 195 1166 lucum
218 1137 382 1176 implebant
405 1138 489 1172 luce,
520 1137 572 1165 etsi
596 1146 698 1166 contra
723 1139 852 1167 Servius.
898 1139 1133 1167 celebrabantur
1156 1143 1255 1166 autem
1278 1136 1409 1166 Lucaria
1433 1135 1512 1164 XIV.
1533 1135 1594 1163 Cal.
1617 1134 1742 1162 Sextiles
1765 1134 1842 1161 intra
1866 1132 1995 1160 Tiberim
2018 1137 2046 1159 et

93 1180 172 1208 viam
195 1180 354 1217 Salariam,
379 1190 453 1218 quae
476 1190 492 1207 a
516 1185 600 1218 porta
627 1179 744 1209 Collina
767 1182 796 1209 in
821 1181 946 1209 Sabinos
969 1181 1067 1211 mittit.
1111 1180 1197 1209 Dae.

258 1221 313 1250 Lu
323 1233 394 1252 ‘212¹'-
440 1221 515 1250 Vide
542 1222 620 1251 infra
642 1222 779 1254 Pecunia.
826 1223 976 1253 Plutarch.
999 1223 1095 1262 probl.
1119 1222 1212 1261 (88.):
1253 1219 1312 1252 Διά
1334 1233 1362 1252 τι
1383 1218 1416 1251 τὸ
1439 1217 1621 1258 τελούμενον
1644 1219 1685 1253 εἷς
1706 1217 1779 1252 θέας
1803 1219 1912 1254 λοῦκαρ
1936 1217 2045 1246 καλοῦ-

94 1272 160 1295 σιν’
184 1261 206 1303 ἢ
229 1261 274 1295 ὅτι
296 1262 390 1294 πολλά
415 1264 493 1295 ἐστιν
516 1262 588 1294 ἄλλα
612 1265 679 1303 περὶ
701 1264 756 1303 τὴν
780 1263 866 1296 πόλιν
888 1263 1029 1304 ἀνειμένα
1052 1269 1153 1302 θεοῖς,
1177 1263 1335 1296 ἂκαλοῦσι
1357 1263 1502 1299 λούκους,
1526 1262 1577 1292 καὶ
1600 1260 1652 1301 τὴν
1675 1258 1734 1290 ἀπὸ
1757 1259 1871 1289 τούτων
1893 1255 2044 1298 πρόςοδον

93 1308 136 1342 εἰς
159 1305 213 1343 τοὶς
233 1306 309 1341 θέας
330 1304 501 1345 ἀνήλισκον.
547 1307 692 1336 ΟΙοεεεΓ.;
723 1307 827 1337 Lucar
848 1306 1009 1348 θεατρικὸν
1033 1306 1188 1348 ἀργύριον.
1215 1307 1316 1339 Ραῖυ.
1344 1306 1422 1335 Urs.
1469 1303 1633 1343 Θεατρικόν
1656 1315 1671 1332 a
1695 1302 1827 1331 Charisio
1850 1300 1890 1341 (l,
1913 1310 1979 1339 pag.
1992 1302 2042 1331 82.

92 1347 191 1389 Fabr.)
215 1354 244 1378 et
268 1349 397 1387 Glossis,
419 1349 548 1388 itemque
570 1349 679 1388 μισθὸς
702 1347 762 1381 ἀπὸ
786 1352 907 1387 φίσκου.
951 1352 1040 1390 Apud
1064 1351 1180 1379 Livium
1203 1350 1252 1380 lib.
1266 1350 1316 1379 111.
1341 1348 1473 1388 (XXIII,
1501 1347 1576 1388 11.):
1607 1345 1710 1385 Pythio
1733 1343 1874 1384 Apollini
1896 1341 2045 1382 republica

92 1399 192 1421 vostra.
215 1390 283 1421 bene
301 1399 400 1431 gesta,
422 1399 594 1432 servataque
615 1391 706 1422 lucris
729 1394 839 1422 meritis
863 1392 971 1422 donum
995 1394 1140 1422 mittitote.
1178 1393 1265 1421 Nulla
1289 1391 1490 1421 controversia
1514 1390 1654 1428 legimus:
1678 1387 1788 1417 lucaris
1810 1386 1904 1414 meriti
1926 1384 2044 1413 donum.

92 1435 137 1463 Ex
160 1444 194 1463 eo
217 1435 318 1463 lucare
341 1434 467 1463 dabatur
487 1434 613 1472 pecunia
636 1435 666 1463 in
688 1440 825 1474 sumptus
848 1441 877 1465 et
898 1438 1046 1475 impensas
1069 1436 1219 1473 scenicas,
1258 1435 1335 1464 unde
1357 1431 1518 1474 θεατρικὸν
1550 1436 1669 1461 vertunt
1692 1428 1899 1464 Grammatici3
1936 1427 2044 1465 quibus

91 1477 233 1516 impensis
258 1476 377 1505 modum
403 1477 513 1505 sactum
538 1477 646 1515 fuisse,
680 1483 708 1507 et
736 1478 821 1506 lucar
849 1478 1029 1507 histrionum
1060 1479 1223 1507 coercitum
1253 1477 1438 1515 temporibus
1462 1475 1645 1511 Tiberianis,
1684 1473 1775 1502 refert
1798 1471 1914 1499 Tacitus
1941 1469 2045 1498 Annali

92 1519 200 1559 primo.
242 1519 366 1548 Invenio
389 1521 418 1548 in
442 1520 535 1548 veteri
557 1519 764 1558 inscriptione:
802 1519 956 1549 LUGAR
979 1519 1069 1548 ΙΙΙῙῙ
1088 1519 1198 1549 INAE
1217 1518 1504 1548 REDEMPTUM
1523 1518 1559 1547 A
1579 1515 1670 1546 REP.
1714 1514 1912 1544 Tertullianus
1942 1516 2045 1540 contra

93 1562 253 1591 Gnosticos
277 1562 354 1601 (cap.
367 1561 409 1600 8.)
434 1562 568 1599 loquitur
590 1567 687 1590 autem
711 1562 747 1590 de
771 1572 965 1600 praecursore
991 1562 1123 1590 Domini:
1156 1561 1222 1601 Ipse
1244 1560 1378 1591 clausula
1402 1560 1473 1600 legis
1495 1567 1520 1588 et
1542 1559 1772 1599 Prophetarum,
1804 1567 1855 1585 nec
1878 1553 2043 1593 Prophetes,

92 1604 144 1634 sed
163 1603 300 1644 Angelus
323 1603 419 1632 dictus
443 1602 653 1632 contumeliosa
681 1603 769 1633 caede
799 1611 952 1634 truncatur
974 1605 1003 1633 in
1024 1602 1140 1643 puellae
1165 1603 1289 1633 salticae
1317 1602 1409 1632 lucar.
1446 1603 1611 1640 Eleganter.
1647 1601 1719 1629 Nam
1742 1601 1828 1628 lucar
1850 1602 1911 1626 erat
1934 1607 2044 1625 merces

93 1647 270 1675 saltatorum
294 1651 322 1674 et
343 1645 532 1675 histrionum.
566 1646 742 1675 Plutarchus
765 1647 855 1675 vertit
877 1645 909 1676 τὸ
932 1644 1111 1686 τελούμενον
1135 1647 1176 1681 εἰς
1198 1645 1250 1681 τὰς
1272 1646 1353 1679 θέης.
1378 1644 1478 1674 Scal.
1515 1645 1588 1673 Vide
1612 1643 1741 1672 Pecunia
1763 1653 1836 1682 quae
1857 1646 1992 1679 erogatur
2014 1640 2044 1667 in

93 1687 181 1718 ludos
203 1692 254 1717 ctt.
276 1688 365 1717 Dae.
410 1689 493 1724 Quae
517 1698 585 1717 cum
607 1690 649 1717 ita
671 1689 745 1724 sint,
777 1689 933 1727 legendum
955 1689 1005 1718 hic
1027 1700 1086 1718 non
1109 1687 1198 1725 lucis,
1227 1688 1279 1716 sed
1302 1687 1388 1716 ludis.
1437 1688 1536 1715 Dicam
1560 1697 1592 1715 ea
1617 1686 1652 1714 de
1676 1695 1708 1713 re
1730 1685 1848 1723 plenius
1871 1682 1908 1711 ad
1929 1682 1949 1710 l.
1972 1681 2043 1709 uni-

94 1740 158 1760 cam
182 1730 253 1759 cod.
277 1730 314 1759 de
337 1731 474 1769 expensis
497 1731 636 1760 ludorum
661 1731 860 1770 publicorum.
895 1730 998 1762 Goth.
1044 1731 1163 1768 Liceat,
1197 1730 1317 1759 Lucare
1341 1729 1493 1759 descendit
1515 1741 1529 1757 a
1553 1728 1705 1757 Sanscrito
1729 1725 1792 1763 ldk,
1826 1726 1942 1760 videre,
1973 1734 2043 1762 spe-

93 1778 193 1810 ctare,
217 1778 247 1802 et
267 1773 414 1811 significat
435 1774 564 1812 pretium
589 1774 637 1802 vel
658 1774 832 1813 pecuniam,
856 1784 931 1813 quae
955 1774 1083 1803 solvitur
1104 1784 1159 1812 pro
1182 1773 1369 1812 spectaculo,
1393 1773 1441 1800 vel
1464 1782 1539 1811 quae
1562 1771 1600 1800 ad
1622 1769 1824 1809 spectaculum
1849 1767 2042 1797 consumitur.

258 1814 466 1845 Lucereses.
510 1816 697 1845 Lucerenses.
724 1817 747 1844 A
765 1817 938 1845 Lucumone
959 1818 1008 1846 vel
1031 1828 1046 1845 a
1069 1817 1160 1845 verbo
1178 1817 1316 1845 Etrusco.
1342 1815 1437 1843 Varro
1460 1815 1510 1843 lib.
1523 1814 1570 1842 IV.
1594 1813 1630 1842 de
1648 1813 1678 1842 L.
1697 1813 1728 1841 L.
1747 1811 1797 1851 (V,
1820 1813 1847 1841 9.
1867 1821 1895 1849 p.
1909 1811 1959 1841 61.
1978 1806 2041 1846 Sp.)

94 1870 109 1887 a
133 1859 307 1887 Lucumone
329 1859 378 1887 vel
400 1859 574 1896 Lucretino,
599 1859 645 1887 vel
668 1870 683 1887 a
708 1859 788 1888 Luco
814 1860 956 1888 Asconius
977 1860 1027 1888 lib.
1041 1860 1091 1888 ΙΙΙ.
1110 1859 1225 1889 Verria.
1250 1859 1414 1897 (pag.72.).
1444 1857 1591 1886 Lucerum
1615 1855 1739 1885 nominis
1761 1861 1787 1882 et
1809 1853 1931 1892 originis
1952 1860 2042 1879 causa

92 1902 205 1930 incerta
222 1900 306 1928 Livio
328 1901 419 1937 lib.I,
442 1900 480 1940 (c.
494 1900 555 1940 13.)
579 1902 759 1930 Lucerenses
782 1913 797 1930 a
816 1903 895 1931 Luco
918 1903 991 1940 asyli
1010 1901 1156 1931 Plutarch.
1178 1901 1206 1930 in
1227 1901 1342 1929 Romul.
1366 1901 1403 1938 (c,
1417 1900 1481 1938 20.)
1505 1900 1609 1928 Festus
1632 1898 1682 1926 hic
1705 1908 1720 1925 a
1737 1895 1852 1925 Lucero
1875 1894 1926 1922 sed
1949 1892 2040 1921 verbo

93 1941 258 1973 Lucomedi
279 1954 294 1971 a
317 1942 461 1975 Lucumo.
492 1944 566 1972 Vide
589 1945 676 1972 etiam
699 1944 790 1973 verbo
814 1944 1015 1981 Lucumone&
1041 1945 1077 1973 de
1101 1944 1210 1973 eisdem
1234 1944 1328 1979 enim,
1353 1949 1386 1971 ut
1409 1942 1556 1975 arbitror,
1579 1941 1721 1979 loquitur.
1744 1939 1833 1968 Ant.
1850 1937 1942 1974 Aug.
1980 1935 2040 1963 Ro-

94 1986 173 2014 mani
196 1986 324 2025 primum
348 1986 492 2015 trifariam
515 1997 530 2014 a
554 1987 681 2015 Romulo
706 1992 733 2015 et
756 1988 839 2015 Tatio
863 1987 1010 2026 dispertiti
1035 1988 1126 2017 fuere.
1168 1987 1224 2015 Alii
1250 1988 1426 2015 Raninenses
1449 1996 1464 2013 a
1488 1985 1631 2019 Romulo,
1662 1983 1710 2011 alii
1733 1981 1881 2009 'fanenses
1904 1989 1918 2005 a
1943 1978 2040 2012 Tatio,

94 2029 223 2058 Luceres
245 2028 294 2056 alii
317 2033 346 2056 et
370 2029 546 2057 Lucercnses
571 2030 619 2058 vel
642 2041 656 2057 a
680 2030 863 2065 Lucumone,
900 2030 946 2057 vel
970 2041 986 2058 a
1009 2030 1137 2065 Lucere,
1175 2030 1221 2058 vel
1245 2040 1261 2057 a
1284 2030 1381 2063 Luco,
1418 2038 1504 2066 quem
1529 2028 1632 2055 lucum
1656 2023 1798 2053 Romulus
1822 2021 1937 2059 asylum
1960 2021 2040 2050 fecit.

94 2070 148 2099 Vel
172 2082 187 2099 a
209 2071 301 2100 verbo
325 2071 457 2101 Etrusco.
497 2071 579 2107 Quae
602 2072 813 2100 sententiarum
835 2072 963 2101 varietas
986 2072 1098 2103 effecit.
1122 2076 1156 2100 ut
1178 2082 1247 2100 vera
1270 2071 1395 2099 nominis
1419 2080 1506 2099 causa
1530 2070 1641 2098 incerta
1662 2068 1716 2102 sit,
1740 2069 1773 2093 ut
1795 2070 1824 2093 et
1849 2064 1922 2091 Livii
1946 2068 2040 2091 aetate

93 2113 181 2142 etiam
204 2113 314 2142 incerta
339 2113 411 2149 suit,
436 2115 486 2151 qui
508 2114 559 2144 lib.
574 2115 601 2150 I,
625 2114 717 2154 (13.):
739 2114 902 2149 Lucerum,
925 2115 1038 2151 inquit,
1062 2114 1188 2143 nominis
1210 2122 1236 2142 et
1258 2114 1380 2152 originis
1402 2124 1491 2142 causa
1514 2113 1625 2141 incerta.
1647 2116 1696 2139 est.
1720 2107 1810 2136 Dac-
1843 2106 2039 2141 Lucumone&

92 2155 235 2193 Luceres,
260 2155 414 2192 Lucetius,
445 2155 603 2194 Lucerias,
631 2157 728 2185 omnia
752 2167 768 2185 a
790 2158 939 2185 communi
963 2157 1054 2196 stirpe
1077 2158 1193 2185 Sanscr.
1217 2155 1278 2194 ldk,
1307 2155 1416 2193 uidere,
1444 2162 1588 2195 spectare,
1618 2150 1808 2181 descendunt.
1852 2150 1928 2177 Sunt
1950 2148 2038 2186 igitur

93 2198 221 2227 Luceres
244 2198 291 2227 (lle
314 2198 421 2232 seber,
444 2197 540 2237 lugu,
566 2197 781 2235 οἷωνοσκόποι,
808 2199 858 2237 qui
881 2200 1013 2238 auspicia
1037 2199 1194 2228 habebunt.

256 2239 414 2270 Lucani.
459 2241 533 2278 Lege
556 2240 622 2271 loca
646 2253 764 2278 aer-osa,
802 2252 861 2269 non
887 2240 1014 2271 Cretosa.
1046 2241 1143 2271 Scal.
1189 2240 1289 2270 Italiae
1311 2240 1431 2279 populi,
1469 2239 1519 2278 qui
1542 2236 1676 2266 Bruttios
1699 2233 1987 2274 complectebantur,
2019 2240 2034 2257 a

91 2282 270 2311 Samnitibus
293 2283 360 2312 orti.
405 2284 561 2314 Λευκανοὶ
586 2285 697 2313 Graece
721 2296 736 2312 a
759 2281 866 2319 λευκός
888 2284 989 2320 albus,
1024 2295 1082 2313 non
1106 2284 1186 2323 quod
1210 2294 1313 2313 eorum
1335 2283 1417 2320 regi0
1440 2281 1494 2311 sita
1517 2281 1555 2309 sit
1578 2280 1633 2309 sub
1657 2285 1740 2318 parte
1761 2277 1863 2307 stellae
1884 2273 2033 2304 luciferae·

91 2324 160 2354 Sive
184 2325 264 2364 quod
288 2335 388 2355 eorum
412 2326 477 2354 loca
500 2337 602 2355 aerosa
624 2327 699 2363 sint,
735 2327 774 2355 ita
800 2327 875 2355 enim
898 2326 1069 2364 legendum,
1110 2337 1168 2355 non
1192 2334 1318 2362 cretosa,
1358 2325 1409 2353 sed
1431 2324 1512 2362 quod
1534 2333 1636 2352 eorum
1659 2327 1739 2351 terra
1760 2321 1889 2349 albescat
1910 2319 2034 2354 propter

93 2368 224 2406 argillam
248 2368 383 2398 sortasse.
414 2369 454 2398 De
478 2369 604 2398 Lucanis
628 2370 691 2398 suse
709 2368 817 2398 Strabo
840 2369 893 2399 lib.
908 2369 955 2400 VI.
979 2366 1058 2410 (pag.
1071 2368 1170 2410 254).
1195 2368 1249 2398 Da
1260 2380 1284 2400 c.
1323 2367 1412 2398 Vela
1428 2365 1550 2396 Lucilio
1573 2364 1654 2396 duce.
1683 2360 1911 2394 Rescribendum
1933 2367 1951 2385 a
1968 2356 2033 2384 Lu-
