2263 2668
240 191 313 224 144

239 286 312 321 Sub
338 285 442 318 vitem
464 278 641 325 proeliari
667 277 822 311 dicuntur
847 279 985 320 milites,
1028 290 1131 322 quum
1158 281 1218 313 sub
1245 281 1340 312 vinea
1367 280 1499 313 militari
1526 287 1688 328 pugnant.

651 184 794 218 PAULI
822 184 944 219 DlAc.
974 185 1228 220 EXCERPTA
1254 186 1319 220 EX
1345 186 1433 220 LIB.
1461 186 1604 222 POMP.
1631 164 1771 223 FESTI

1742 283 1903 317 Lucilius:

606 328 730 373 Neque
750 329 903 373 prodire
929 331 964 363 in
991 331 1120 373 altum,
1156 332 1332 377 proeliari
1352 333 1483 376 procul
1507 333 1571 367 sub
1595 335 1664 367 vite
1674 331 1695 367 ¹.

239 387 312 422 Sub
339 386 476 418 vincam
503 381 621 413 iacere
647 379 801 413 dicuntur
827 382 967 423 milites,
1007 393 1109 425 quum
1136 384 1317 416 astantibus
1345 383 1614 418 centurionibus²
1636 386 1745 419 iacere
1772 391 1938 430 coguntur
1964 387 2070 419 sudes.

239 430 445 483 ,supparus3
468 432 696 464 vestimentum
724 432 875 477 puellare
904 433 1049 475 lineum,
1085 435 1178 478 quod
1207 440 1238 468 et
1264 432 1457 475 subucula⁴,
1495 437 1529 468 id
1558 442 1608 470 est
1634 434 1789 472 camisia⁵
1810 438 1940 470 dicitur.

1994 438 2165 471 Afranius:

607 483 736 516 Puella
763 494 830 517 non
856 496 951 527 sum,
995 496 1153 531 supparo
1179 487 1209 519 si
1235 485 1361 519 induta
1387 498 1472 521 sum.

238 541 352 584 Supat
380 535 472 575 iacit,
507 534 596 567 unde
624 535 774 580 dissipat
802 534 952 578 disiicitss,
992 542 1024 570 et
1052 535 1211 583 obsipat⁷
1233 534 1379 578 obiicit⁸‚
1414 543 1447 571 et
1473 539 1618 583 insipat,
1656 539 1725 573 hoc
1750 544 1798 572 est
1823 535 1957 573 iniicit⁹.

239 590 383 625 Sutelae
411 587 548 619 dolosae
575 587 713 619 astutiae
723 583 747 603 ¹⁰
771 599 790 619 a
816 585 1061 621 similitudine¹¹
1087 589 1249 623 suentium
1277 589 1395 624 dictae.

485 634 509 654 12

238 643 428 686 Suspectus
455 650 473 670 a
531 639 682 682 suspicor
708 639 798 671 venit
824 644 857 672 et
883 636 936 672 :1¹³
956 639 1111 684 suspicio.

239 694 370 738 Suopte
396 701 456 724 suo
483 689 601 734 ipsius,
639 694 674 722 ut
699 694 836 735 meopte
846 687 869 708 ¹⁴
892 703 968 724 meo
995 692 1114 736 ipsius,
1150 695 1268 735 tuopte
1295 696 1352 724 tuo
1381 692 1491 735 ipsius.

238 739 395 779 δῖνιιεεῑ5
418 752 543 786 genera
570 741 716 774 liborum
744 738 879 785 erantffi,
907 743 1090 788 digitorum
1118 743 1370 778 coniunctorum
1383 740 1405 759 ¹⁷
1428 739 1529 776 nonm
1552 743 1723 777 dissimilia
1734 741 1766 787 ¹⁹,
1795 745 1850 788 qui
1880 743 2133 777 continebantur
2159 743 2189 774 in

336 801 555 827 transversum
583 793 768 838 superiecta
795 795 951 838 panicula
961 791 997 830 ²⁰.

238 842 426 881 Str-uicesffl
449 844 604 878 dicebant
630 845 775 878 omnium
804 858 914 879 rerum
940 846 1176 880 instructiones.

239 899 384 933 Struere
412 897 537 939 antiqui
567 896 722 930 dicebant
747 908 812 942 pro
839 909 983 943 augere,
1020 898 1109 931 unde
1134 898 1312 931 instruere.

239 951 430 996 Stroppus,
462 948 556 992 quod
585 948 717 982 Graece
744 945 921 995 στρόφιον
948 947 1111 992 dicitur²²,
1140 961 1204 994 pro
1231 948 1350 993 insigni
1376 947 1566 982 habebatur
1576 945 1602 966 ²³
1621 950 1653 982 in
1681 949 1846 994 capitibus
1874 948 2103 987 sacerdotum3
2137 947 2192 980 alii

339 1001 374 1033 id
403 1010 560 1034 coronam
590 1011 658 1032 esse
685 999 848 1032 dixerunt.

239 1048 476 1088 Strathcum²⁴
499 1052 686 1084 membrum
711 1052 802 1085 virile
827 1064 845 1084 a
868 1051 1035 1085 salacitate
1062 1047 1246 1096 passeris25,
1274 1051 1331 1095 qui
1355 1050 1488 1085 Graece
1516 1049 1696 1099 στρουθός
1723 1052 1842 1085 dicitur
1852 1048 1888 1092 ²⁶,
1915 1063 1934 1084 a
1958 1051 2064 1085 mimis
2091 1061 2191 1095 prae—

339 1105 439 1149 cipue
463 1103 662 1148 appellatur.

240 1151 439 1191 Strenam²⁷
462 1155 697 1200 appellabant,
732 1165 818 1197 quae
845 1153 986 1186 dabatur
1013 1154 1067 1187 die
1094 1154 1253 1199 religioso
1281 1154 1397 1187 ominis
1424 1154 1506 1187 boni
1530 1155 1656 1200 gratia,
1694 1167 1713 1187 a
1739 1165 1895 1195 numero,
1929 1164 1996 1197 quo
2024 1151 2192 1198 significa-

339 1213 392 1241 tur
419 1206 559 1240 alterum
586 1206 785 1249 tertiumque
811 1211 985 1238 venturum
1010 1206 1123 1239 similis
1150 1206 1341 1248 commodi,
1369 1207 1472 1239 veluti
1499 1212 1646 1247 trenam,
1673 1207 1864 1252 praeposita
1889 1217 1906 1238 s
1932 1206 2044 1246 litera,
2071 1209 2107 1237 ut
2133 1215 2192 1236 an-

341 1258 440 1302 tiquis
465 1259 620 1302 frequens
648 1269 722 1290 usus
751 1262 828 1289 erat.

238 1311 408 1346 strebula
434 1310 550 1356 lingua
576 1309 783 1343 Umbrorum
810 1308 1029 1353 appellabant
1054 1313 1165 1352 partes
1192 1307 1339 1341 carnium
1365 1308 1633 1342 sacrificatarum.

241 1363 362 1397 Stlata
385 1373 490 1407 genus
518 1362 641 1406 navigii
668 1362 772 1394 latum
799 1360 924 1405 magis,
951 1371 1051 1403 quam
1080 1359 1200 1401 altum,
1236 1356 1304 1392 et²⁸
1326 1372 1346 1392 a
1372 1360 1546 1393 latitudine
1573 1360 1619 1392 sic
1646 1360 1871 1404 appellatum,
1900 1359 1958 1392 sed
1986 1371 2024 1392 ea
2051 1369 2191 1392 consue-

341 1414 475 1455 tudine,
518 1425 584 1457 qua
610 1413 757 1446 stlocum
783 1423 847 1457 pro
874 1412 987 1445 locum
1016 1416 1048 1444 et
1073 1412 1201 1444 stlitem
1228 1422 1292 1456 pro
1318 1412 1412 1444 litem
1422 1408 1446 1428 ²⁹
1469 1408 1666 1445 dicebantffl.

241 1465 417 1501 stlembus
443 1466 569 1510 gravis,
611 1464 743 1505 tardus,
785 1464 869 1497 sicut
894 1463 1043 1496 Lucilius
1063 1460 1252 1508 pedibus³¹
1273 1463 1458 1496 stlembum
1485 1463 1568 1496 dixit
1594 1473 1716 1506 equum
1743 1462 1881 1507 pigrum
1891 1458 1916 1478 ³²
1939 1466 1973 1495 et
1998 1460 2139 1494 tardum.

241 1519 439 1563 Stipatores
466 1517 617 1561 corporis
644 1515 817 1557 custodes,
845 1526 929 1559 quos
955 1515 1080 1558 antiqui
1102 1515 1258 1548 latrones
1280 1515 1454 1549 vocabant.

340 1581 425 1614 pora
451 1580 580 1614 regum.

242 1621 359 1667 Stipes
385 1621 478 1654 fustis
503 1626 611 1654 terrae
637 1618 775 1652 defixus.

243 1673 436 1707 Stritavum
464 1672 589 1716 antiqui
617 1671 774 1704 dicebant
799 1679 863 1714 pro
890 1668 1018 1702 tritavo.

244 1724 424 1769 Strigores
450 1724 626 1757 densarum
654 1722 770 1755 virium
798 1720 961 1754 homines.

327 1829 356 1865 1)
380 1830 490 1866 procul
512 1828 567 1855 sub
594 1827 665 1864 vite]
695 1825 751 1853 sub
776 1827 833 1853 vite
848 1825 962 1864 procul
981 1825 1012 1852 L.
1033 1824 1065 1853 B.
1092 1839 1134 1845 —-
1166 1821 1195 1863 2)

245 1876 355 1898 astant.
372 1870 455 1909 cent]
480 1876 552 1899 cent.
569 1875 680 1898 astant.
700 1869 729 1896 L.
745 1868 776 1898 B.
801 1884 842 1889 —
863 1866 891 1906 3)
917 1865 1090 1906 Supparus]
1113 1867 1195 1905 Sup-

242 1922 354 1949 parum
369 1913 401 1941 L.
416 1914 446 1941 Β.
464 1913 520 1941 Gu.
537 1916 563 1944 1.
581 1923 626 1951 pr.
653 1929 687 1933 —
712 1910 741 1950 4)
765 1910 937 1950 subucula]
960 1910 1072 1938 subula
1092 1910 1148 1937 Gn.
1166 1912 1195 1940 1.

246 1964 290 1992 pr.
316 1970 347 1975 —
370 1953 398 1992 5)
422 1954 456 1982 id
470 1961 510 1983 est
526 1957 667 1990 camisia]
685 1964 741 1983 om.
759 1954 790 1982 L.
806 1953 929 1982 inclusit
943 1954 974 1982 S.
997 1969 1032 1973 —
1054 1951 1082 1991 6)
1105 1951 1197 1980 disii-

247 1995 304 2034 cit]
327 1994 430 2023 disicit
447 1997 478 2026 L.
494 1998 531 2026 M.
550 1999 605 2027 Gu.
619 2001 646 2030 2.
670 2013 711 2018 —
733 1998 763 2033 7)
786 1995 922 2034 obsipat]
946 1996 1046 2023 obstat
1062 1995 1091 2024 L.
1108 1995 1141 2023 B.
1158 1994 1197 2025 Μ.

247 2039 303 2067 Gu.
317 2040 380 2068 1.2.
418 2038 549 2077 οὒ-ςίίραί
566 2051 606 2077 pr.
634 2056 667 2061 —-
694 2037 721 2077 8)
745 2038 860 2077 obiicit]
884 2039 974 2066 obicit
988 2039 1019 2066 L.
1039 2038 1069 2068 Β.
1087 2037 1126 2066 Μ.
1141 2037 1198 2065 Gu-

249 2084 275 2111 1.
291 2083 320 2111 2.
338 2089 384 2118 pr.
404 2096 445 2101 —
466 2082 497 2117 9)
519 2082 630 2120 iniicit]
654 2083 739 2109 inicit
756 2082 793 2110 M.
812 2082 867 2111 Gu.
881 2085 909 2114 2.
925 2091 969 2120 pr.
993 2097 1034 2102 —
1060 2079 1103 2119 10)
1127 2079 1196 2118 ast]

245 2121 378 2150 [insidiae
393 2127 485 2151 astut.
499 2123 529 2151 L.
551 2140 593 2145 —
616 2129 657 2158 11)
682 2136 701 2151 α
715 2123 793 2162 sim]
811 2124 855 2151 ad
866 2122 1100 2152 similitudinem
1116 2123 1147 2151 L.
1158 2138 1197 2143 —

249 2167 292 2202 19)
316 2164 350 2203 α]
376 2170 435 2192 eta
454 2165 486 2192 L.
500 2165 537 2192 M.
553 2176 595 2203 pr.
618 2182 658 2187 —
684 2169 725 2199 13)
750 2172 775 2194 et
791 2166 829 2205 a]
853 2177 872 2193 a
890 2177 948 2196 om.
966 2167 1022 2194 Gu.
1039 2169 1064 2196 1.
1091 2182 1129 2187 --
1153 2166 1196 2199 14)

249 2206 379 2246 meopte]
403 2206 485 2235 addit
509 2207 565 2234 Gu.
581 2210 606 2238 1.
630 2207 717 2236 haec:
747 2220 776 2236 es
795 2220 908 2247 genera
928 2209 1090 2236 liberorum
1112 2213 1198 2235 erant

248 2249 330 2288 (lac.)
354 2250 471 2277 similia
488 2250 563 2287 quia
580 2251 767 2278 continentur
782 2253 814 2278 ιἰι
828 2257 1043 2279 transversum.
1091 2251 1198 2279 Corru-

245 2297 297 2331 ple
321 2292 465 2320 translata
486 2295 555 2319 sunt
576 2289 649 2318 haec
665 2301 700 2318 ex
717 2301 788 2320 voce
806 2295 917 2321 Strues.
962 2294 1041 2323 Edit.
1058 2293 1198 2332 princeps

247 2333 321 2362 haec
335 2334 375 2363 ita
392 2333 526 2363 exhibet:
550 2344 579 2361 es
593 2343 703 2371 genera
719 2334 863 2362 librorum
876 2341 961 2363 erant
977 2335 1011 2363 di
1027 2335 1108 2375 (lac.)
1125 2346 1198 2363 con—

252 2378 421 2405 iunctorum
444 2376 561 2404 similia
578 2376 631 2415 qui
647 2376 832 2403 continentur
849 2379 879 2404 in
897 2383 1100 2406 transversum
1114 2378 1199 2415 (lac.)

251 2425 315 2447 ecta
339 2419 496 2456 panicula.
522 2435 556 2440 -—
584 2416 628 2459 15)
653 2418 772 2451 Str-aes]
797 2428 852 2445 om.
867 2419 992 2455 glossam
1014 2420 1044 2448 L.
1058 2421 1106 2456 B.,
1135 2431 1200 2449 cor-

253 2466 339 2500 rupte
371 2460 613 2490 antecedentibus
643 2469 784 2488 annexam
816 2459 845 2486 in
879 2461 934 2488 Gu.
956 2463 983 2491 1.
1007 2471 1050 2498 pr.
1081 2478 1123 2483 —
1154 2463 1199 2498 16)

1507 1515 1628 1559 Stipati
1654 1514 1740 1547 enim
1768 1514 1856 1547 ferro
1885 1513 2093 1547 circumdant
2116 1522 2192 1545 cor-

1239 1825 1334 1862 erant]
1358 1824 1407 1852 Sic
1424 1823 1461 1854 M.
1481 1824 1537 1854 Gu.
1548 1827 1577 1856 2.
1623 1830 1695 1852 sunt
1710 1824 1790 1862 vulg.
1815 1841 1850 1845 -
1876 1825 1922 1860 17)
1945 1821 2192 1861 coniunctorum]

1238 1868 1417 1895 coniunctae
1434 1867 1491 1896 Gu.
1506 1870 1536 1899 2.
1563 1884 1597 1888 —
1627 1869 1670 1903 18)
1692 1868 1768 1905 non]
1792 1878 1848 1895 om.
1870 1866 1926 1895 Gu.
1941 1868 1971 1897 2.
1993 1883 2034 1888 —
2057 1869 2100 1900 19)
2125 1865 2194 1893 dis-

1239 1908 1371 1949 similia]
1396 1910 1514 1937 similia
1529 1909 1567 1939 M.
1585 1910 1679 1941 Gu.2.
1703 1926 1743 1931 —
1765 1913 1813 1946 20)
1837 1911 1892 1948 qui
1907 1915 1983 1937 cont.
1999 1908 2068 1947 etc.]
2092 1908 2140 1937 Sic
2155 1907 2192 1938 M.

1242 1953 1296 1981 Gu.
1313 1954 1342 1983 2.
1386 1953 1439 1991 qui
1455 1953 1648 1990 superi.pan.
1665 1954 1695 1980 ιἰι
1714 1957 1830 1981 tran-w.
1847 1953 2037 1980 eontinentur
2053 1951 2130 1989 vulg.
2155 1967 2192 1972 ——-

1240 1998 1285 2030 21)
1310 1994 1456 2033 Str-uices]
1481 1996 1568 2023 Strui
1586 1996 1615 2024 L.
1632 1995 1662 2024 B.
1679 1996 1735 2024 Gu.
1752 1998 1777 2026 1.
1818 1996 2002 2023 Sti-uitione&
2019 2004 2064 2033 pr.
2086 2010 2127 2015 —
2149 1992 2193 2031 ⁹29)

1241 2036 1326 2076 quod
1341 2038 1454 2066 Graece
1474 2047 1577 2076 στροφ.
1591 2036 1667 2076 dia]
1690 2039 1738 2065 Sic
1754 2038 1809 2066 Gu.
1822 2040 1850 2068 2.
1874 2048 1919 2076 pr.
1965 2035 2050 2076 qaod
2067 2036 2120 2065 Gr.
2136 2035 2193 2064 dic.

1241 2089 1345 2120 στροφ.
1360 2080 1392 2110 Β.
1410 2080 1445 2108 Μ.
1462 2081 1489 2109 S.
1522 2090 1625 2119 στροφ.
1644 2091 1701 2108 om.
1716 2081 1745 2108 L.
1764 2080 1820 2108 Gu.
1835 2082 1861 2111 1.
1884 2097 1924 2102 —
1945 2084 1991 2115 23)
2014 2078 2193 2115 habebatur]

1241 2123 1290 2151 Sic
1307 2123 1345 2153 M.
1362 2123 1417 2151 Gu.
1430 2125 1459 2153 2.
1498 2122 1671 2160 ponebatur
1693 2123 1774 2160 vulg.
1800 2140 1834 2143 —
1861 2123 1907 2160 24)
1931 2121 2124 2161 Strutlzeum]
2147 2121 2194 2150 Sic

1242 2165 1350 2204 scripsi
1373 2165 1450 2193 hanc
1474 2165 1599 2202 glossam
1617 2176 1631 2193 e
1648 2166 1703 2196 Gu.
1721 2168 1766 2201 2.,
1795 2175 1925 2203 quocum
1940 2165 2103 2203 plurimum
2120 2173 2194 2192 con-

1242 2208 1376 2237 sentiunt
1397 2207 1504 2246 reliqui
1530 2207 1617 2236 codd.
1635 2213 1663 2236 et
1684 2207 1756 2237 edit.
1781 2207 1878 2246 princ.
1896 2207 2027 2246 Scaliger
2043 2218 2075 2236 ea
2092 2206 2193 2242 edidit,

1243 2260 1319 2289 quae
1336 2250 1449 2279 suntin
1465 2249 1583 2279 schedis
1599 2250 1694 2286 Festi,
1723 2260 1796 2288 quas
1814 2250 1892 2280 vide.
1913 2267 1953 2272 --
1976 2248 2023 2288 ⁶25)
2039 2246 2192 2288 passeris]

1243 2294 1273 2321 L.
1300 2294 1356 2322 Gu.
1375 2296 1400 2324 1.
1429 2295 1550 2323 asseris.
1590 2310 1618 2314 ·-
1664 2293 1712 2330 25)
1742 2291 2052 2332 qui—appellatur]
2082 2301 2136 2320 oul-
2161 2290 2191 2318 L·

1243 2338 1386 2375 στροῦτον
1406 2336 1439 2365 Β.
1484 2346 1540 2365 om.
1562 2332 1712 2373 στρουθός
1733 2336 1763 2365 L.
1784 2336 1841 2363 Gu.
1857 2339 1883 2366 1.
1909 2351 1948 2356 -
1969 2337 2014 2368 27)
2037 2330 2190 2369 Strenam]

1243 2379 1292 2407 Sic
1314 2378 1418 2417 scripsi
1440 2376 1517 2406 hanc
1541 2378 1666 2416 glossam
1685 2388 1700 2406 e
1715 2378 1752 2407 M.
1767 2378 1823 2406 Gu.
1836 2380 1881 2414 2.,
1912 2376 2088 2415 quibuscum
2103 2374 2192 2413 plane

1243 2421 1304 2449 sere
1329 2420 1517 2449 consentiunt
1539 2420 1571 2449 B.
1593 2421 1649 2451 Gu.
1669 2424 1694 2451 1.
1714 2431 1774 2459 pr.‚
1803 2419 1860 2448 nisi
1876 2418 1956 2457 quod
1972 2418 2090 2446 lacunas
2105 2415 2192 2445 exhi-

1243 2463 1313 2492 bent
1334 2464 1495 2492 muliorum
1520 2462 1687 2491 verborum.
1732 2463 1804 2490 Nam
1822 2462 1853 2488 B.
1870 2460 1909 2488 ita
1929 2458 2061 2487 exhibet:
2089 2469 2192 2486 renam
