2263 2668
549 117 614 155 DE
640 116 1026 154 SIGNIFICATtoNE
1057 114 1341 150 VERBORUM.
1403 115 1550 152 LIBER
1574 117 1600 151 1.
1979 114 2052 148 311

98 214 205 243 Graeci
228 212 390 251 καλαμίδα,
424 210 567 251 Apuleius
590 221 675 240 acum
696 209 846 241 crinalem.
892 211 932 239 De
953 219 1011 248 qua
1034 208 1191 237 Martialis:
1223 208 1319 245 (XlV,
1343 208 1406 247 22.)

680 253 795 283 Tenuia
818 265 851 283 ne
872 251 987 282 madidi
1009 250 1117 280 violent
1140 250 1314 290 bombycina
1337 251 1440 289 crines,

757 295 840 335 Figat
866 307 937 325 acus
959 301 1049 325 tortas
1072 295 1269 333 sustineatque
1290 305 1399 323 comas.

97 341 141 369 lta
163 339 238 368 enim
263 339 417 377 legendum
441 340 471 367 in
494 339 631 367 Martiali.
663 338 736 367 Nam
760 339 790 367 in
814 338 942 376 vulgatis
966 346 1122 375 perperam
1146 335 1292 366 madidos.
1335 336 1424 372 Quod
1448 337 1519 366 adeo
1543 337 1606 366 eius
1628 336 1688 364 loci
1712 333 1884 365 sententiam
1907 332 2054 369 turbarat,

97 388 132 412 ut
152 382 310 418 Turnebo,
333 383 398 410 viro
423 382 610 419 doctissimo,
637 385 793 420 suspectus
817 382 938 419 quidem
960 380 1045 409 locus
1069 379 1174 413 suerit3
1200 379 1357 408 emendare
1381 385 1478 409 autem
1500 380 1568 408 dum
1591 383 1701 415 tentat,
1725 382 1822 406 totum
1844 385 1961 405 sensum
1984 385 2055 414 POe—

97 430 145 454 tae
166 425 332 454 inverterit.
376 425 416 453 De
440 425 588 453 ornatrice
610 424 703 452 habes
725 423 806 462 apud
828 423 1017 455 suetonium,
1041 421 1210 450 Iuvenalem
1233 426 1263 449 et
1284 421 1410 450 eundem
1434 423 1604 452 Martialem.
1640 420 1746 450 Graeci
1768 425 1797 448 et
1818 418 2003 458 κοσμητρίαν
2027 422 2056 446 et

97 468 304 508 κομμωτρίαν,
342 477 401 505 quo
426 468 542 496 nomine
565 467 665 495 sabula
689 466 767 495 edita
790 477 806 494 a
828 467 946 495 Naevio.
989 464 1118 502 Fuitque
1147 473 1255 492 munus
1283 464 1358 492 illud
1388 466 1557 502 peculiare,
1594 469 1628 494 ut
1659 462 1804 501 quaedam
1834 461 1956 490 ancillae
1979 459 2056 488 nihil

99 511 181 539 aliud
205 521 291 549 quam
316 511 410 545 (nisi)
434 510 597 538 ornanices
621 514 730 543 essent,
768 513 801 537 ut
824 514 905 547 patet
927 518 964 538 ex
986 507 1077 536 veteri
1100 506 1308 545 inscriptione:
1348 505 1588 536 CINERIBUS.
1612 503 1869 535 HAMILLAE.
1891 501 2057 532 ALB10—

98 551 216 583 NIAE.
244 552 449 590 QUINTAE.
483 550 738 581 ORNATRICI.
764 550 935 582 FESTUS.
965 550 1012 580 M.
1044 547 1238 579 SEPTIMI.
1267 548 1415 578 GALLI.
1447 550 1609 579 DISPEN.
1636 543 1994 579 GONTUBERNALI.
2017 543 2055 575 Β.

99 596 148 625 Μ.
171 595 203 624 F.
229 594 294 623 ET.
326 594 422 623 SIBI.
464 594 567 625 Scal.
613 594 693 622 Acus
717 594 899 622 ornatricum
922 594 979 623 alio
1002 593 1121 623 nomine
1144 591 1373 621 discerniculum
1396 598 1536 629 vocatur,
1569 593 1637 630 quia
1660 601 1691 620 ea
1715 589 1838 628 capillos
1860 589 2056 625 distinguunt,

100 639 283 667 discernunt.
305 654 347 659 ——
371 638 540 666 (li-natrices
564 643 660 666 autem
685 647 738 666 nos
761 637 886 666 dicimus
910 636 1069 678 coffluses.
1101 651 1141 656 -—
1171 636 1293 664 sueton.
1317 635 1348 663 in
1371 635 1469 665 Tiber.
1482 637 1531 667 40.
1573 634 1658 665 Haeo
1679 633 1782 663 matris
1804 641 1883 659 meae
1904 629 2009 659 liberta
2031 637 2057 658 ει

99 682 240 709 ornatrix
258 679 336 720 suit.
371 680 460 709 Duc.
505 680 591 709 Acus
620 680 698 708 inter
727 680 783 707 alia
814 680 959 717 significat
991 682 1195 707 ornamentum
1225 677 1341 716 capitis.
1365 678 1446 709 l.25.
1470 680 1556 715 §.lO.
1586 688 1662 706 vers.
1692 678 1941 704 ornamentorum.
1966 672 1997 701 ss'.
2021 671 2057 700 de

99 733 184 752 auro.
231 723 440 751 Constantinus
463 723 493 751 in
516 723 580 760 lege
596 726 622 753 1.
648 722 718 751 Cod.
741 722 852 751 Theod.
876 722 912 751 de
935 721 1084 761 repudiis,
1115 721 1139 749 si
1161 725 1279 759 praeter
1301 719 1375 751 haec
1398 721 1454 749 tria
1479 721 1602 749 crimina
1624 718 1782 758 repudium
1805 715 1910 745 marito
1935 715 2058 750 miserit,

100 770 220 804 oportet
248 776 310 794 eam
342 776 436 803 usque
465 765 503 793 ad
532 765 686 794 acuculam
717 766 824 803 capitis
852 765 882 794 in
906 765 992 795 domo
1016 763 1114 792 mariti
1139 763 1295 802 deponere.
1337 763 1449 792 Glossis
1472 761 1592 792 Λουσία
1616 763 1715 800 ῥαφίς.
1752 758 1857 794 Goth.
1899 756 2054 787 Ornatrix.

100 809 175 837 Vide
197 809 290 846 legem
308 811 357 840 49.
382 813 410 836 et
435 811 459 839 l.
484 809 533 840 65.
559 810 581 846 §.
606 808 814 838 ornatricibus.
839 808 868 836 ff.
895 808 931 837 d'e
952 808 1036 845 legat.
1051 809 1079 837 3.
1109 805 1221 835 Idem.
1252 806 1398 834 eoeercitus
1426 817 1541 856 quoque
1568 805 1729 834 instructio.
1775 802 1860 830 Falso
1881 799 1932 829 hic
1953 799 2058 831 Festus

100 851 205 889 legisse
227 851 347 879 ridetur
370 862 455 880 acum
480 861 535 889 pto
558 852 630 880 acie.
661 849 773 880 Idem.
821 849 893 879 Cum
913 852 1031 880 sarcire.
1055 849 1123 888 quia
1146 849 1264 878 sarcire.
1287 847 1401 877 Idem.
1425 849 1654 883 ακέσασθαι,
1684 844 1796 877 &mam
1841 841 1951 872 Idem·

265 891 472 923 Assiduus.
501 894 597 922 Varro
619 893 669 922 lib.
683 893 729 923 Vt.
753 893 790 922 de
813 893 843 922 L.
861 894 892 923 L.
915 893 997 933 (Vll,
1021 904 1048 932 p.
1063 890 1148 931 376.)
1175 890 1234 929 Qui
1255 890 1352 927 adest,
1376 890 1521 920 assiduus.
1553 891 1655 918 Cicero
1678 889 1708 918 in
1732 887 1832 918 libello
1857 886 1893 914 de
1915 885 2058 924 petitione

100 936 287 964 consulatus:
319 934 388 964 Jam
411 934 595 965 assiduitatis
618 934 731 964 nullum
764 943 804 965 est
824 944 1026 975 praeceptum,
1054 933 1227 974 verbumque
1249 935 1342 973 ipsum
1367 931 1464 970 docet,
1489 945 1561 973 quae
1583 945 1626 961 res
1648 933 1703 967 sit,
1730 929 1848 970 prodest
1872 926 1988 968 quidem
2010 937 2059 955 ve-

99 978 242 1007 hementer
264 989 411 1017 nunquam
436 977 538 1008 deesse.
560 978 614 1007 Da
625 991 648 1008 c.
671 977 843 1007 Adsiduum
867 977 1048 1018 locupletem.
1078 977 1167 1013 Quod
1191 987 1268 1005 asses
1293 977 1374 1011 duit,
1396 976 1416 1007 i.
1443 986 1467 1004 e.
1492 977 1550 1004 det.
1581 975 1683 1013 ltaque
1705 974 1734 1002 in
1757 973 1813 1009 leg.
1826 971 1893 1000 XII.
1915 970 1974 999 tab.
1995 969 2058 998 As-

99 1019 185 1050 siduo
207 1019 319 1051 vindex
341 1019 477 1050 assiduus
500 1029 567 1052 esto.
613 1020 780 1050 Proletario
803 1022 860 1050 civi
882 1023 976 1061 quivis
998 1020 1073 1050 volet
1095 1018 1207 1048 vindex·
1230 1027 1299 1048 esto.
1352 1019 1405 1047 Ubi
1429 1017 1565 1048 assiduus
1587 1019 1616 1050 id
1642 1022 1685 1045 est
1714 1013 1856 1054 locuples,
1896 1012 2057 1051 opponitur

57 1099 59 1101 ι
99 1064 279 1102 proletario,
316 1064 367 1101 qui
391 1074 405 1091 e
427 1064 511 1102 plebe
542 1064 711 1093 tenuissima
742 1069 818 1099 erat,
857 1069 885 1093 et
913 1064 957 1092 nil
986 1068 1102 1103 praeter
1125 1062 1240 1101 prolem
1264 1063 1345 1100 Reip.
1370 1061 1540 1091 exhibebat.
1585 1058 1718 1092 Assiduo
1740 1068 1794 1097 pro
1818 1056 1966 1095 locuplete
1989 1063 2058 1083 usus

100 1106 187 1135 etiam
211 1111 255 1135 est
281 1106 375 1134 Plaut.
399 1106 552 1144 Amphi,
580 1110 608 1139 1.
638 1109 703 1143 (17.
727 1106 772 1135 ed.
794 1109 861 1143 m.):

636 1148 801 1189 Noctesque
823 1148 939 1189 diesque
962 1147 1080 1179 assiduo
1103 1149 1176 1178 satis
1197 1159 1337 1188 superque
1358 1155 1410 1183 est,

642 1190 706 1228 Quo
720 1190 812 1231 facto
835 1199 886 1221 aut
910 1190 989 1220 dicto
1013 1190 1095 1220 alles!
1118 1202 1207 1230 opus,
1239 1192 1352 1231 quietus
1375 1202 1409 1218 ne
1431 1190 1479 1220 sis.

99 1233 190 1263 Dae.
219 1233 416 1271 (Adverbium
440 1238 484 1261 est
506 1231 650 1268 assiduo).
691 1232 749 1271 Qui
769 1242 885 1272 sumptu
905 1234 1035 1273 propr-io.
1077 1234 1154 1269 Quia
1178 1244 1264 1263 nemo
1289 1233 1345 1261 uisi
1368 1232 1502 1271 locuples
1524 1230 1595 1260 huic
1618 1227 1750 1267 sumptui
1772 1236 1826 1265 par
1849 1235 1909 1253 esse
1931 1228 2059 1263 poterat.

100 1276 210 1305 Verum
233 1281 267 1304 ut
291 1276 383 1304 libere
406 1275 502 1303 dicam
527 1276 607 1314 quod
631 1282 740 1311 senno,
763 1276 899 1306 assiduus
923 1282 950 1304 et
974 1287 1029 1314 pro
1052 1277 1222 1315 locuplete,
1248 1281 1276 1306 et
1299 1286 1355 1315 pro
1380 1285 1413 1304 eo
1437 1275 1488 1313 qui
1511 1272 1634 1312 proprio
1660 1275 1779 1308 sumptu
1803 1268 1924 1303 militat,
1945 1266 1980 1294 ab
2004 1263 2061 1293 cul-

99 1317 222 1347 sitiendo
244 1318 351 1346 dictus.
396 1318 544 1356 Locuples
568 1319 644 1346 enim
668 1318 820 1355 assiduus,
855 1319 936 1357 quod
961 1320 1043 1358 Reip.
1066 1319 1236 1356 adsidebat,
1276 1320 1394 1353 aderat,
1425 1321 1543 1356 praesto
1568 1319 1639 1344 erat.
1683 1313 1766 1342 Alter
1793 1322 1863 1339 vero
1887 1310 1915 1338 in
1940 1318 2060 1337 munere

99 1371 154 1390 suo
177 1361 287 1389 multus
311 1365 389 1396 erat,
420 1361 537 1389 muneri
561 1371 615 1389 suo
638 1361 800 1398 assidebat,
831 1367 912 1390 totus
936 1362 1132 1393 incumbebat.
1158 1367 1213 1392 cet.
1259 1362 1331 1390 Cum
1356 1361 1442 1390 Festo
1466 1365 1564 1388 tamen
1588 1359 1709 1393 Cicero,
1740 1354 1956 1390 Quintilianus,
1989 1350 2060 1379 Gel-

99 1404 174 1440 lius,
199 1403 252 1433 sed.
275 1405 325 1442 qui
349 1404 466 1443 saepius
490 1403 638 1432 manifesti
662 1405 772 1433 erroris
794 1404 826 1433 iu
850 1405 954 1443 etymis
978 1405 1123 1433 ducendis
1146 1404 1421 1444 deprehenduntur,
1443 1402 1531 1431 Dae.
1556 1398 1708 1434 Assiduus
1729 1398 1864 1437 vulgata,
1888 1400 1917 1424 et
1940 1393 2060 1433 quidem

100 1447 227 1484 rectius3
268 1456 336 1475 nam
359 1447 395 1475 ab
419 1457 482 1476 asse
505 1447 620 1484 dando,
656 1446 807 1484 assiduus,
843 1447 978 1476 Charisio
1002 1448 1051 1476 lib.
1066 1450 1094 1478 2.
1118 1449 1192 1477 Gell.
1207 1450 1255 1480 26.
1280 1449 1367 1478 c.20.
1418 1444 1522 1475 Goth.

263 1488 480 1519 Andruare·
528 1490 550 1518 Α
574 1490 688 1519 Graeco
720 1487 866 1530 ἅναδρᾶν.
913 1490 993 1527 Quid
1021 1491 1104 1519 istud
1127 1492 1164 1520 sit
1186 1490 1272 1519 verbi
1293 1489 1411 1526 nescio,
1446 1487 1553 1525 magis,
1584 1485 1656 1524 quid
1677 1484 1740 1513 eius
1763 1483 1855 1512 vicem
1879 1478 2060 1512 substituam,

101 1541 162 1559 non
185 1530 288 1560 habeo.
331 1533 397 1560 Non
421 1537 494 1571 puto
518 1533 665 1561 Graecum
689 1533 814 1561 verbum
838 1533 886 1562 hic
908 1534 1086 1569 desiderari,
1125 1534 1175 1562 sed
1198 1534 1246 1562 hic
1269 1533 1427 1568 accidisse,
1465 1530 1544 1568 quod
1573 1529 1644 1556 alias
1674 1536 1763 1565 supra
1792 1523 1992 1558 ostendimus,
2025 1525 2061 1549 ut

101 1573 207 1602 Festus
230 1574 342 1602 nullam
366 1575 545 1604 mentionem
562 1575 669 1604 Graeci
692 1576 774 1604 verbi
796 1576 917 1613 fecerit,
941 1577 992 1605 sed
1016 1575 1116 1614 potius
1139 1577 1179 1607 ita
1202 1575 1369 1614 scripserit:
1394 1571 1540 1603 andr-nare
1563 1578 1604 1600 est
1626 1580 1784 1605 recurrere,
1807 1578 1825 1597 a
1847 1564 1932 1595 verbo
1955 1571 2060 1611 tritone,

102 1615 134 1644 id
156 1623 196 1644 est
218 1627 346 1655 movere5
381 1617 450 1646 hinc
475 1617 558 1646 Trua
580 1624 696 1647 vocata.
740 1618 850 1647 Tamen
873 1620 898 1648 si
921 1615 1103 1658 ἀναδραμεῖν
1126 1629 1320 1658 reponamus,
1351 1616 1514 1646 tolerabilis
1537 1614 1593 1643 erit
1614 1612 1717 1648 lectio,
1745 1612 1800 1640 ita:
1830 1606 2006 1642 Andrum-e,
2029 1603 2062 1653 1.,τῖ

102 1665 143 1686 est
166 1669 325 1695 recurrere,
362 1670 381 1687 a
406 1658 520 1688 Graeco
548 1659 634 1689 verl70
664 1657 925 1701 ἀναδραμεῖν,
963 1660 996 1690 id
1017 1669 1059 1691 est
1081 1661 1149 1692 inde
1170 1663 1273 1691 venire.
1317 1660 1423 1689 Nescio
1453 1657 1525 1697 quid
1548 1656 1602 1685 sibi
1625 1654 1757 1684 voluerit
1780 1656 1884 1683 auctor
1908 1647 2060 1682 Glossani,

103 1699 156 1738 qui
179 1700 345 1737 5‘01‘593‘31‘5t=
375 1701 553 1739 Andruare,
584 1699 774 1742 ἅδρίζεσθαις
804 1704 864 1734 nisi
886 1704 1006 1743 putavit
1028 1705 1185 1734 Andrum-e
1207 1700 1287 1741 παρὰ
1312 1701 1366 1741 τὴν
1389 1699 1530 1738 ἀνδρείαν
1553 1699 1679 1729 dictum·
1707 1693 1808 1725 Scal-
1847 1692 1922 1724 Vide
1944 1689 2061 1720 ''edam-

102 1750 207 1772 truare.
230 1742 316 1773 Dae.
355 1743 532 1781 Andrum-e,
564 1743 598 1774 id
620 1753 661 1775 est
684 1758 833 1776 recurrere.
880 1747 992 1777 Glossis
1016 1745 1222 1787 ἀνδρίζεσθαι,
1256 1746 1326 1775 hinc
1350 1745 1512 1780 Antroare,
1543 1742 1620 1770 infra
1643 1740 1673 1768 iu
1695 1738 1862 1772 Αηίιυανε,
1893 1740 1922 1764 et
1944 1733 2062 1770 Redon-

103 1784 212 1832 druare
235 1795 286 1813 seu
308 1785 523 1817 Rectam-aare.
557 1787 643 1816 Adde
661 1789 835 1819 Varronem.
871 1790 936 1818 Alio
960 1791 1126 1827 significatu
1148 1791 1295 1819 Antruare
1316 1787 1445 1818 Glossis:
1483 1787 1635 1820 σπιλεῦσε,
1673 1792 1729 1820 pro
1754 1780 1939 1819 σπηλεῦσᾱι,
1979 1774 2060 1814 quod

103 1827 221 1856 videtur
251 1832 376 1858 tractum
401 1840 416 1857 a
441 1830 556 1858 Graeco
588 1829 753 1869 σπήλαιον,
793 1838 918 1863 antrum.
964 1834 998 1862 A
1021 1832 1107 1862 verbo
1137 1830 1320 1870 ἅναδρᾶν.
1354 1842 1371 1858 a
1393 1829 1484 1859 verbo
1514 1825 1708 1864 ἀναδραμεῖν.
1753 1823 1807 1852 Vel
1836 1822 1891 1854 ila:
1929 1831 1944 1848 ³
1966 1816 2058 1846 Verbo

102 1877 214 1907 truare,
238 1870 269 1898 id
293 1876 336 1900 est
357 1882 486 1901 movere.
513 1872 609 1903 Drua.
640 1875 727 1903 Truu.
764 1875 839 1904 Vide
862 1877 939 1905 infra
962 1876 1114 1904 Anti-care
1136 1881 1164 1904 et
1191 1876 1286 1909 Truo,
1314 1883 1389 1911 quae
1413 1871 1509 1900 onmia
1532 1869 1629 1898 Nonio
1653 1877 1714 1896 non
1737 1877 1753 1894 a
1777 1863 1937 1895 movendo,
1968 1858 2018 1888 Sed
2042 1869 2058 1886 a

102 1912 235 1942 tel'ffldO·
280 1914 361 1949 Quid
384 1915 518 1951 Trullae,
541 1916 675 1954 Trytlae‚
699 1927 750 1946 scu
772 1918 925 1956 Truellae,
957 1919 1069 1947 dictum
1092 1919 1122 1946 in
1145 1919 1206 1955 lege
1221 1916 1309 1947 13.ff.
1333 1915 1370 1945 de
1391 1915 1548 1943 instructo.
1571 1912 1653 1943 t.36.
1669 1910 1698 1938 ff·
1723 1909 1760 1937 de
1783 1917 1864 1944 <iuro-
1911 1900 2038 1949 G⁰²hg

266 1955 417 1986 Antron
429 1969 472 1986 re.
517 1958 714 1988 Glossarium:
747 1961 909 1996 Antrum-e,
938 1964 1110 1998 σπηλεῦσαι.
1152 1961 1196 1989 Ita
1221 1958 1408 1996 corrigimus3
1440 1954 1587 1995 σπήλαιον
1610 1954 1687 1983 enim
1711 1958 1835 1985 animm·
1881 1947 1978 1982 L0¹¹ge
2001 1944 2057 1991 ³¹3³

101 1997 316 2035 significatione
337 2000 455 2038 posuit,
491 2010 524 2029 ac
547 2001 649 2030 Festus
673 2003 745 2041 ipse.
779 2003 879 2033 Scal.
924 2004 999 2032 Vide
1023 2014 1060 2032 an
1081 2003 1157 2031 idem
1181 2003 1235 2038 sit,
1269 2001 1350 2039 quod
1373 2000 1475 2039 paullo
1498 1996 1637 2037 superius
1659 1992 1820 2026 αηᾶνιιανε,
1854 1993 1882 2018 et
1905 1987 1986 2026 quod
2008 1986 2058 2015 11¹ss

102 2047 168 2068 trua
191 2041 324 2078 dicatur,
347 2042 406 2070 illic
430 2041 504 2070 ‹lrua
529 2045 704 2082 appelletur.
728 2045 819 2075 Ant.
844 2046 939 2086 Aug.
964 2046 1164 2074 Glossarium:
1187 2045 1340 2074 Antruare
1362 2044 1507 2073 σπιλεῦσε.
1541 2038 1688 2070 Rescribit
1707 2032 1869 2064 Vulcanius
1891 2033 2055 2063 σπιλεῦσᾱι,

102 2083 235 2122 Scaliger
257 2087 427 2123 σπηλεῦσαι.
466 2085 596 2124 Uterque
618 2097 689 2116 sane
712 2089 795 2117 nullo
818 2099 913 2119 sensu.
953 2089 1026 2117 Nam
1051 2091 1204 2118 σπιλεῦσαι
1228 2091 1272 2115 est
1296 2085 1514 2121 contaminare,
1542 2082 1677 2117 inficere,
1701 2076 1781 2117 quod
1804 2074 1897 2106 verbo
1920 2078 2058 2122 antruar}¹

102 2135 255 2164 nunquam
286 2130 444 2157 convenire
474 2130 585 2165 possit,
624 2135 653 2158 at
676 2134 842 2168 σπηλεῦσαι
865 2131 900 2159 ab
922 2130 1070 2166 σπήλαιον
1098 2136 1215 2159 antrum
1245 2129 1376 2157 inaudita
1399 2138 1477 2164 vox,
1513 2130 1542 2154 et
1565 2134 1640 2163 quae
1663 2129 1815 2158 nunquam
1838 2117 1943 2146 referri
1966 2115 2003 2144 ad
2024 2127 2057 2146 το

101 2176 255 2214 nutricare,
292 2181 385 2208 neque
415 2169 490 2198 enim
514 2178 652 2200 antruore
673 2173 708 2200 ab
731 2181 826 2202 antro.
870 2174 944 2211 Lege
968 2173 1058 2210 igitur
1079 2181 1216 2201 antruare
1239 2174 1383 2206 σπεῦσαι,
1418 2171 1437 2201 i.
1461 2179 1486 2198 θ·
1511 2169 1602 2202 eiiam
1621 2162 1719 2205 gradu
1731 2161 1823 2204 ferri·
1862 2160 1951 2209 *Nunc
1975 2157 2056 2206 q.u⁰d

101 2214 142 2238 alt
163 2219 314 2249 antroare,
343 2213 458 2252 gratias
480 2212 585 2253 referre
600 2236 608 2251 ‚
622 2215 654 2242 id
677 2215 749 2243 mihi
772 2216 896 2244 dubium
921 2220 964 2244 est
987 2216 1092 2253 aioque
1114 2215 1316 2244 redamtruare
1338 2213 1439 2252 potius
1462 2222 1517 2251 pro
1541 2209 1648 2248 gratias
1670 2206 1783 2237 referre
1804 2208 1934 2243 posttum
1956 2202 2055 2233 sfflsse,

100 2262 169 2280 nam
191 2262 329 2283 antrunre
354 2260 396 2283 est
420 2260 516 2284 motus
541 2256 645 2294 edere,
669 2256 867 2287 reclamtruare
889 2258 1005 2287 eosdem
1029 2262 1126 2287 motus
1150 2258 1275 2287 invicem
1299 2258 1430 2293 referre,
1455 2254 1533 2283 unde
1554 2262 1615 2281 non
1638 2251 1795 2279 invenusta
1812 2244 1984 2284 metaphora
2000 2251 2054 2283 p1'0

100 2296 209 2332 gratias
232 2298 342 2326 rescire
365 2298 424 2326 dici
447 2298 546 2337 potuit
569 2298 776 2329 reclamrruare.
809 2300 888 2330 nihil
911 2301 992 2329 aliud
1016 2301 1112 2329 video.
1137 2300 1227 2331 Dae.
1257 2299 1419 2330 Antrum-e.
1451 2297 1535 2326 Adde
1557 2304 1647 2334 supra
1657 2290 1820 2322 Andruare
1842 2293 1870 2317 et
1892 2286 1968 2320 iufra
1992 2281 2053 2314 red-

101 2345 238 2367 antruare
265 2338 370 2369 Goth..
397 2341 521 2370 Truant.
545 2341 614 2369 vide
636 2342 665 2370 in
692 2343 780 2371 Truo.
828 2342 933 2372 Goth.
980 2344 1060 2371 lluae
1083 2348 1152 2371 sunt
1176 2344 1205 2371 in
1228 2352 1361 2371 sermone
1378 2339 1528 2369 Sanscrito
1551 2346 1660 2366 vocum
1684 2334 1810 2367 radices,
1835 2339 1909 2369 quae
1932 2327 1990 2357 huc
2012 2325 2052 2351 fa-

102 2389 167 2410 cere
193 2381 332 2412 videntur
355 2382 410 2411 dru
433 2393 542 2420 curro,
564 2384 663 2422 fugio,
698 2390 726 2414 et
749 2384 824 2415 dhru
846 2386 922 2416 fixus
946 2396 1082 2420 moveor,
1107 2390 1232 2415 stantem
1253 2395 1284 2414 se
1307 2393 1436 2414 movere.
1482 2383 1525 2411 lta
1548 2380 1627 2410 enim
1651 2378 1846 2415 interpretor,
1870 2368 1949 2408 quod
1972 2364 2050 2404 ⁴'³l‘ud
