2263 2668
243 196 318 231 314
670 189 1013 225 COMMENTARII
1038 188 1087 222 IN
1112 188 1256 223 PAULI
1281 189 1480 224 DIACONI
1504 191 1759 226 EXCERPTA

242 299 280 319 ex
303 297 353 317 ore
375 283 586 325 applandatur,
619 282 649 310 id
674 287 733 320 est,
770 283 911 321 plausus,
941 282 1085 321 strepitus
1108 282 1276 321 crepitusve
1300 283 1581 323 quantuluscunque
1603 284 1682 313 inter
1704 284 1914 324 expellendum
1936 286 2050 316 edatur.
2083 287 2187 318 Voss.

241 333 277 360 in
301 330 410 370 Etym.
451 326 568 355 Erravit
591 335 657 353 cum
681 325 766 353 Festo
790 325 838 353 vir
860 325 1061 354 doctissimus.
1104 325 1177 354 Nam
1201 325 1355 354 descendit
1377 326 1555 355 vocabulum
1578 337 1594 355 a
1616 327 1716 356 radice
1736 326 1888 367 plu‚flu,
1914 339 1929 356 a
1954 339 2011 367 qua
2034 331 2113 369 apud
2130 331 2188 359 Ro-

239 383 342 402 manos
365 372 449 410 plura
472 368 560 396 verba
584 368 711 396 deducta
733 367 937 406 reperiuntur,
965 373 998 396 ut
1018 366 1109 408 pluit,
1131 366 1349 409 pluvia,fluo,
1364 369 1496 410 flumen,
1513 370 1644 410 fluvius,
1659 369 1787 410 fluidus.
1825 370 2018 400 Consentiunt
2039 374 2094 401 ista
2119 383 2188 402 cum

239 415 385 444 Sanscrita
407 411 506 440 radice
526 408 596 450 plu,
630 420 705 449 quae
728 410 871 448 significat
892 412 1002 450 fluere,
1042 418 1158 447 natare,
1194 410 1372 446 humectare,
1410 412 1490 441 unde
1513 412 1594 449 apud
1618 413 1735 440 Latinos
1760 412 1946 441 descendunt
1965 413 2036 452 pluo
2059 420 2088 443 et
2104 416 2187 456 fluo,

239 467 313 496 quae
334 458 410 484 inter
432 464 462 482 se
484 453 618 492 paullum
640 453 671 481 in
692 453 810 482 diversa
832 453 940 483 abiere.
965 451 1092 492 Aplucla
1115 454 1203 491 igitur
1226 458 1269 482 est
1292 453 1371 491 quod
1395 455 1495 495 afluit,
1520 453 1629 493 defluit.
1654 456 1805 483 Excusum
1829 460 1926 484 autem
1950 461 1994 484 est
2008 456 2131 495 apluda,
2153 461 2188 486 ut

237 498 352 533 merda,
381 494 502 532 menda,
531 494 681 531 merenda,
709 494 853 532 iuranda,
876 495 1009 535 sponda,
1029 495 1157 535 praeda,
1181 500 1208 525 et
1232 496 1298 524 alia.
1341 497 1386 524 Ab
1410 497 1511 526 eadem
1535 497 1635 525 radice
1659 500 1825 536 profectum
1848 508 1908 526 esse
1931 498 2052 527 videtur
2071 498 2186 539 pluma.

399 537 574 568 Aridum.
620 538 757 567 Ridicule
779 539 900 567 Paullus
923 549 989 567 cum
1012 549 1064 567 sua
1085 538 1141 567 hac
1163 538 1345 578 antiphrasi;
1367 538 1469 568 aridus
1492 545 1536 568 est
1559 539 1594 568 ab
1618 551 1702 578 areo,
1734 545 1767 569 ut
1789 539 1910 569 timidus
1930 551 1946 569 a
1962 541 2059 571 timeo.
2093 541 2187 571 Duc.

237 582 311 613 Vide
333 581 462 611 Nonium
485 581 516 609 in
538 579 679 611 Aridum.
727 579 839 610 Goth.

398 624 534 662 Apsus.
578 624 726 662 Adeptus,
754 624 789 651 ab
812 624 936 661 antiquo
959 623 1091 663 apiscor,
1116 624 1195 653 unde
1217 623 1377 664 adipiscor.
1421 625 1488 653 Ter.
1512 624 1615 654 Heaut.
1638 625 1689 662 IV,
1712 628 1739 656 3.
1762 626 1838 663 (15.)
1860 624 1988 654 Deorum
2011 626 2101 654 vitam
2124 627 2188 665 apti

234 677 342 695 sumus.
363 665 455 695 Dae.
487 665 569 695 Sicut
592 667 695 706 apisci.
718 667 815 695 Plaut.
834 667 866 695 in
889 666 967 695 Prol.
987 666 1063 695 Rud.
1084 663 1162 708 (17.)
1201 666 1259 705 Qui
1281 666 1329 696 liic
1346 666 1426 696 litem
1448 668 1542 707 apisci
1564 666 1717 707 postulant
1740 669 1878 708 periurio.
1908 667 2019 697 Idem.
2042 668 2116 697 Vide
2136 668 2188 696 in-

235 709 281 738 fra
304 711 336 738 in
356 709 444 748 Ape.
977 711 979 714 '

397 751 511 781 Area.
556 750 602 778 Ab
624 762 708 787 areo,
732 751 812 790 quod
835 751 873 779 sit
895 749 998 788 arida‚·
1021 751 1124 780 melius
1147 751 1246 780 forsan
1269 763 1283 780 a
1311 753 1425 781 Graeco
1448 749 1549 789 α’λωοὶ,
1572 756 1588 783 λ
1614 753 1692 782 enim
1719 764 1806 792 saepe
1830 757 1964 782 mutatur
1984 753 2016 782 iu
2039 765 2064 791 ρ.
2093 753 2186 782 Βασ.

235 793 331 821 Locus
352 803 478 830 vacuus;
502 794 532 821 in
558 794 621 823 iure
644 795 744 831 Area,
776 795 861 822 locus
884 794 914 821 in
944 794 1016 822 urbe
1046 794 1108 822 sine
1138 795 1280 824 aedilicio.
1312 795 1330 823 l.
1353 797 1424 826 211.
1453 795 1484 834 §-
1512 796 1597 824 locus
1620 796 1649 824 ff.
1671 796 1708 825 de
1729 796 1846 833 signifi3
1875 796 1923 824 vel
1948 796 1999 834 qui
2022 796 2058 825 de
2082 795 2187 835 positis

235 836 356 864 aedibus
378 841 483 864 manet.
508 837 526 864 l.
547 840 598 868 20.
622 836 652 876 §-
673 839 701 867 2,
727 837 756 865 ss‘.
790 837 825 865 de
848 836 946 866 servit.
971 837 1076 866 urban.
1107 837 1126 867 1.
1151 841 1200 869 21.
1225 837 1256 866 ss'.
1286 837 1323 866 de
1350 838 1500 876 pignerat.
1530 839 1550 867 l.
1573 841 1622 870 98.
1653 838 1680 877 ἓ.
1705 841 1732 870 8.
1756 840 1781 867 ff
1809 839 1846 867 de
1870 838 2082 875 solutionibus,
2115 838 2187 866 alias

233 878 317 906 locus
341 879 371 906 in
391 889 476 916 quem
500 879 621 907 collecta
646 880 748 918 pluvia
771 879 933 908 descendit.
957 879 975 909 l.
1000 882 1051 910 20.
1074 878 1104 918 ᾗ
1128 883 1156 912 3.
1181 878 1207 919 ἓ.
1232 883 1259 911 6.
1284 880 1314 908 ΙΓ.
1343 881 1382 908 de
1405 881 1507 910 servit.
1536 881 1603 909 urb.
1646 881 1681 909 Iu
1703 881 1825 910 rusticis
1852 891 1924 910 vero
1953 880 2081 920 praediis
2104 880 2188 909 locus

235 926 279 950 est
302 922 431 949 terendis
455 922 589 959 frugibus
613 932 646 949 ac
672 922 867 959 leguminibus
886 927 980 960 aptus
1004 922 1022 950 l.
1049 923 1095 953 14.
1122 923 1151 950 111
1176 923 1194 950 f.
1218 922 1247 950 ff.
1273 922 1308 951 de
1333 923 1462 953 alimont,
1486 924 1598 961 legatis.
1631 925 1651 952 1.
1678 924 1729 952 ult.
1760 924 1789 965 ς.
1815 927 1844 954 1.
1867 924 1939 953 Cod.
1972 923 2008 953 de
2030 923 2131 952 servit.
2159 926 2188 951 et

235 973 319 1001 aqua.
365 964 476 992 Glossis
500 974 571 992 vero
593 964 660 993 Ara
685 963 777 1002 αὐλή,
809 963 937 1004 προσιά,
965 962 1137 1005 ὕπαιθρον,
1167 962 1253 1001 ἅλως.
1301 963 1409 996 Goth.
1457 965 1550 1004 Quasi
1582 967 1742 996 exaruerit.
1786 966 1859 995 [nde
1889 966 2003 995 Glossis
2032 965 2186 1002 Ariaeum,

234 1011 286 1034 aut
307 1007 409 1045 potius
432 1005 580 1044 Aridum,
604 1004 701 1045 ξηρόν.
746 1006 856 1037 Idem.
1980 1021 1987 1023 *

397 1048 584 1088 Angulus.
630 1050 684 1077 llic
709 1051 852 1087 quaedam
874 1049 997 1078 traiecta
1020 1049 1139 1088 putavit
1162 1049 1354 1079 doctissimus
1377 1050 1517 1086 Vossius,
1550 1052 1601 1089 qui
1624 1051 1713 1090 legit:
1744 1050 1884 1091 Angulus
1907 1062 1925 1079 α
1952 1050 2066 1080 Graeco
2090 1046 2187 1090 οἷγκύ-

233 1092 305 1127 λον,
332 1090 413 1131 quod
436 1091 618 1129 aduncatur,
641 1093 699 1121 sive
720 1092 757 1121 ab
781 1104 813 1122 eo
836 1091 916 1132 quod
939 1100 978 1121 est
1002 1090 1122 1132 ἐγγύς.
1168 1094 1277 1121 Sensus
1302 1099 1363 1128 est,
1396 1094 1537 1131 angulum
1560 1094 1674 1123 factum
1697 1104 1759 1122 esse
1782 1095 1830 1122 vel
1854 1095 1889 1123 ab
1915 1091 2056 1134 ἅγκύλος,
2081 1093 2187 1121 incur-

233 1143 306 1169 vus,
331 1134 399 1172 quia
424 1134 518 1163 omnis
541 1136 665 1172 angulus
689 1135 872 1171 aduncatur,
902 1134 958 1163 hoc
981 1140 1024 1163 est
1048 1135 1240 1171 incurvatur,
1271 1137 1318 1164 vcl
1344 1136 1379 1163 ab
1406 1135 1493 1176 ἐγγύς
1514 1147 1626 1176 prope,
1656 1137 1723 1176 quia
1748 1137 1840 1165 latera
1863 1135 2135 1176 appropinquantia
2158 1139 2188 1163 et

234 1178 443 1204 concurrentia
467 1178 601 1206 efficiunt
625 1179 772 1215 angulum.
817 1178 873 1206 Sed
898 1183 926 1206 et
949 1183 1027 1206 recto,
1052 1178 1144 1215 legas,
1169 1183 1201 1206 ut
1223 1178 1253 1206 in
1276 1179 1371 1207 veteri
1396 1179 1520 1207 Aldina:
1547 1179 1673 1219 angulus
1696 1191 1714 1207 α
1740 1177 1852 1209 Graeco
1875 1177 2069 1219 ἀγκύλον,
2090 1175 2186 1207 velab

233 1229 264 1247 eo
288 1217 368 1259 quod
390 1226 430 1247 est
454 1217 583 1260 ἐγγύς,
605 1232 696 1259 prope
721 1219 801 1260 quotl
823 1219 1000 1249 adducatur.
1045 1220 1133 1250 Dae.
1178 1220 1369 1250 Acluncatur.
1415 1222 1598 1250 Adducatur.
1647 1221 1754 1252 Goth.

397 1260 576 1301 Affines.
624 1264 827 1292 Glossarium:
851 1261 989 1301 Azlfinis,
1013 1261 1139 1302 ὄμβρος,
1162 1261 1234 1302 πρὸς
1257 1264 1353 1303 γένος.
1398 1265 1491 1302 Lege:
1522 1263 1659 1302 Aclfinis,
1690 1261 1837 1304 γαμβρός,
1868 1262 1945 1303 πρός
1967 1263 2060 1304 γένος.
2104 1262 2187 1291 Idem

231 1308 313 1342 post:
337 1302 474 1342 Adfinis,
502 1303 699 1346 (ἷγγιτὲρμων,
729 1306 779 1335 καὶ
802 1305 819 1336 o‘¹
841 1303 902 1335 κατ’
924 1305 1083 1344 ἐπιγαμίαν
1107 1303 1261 1345 συγγενής.
1306 1305 1446 1343 Αιῖβὶηἱε,
1479 1304 1615 1343 α’νεψιός.
1668 1306 1772 1336 Scal.
1825 1305 1861 1335 In
1883 1308 1963 1346 agris
1992 1306 2097 1340 vicini,
2134 1304 2187 1343 qui

232 1346 361 1374 confines
385 1357 470 1384 agros
493 1349 656 1386 possident.
708 1349 781 1377 Item
812 1347 939 1388 adfines,
976 1348 1032 1376 viri
1056 1352 1085 1376 et
1108 1348 1210 1376 uxoris
1234 1349 1367 1385 cognati,
1407 1350 1488 1387 quod
1512 1349 1587 1377 duae
1621 1349 1826 1386 cognationeS‚
1861 1360 1935 1388 quae
1959 1349 2034 1377 duae
2057 1348 2135 1377 inter
2156 1356 2187 1375 se

232 1393 315 1424 sunt,
339 1399 392 1426 per
415 1391 533 1428 nuptias
557 1392 754 1430 copulantur,
778 1396 806 1420 et
829 1392 919 1419 altera
942 1390 979 1418 ad
1002 1391 1123 1419 alterius
1147 1391 1332 1429 cognationis
1355 1391 1442 1420 tinem
1466 1392 1589 1421 accedit.
1640 1392 1730 1420 Dac.
1773 1390 1901 1427 Adfines
1928 1392 1959 1419 in
1982 1391 2062 1430 agris
2083 1389 2186 1419 vicini.

232 1431 272 1460 Ea
299 1431 513 1469 significatione
536 1434 662 1462 sumitur
684 1434 715 1461 111
739 1434 760 1463 l.
783 1437 832 1466 12.
855 1434 883 1463 ss'.
915 1433 1013 1461 finium
1045 1434 1256 1470 regundorum.
1303 1431 1408 1462 Goth.
1456 1433 1719 1473 Consanguinitaie
1747 1435 1904 1463 coniuncti.
1948 1433 1985 1462 V.
2009 1434 2027 1462 l.
2051 1433 2078 1464 4-
2103 1431 2185 1472 §.3-

232 1473 258 1512 ξ.
279 1473 308 1504 4·
340 1472 368 1513 §.
393 1475 421 1505 5.
452 1475 480 1505 ss'.
507 1476 543 1504 de
565 1476 717 1514 gradibus.
740 1477 758 1504 l.
784 1479 833 1508 17.
859 1476 930 1505 eod.
954 1476 989 1504 de
1012 1476 1138 1514 Nuptiis.
1170 1475 1200 1514 ᾗ.
1224 1480 1253 1507 (5.
1276 1477 1346 1504 Inst.
1376 1476 1413 1504 de
1436 1477 1528 1516 Nupt.
1573 1475 1685 1507 Idem.

394 1516 590 1547 Anclare.
636 1520 668 1547 111
692 1529 777 1547 versu
803 1519 877 1546 Livii
909 1519 1083 1556 legendum:
1119 1517 1235 1546 Florem
1264 1517 1457 1548 anculabant.
1508 1520 1581 1557 Lege
1613 1519 1645 1547 111
1678 1519 1846 1547 Glossario:
1883 1516 2019 1551 ΑηοΖαί,
2052 1513 2184 1555 (iuuetur,

233 1569 291 1586 non
321 1557 445 1590 ancleat.
501 1561 699 1589 Glossarium:
738 1560 923 1598 Andium,
959 1560 1128 1600 ὕπ11ρέτ11ς,·
1162 1561 1240 1598 lege:
1275 1560 1434 1590 Anclaior.
1475 1561 1580 1591 Scal.
1623 1562 1653 1589 Si
1685 1572 1755 1590 vera
1785 1565 1861 1590 esset
1890 1561 2037 1598 scriptura
2066 1557 2186 1588 anelare

232 1600 363 1637 haurire,
388 1612 540 1640 nunquam
566 1614 624 1632 non
648 1614 715 1631 cum
739 1603 874 1636 anelare,
899 1603 1084 1640 ministrare,
1109 1603 1354 1632 confunderetur.
1401 1604 1499 1639 Quare
1523 1609 1637 1632 certum
1661 1608 1718 1640 est,
1756 1614 1811 1642 pro
1834 1603 1956 1631 haurire
1980 1600 2094 1630 anilare
2122 1600 2187 1629 ubi-

234 1653 288 1680 que
311 1645 500 1673 scribendum
526 1656 586 1675 csse
614 1657 669 1685 per
692 1654 717 1683 t,
750 1657 766 1673 a
791 1646 905 1674 Graeco
930 1642 1062 1683 ἀντλεῖν,
1097 1650 1129 1673 ut
1152 1646 1355 1683 distinguatur
1378 1646 1413 1673 ab
1437 1645 1574 1683 anelare,
1611 1647 1693 1684 quod
1716 1646 1751 1674 ab
1775 1645 1922 1675 anculare.
1966 1645 2077 1673 Versus
2099 1643 2186 1672 etiam

233 1686 307 1715 Livii
331 1687 371 1715 sic
393 1687 552 1725 legendus:

853 1728 1027 1769 Floremque
1048 1728 1206 1758 undabant
1228 1728 1312 1759 liberi
1334 1741 1374 1759 ex
1397 1729 1564 1759 carchesiis.

235 1768 331 1808 Neque
350 1772 427 1800 enini
451 1773 596 1802 assentior
618 1773 767 1811 Scaligcro
790 1772 914 1810 legenti:
938 1771 1051 1800 Florem
1079 1770 1269 1801 anculaliant.
1316 1773 1373 1801 Sed
1394 1774 1554 1811 occupavit
1576 1773 1766 1802 doctissimus
1787 1773 1910 1802 Vossius
1933 1772 1963 1801 in
1981 1769 2183 1809 Etymologico

235 1821 287 1839 suo
314 1824 462 1851 nunquam
480 1816 550 1844 satis
566 1816 695 1844 laudato.
721 1815 810 1844 Dae.
832 1813 970 1843 Anilare.
1003 1815 1075 1843 Vide
1093 1815 1122 1842 in
1140 1814 1320 1844 Exanclare.
1351 1815 1388 1843 Et
1402 1816 1531 1844 Nonium
1545 1816 1575 1844 in
1586 1815 1768 1844 Exanclare.
1795 1814 1981 1844 Anclabant.
2010 1812 2184 1849 Antlabant,

238 1853 285 1880 alii
307 1855 495 1888 anculabant.
545 1857 651 1890 Gotlz,
696 1857 811 1886 Florem
837 1856 937 1890 liberi.
961 1857 981 1886 i.
1006 1868 1028 1885 c.
1053 1858 1172 1892 vinum,
1197 1858 1278 1895 quod
1294 1857 1382 1886 Liber
1398 1858 1549 1894 Bacchus,
1575 1859 1650 1886 Deus
1679 1859 1741 1886 vini
1768 1858 1937 1895 gentilibus.
1981 1855 2093 1886 Idem.
2137 1855 2182 1885 Cf.

239 1894 375 1926 Priscian.
392 1899 440 1929 lib.
453 1901 499 1937 vt,
518 1904 547 1936 3,
572 1903 739 1939 17.1›.23O.
751 1901 803 1929 Kr.
822 1900 871 1927 ubi
891 1899 1015 1928 Codices
1035 1910 1134 1928 omnes
1151 1899 1292 1929 exhibent
1306 1899 1499 1937 anelabaiur,
1522 1902 1621 1929 littera
1637 1912 1654 1930 c
1669 1901 1825 1939 scriptum.
1855 1901 1919 1928 Nou
1936 1899 2013 1928 enim
2031 1898 2184 1928 descendit

241 1936 275 1963 ab
292 1935 393 1973 ἄντλος
414 1947 440 1969 et
461 1941 576 1972 ἀντλεῖν
590 1965 598 1978 ,
623 1944 675 1971 sed
695 1943 730 1971 ab
748 1943 868 1980 antiqua
886 1952 961 1970 voce
978 1941 1100 1977 (incula,
1126 1943 1277 1979 ministra,
1305 1943 1385 1971 unde
1401 1942 1512 1972 ancilla
1529 1943 1691 1972 descendit.
1735 1944 1778 1971 Cf.
1795 1942 1913 1971 Festum
1925 1943 1955 1970 in
1969 1940 2128 1978 Ancillae,
2154 1946 2183 1970 et

241 1978 356 2007 Glossas
373 1981 402 2008 in
420 1983 574 2013 Arxclaior.
607 1986 776 2014 certissime
792 1990 819 2013 et
837 1985 1071 2013 manifestissime
1088 1984 1146 2013 hoc
1161 1991 1283 2024 apparet
1298 1996 1335 2013 ex
1351 1995 1440 2014 versu
1455 1986 1540 2021 Livii,
1557 1997 1642 2025 quem
1661 1985 1789 2014 servavit
1805 1985 1972 2014 Priscianus
1988 1984 2008 2012 l.
2023 1994 2048 2013 c,
2079 1982 2182 2013 Carnis

238 2021 398 2060 vinumque,
410 2025 487 2061 quod
503 2026 644 2063 libabant,
659 2027 845 2063 anclahamr‚
863 2028 900 2055 ad
918 2038 1003 2066 quein
1022 2028 1119 2056 locum
1134 2029 1170 2057 cs.
1184 2028 1335 2064 Krelxlius,
1351 2028 1400 2066 qui
1416 2033 1496 2057 recte
1512 2028 1677 2067 disputavit
1691 2028 1729 2057 dc
1746 2028 1827 2056 vocis
1841 2028 1964 2066 origine.
1994 2027 2095 2065 Neque
2107 2036 2181 2065 pos-

239 2071 339 2090 sunius
353 2065 489 2094 accedere
505 2068 623 2105 Vossio‚
648 2071 698 2108 qui
717 2070 747 2098 in
760 2071 857 2107 Etym.
873 2070 928 2098 sub
944 2080 972 2098 v.
990 2069 1168 2107 Exantlarc,
1194 2070 1252 2099 duo
1268 2071 1385 2099 diversa
1401 2072 1505 2099 statuit
1524 2082 1587 2100 esse
1602 2071 1710 2108 verba,
1733 2069 1861 2107 anelare,
1881 2070 2057 2105 ministrare,
2074 2073 2102 2098 et
2115 2075 2180 2096 ant-

239 2103 315 2139 Ζανε,
339 2106 417 2134 unde
440 2109 606 2147 exantlare,
634 2113 652 2139 i.
680 2123 703 2141 e.
726 2112 863 2149 haurire,
893 2112 1060 2141 exhaurire.
1113 2113 1187 2141 Nam
1211 2114 1265 2142 etsi
1294 2112 1377 2141 haud
1407 2114 1590 2151 negaverim,
1628 2114 1687 2142 dici
1710 2113 1866 2142 commode
1895 2123 1983 2152 posse
2012 2111 2180 2149 dixisseque

238 2147 374 2176 Latinos:
397 2146 511 2178 labores
532 2152 701 2192 exhaurire,-
724 2160 822 2184 tamen
845 2155 910 2193 quis
933 2156 1008 2184 ferat
1030 2155 1104 2184 hoc:
1138 2155 1198 2184 Cic.
1222 2156 1287 2185 Div.
1309 2156 1360 2185 lib.
1382 2155 1425 2191 II,
1448 2159 1498 2188 30.

772 2199 826 2225 Tot
849 2208 903 2226 nos
929 2197 970 2226 acl
1001 2198 1121 2226 Troiam
1146 2197 1216 2227 belli
1237 2197 1458 2228 exantlahimus
1478 2209 1581 2233 annos,

240 2229 394 2260 exhaurire
414 2243 522 2268 0111108,-
546 2239 574 2262 et
596 2234 653 2264 hoc
676 2238 733 2268 Cic.
756 2239 876 2268 Tuscul.
899 2240 1002 2279 Dispp.
1025 2240 1076 2269 lib.
1098 2240 1140 2276 Il,
1166 2242 1194 2271 9.

771 2281 853 2318 Quae
875 2293 997 2322 corpore
1015 2281 1170 2311 mandavi
1191 2289 1277 2323 atque
1299 2283 1397 2312 animo
1421 2282 1540 2321 pertuli,

240 2323 360 2361 ⁰⁰²P⁰rf³
382 2315 538 2345 exhaurire
559 2317 664 2348 mala?
686 2320 793 2350 Contra
815 2324 901 2361 longe
928 2330 970 2353 est
992 2325 1193 2363 probabilius,
1216 2324 1376 2354 exanclare
1399 2325 1435 2353 ab
1459 2324 1594 2364 anelare,
1617 2326 1798 2361 ministrare,
1824 2333 2010 2353 communem
2031 2321 2177 2352 tolerandi

241 2359 269 2383 et
290 2357 421 2404 patiendi
444 2359 592 2388 notionem
617 2362 780 2400 accepisse,
815 2370 848 2393 ut
875 2365 1038 2395 emandare
1060 2373 1136 2396 esset
1159 2368 1290 2406 perpeti,
1327 2367 1365 2396 ad
1389 2367 1476 2397 finem
1500 2369 1645 2406 tolerare5
1681 2369 1712 2397 in
1737 2378 1824 2406 quam
1851 2377 1914 2395 rem
1942 2365 2110 2404 appositum
2133 2369 2177 2393 est

239 2396 386 2427 schohum
409 2401 489 2438 apud
511 2402 694 2431 Priscianuni
719 2404 736 2432 l.
760 2415 784 2434 c.
809 2416 823 2433 e
847 2407 917 2435 Cod.
940 2409 1012 2436 Max.
1036 2420 1051 2437 a
1077 2409 1199 2438 Krehlio
1223 2415 1390 2440 enotatum:
1418 2410 1624 2451 perficiebatur
1645 2411 1812 2451 quantitas,
1841 2407 2059 2449 perficiebatur,
2083 2417 2175 2446 quun-

240 2446 300 2468 1um
323 2439 452 2472 dandum
479 2452 556 2478 erat.
593 2445 735 2482 dabatur,
768 2446 847 2486 quod
871 2448 1009 2486 poscebat
1037 2462 1151 2480 sacrum
1181 2451 1244 2483 lzoc.
1295 2453 1443 2482 Nimirum
1472 2453 1523 2492 qui
1552 2453 1734 2490 ministrant,
1765 2451 1924 2491 perficiunt
1945 2459 2022 2484 rem;
2053 2458 2129 2488 quac
2151 2450 2175 2478 si
