2263 2668
182 78 255 112 198
764 68 993 104 EUTYCHII
1029 67 1343 104 GRAMMATICI
1404 70 1491 103 LlB.
1520 70 1561 102 11.

185 169 267 219 gis¹
294 181 417 205 nomen
447 168 628 202 deductum
655 164 752 209 faga
784 163 867 196 facit
905 173 945 195 ex
971 163 1106 196 nomine
1131 164 1270 197 verbum
1292 161 1411 207 fugo,
1443 162 1587 208 fagas;
1619 172 1689 206 quo
1716 162 1820 195 modo
1844 174 1864 196 a
1886 164 1990 197 verbo
2021 165 2130 211 iunge

185 218 331 268 ἱιιηὲἵίε2
355 232 476 254 nomen
503 220 643 263 iugum,
670 220 702 248 et
729 215 772 247 ab
793 214 862 248 hoc
888 215 1026 247 verbum
1052 215 1156 259 iugo,
1184 215 1313 259 iugas5
1336 219 1369 246 et
1399 215 1507 255 molo,
1534 214 1635 248 molis
1650 210 1672 255 ³,
1699 213 1788 246 unde
1815 225 1936 248 nomen
1958 216 2070 258 mola,
2098 221 2131 249 et

186 277 228 309 ab
257 285 297 307 eo
321 274 459 307 verbum
483 269 641 307 immolo,
668 266 848 310 immola83
874 266 958 300 sicut
983 266 1089 299 sedeo
1113 267 1251 299 verbum
1282 265 1467 305 secundae‚
1495 271 1528 298 et
1544 263 1567 306 ⁴,
1593 265 1686 309 quod
1710 265 1858 298 eiusdem
1879 271 1926 299 est
1958 267 2131 312 composi-

185 333 256 360 tum
277 322 516 370 coniugationis
532 317 554 362 ⁵,
581 318 728 359 insideo,
754 317 844 350 unde
868 328 990 350 nomen
1014 317 1180 359 insidiae,
1208 328 1247 350 ex
1274 327 1342 359 quo
1370 316 1461 349 aliud
1487 318 1628 351 verbum
1649 317 1813 357 insidior,
1840 317 2036 360 insidiaris,
2061 323 2131 352 tra—

187 378 318 412 ducitur
331 374 354 409 ⁶,
405 375 457 407 Ex
479 371 659 417 praeterito
686 369 840 414 perfecto
867 380 944 411 sue,
973 369 1066 412 quod
1097 374 1146 401 est
1180 369 1214 401 in
1250 368 1418 411 primitivo
1444 368 1566 409 sedeo,
1598 368 1692 409 sedi,
1725 368 1851 403 factum
1878 369 2071 413 expulsione
2100 381 2131 413 e,

187 442 273 474 quae
297 432 365 461 erat
395 430 469 457 ante
498 434 535 464 o,
561 421 794 466 productaque
811 421 1014 465 penultima,
1046 420 1127 453 facit
1155 420 1296 452 verbum
1318 419 1447 463 primae
1481 420 1739 464 coniugationis,
1765 420 1866 461 sedo,
1893 420 2016 463 sedas,
2043 432 2130 464 quo-

187 481 290 515 modo
317 480 350 511 in
371 474 588 510 circumflexis
614 473 706 517 apud
733 472 883 506 Graecos
907 472 1114 516 Syracusano
1143 482 1235 504 more
1260 482 1360 515 saepe
1382 470 1475 504 verbi
1494 472 1613 516 positio
1630 471 1796 505 derivatur
1815 472 1857 504 ab
1881 471 2014 505 alterius
2038 472 2132 506 verbi

188 530 365 577 praeterito
388 527 559 572 perfecto,
591 530 627 558 ut
652 524 766 562 ποιῶ,
800 523 991 570 πεποίηκα,
1019 519 1218 568 πεποιήκως
1244 522 1332 560 νοῶ,
1368 519 1538 569 νενόηκα,
1572 519 1745 570 νενοήκως
1772 523 1865 567 quod
1892 528 2003 567 potest
2030 523 2131 557 etiam

189 597 208 617 a
229 580 407 628 praeterito
430 578 602 623 perfecto,
628 572 749 619 quod⁷
772 580 820 609 est
839 575 933 617 secli,
961 585 1082 607 nomen
1109 574 1225 607 fecisse
1253 572 1340 607 haec
1370 573 1488 615 sedes,
1523 573 1642 606 eadem
1671 575 1762 607 verbi
1791 575 2001 619 longitudine
2031 575 2151 608 etiam·

189 637 221 668 in
246 633 378 667 nomine
397 635 532 664 servata.
584 627 633 661 Ut
656 628 698 660 ab
729 638 769 660 eo
794 627 888 670 quod
913 631 960 659 est
989 636 1130 670 rumpo,
1158 625 1256 670 rupi,
1289 635 1414 669 rupes;
1439 629 1571 666 sterno,
1606 626 1734 667 stravi,
1759 630 1924 672 strage53
1949 626 1994 659 sic
2019 638 2038 658 a
2067 637 2131 659 no-

190 687 278 720 mine
309 683 411 717 sedes
437 675 647 714 derivatum⁸
669 679 818 724 generali
846 679 962 722 regula
991 678 1179 719 nominum,
1220 677 1291 709 iure
1320 676 1448 720 primae
1477 676 1703 721 coniugationi
1733 677 1826 710 dedit
1853 689 1887 710 se
1912 677 2092 711 verborum
2108 673 2131 711 ⁹.

190 741 221 772 A
243 736 376 770 nomine
399 744 533 777 quoque
556 730 696 775 plurali,
723 730 815 773 quod
840 735 886 762 est
917 729 981 762 hae
1003 729 1143 768 sordes,
1176 728 1320 767 sordeo,
1353 728 1492 767 sordes,
1527 728 1692 761 secundae
1722 729 1966 774 coniugationis
1990 729 2130 762 verbum

191 789 383 825 deductum,
412 796 489 818 cum
514 783 646 816 fecisset
668 793 707 815 ex
732 793 767 814 se
790 792 910 814 nomen
934 780 1059 813 mobile
1082 780 1263 820 sordidus,
1291 779 1333 812 ab
1361 790 1401 811 eo
1425 780 1564 812 verbum
1587 779 1737 812 derivans
1757 781 1919 822 sordido,
1944 780 2031 821 das,
2057 791 2132 813 me-

190 842 253 874 rito
277 839 403 884 primae
425 835 519 868 dedit
548 834 633 867 illud
656 834 834 866 verborum
860 831 1095 876 coniugationi.
1148 831 1200 864 De
1217 831 1448 874 monosyllabo
1476 836 1585 864 autem
1596 827 1620 847 ¹⁰
1643 831 1763 874 verbo,
1798 832 1890 875 quod
1916 836 1963 865 est
1991 832 2131 876 primae,

190 898 323 937 praeter
349 888 502 932 regulam
532 885 789 930 coniugafionis,
817 885 880 922 doq
915 883 998 923 das,
1026 883 1107 925 dat,
1143 888 1176 915 et
1202 882 1494 926 compositionibus
1534 882 1601 916 eius
1628 882 1866 916 rationabiliter
1894 894 1960 915 non
1988 894 2132 928 respon-

190 943 340 977 dentibus
362 939 550 984 primitivo,
576 937 608 970 in
629 936 825 980 supradictis
851 934 983 968 abunde
1013 946 1089 968 reor
1118 945 1187 967 esse
1210 938 1425 967 monstratum
1440 930 1472 966 ¹¹.

275 1061 306 1098 1)
343 1060 526 1096 Iszcupas5
548 1058 660 1095 facit
683 1054 840 1093 eodemque
866 1053 954 1082 modo
989 1064 1009 1081 (ι
1037 1054 1136 1091 fugio

186 1106 276 1143 fugis
293 1104 356 1141 sit
387 1112 500 1131 nomen.
524 1100 634 1129 Codex.
656 1098 744 1127 Facit
765 1098 908 1126 omittunt
931 1098 1010 1126 Cam.
1038 1097 1068 1127 P.
1087 1095 1137 1124 Fit

182 1139 288 1176 'autem
312 1145 400 1174 etiam
425 1143 622 1172 omittendum
648 1151 723 1178 esse,
752 1151 798 1170 res
828 1140 891 1179 ipsa
922 1140 1024 1174 docet,
1047 1139 1137 1177 idque

192 1190 257 1219 seci.
279 1205 321 1211 —-
344 1186 373 1227 Β)
397 1187 473 1225 lugo
496 1187 580 1225 iugis
603 1184 741 1212 mendose
758 1182 828 1210 Cod.
859 1199 901 1205 —
923 1181 951 1221 3)
975 1182 1055 1210 :Uolo
1071 1193 1135 1209 mo-

194 1234 242 1260 lis
268 1231 309 1259 ita
330 1235 410 1258 recle
437 1228 507 1257 cod.
533 1228 610 1256 molo
630 1227 740 1254 molas
761 1226 839 1255 Cain.
861 1225 891 1255 P.
915 1241 957 1247 -
979 1230 1006 1257 4)
1031 1224 1067 1253 El
1085 1224 1138 1253 de-

193 1280 235 1304 est
262 1274 290 1302 in
315 1273 385 1300 Cod.
401 1272 452 1300 sed
468 1271 673 1299 necessarium.
698 1286 733 1291 —
759 1267 787 1307 5)
819 1268 857 1295 st
873 1267 939 1297 add.
959 1268 1037 1295 Cam.
1058 1267 1136 1297 P.—

194 1317 221 1356 6)
245 1318 285 1345 Et
307 1316 383 1344 male
401 1315 598 1353 interponunt
623 1314 703 1340 Cam.
722 1312 754 1341 Ρ.
775 1327 818 1333 -
839 1312 868 1349 7)
899 1311 941 1338 l‘t
964 1316 1002 1337 est
1025 1309 1137 1337 sscien

195 1359 258 1388 sedi
275 1360 305 1389 P.
325 1356 408 1396 quod
426 1362 467 1385 est
489 1356 553 1386 sedi
576 1355 646 1385 Cod.
664 1355 743 1383 Cam.
766 1371 802 1375 ———
825 1352 853 1389 8)
876 1354 1055 1381 Dentatum
1075 1364 1137 1380 tw·-

1180 1054 1249 1082 bum
1277 1053 1306 1082 P.
1342 1054 1422 1082 Cam.
1456 1053 1585 1081 ferham
1608 1052 1690 1081 abest
1725 1062 1740 1080 a
1772 1052 1841 1081 cod.
1871 1069 1910 1074 -
1950 1051 1979 1092 9)
2001 1050 2132 1080 Dedisse

1181 1096 1333 1124 verboram
1370 1095 1504 1132 videtur,
1539 1094 1607 1123 sedo
1638 1094 1735 1122 ⁴seda-5.
1766 1095 1796 1126 Ρ,
1831 1094 1949 1123 dedisse
1975 1095 2132 1123 verborum

1180 1138 1294 1168 omissis
1318 1138 1441 1177 reliquis
1465 1138 1535 1168 cod.
1566 1139 1657 1166 Recte
1687 1138 1765 1165 Cam.
1796 1136 1880 1166 dedit
1905 1148 1935 1165 se
1963 1138 2130 1174 verborum,

1180 1181 1260 1220 quod
1282 1182 1424 1220 expressi.
1453 1197 1495 1203 —
1526 1179 1569 1219 10)
1596 1181 1688 1208 Enim
1720 1180 1800 1209 Cam.
1826 1181 1857 1210 P.
1890 1185 1919 1208 et
1942 1179 2012 1208 Cod.
2038 1190 2053 1208 a
2076 1189 2131 1209 ser.

1181 1235 1219 1253 m.
1238 1229 1337 1251 antem
1362 1223 1432 1252 Cod.
1451 1234 1466 1251 a
1484 1234 1530 1262 pr.
1548 1233 1585 1252 m.
1609 1239 1649 1245 —
1672 1221 1715 1260 11)
1742 1222 1835 1251 Addit
1854 1222 1994 1251 librarius
2011 1222 2042 1250 in
2058 1222 2130 1251 cod.

1181 1266 1259 1295 Dav
1285 1268 1446 1305 gratias
1479 1266 1644 1303 explicit
1669 1265 1860 1301 feliciter
1887 1275 1954 1293 ars
1978 1266 2130 1302 eutycii

1179 1311 1450 1348 grammulicz.
1657 1320 1659 1322 ’
