2263 2668
812 185 900 220 LIB.
926 184 970 218 ΙΙ.
1023 183 1166 218 SEGM.
1194 184 1222 217 Ι.
1914 184 1990 220 125

62 282 191 323 malus,
219 281 324 318 mali,·
345 279 513 325 populus,
543 280 687 324 populi;
720 280 907 320 Romulus,
942 278 1106 316 Romuli,-
1139 278 1284 322 exceptis
1310 280 1447 319 neutris,
1482 291 1586 323 quae,
1619 279 1702 313 sicut
1734 279 1994 322 frequentissime

61 333 180 373 docui,
206 333 256 365 ris
282 333 406 366 faciunt
432 331 595 376 genitivo,
622 333 747 373 vellus,
774 332 928 371 velleris,
957 331 1082 363 ratione
1109 335 1300 362 neutrorum
1327 343 1367 363 us
1393 331 1657 370 terminatorum
1684 336 1716 364 et
1742 342 1807 363 uno
1834 332 1993 365 feminino

59 385 109 418 'ris
135 384 275 417 faciente
310 384 473 426 ¹genitim,
501 394 524 414 u
559 388 591 415 et
625 384 657 415 in
691 384 891 417 nominativo
920 387 953 414 et
978 383 1011 414 in
1038 381 1184 426 genitivo
1215 381 1392 425 producta.
1458 383 1493 415 U
1525 379 1644 415 enim²⁰
1677 387 1751 415 ante
1784 383 1993 416 novissimam

59 437 238 480 syllabam,
265 435 444 467 habentem
471 440 723 477 consonantem,
751 434 947 468 continentia
974 434 1213 478 producuntur.
1242 438 1277 465 ut
1303 434 1423 473 tellus,
1453 435 1606 471 telluris;
1639 434 1809 473 iuventus,
1836 435 1993 467 iuventu-

590 486 705 528 Anas,
732 487 832 519 (tuuis
859 492 889 519 et
916 497 993 524 sus,
1020 481 1140 521 suisffl.
1168 485 1245 516 ideo
1272 485 1508 528 corripiuntur,
1541 486 1696 528 quoniam
1723 485 1897 518 novissima
1924 487 1992 530 syl-

59 488 122 525 tis;
148 490 319 527 seneclus,
345 486 536 520 senectutis.

596 538 699 571 Ilaec
726 539 819 571 colas
845 536 1011 571 secundae
1038 541 1085 568 est
1112 535 1351 577 declinationis,
1386 536 1411 568 li
1437 536 1559 571 faciens
1584 537 1751 582 genitivo,
1787 537 1889 570 huius
1915 538 1990 570 coli.

58 539 137 571 laba
160 539 227 571 sine
254 542 453 570 consonante
480 542 535 569 est.

57 591 143 623 Nam
168 589 342 633 Virgilius:

287 655 352 690 Cui
378 656 532 688 tolerare
559 657 633 689 colo
659 653 827 694 vitam²²‚·

55 708 111 751 qui
137 707 263 740 dativus
291 719 310 740 a
335 708 481 752 genitivo
509 708 521 740 i
553 708 726 741 terminato
753 709 858 742 venit:
892 711 925 740 et
957 711 1095 750 quartae
1122 706 1368 747 declinationis,
1402 718 1441 740 us
1467 708 1641 740 terminans
1673 707 1874 753 genitivum,
1908 707 1990 741 sicut

55 759 176 793 Statius
202 759 398 793 Thebaidos
424 759 508 791 libro
535 760 601 792 111:

730 818 938 864 Nigraeque
966 828 1125 852 sororum

276 869 449 903 Iuravere
476 866 622 907 colas²³;

53 922 110 966 qui
135 922 352 955 nominativus
378 922 515 965 pluralis
543 934 562 953 a
591 921 738 965 genitivo
764 921 922 966 singulari
948 933 989 955 us
1013 921 1187 954 terminato
1215 920 1401 954 deducitur.

215 989 275 1023 46.
328 989 413 1023 Illas
438 990 591 1022 Latinum
619 985 752 1021 unum²⁴
787 989 1054 1033 monosyllabum
1081 990 1216 1034 repperi
1242 990 1358 1023 tertiae
1385 989 1630 1030 declinationis,
1663 988 1713 1021 ris
1743 987 1866 1022 faciens
1891 987 1986 1032 geni-

52 1041 138 1082 tivo,
164 1052 259 1084 mas,
284 1042 403 1075 nutris.
456 1042 615 1085 Virgilius
641 1042 863 1074 accusativum
890 1042 1072 1085 pluralem:

280 1093 385 1126 Solve
410 1089 570 1125 mares-²³.

52 1144 184 1178 Graeca
212 1143 438 1177 indifferenter
465 1140 770 1184 declinabuntur²⁰,
804 1148 837 1176 et
862 1144 990 1188 primae
1017 1142 1264 1182 declinationis,
1298 1154 1343 1176 ae
1369 1143 1587 1187 diphthongo
1622 1142 1794 1175 terminato
1828 1140 1987 1185 genitivo,

51 1200 83 1228 et
107 1197 221 1228 tertiae
248 1192 322 1228 tis²⁷
348 1195 522 1228 terminato
550 1195 712 1240 genitivo,
740 1195 888 1237 Elimas,
914 1196 1067 1235 lilimae,
1094 1194 1149 1227 vel
1174 1193 1376 1239 ΆΙίιηηηΙίρς,ι
1409 1195 1524 1238 Gyas,
1557 1194 1674 1237 Gyae,
1703 1194 1755 1226 vel
1790 1188 1988 1236 Gytttitis²⁸,·

48 1247 244 1287 Athamas,
271 1246 468 1288 Athamae,
502 1247 557 1279 vel
582 1246 830 1288 Athamantis,
865 1247 898 1279 in
924 1247 1126 1280 nominativo
1154 1246 1222 1278 sine
1248 1257 1269 1277 n
1295 1247 1419 1288 littera,
1453 1247 1485 1278 in
1512 1246 1648 1279 caeteris
1675 1245 1801 1278 casibus
1828 1255 1904 1276 cum
1932 1254 1987 1282 ea;

47 1298 93 1332 sic
118 1299 228 1331 Pallas
254 1298 422 1330 Pallantis.
476 1299 562 1331 Nam
589 1298 733 1339 mimas,
760 1299 793 1330 in
820 1310 898 1332 mas
924 1305 1073 1339 acutum,
1102 1298 1157 1330 dis
1184 1297 1263 1330 facit
1289 1299 1458 1342 genitivo,
1485 1298 1621 1337 mimas,
1647 1296 1830 1332 mimadis‚·
1857 1299 1889 1327 et
1914 1306 1987 1327 me-

46 1349 108 1382 lius
131 1354 291 1393 pereunte
317 1346 365 1382 s²⁹
392 1350 500 1382 littera
526 1350 569 1382 de
600 1350 812 1392 nominativo,
838 1351 875 1382 fit
901 1363 1022 1383 nomen
1038 1351 1192 1382 Latinum
1220 1349 1346 1393 primae
1374 1349 1609 1389 declinationis,
1640 1359 1683 1380 ae
1709 1347 1888 1392 genitivum
1918 1351 1987 1378 ter—

839 1401 920 1436 ]lIes
949 1407 1114 1446 correpta,
1141 1401 1266 1434 faciunt
1291 1402 1437 1446 genitivo
1464 1401 1517 1439 lis.
1545 1401 1653 1439 limes,
1681 1403 1829 1435 lrames;
1856 1396 1984 1443 [1468]

1285 1453 1417 1486 Graeca
1451 1464 1582 1496 semper
1614 1451 1845 1495 producuntur
1871 1453 1904 1482 et
1930 1453 1987 1482 aut

1522 1503 1713 1536 Terentius:

45 1401 187 1443 minans,
214 1400 301 1434 haec
326 1397 485 1445 mima³⁰‚
513 1401 614 1434 huius
647 1402 786 1434 mimae.

46 1452 180 1493 limitis,
215 1453 377 1485 tramitis.
433 1453 622 1494 Producta,
658 1464 791 1497 semper
823 1454 905 1493 mis,
928 1454 1071 1500 james,
1104 1452 1223 1497 famis.

45 1504 111 1538 mis
134 1504 259 1538 saclunt
284 1503 430 1548 genitivo
458 1509 515 1537 aut
540 1506 601 1546 tis,
628 1504 685 1539 hic
716 1502 933 1546 Clu-emes³¹‚
965 1505 1142 1543 Clu-emis,
1172 1500 1237 1537 et3²
1267 1504 1469 1539 Chremetis.

267 1565 392 1599 Etiam
416 1566 500 1599 inde
525 1567 646 1601 abiens
663 1578 819 1613 puerum
844 1567 987 1601 conveni
1017 1563 1228 1607 Cl11·emis³³,·

46 1620 96 1650 et:

268 1684 377 1718 Iubeo
407 1686 627 1720 Chremetem
635 1682 670 1719 ³¹.

43 1734 166 1770 Omnia
189 1735 291 1781 igitur
317 1737 431 1771 tertiae
458 1744 531 1771 sunt
553 1739 800 1780 declinationis,
834 1736 992 1781 quoniam
1018 1737 1048 1770 is
1074 1736 1199 1770 faciunt
1230 1734 1387 1779 genitivo.
1444 1734 1490 1766 Et
1515 1734 1624 1767 inveni
1653 1732 1798 1777 genitivo
1829 1730 1982 1771 Chremi,

44 1851 87 1891 16)
104 1853 221 1883 Sallust.
240 1855 323 1883 Catil.
339 1857 368 1887 3.
382 1867 512 1895 prooem.
527 1872 568 1879 —
613 1854 659 1896 17)
679 1855 850 1884 Communia
867 1863 932 1883 sunt
950 1871 990 1875 —
1033 1854 1072 1882 ita
1090 1852 1195 1881 videri.
1214 1868 1253 1873 —
1298 1851 1345 1889 99)
1364 1851 1445 1888 Virg.
1469 1850 1540 1880 Aen.
1562 1851 1638 1885 VIII,
1658 1851 1729 1882 409.
1754 1866 1796 1871 —
1838 1849 1886 1887 23)
1911 1850 1981 1876 sta-

39 1894 192 1935 fucientia.
231 1897 272 1925 Ita
288 1903 368 1926 recte
387 1900 457 1927 Cod.
472 1900 562 1927 Abest
582 1907 648 1926 sunt
665 1900 700 1927 A.
716 1899 746 1926 P.
791 1897 911 1926 Faciem
935 1908 990 1925 ex-
1032 1898 1091 1924 tius
1112 1895 1202 1923 Theb.
1218 1895 1267 1930 Ill,
1286 1894 1356 1926 241.
1373 1904 1432 1931 seq.
1451 1909 1491 1914 -
1534 1895 1581 1929 24)
1602 1893 1696 1921 Unum
1715 1892 1813 1920 addidi
1830 1902 1844 1919 e
1864 1891 1931 1919 cod.
1953 1895 1981 1919 et

41 1937 144 1966 hibent
159 1938 191 1965 A.
205 1938 236 1967 P.
267 1941 411 1969 Nimirum
425 1942 537 1969 suntin
555 1941 625 1969 cod.
642 1941 817 1979 compendio
836 1940 988 1977 scriptum,
1033 1939 1098 1967 Asc.
1122 1952 1156 1959 —-
1201 1936 1248 1977 25)
1271 1937 1348 1973 Virg.
1368 1937 1474 1973 Georg.
1495 1936 1543 1969 Ill,
1564 1937 1613 1968 64.
1639 1951 1680 1956 —·
1722 1935 1768 1973 26)
1788 1932 1981 1963 Dee-linantur

41 1980 81 2008 ita
107 1985 141 2007 ut
167 1981 269 2009 oculos
300 1993 391 2021 paene
419 1984 530 2021 fugiat,
563 1984 642 2012 unde
669 1989 733 2011 orta
765 1982 926 2020 corruptio.
948 1997 988 2002 —-
1032 1982 1063 2009 P.
1089 1981 1154 2008 Asc.
1180 1996 1221 2000 ——
1269 1981 1320 2012 27)
1345 1978 1399 2006 Dis
1427 1979 1551 2007 fortasse
1578 1988 1735 2017 operarum
1761 1987 1862 2005 errore
1882 1977 1912 2006 P.
1939 1991 1979 1997 -

42 2026 87 2060 18)
103 2021 140 2050 El
157 2031 315 2061 correptum
333 2037 437 2062 unum,
461 2025 542 2065 apud
557 2026 713 2055 Lucanum
728 2024 842 2053 lectum.
887 2024 928 2050 lla
945 2023 988 2050 di-

40 2064 143 2094 stinxi.
188 2064 220 2091 In
237 2066 303 2093 Asc.
321 2067 402 2095 deest
418 2068 580 2096 distinctio.
624 2069 654 2096 P.
673 2078 787 2095 comma
806 2065 905 2104 posuit
920 2069 987 2092 ante

39 2118 68 2137 v.
84 2118 181 2135 unum.
204 2107 338 2137 Fortasse
352 2114 449 2138 tamen
464 2110 671 2139 scribendum:
693 2117 718 2137 et
738 2115 874 2146 correpta
889 2118 986 2135 unum.

39 2151 149 2179 Lucan·
165 2148 264 2178 Phar&
278 2150 329 2186 III‚
347 2154 417 2183 227.
433 2169 476 2174 --
518 2152 562 2191 19)
583 2153 701 2181 Sallust.
722 2152 782 2179 Cat.
803 2151 849 2181 15.
865 2149 914 2176 fin.
933 2150 984 2178 Vc.

38 2193 127 2230 igitur
145 2191 225 2230 apud
243 2192 273 2220 P.
295 2193 331 2220 ad
350 2194 479 2225 Gramm.
497 2195 588 2223 verba
606 2194 742 2222 trahitur.
761 2208 803 2214 —-
845 2189 891 2230 20)
908 2190 985 2220 Pro—

39 2234 129 2262 ducla
152 2234 183 2261 in
206 2234 277 2263 Cod.
300 2245 389 2273 supra
412 2247 466 2266 scr.
517 2237 591 2265 Tum
614 2239 647 2265 υἱ
670 2242 753 2270 ante,
777 2233 856 2272 quod
880 2233 983 2272 putavi

36 2277 192 2315 legendum
207 2286 282 2305 esse:
310 2277 336 2305 U
352 2279 464 2317 enim,·
482 2280 539 2308 tale
554 2279 626 2318 quid
643 2278 747 2305 saltem
762 2276 981 2315 requisituru—

388 2341 396 2355 ι
442 2340 477 2354 lna

35 2360 82 2402 21)
102 2361 214 2390 Turbat
236 2361 306 2389 Cod.
330 2372 403 2390 anus
432 2335 537 2391 lanum.
562 2373 587 2390 ts
611 2361 672 2401 (sic
695 2361 802 2390 lineola
824 2361 979 2399 traducta)

35 2415 84 2433 sus
104 2405 163 2432 suis
178 2403 242 2431 ideo
261 2408 315 2433 cet.
342 2404 429 2432 Anus
450 2406 535 2433 anuis
549 2415 597 2432 sus
614 2404 672 2432 suis
689 2402 753 2433 idco
769 2405 835 2432 Asc.
845 2405 875 2434 P.
905 2404 980 2432 Tra-

36 2445 158 2475 ductum
172 2446 248 2474 illud
262 2457 317 2485 pro
336 2446 511 2485 compendio
528 2456 557 2475 v.
574 2454 600 2475 et
615 2445 719 2484 habui,
742 2451 859 2486 poterat
876 2447 980 2476 saltem

1031 2025 1075 2055 23)
1096 2021 1170 2051 (ἶνας
1188 2020 1263 2050 Grae
1278 2020 1324 2050 vel
1339 2020 1460 2049 Gramis
1482 2021 1549 2049 Asc.
1567 2022 1596 2050 P.
1613 2031 1650 2048 ex
1667 2031 1727 2048 non
1742 2020 1891 2048 intellecta
1907 2018 1977 2046 scri-

1029 2070 1115 2104 ptura
1132 2064 1219 2100 cod„
1242 2063 1293 2092 ubi
1310 2075 1333 2102 y
1356 2063 1400 2091 sic
1424 2068 1577 2092 exaratum
1602 2068 1659 2091 est:
1688 2065 1725 2099 Ύ,
1749 2067 1784 2090 ut
1803 2063 1863 2090 sere
1882 2061 1977 2089 simile

1029 2108 1068 2136 sit
1087 2108 1199 2135 Graeco
1220 2106 1329 2134 initiali
1352 2108 1384 2135 Y.
1402 2123 1445 2128 —
1488 2106 1536 2144 29)
1555 2105 1579 2134 S
1599 2105 1783 2134 desideratur
1805 2105 1837 2132 in
1859 2104 1926 2132 Asc.
1949 2107 1977 2131 et

1027 2151 1057 2179 P.
1092 2150 1226 2178 Ceterum
1243 2150 1309 2177 Asc.
1332 2155 1493 2188 praeeunte.
1532 2149 1565 2177 In
1584 2159 1670 2188 supp.
1693 2149 1818 2176 sortasse
1840 2147 1973 2175 scriben-

1027 2193 1115 2221 dum:
1146 2191 1196 2221 sed
1218 2190 1319 2220 melius
1338 2199 1472 2230 pereunte
1492 2196 1547 2220 cet.
1570 2207 1611 2212 ——-
1659 2190 1706 2229 30)
1731 2189 1794 2218 Hic
1815 2189 1928 2218 Zlfflimas
1945 2188 1974 2215 P.

1026 2234 1115 2263 haec
1137 2234 1252 2264 Mimas
1270 2234 1334 2261 Asc.
1380 2234 1437 2262 Sed
1452 2240 1531 2262 recle
1548 2233 1634 2262 Cod.:
1660 2232 1750 2261 haec
1771 2232 1869 2260 mima
1891 2229 1974 2258 huius

1024 2278 1134 2306 mimae.
1150 2293 1191 2298 —
1233 2275 1278 2315 31)
1302 2276 1346 2304 Ut
1367 2274 1497 2305 Chremes
1517 2277 1584 2306 Asc.
1604 2277 1632 2306 P.
1662 2275 1725 2304 hic
1755 2273 1820 2303 Chr.
1839 2272 1908 2300 Cod.
1932 2286 1972 2293 —-

1023 2320 1070 2358 32)
1086 2318 1158 2348 Vel
1181 2319 1246 2347 Chr.
1262 2321 1327 2349 Asc.
1345 2319 1375 2347 P.
1391 2325 1423 2346 ei
1442 2317 1507 2348 Chr.
1524 2319 1594 2347 cod.
1609 2334 1650 2339 ——
1680 2316 1726 2358 33)
1747 2317 1863 2344 Terent.
1878 2314 1969 2342 Andr.

1023 2362 1060 2399 ll,
1077 2366 1105 2397 2,
1123 2364 1173 2394 31.
1190 2362 1238 2390 ubi
1265 2362 1406 2400 conspexi
1422 2361 1458 2390 de
1479 2372 1533 2390 suo
1556 2360 1758 2399 reponendum
1777 2357 1860 2386 iussit
1874 2355 1966 2383 Benll.

1022 2404 1133 2433 Eodem
1154 2405 1219 2432 loco
1240 2403 1353 2433 Clu-emi
1373 2404 1522 2432 Donatum
1542 2404 1660 2441 legisse,
1684 2412 1720 2429 ex
1745 2400 1806 2429 cius
1828 2398 1968 2427 observa-

1021 2447 1101 2476 tione
1119 2451 1252 2487 npparet.
1269 2463 1305 2469 --
1329 2444 1377 2486 34)
1394 2446 1510 2478 Terent.
1526 2446 1618 2475 Andr.
1632 2444 1682 2481 ΠΙ,
1697 2445 1726 2480 3,
1744 2445 1770 2474 1-
1783 2455 1824 2463 -
