2263 2668
524 132 588 166 DE
614 129 1001 167 SIGNIFICATIONE
1028 129 1312 166 VERBORUM.
1371 134 1517 168 LIBER
1541 136 1601 171 IX.
1961 143 2038 177 465

257 223 517 264 Intercapedo.
563 225 652 261 Quod
680 226 757 254 inter
779 224 837 253 duo
866 222 1007 262 temporis
1029 222 1122 261 spatia
1144 223 1342 263 intercipitur.
1388 226 1499 256 Gloss.:
1536 228 1726 269 Intercapedo
1749 228 1895 270 διάστημα
1915 231 2037 273 χρόνον.

93 268 182 297 Dac.
226 265 433 306 Intercapedo‚
456 266 621 306 διάστημα,
645 266 798 305 διάστησις
820 263 942 306 χρόνον.
990 263 1094 294 Goth.

256 309 488 338 Instaurari.
534 311 577 338 Ab
601 311 695 339 instar
719 314 761 338 est
783 311 959 344 instaurare,
990 307 1074 345 quasi
1097 308 1189 336 instar
1211 319 1326 340 novare.
1366 311 1460 340 Varro
1485 313 1579 353 (apud
1602 314 1731 345 Macrob.
1756 315 1859 352 sat.I‚
1881 315 1936 356 9.).
1977 318 2037 348 Alii

94 363 111 381 a
134 350 267 392 σταυρόω
291 352 391 390 palum
416 352 519 390 defigo.
563 352 732 381 Instaurare
755 357 852 380 autem
882 352 1001 390 proprie
1030 355 1087 385 est,
1123 360 1199 387 quae
1224 356 1274 379 aut
1297 353 1325 380 vi
1350 354 1465 383 deiecta
1487 361 1571 393 sunt,
1607 361 1659 385 aut
1681 362 1828 387 vetustate
1850 366 2038 398 corruerunt,

93 405 254 431 renovare,
286 399 313 422 et
335 394 404 423 inde
427 395 596 423 traducitur
619 395 655 423 ad
679 396 734 423 alia
757 394 873 430 omnia,
903 402 976 431 quae
998 392 1180 420 innovantur
1203 398 1231 421 et
1252 394 1444 432 integrantur.
1489 398 1578 427 Dac.

258 435 421 468 Insulae.
465 438 588 476 Proprie
613 438 718 466 domus
742 437 777 465 ab
801 437 864 464 aliis
889 440 1050 474 separatae.
1083 435 1195 464 Cicero.
1219 437 1337 465 Sueton.
1361 444 1417 467 etc.
1452 440 1617 480 improprie
1640 445 1738 469 autem
1763 442 1912 480 quaelibet
1934 444 2038 473 domus

95 480 150 508 etsi
172 489 238 507 cum
261 479 326 506 aliis
349 479 524 508 coniunctae
548 481 633 507 etiam
658 480 770 508 insulae
793 478 992 513 vocabantur,
1029 482 1057 505 et
1078 477 1134 505 hoc
1156 478 1302 508 intellexit
1324 480 1443 517 Festus,
1482 493 1550 511 cum
1578 483 1654 512 dixit
1677 484 1804 522 proprie.
1828 484 1914 514 Dac.
1959 487 2037 516 Fre-

95 532 187 560 quens
211 521 335 550 verbum
359 523 388 549 in
410 532 487 555 lure,
511 522 590 560 quod
616 522 689 560 quid
707 523 744 550 sit
768 522 834 549 vide
856 522 886 549 in
908 521 927 550 l.
941 523 969 551 3.
995 521 1017 557 §.
1032 523 1061 551 2.
1075 520 1104 549 ff.
1129 520 1164 548 de
1187 520 1285 549 officio
1307 524 1449 560 praesect.
1472 526 1555 562 vigil.
1578 525 1704 557 1.58.ff.
1731 526 1825 563 legati.
1848 528 1867 555 l.
1883 530 1933 559 91.
1948 529 1977 557 ff·
2001 529 2037 558 de

94 564 180 602 legat.
196 567 225 594 3.
265 563 337 592 Inde
358 565 516 593 insularius
539 564 559 593 l.
575 567 622 596 16.
647 566 669 602 §.
687 568 712 595 1.
731 564 760 592 ff.
782 564 818 592 de
843 574 906 591 usu.
927 563 945 592 l.
958 563 987 594 5.
1012 562 1123 599 §.1.ss'.
1148 563 1183 591 de
1207 563 1336 592 Institor.
1361 566 1467 595 action.
1493 566 1599 597 Goth.
1639 566 1809 607 Cinguntur.
1849 570 2037 609 Coniungun-

95 611 155 635 tur.
181 604 288 636 Idem.
333 605 451 635 Insulae
472 607 652 635 vocabulum
675 607 710 635 ab
735 607 835 635 eadem
858 606 957 635 radice
980 604 1148 640 descendit,
1180 610 1267 643 atque
1290 605 1404 644 Exsul,
1430 607 1552 647 Consul,
1575 609 1822 639 Nov-en-siles.
1859 612 1924 641 Erit
1947 614 2037 652 igitur

95 647 192 677 insula
216 649 335 686 proprie
358 649 442 677 Iocus
464 649 704 685 inhabitationis,
729 649 778 677 ubi
801 648 932 677 homines
955 648 1099 676 incolunt.
1130 647 1210 675 Nihil
1233 648 1325 678 aliud.
1359 650 1464 679 Postea
1486 653 1567 680 notio
1591 652 1729 682 vocabuli
1751 653 1864 682 variata
1888 660 1941 685 est.
1979 656 2037 684 Alii

96 690 222 719 insulam
246 690 353 719 dictam
376 692 535 720 voluerunt
561 693 590 720 in
613 690 676 720 salo
699 692 857 727 iacentem,
891 691 963 720 hfe.
988 690 1016 718 in
1041 689 1137 718 medio
1163 691 1250 726 mari,
1282 691 1310 719 in
1334 691 1484 723 fluctibus
1523 696 1611 730 Quod
1636 705 1696 724 non
1721 700 1764 724 est
1788 697 1955 726 verisimile.
1991 699 2034 727 Cf.

96 733 181 763 voss.
205 734 303 771 Etym.
325 744 346 762 s.
367 744 393 762 v.
416 744 479 772 pag.
493 737 565 766 268.

260 775 438 815 Instigat.
484 777 585 815 virgil.
609 776 694 815 (Aen.
713 776 770 812 X1,
794 775 895 813 720.):

792 817 950 858 Variisque
970 818 1092 856 instigat
1114 816 1234 846 vocibus
1256 817 1329 847 alas.

97 860 181 889 Dac.
204 860 337 900 Simplex
359 861 482 900 stigare,
507 861 587 899 quod
610 860 641 888 in
665 870 720 889 usu
743 871 802 889 non
827 866 886 896 est,
909 860 989 888 haud
1012 860 1099 888 dubie
1123 861 1264 888 convenit
1287 871 1354 889 cuni
1379 862 1493 890 Graeco
1518 864 1637 898 στίζειν,
1661 863 1739 892 unde
1763 865 1884 904 στίγμα,
1908 864 2034 907 στιγμάς,

96 901 239 933 stimulus.
284 904 315 931 In
339 913 396 931 usu
419 909 461 932 est
483 905 608 942 stinguo.

260 944 500 974 Insimulare.
545 949 702 976 Accusare.
734 946 843 975 Gloss.:
868 943 1042 973 Insimulare
1063 948 1249 984 κατηγορεῖν.
1281 946 1378 975 Plaut.
1404 946 1552 975 Menaech.
1576 946 1629 985 (V,
1653 949 1688 983 2,
1713 947 1789 986 55.):

585 987 673 1017 Male
685 987 785 1029 facit,
808 989 832 1016 si
853 988 928 1016 istuc
940 986 1045 1027 facit:
1075 988 1100 1015 si
1122 998 1179 1015 non
1194 986 1295 1028 facit,
1319 995 1348 1016 iu
1371 988 1548 1030 malefacis

590 1029 670 1068 Quae
692 1031 834 1059 insontem
857 1028 1016 1059 insimulas.

97 1071 184 1101 Dac.

259 1114 465 1143 Insuasum.
509 1114 583 1143 Vide
607 1113 741 1143 Suasum.
765 1114 852 1144 Ant.
875 1115 969 1153 Aug.
1016 1115 1214 1144 Glossarium:
1253 1115 1424 1152 Insuasum,
1455 1114 1534 1150 εἶδος
1557 1117 1902 1154 δοκαριοκαπνισμένων.
1948 1118 2035 1155 Lege:

98 1155 192 1193 Εἶδος
214 1159 359 1194 ὁοκαρίου
381 1158 625 1195 κεκαπνισμένου.
670 1158 707 1185 Et
729 1168 798 1186 sane
821 1157 880 1185 hoc
901 1157 967 1185 vult
990 1157 1110 1193 Festus,
1143 1167 1204 1185 esse
1227 1159 1358 1186 colorem
1381 1159 1506 1187 similem
1528 1159 1587 1195 illi,
1619 1159 1669 1196 qui
1694 1163 1737 1187 est
1760 1159 1789 1186 in
1813 1159 1870 1187 illis
1893 1159 2036 1197 trabibus,

97 1210 170 1238 quas
191 1199 323 1228 diutinus
345 1200 443 1228 sumus
465 1200 577 1228 infecit.
601 1198 704 1228 scal.
747 1200 842 1228 Plaut.
864 1201 952 1229 Truc.
970 1200 1014 1236 11,
1038 1203 1067 1232 2.
1092 1201 1182 1237 (16.):

630 1240 708 1279 Quia
731 1241 784 1270 tihi
805 1243 923 1270 insuaso
945 1241 1074 1281 infecisti
1093 1240 1274 1281 propudiosa
1296 1241 1452 1281 pallulam.

98 1286 193 1322 Quem
215 1284 315 1312 locum
336 1283 413 1312 infra
436 1284 538 1312 Festus
561 1283 712 1312 adducens
736 1284 806 1321 legit
826 1294 922 1312 suaso.
960 1284 1048 1312 Illum
1072 1284 1139 1313 vide
1162 1285 1191 1312 in
1216 1284 1351 1314 Suasum.
1390 1285 1463 1313 Mihi
1486 1286 1577 1323 magis
1601 1286 1696 1324 placet
1718 1286 1844 1315 insuam.
1885 1285 1916 1313 ln
1940 1286 2036 1315 Gloss.

96 1329 177 1365 lego:
201 1325 360 1363 Δοκαρίων
382 1325 643 1363 κεκαπνισμένων,
671 1327 737 1363 vel,
760 1331 795 1354 ut
815 1326 954 1363 Scaliger.
980 1326 1067 1355 Dac.
1109 1327 1164 1355 Alii
1188 1329 1288 1365 legunt
1309 1327 1487 1358 Insuorsum.
1513 1326 1618 1356 Goth.
1652 1326 1793 1357 Colorem.
1828 1328 1855 1355 Is
1878 1329 1961 1357 color
1983 1329 2038 1357 im-

95 1370 247 1410 pluviatus
269 1379 285 1396 a
309 1368 404 1396 Nonio
428 1369 506 1407 (pag.
518 1370 590 1400 548.
612 1368 714 1406 Mero.)
738 1369 907 1407 appellatur
930 1379 994 1407 cap.
1009 1371 1058 1400 16.
1079 1367 1191 1400 Idem.
1231 1369 1281 1399 Ex
1302 1369 1422 1410 fumoso
1444 1369 1608 1399 stillicidio.
1638 1371 1761 1398 Fumato
1786 1370 1952 1407 stillicidio,
1975 1371 2039 1400 No-

95 1414 153 1443 nio.
176 1411 283 1440 Idem.
330 1410 476 1439 Videntur
504 1421 588 1439 vocc.
612 1422 730 1439 suasum
754 1416 782 1440 et
805 1412 954 1439 insuasum
980 1411 1161 1440 derivandae
1183 1423 1246 1441 esse
1269 1423 1283 1440 a
1308 1413 1457 1441 Sanscrita
1479 1413 1580 1441 radice
1602 1424 1686 1454 ovas,
1711 1422 1784 1451 quae
1806 1413 1949 1450 significat
1971 1414 2038 1452 spi-

96 1467 175 1492 rare,
202 1452 317 1490 halare,
346 1458 380 1482 ut
400 1464 518 1482 suasum
542 1454 582 1482 sit
605 1454 690 1491 quasi
713 1454 861 1490 afflatum,
891 1454 1068 1492 aspiratum,
1096 1455 1204 1493 spiritu
1228 1455 1355 1493 quodam
1380 1455 1558 1491 obductum,
1587 1454 1787 1493 angehaucht3
1813 1460 1876 1484 tum
1899 1455 2038 1495 infuma-

96 1506 171 1534 tum,
198 1495 421 1534 angeriiuchert.

258 1538 429 1567 Insitum.
473 1537 517 1566 Ab
540 1537 697 1566 inserendo
720 1538 861 1572 alterum,
893 1537 969 1565 unde
992 1538 1023 1566 in
1045 1539 1190 1576 glossario
1214 1539 1374 1577 exponitur
1396 1539 1547 1577 ἕμφυτον,·
1581 1540 1706 1569 alterum
1729 1541 1765 1569 ab
1788 1541 1817 1569 in
1840 1545 1869 1569 et
1892 1541 1982 1577 situs,
2012 1551 2038 1576 a,

97 1592 161 1617 um,
185 1580 266 1619 quod
287 1591 304 1609 a
324 1581 397 1608 sino.
442 1579 529 1608 Dac.

259 1622 426 1662 Inseque.
470 1621 622 1650 Videndus
643 1621 677 1649 A.
701 1622 815 1650 Gellius
839 1621 887 1650 lib.
900 1621 1007 1651 XVIII.
1032 1632 1096 1660 cap.
1110 1624 1139 1653 9.
1172 1621 1273 1652 Fulv.
1302 1622 1379 1651 Urs.
1426 1623 1625 1652 Glossarium:
1661 1624 1795 1664 Inseque,
1825 1623 1895 1654 εἰπέ.
1939 1624 2039 1653 Livius

98 1665 289 1695 Andronicus
312 1664 397 1692 initio
421 1663 582 1702 Odysseae:
612 1663 733 1702 Inseque
754 1675 835 1692 musa
859 1663 931 1692 mihi
952 1665 1044 1692 virum
1068 1672 1220 1693 versutum.
1247 1663 1346 1693 Scal.
1387 1664 1460 1694 Seco
1483 1667 1529 1693 vel
1552 1677 1655 1705 seque,
1680 1667 1766 1702 dico,
1790 1677 1805 1694 a
1832 1667 1944 1695 Graeco
1968 1666 2039 1697 ἕπω.

98 1709 170 1737 Inde
193 1707 390 1746 compositum
413 1706 519 1736 inseco.
563 1706 607 1734 Ab
638 1706 733 1734 inseco
761 1706 849 1734 etiam
872 1710 947 1734 teste
971 1707 1065 1735 Gellio
1089 1708 1259 1735 inseciiones
1282 1717 1432 1735 sermones
1455 1708 1545 1744 dicti,
1584 1712 1615 1735 ut
1638 1718 1653 1735 a
1675 1720 1739 1737 seco
1762 1709 1909 1739 sectiones.
1956 1709 2039 1745 Quae

98 1761 159 1779 vox
179 1750 257 1778 infra
280 1749 359 1787 apud
383 1749 498 1777 Festum
522 1747 721 1783 restituenda,
750 1748 801 1776 ubi
824 1749 1002 1777 secessiones.
1050 1750 1083 1777 Et
1104 1748 1180 1777 hanc
1203 1749 1381 1788 scripturam
1405 1760 1441 1778 ex
1468 1751 1548 1778 Pauli
1572 1750 1745 1786 negligentia
1769 1755 1861 1779 ortam
1887 1751 1955 1780 olim
1979 1752 2039 1780 Me-

98 1793 164 1822 rula
193 1791 273 1830 apud
295 1792 421 1819 Ennium
451 1790 673 1826 animadvertit,
711 1790 761 1828 qui
791 1795 820 1819 et
848 1791 878 1818 in
906 1791 963 1819 fine
992 1802 1046 1829 pro
1078 1791 1158 1820 dixit
1182 1802 1217 1819 ex
1240 1792 1332 1820 veteri
1356 1793 1516 1831 exemplari
1539 1793 1669 1821 restituit
1693 1791 1812 1822 dixerit.
1860 1794 1896 1821 Ut
1918 1793 2039 1835 afacio

96 1835 194 1876 faxo,
217 1834 247 1862 id
270 1838 313 1862 est
326 1833 448 1874 fecero,
470 1834 512 1861 sic
535 1833 570 1861 ab
591 1833 691 1861 inseco
715 1834 834 1868 ins-exo,
864 1833 895 1861 id
918 1838 962 1861 est
984 1832 1098 1863 dixero.
1122 1834 1212 1863 Dae.
1253 1835 1297 1862 Cf.
1323 1835 1403 1862 Voss.
1432 1837 1525 1873 Etym.
1549 1846 1570 1863 s.
1590 1845 1618 1862 v.
1643 1833 1724 1864 Seco.
1767 1835 1850 1863 Ennii
1874 1836 1957 1864 lo'eus
1980 1840 2039 1864 est:

99 1878 195 1906 Insaece
217 1875 310 1905 Musa
331 1887 419 1904 manu
442 1875 644 1904 Romanorum
668 1873 857 1914 induperator
879 1874 967 1914 Quod
988 1877 1108 1916 quisque
1130 1877 1159 1904 in
1183 1875 1258 1905 bello
1280 1878 1367 1915 gessit
1390 1888 1455 1906 cum
1478 1889 1541 1917 rege
1559 1876 1705 1917 Philippo.
1740 1878 1783 1905 Cf.
1804 1878 1918 1906 Gellius
1934 1877 2039 1915 XVIII,

99 1923 129 1952 9.
160 1920 201 1947 De
224 1918 299 1946 Liwii
320 1918 388 1947 loco
411 1918 449 1946 cf.
470 1918 571 1946 Herm.
594 1918 745 1946 Elementa
769 1918 864 1946 doctr.
890 1925 974 1947 metr.
998 1921 1148 1956 pag.618.

263 1960 449 1999 Insignes.
492 1960 616 1997 Insignis
639 1964 697 1993 est,
723 1960 771 1997 qui
795 1961 893 1999 aliquo
915 1960 998 1997 signo
1021 1965 1140 1989 notatus
1163 1967 1222 1996 est,
1247 1966 1274 1989 et
1298 1966 1331 1988 ut
1355 1961 1382 1989 in
1407 1961 1533 1996 bonam,
1556 1961 1600 1988 sic
1623 1966 1651 1989 et
1672 1961 1701 1990 in
1726 1961 1829 1989 malam
1853 1965 1965 1999 partem
1989 1972 2039 1990 su-

99 2004 207 2040 mitur,
234 2002 381 2031 deteriora
404 2003 479 2031 enim
503 2003 593 2040 signis
614 2002 710 2030 notari
733 2003 829 2031 solent
851 2013 943 2040 aeque
967 2014 1000 2031 ac
1023 2003 1160 2039 meliora,
1187 2003 1362 2031 discriminis
1387 2014 1490 2040 causa,
1523 2008 1554 2032 ut
1576 2003 1655 2042 apud
1679 2004 1814 2032 Plautum
1839 2003 1913 2042 (Mil.
1932 2004 1986 2041 lH,
2012 2007 2039 2042 1,

102 2046 184 2085 126.)
208 2045 340 2082 insigniti
363 2045 449 2084 pueri
472 2044 612 2073 dicuntur
637 2045 709 2073 vitm
733 2046 833 2083 aliquo
858 2046 951 2073 notati
975 2050 1003 2073 et
1027 2046 1190 2081 deformes,
1218 2047 1247 2073 in
1271 2046 1329 2073 Mil.
1350 2046 1382 2081 (l.
1403 2049 1456 2083 e.):

617 2088 687 2115 'l'um
711 2099 745 2115 ne
768 2098 847 2116 uxor
869 2087 940 2116 mihi
962 2088 1116 2126 insignitos
1135 2099 1240 2126 pueros
1259 2089 1358 2127 pariat
1380 2096 1490 2126 postea.

99 2130 260 2168 Insignitus
284 2130 370 2157 etium
391 2129 550 2166 aliquando
574 2140 627 2167 pro
649 2139 702 2165 eo,
725 2130 775 2167 qui
798 2130 880 2158 nullo
904 2131 986 2165 signo
1011 2135 1128 2158 notatus
1151 2136 1208 2165 est,
1232 2131 1310 2158 unde
1328 2131 1355 2158 in
1372 2131 1528 2168 glossario:
1549 2130 1740 2169 lnsignitum,
1762 2126 1927 2168 ἀσήμαντα.
1951 2130 2038 2160 Dac.

100 2172 242 2201 Feminae.
270 2172 400 2200 femore.
426 2170 529 2200 Goth,
560 2172 702 2210 Insigniti.
735 2172 807 2200 Vide
830 2172 958 2200 Nonium
983 2172 1144 2211 (pagffio.
1169 2172 1270 2210 Men-c.)
1294 2173 1436 2212 insignire.
1485 2171 1592 2201 Idem.

264 2214 460 2252 Insepium.
505 2215 624 2251 Optime
646 2214 819 2248 Salmasius,
853 2215 904 2252 qui
926 2215 955 2242 in
979 2215 1039 2242 suis
1062 2215 1098 2242 ad
1123 2215 1311 2253 Spartianum
1332 2216 1410 2243 notis
1433 2216 1516 2253 legit:
1553 2213 1677 2243 Ponitur·
1699 2220 1794 2242 tamen
1816 2224 1871 2253 pro
1893 2213 2038 2254 aedifica-

100 2265 170 2285 ium.
216 2256 287 2284 Nam
316 2257 441 2294 inseplus
465 2256 550 2284 etiam
575 2266 629 2294 pro
651 2264 764 2294 semus,
802 2261 834 2284 ut
856 2258 979 2285 insectus
1002 2267 1056 2294 pro
1080 2265 1187 2292 secius,
1226 2258 1373 2286 iniunctus
1396 2268 1450 2295 pro
1472 2258 1604 2293 iunctum
1641 2255 1766 2284 insciens
1788 2266 1845 2294 pro
1868 2257 1959 2284 sciens
1982 2260 2036 2283 etc.

101 2301 213 2327 Seneca
237 2299 273 2326 de
296 2298 395 2326 Renes.
418 2298 497 2327 LIV.
521 2300 558 2334 (c.
574 2300 648 2335 19.):
677 2297 769 2327 Hunc
792 2299 881 2337 igitur
903 2300 1043 2337 insepium
1066 2300 1175 2337 ingenii
1198 2299 1325 2339 quodam
1349 2307 1374 2328 et
1396 2297 1603 2338 inexplicabili
1623 2308 1706 2326 muro
1730 2296 1908 2337 divisumque
1929 2308 1946 2324 a
1968 2306 2036 2324 con-

100 2348 197 2380 spectu
220 2339 397 2369 mortalium.
442 2339 562 2380 Saepire
591 2345 687 2368 autem
717 2345 760 2369 est
782 2341 968 2369 inaedificare
990 2342 1019 2369 in
1043 2342 1105 2378 lege
1128 2342 1264 2370 Manilia:
1302 2342 1379 2370 Neve
1401 2341 1472 2382 quid
1493 2341 1600 2380 sepita,
1635 2341 1791 2380 quominus
1812 2350 1887 2379 aqua
1909 2348 1960 2367 suo
1982 2337 2037 2365 iti-

102 2394 164 2412 nere
186 2383 241 2419 ire,
257 2384 353 2423 fluere
373 2383 475 2421 possit.
522 2383 595 2412 IIinc
618 2383 696 2421 apud
722 2383 880 2421 Vopiscum
904 2384 1016 2422 (Am-el.
1033 2382 1111 2422 22.):
1144 2384 1293 2423 Sepriones
1315 2384 1393 2414 urbis
1416 2394 1470 2423 pro
1494 2383 1595 2412 muris.
1640 2382 1728 2411 Dac.

150 2434 315 2462 GRAMMAT.
335 2444 401 2461 LA'r.
422 2433 457 2461 Π.
1538 2436 1565 2468 N
1582 2446 1602 2467 n
1616 2446 1637 2467 n
