2263 2668
558 140 625 175 DE
651 136 1037 177 SIGNIFIGATIONE
1062 135 1344 172 VERBORUM.
1402 138 1547 174 LIBER
1568 138 1642 174 vll.
1991 143 2066 178 443

704 231 789 263 Grex·
808 233 906 266 αυίιιηι
926 228 1060 272 plumas,
1092 238 1205 260 moueat
1226 230 1379 262 cornicula
1401 233 1492 262 risum

701 274 829 305 Furtivis
851 274 963 304 nudata
985 271 1141 303 coloribus.

126 321 215 349 Plura
238 318 307 347 vide
329 317 409 356 apud
431 317 517 346 illum
540 317 572 346 in
592 317 831 347 Amoenitotibus
851 316 923 346 iuris
943 315 1047 346 civilis.
1091 315 1178 345 Doc.

293 359 435 400 Greges.
480 359 561 397 Quos
583 358 630 388 illi
653 357 808 400 ἀγέλας,
830 360 952 389 melius:
973 367 1046 398 quos
1066 355 1115 386 illi
1136 354 1312 398 γάργερα.
1352 355 1489 399 Γάργερα
1510 363 1553 387 est
1575 368 1631 397 pro
1653 356 1788 399 γάργαρα
1810 358 1976 391 multitudo.
2006 361 2066 391 He-

125 403 245 442 sychio:
276 402 433 443 Γάργαρα,
455 404 589 441 πλῆθος,
612 399 719 432 πολλά.
766 403 790 430 Α
812 400 938 442 γάργερα
960 401 1023 429 sive
1045 400 1166 440 γέργερα
1189 402 1298 430 sactum
1318 412 1409 440 grex,
1434 401 1490 430 nisi
1514 401 1612 439 potius
1635 402 1674 430 sit
1695 402 1732 430 ab
1755 401 1874 442 ἅγερσις
1895 412 1933 431 ex
1956 400 2063 444 ἆγείρω

125 457 266 485 congero,
299 456 373 484 quae
396 445 493 474 Vossii
515 444 670 474 sententia.
713 444 786 473 Mihi
808 445 935 473 maxime
957 443 1056 483 placet
1075 453 1153 481 grex
1175 443 1235 471 dici
1257 443 1293 471 ab
1317 443 1439 481 antiquo
1462 443 1597 472 Hebraeo
1617 455 1688 484 gar,
1720 454 1776 483 pro
1800 454 1860 483 quo
1881 454 1961 473 nunc
1983 457 2064 485 ogur.

123 489 198 517 Nam
221 493 250 517 et
270 489 310 517 ita
333 488 460 527 simplex
481 497 586 526 grego,
624 487 703 525 quod
724 492 828 526 postea
849 496 984 526 aggrego.
1007 484 1095 514 Dac-
1142 484 1225 515 Grex
1246 485 1399 514 descendit
1421 497 1437 514 a
1459 486 1608 515 Sanscrita
1628 487 1729 516 radice
1751 485 1796 515 kri
1820 484 1956 527 (diversa
1978 499 1994 517 a
2017 486 2065 518 kd

126 531 247 567 facere)
270 531 317 559 cui
339 530 499 569 respondet
521 530 702 558 Graecorum
725 528 850 570 ἀγείρω,
882 528 960 558 unde
981 528 1155 556 Latinorum
1177 538 1314 566 acervus,·
1349 537 1386 557 ex
1409 528 1509 557 eodem
1533 530 1613 558 sonte
1634 529 1831 558 derivandum
1855 527 1960 570 ἀγέλη,
1994 540 2063 559 mu-

123 577 187 602 tato
211 586 228 612 ρ
251 573 281 601 in
304 576 336 610 λς
375 572 506 601 indidem
535 572 620 600 etiam
650 574 790 612 γέργερον
812 577 842 601 et
863 570 1033 612 γάργαρσν,
1069 569 1255 609 reduplicata
1279 570 1392 609 syllaba
1414 571 1555 607 radicali‚
1593 576 1621 600 et
1639 582 1731 611 greae,
1769 572 1850 610 quod
1872 573 1912 601 ad
1933 577 2064 602 veterem

124 617 250 644 formam
272 616 397 655 propius
419 614 542 643 accedit.
1192 618 1194 620 '

289 656 411 687 Grave
431 668 501 687 aes.
546 656 602 685 Hic
623 656 707 685 locus
730 657 770 685 ita
792 655 1044 696 interpungendus
1067 653 1345 692 emendandusque:
1375 653 1452 692 Quia
1474 665 1550 683 asses
1573 654 1682 695 singuli
1701 655 1800 695 pondo
1822 655 1929 685 librum
1953 657 2063 698 ςῇῖείι-

125 699 214 736 bam,
238 698 306 728 deni
327 707 422 728 autem
443 698 611 736 denarium,
640 698 677 727 ab
700 698 756 728 Izoc
778 700 886 728 assium
909 707 1025 728 numero
1049 696 1168 727 dicrum.
1215 697 1288 725 Vide
1310 697 1383 725 l’lin.
1406 697 1457 727 lib.
1471 697 1617 733 XXXIII,
1646 708 1710 737 cap.
1722 701 1753 730 3.
1777 703 1805 727 et
1825 699 1902 727 infra
1924 700 1957 728 in
1981 698 2063 728 Sex—

124 743 255 771 tamariz:
273 741 377 771 Fulv.
405 741 481 771 Urs.
525 741 583 770 Sed
606 741 682 770 nihil
704 742 896 778 mutandum,
920 751 1015 780 neque
1037 739 1141 777 video,
1165 749 1221 768 cur
1243 749 1309 768 eum
1333 739 1488 768 offenderit
1511 740 1630 777 vulgata
1653 741 1751 771 lectio.
1789 741 1878 770 Illum
1899 742 1976 780 fugit
1998 742 2064 770 sci-

122 784 210 820 licet,
238 784 287 813 hic
310 783 401 813 libros
424 794 486 813 esse
507 784 630 812 secundi
653 794 745 814 casus.
787 784 860 813 Nam
883 785 924 813 ita
946 783 1042 812 omnia
1064 782 1162 822 plana.
1204 783 1296 811 Porro
1319 793 1368 810 aes
1387 793 1477 821 grave
1499 782 1534 810 de
1557 783 1713 811 libralibus
1735 783 1849 812 assibus
1871 794 1988 823 semper
2010 784 2063 813 di·—

123 831 204 855 ctum
227 833 254 855 et
277 826 398 856 duravit
420 837 514 865 usque
536 827 573 855 ad
596 827 726 866 primum
749 826 861 855 bellum
878 827 1043 862 Punicum,
1067 835 1126 864 quo
1142 824 1330 861 sextantarii,
1352 829 1455 863 postea
1477 825 1606 853 unciales
1628 830 1655 853 et
1677 826 1868 854 semunciales
1891 827 1961 855 sacti
1984 831 2062 856 sunt.

122 869 212 899 Duc.
243 869 319 898 Hinc
339 880 428 908 grave
450 870 544 898 Nonio
568 869 728 908 (pag.3l3.
743 880 824 908 seqq.
847 868 951 910 Mero.)
974 868 1184 908 ponderosum.
1212 866 1315 898 Goth.
1353 866 1474 895 Libras.
1504 867 1616 896 Librae.
1640 866 1748 896 Idem.
1778 867 1934 898 Librariis.
1957 869 2061 899 Libra-

122 911 207 940 libus.
231 910 342 940 Idem.
375 911 570 940 Tantundem.
592 912 720 940 Tantuli.
764 910 871 940 Idem.

291 952 451 982 Glomus.
499 952 642 983 Globulus
665 953 737 982 dicit
761 953 854 983 Varro
876 953 926 985 lib.
938 953 987 984 IV.
1009 952 1046 982 de
1068 953 1099 982 L.
1122 953 1153 981 L.
1178 951 1235 991 (V,
1259 962 1287 990 p.
1301 953 1371 982 110.
1395 951 1445 989 Sp.
1467 951 1517 979 ubi
1541 960 1620 980 nunc
1641 952 1749 989 legitur
1776 949 1901 990 Globi.):
1935 951 2008 982 Item
2031 954 2063 982 in

121 993 185 1025 oleo
213 997 291 1025 cocti
317 994 391 1025 dicti
411 1008 429 1024 a
448 994 538 1035 globo
564 995 688 1035 globuli.
734 996 808 1025 Vide
832 997 970 1025 Catonem
995 1006 1059 1035 cap.
1074 998 1124 1028 29.
1149 995 1247 1023 Gloss.
1270 994 1480 1023 Graeco-Lat.
1506 992 1617 1022 Globus
1640 998 1668 1022 et
1687 993 1804 1034 glomus
1826 992 1945 1034 α’γαθίς.
1987 996 2062 1024 Nam

121 1037 243 1076 Agathis
264 1038 415 1077 Hesychia
440 1046 483 1067 est
506 1039 645 1077 sesamis,
682 1039 820 1077 placenta
842 1050 878 1067 ex
902 1039 983 1074 oleo,
1016 1038 1101 1067 melle
1123 1043 1152 1067 et
1174 1047 1295 1066 sesanm.
1340 1035 1463 1073 Agathis
1486 1036 1574 1064 etiam
1598 1041 1640 1065 est
1664 1037 1821 1065 fasciculus
1842 1037 1894 1066 lini
1916 1038 1978 1066 sive
2000 1043 2062 1068 sta-

122 1081 224 1116 minis,
262 1085 294 1110 ut
315 1086 344 1110 et
369 1082 504 1110 Latinum
524 1080 650 1121 glomus.
677 1081 764 1111 Dae.
811 1080 945 1121 Sphaeru
966 1081 1081 1110 Isidoro
1102 1081 1169 1110 XX.
1194 1090 1259 1118 cap.
1273 1081 1323 1110 20.
1356 1077 1460 1107 Goth.
1507 1077 1629 1107 Glomus
1651 1084 1680 1107 et
1704 1077 1814 1108 Globus
1837 1079 2022 1110 descendunt
2044 1091 2062 1110 a

119 1123 223 1152 radice
245 1124 393 1152 Sanscrita
413 1123 506 1163 grah,
537 1133 611 1161 quae
633 1123 776 1161 significat
795 1122 984 1163 prehendere,
1010 1122 1156 1164 greifen„
1170 1122 1250 1161 goth.
1271 1122 1410 1161 greipan,
1440 1120 1519 1149 unde
1543 1132 1649 1160 carpo,
1677 1126 1706 1150 et
1725 1120 1878 1161 gloh-us,
1901 1121 2062 1162 glum—us.

119 1164 152 1194 R
176 1165 253 1195 enim
275 1166 306 1194 in
328 1165 358 1194 L
382 1166 585 1203 convertitur,
623 1171 656 1194 ut
683 1167 714 1194 in
740 1166 837 1206 prims
858 1166 877 1195 i.
902 1177 931 1205 q.
952 1173 1067 1206 pretus,
1101 1164 1196 1205 pleius
1220 1165 1279 1203 (cf.
1302 1174 1394 1202 supra
1418 1163 1571 1203 Expreia)
1598 1163 1715 1202 primu,
1751 1162 1877 1201 πλατύς,
1910 1166 2002 1202 latus,
2032 1170 2062 1195 et

120 1207 175 1236 alia
198 1208 302 1237 multa.

287 1248 387 1280 Glos.
433 1249 631 1278 Glossarium:
665 1248 753 1287 Glos‚
778 1247 797 1289 ἦ
820 1252 874 1281 τοῦ
896 1247 1008 1290 ἀνδρὸς
1030 1246 1156 1288 ἇδελφή.
1198 1246 1303 1284 Γάλως
1324 1246 1408 1287 παρὰ
1434 1245 1569 1286 Πλαύτῳ.
1593 1245 1693 1277 Scal.
1735 1247 1877 1286 Hesych.:
1904 1245 2020 1286 Γᾶλως,
2041 1247 2062 1288 ἦ

119 1295 172 1323 τοῦ
195 1289 304 1332 ἀνδρὸς
326 1287 455 1331 ἀδελφή,
480 1289 618 1330 καθάπερ
642 1289 825 1331 Κασσάνδρα
847 1296 882 1335 τῇ
903 1290 1097 1333 Ἀνδρομάχῃ.
1121 1292 1212 1323 Dae.
1246 1290 1284 1320 Et
1297 1289 1412 1333 fratris
1434 1301 1514 1319 uxor·
1533 1290 1628 1318 Nonio
1652 1288 1729 1329 (pag.
1742 1290 1813 1322 557.
1835 1291 1946 1330 Μεκ.)ι
1975 1291 2061 1321 Adde

118 1334 138 1363 l.
152 1337 180 1366 1.
204 1334 312 1372 §.6.ff.
336 1334 373 1363 de
395 1334 544 1372 gradibus.
590 1333 695 1364 Goth..

284 1374 440 1406 Glocire
461 1384 487 1405 et
504 1375 714 1416 glocidare.
758 1377 849 1415 Lege:
878 1375 996 1406 Glocire
1017 1383 1043 1405 et
1063 1374 1218 1415 glocitore.
1262 1375 1380 1406 Glocire
1402 1386 1418 1403 a
1442 1372 1578 1411 κλώζειν,
1602 1384 1662 1402 vox
1686 1384 1701 1402 a
1724 1384 1797 1403 sono
1821 1374 1927 1405 efficta.
1963 1375 2059 1404 colu-

117 1417 196 1448 mell.
215 1418 308 1448 LVII.
323 1429 387 1458 cap.
399 1421 428 1451 5.
459 1419 498 1448 Ut
517 1429 574 1449 ova
597 1429 684 1458 quam
707 1420 909 1449 recentissima
930 1423 1140 1458 supponantur
1161 1419 1365 1458 glocientibus.
1395 1418 1507 1448 Gloss.:
1533 1415 1656 1452 Glunit,
1680 1420 1792 1458 κροκκᾷ
1813 1415 1833 1456 ἦ
1857 1415 1948 1457 ὅρνις.
1980 1419 2061 1456 Leg.:

122 1459 231 1490 Glocit.
275 1460 358 1490 Hanc
389 1472 490 1490 vocem
514 1462 661 1491 Vascones
688 1462 835 1500 retinent,
872 1462 924 1501 qui
953 1463 1057 1490 dicunt
1083 1460 1201 1500 gloucir
1229 1466 1259 1491 et
1285 1461 1381 1501 ipsam
1404 1471 1488 1489 avem
1511 1459 1684 1498 glocientem
1708 1458 1843 1499 elonque,
1883 1465 1916 1489 ut
1939 1460 2062 1500 Hispani

117 1500 228 1533 clueca.
251 1503 303 1532 Da
313 1515 338 1533 c.
383 1504 523 1533 Germani
549 1502 666 1534 Glucke.

284 1544 431 1575 Gliuis.
474 1547 562 1584 Lege:
595 1544 700 1576 Glutis.
736 1546 808 1574 Cato
830 1546 921 1583 (45.):
952 1545 1002 1573 Un·
1026 1544 1093 1573 bene
1113 1544 1283 1582 subactum,
1306 1546 1405 1584 utique
1427 1543 1496 1573 bene
1513 1543 1629 1584 gluium
1651 1544 1712 1574 siet.
1742 1543 1778 1572 In
1802 1544 1912 1572 Glossis
1935 1544 2062 1574 Latinis:

121 1584 200 1624 Glis,
219 1585 320 1626 gliris,
342 1587 444 1616 humus
467 1595 568 1616 tenax.
591 1586 690 1616 Scal.
727 1587 808 1616 Nihil
832 1587 1020 1616 mutandum:
1052 1584 1154 1615 Glinis
1175 1597 1232 1626 pro
1251 1586 1365 1626 gluttis.
1403 1587 1478 1615 Nam
1500 1599 1519 1615 u
1542 1596 1629 1624 saepe
1652 1586 1714 1614 abit
1736 1588 1765 1614 in
1789 1585 1807 1614 ί.
1843 1586 1869 1614 Α
1888 1585 1973 1626 glus,
1998 1587 2062 1625 glu-

120 1632 186 1665 ten,
205 1628 320 1668 glutus,
344 1630 460 1667 unitus,
482 1630 557 1659 bene
579 1629 728 1658 subactus.
751 1629 842 1661 Dae.
887 1631 961 1658 Sunt
983 1629 1099 1658 radices
1121 1629 1288 1658 Sanscritae
1309 1639 1380 1668 gras
1401 1633 1431 1657 et
1450 1627 1536 1667 glo-9,
1566 1638 1640 1666 qnae
1664 1626 1815 1664 devorare,
1843 1627 1950 1667 glutire
1970 1629 2060 1667 signi-

118 1668 216 1699 ficant.
258 1671 312 1699 Est
343 1671 431 1709 igitur
456 1671 525 1711 glus
547 1672 761 1700 Germanorum
791 1670 854 1701 klos
880 1671 982 1710 gleba,
1020 1670 1099 1700 unde
1118 1670 1234 1711 glutus,
1270 1672 1301 1699 in
1324 1671 1424 1708 glebas
1445 1670 1583 1698 redactus
1592 1691 1601 1705 ‚
1635 1668 1757 1709 glutire,
1792 1671 1886 1699 frusta
1909 1670 2059 1708 devorare,

115 1710 235 1751 gluten,
257 1713 338 1750 quod
360 1715 421 1742 vim
444 1714 532 1743 habet
553 1714 652 1752 glebas
674 1714 821 1750 faciendi3
844 1714 983 1744 cohaeret
1007 1714 1223 1743 Germanorum
1245 1713 1368 1749 Heben,
1391 1713 1515 1748 leimen,
1535 1712 1665 1741 klaiben.

287 1754 428 1786 Gluma.
471 1757 496 1785 A
517 1755 638 1796 γλύφω,
661 1757 777 1795 scalpo,
801 1758 862 1786 sive
886 1757 984 1796 potius
1008 1768 1024 1785 a
1047 1756 1139 1793 λέπω,
1163 1756 1304 1784 corticem
1327 1755 1468 1792 detraho,
1491 1760 1535 1784 est
1554 1753 1662 1794 glubo,
1686 1754 1764 1782 unde
1784 1753 1904 1793 gluma‚
1925 1755 2059 1783 follicula

118 1795 239 1833 hordei,
261 1798 390 1837 λέπυρον
413 1802 532 1838 κριθῆς.
565 1800 677 1828 Closs:
706 1798 794 1837 Quod
815 1810 846 1828 eo
867 1811 991 1839 granum
1012 1798 1160 1839 glubisur,
1185 1797 1322 1827 nudatur.
1354 1798 1446 1826 Varro
1470 1797 1507 1826 de
1529 1807 1562 1825 re
1585 1801 1657 1825 rust.
1679 1796 1764 1827 lib.1.
1788 1806 1852 1835 cap.
1865 1796 1931 1828 48.:
1953 1797 2060 1826 Aristo

119 1846 144 1867 et
163 1849 289 1879 granum
314 1840 447 1870 omnibus
458 1842 528 1883 sere
551 1849 665 1878 notum5
685 1840 787 1881 gluma
807 1844 921 1880 paucis.
962 1840 1065 1881 Itaque
1087 1840 1119 1870 id
1140 1839 1221 1880 opud
1241 1839 1367 1869 Ennium
1388 1838 1481 1868 solum
1505 1839 1644 1877 scriptum
1669 1838 1730 1867 scio
1751 1840 1781 1867 in
1803 1838 1955 1867 Euhemeri
1975 1837 2059 1867 libris

118 1882 214 1910 versis.
253 1880 377 1911 Videtur
398 1883 571 1913 vocabulum
594 1891 708 1923 etymon
731 1882 835 1912 habere
856 1895 875 1912 a
896 1883 1058 1923 glubendo,
1086 1882 1166 1924 quod
1188 1894 1219 1912 eo
1233 1880 1382 1924 folliculo
1406 1880 1572 1921 deglubitur
1590 1891 1726 1920 granum.
1764 1879 1868 1920 Itaque
1887 1879 1985 1909 eodem
2007 1891 2056 1909 vo-

119 1922 225 1952 cabulo
248 1923 470 1965 appellantfici
491 1927 564 1962 eius,
589 1937 676 1966 quam
700 1924 831 1962 odimus,
853 1924 1042 1967 folliculum.
1087 1926 1162 1954 Hinc
1184 1935 1276 1964 pecus
1299 1924 1382 1962 glubi
1405 1929 1433 1952 et
1455 1923 1574 1961 deglubi
1598 1923 1723 1960 dieitur,
1752 1923 1830 1951 unde
1851 1922 1925 1950 illud
1948 1921 2057 1951 Tiberii

117 1966 216 2037 (glast.
239 1968 402 2037 cafb32.):
440 1967 519 1997 Boni
544 1969 672 2007 pastoris
696 1975 736 1996 est
761 1966 879 1998 tondere
898 1979 1002 2007 pecus,
1041 1979 1098 1997 non
1121 1966 1280 2007 deglubere.
1311 1966 1397 1996 Duc.
1443 1966 1516 1994 Vide
1539 1966 1666 1994 Nouium
1696 1964 1864 2004 (pag.118.
1887 1964 1996 2002 Mero.)
2025 1965 2057 1993 in

163 2020 238 2039 uma.
318 2009 388 2039 oth.

286 2049 461 2081 Gliscere.
507 2053 618 2082 Closs:
654 2050 774 2089 Gliscu,
798 2051 889 2089 αὔξει.
927 2052 1024 2081 Aliae:
1058 2050 1174 2088 Glism,
1198 2051 1388 2090 ἕπιτείνομαι.
1427 2050 1503 2078 Hinc
1526 2048 1657 2089 reglis-co.
1697 2048 1785 2084 Quod
1806 2047 1876 2077 Vide
1899 2058 1953 2077 8110
1976 2049 2054 2087 loco,

116 2096 146 2121 et
170 2090 318 2121 Gliscerae
340 2105 453 2122 mensae
476 2096 589 2134 opimae
614 2100 642 2122 et
665 2095 822 2133 opiparae,
852 2094 984 2124 struibus
1007 2094 1213 2133 frequentibus
1237 2094 1371 2123 refertae.
1395 2093 1483 2122 Duc.
1528 2092 1613 2120 Adde
1635 2091 1761 2120 Nonium
1785 2089 1862 2130 (pag.
1877 2093 1927 2123 22.
1953 2091 2054 2131 Mero.)

115 2135 146 2163 in
172 2133 288 2164 Gliscit.
316 2134 422 2169 Goth.
461 2136 512 2174 Εἰς
543 2143 582 2166 ut.
628 2134 740 2165 Idem.

283 2175 351 2206 Glu
362 2177 535 2208 ciclorum.
582 2179 654 2207 Vide
678 2181 795 2207 tertium
821 2179 1049 2207 Coniectaneum
1073 2177 1260 2217 (pag.160.).
1300 2178 1499 2207 Glossarium:
1530 2173 1725 2211 Glodidams,
1752 2171 1835 2213 ἡδύς.
1877 2172 2053 2204 Glocidatus

115 2219 280 2257 legendum.
305 2219 403 2251 Scnl.
437 2222 511 2250 Vide
537 2219 731 2251 Glucidmum.
756 2222 845 2251 Duc.
881 2221 952 2249 Vide
976 2231 1051 2260 quae
1074 2221 1113 2249 ibi
1136 2221 1303 2249 notavimus
1327 2221 1363 2249 de
1386 2221 1497 2258 origine
1518 2228 1547 2247 v.
1569 2215 1678 2254 dulcis,
1702 2226 1767 2256 pag.
1779 2219 1851 2248 380.

283 2260 428 2294 Gloria.
474 2265 643 2303 Antiquitas
668 2261 785 2299 Glosia,
815 2274 831 2292 a
855 2264 969 2292 Graeco
993 2266 1120 2304 γλῶσσα.
1145 2262 1246 2294 Scol.
1283 2263 1339 2292 Sed
1364 2263 1501 2292 Max-tinio
1524 2258 1683 2296 assentior,
1713 2260 1763 2298 qui
1784 2270 1798 2287 a
1822 2258 1930 2297 κέλωρ,
1953 2255 2049 2295 φωνή.

114 2303 202 2333 Duc.
247 2304 337 2333 Recte
357 2305 456 2345 gloria
479 2317 545 2335 cum
567 2305 666 2342 κλέος,
689 2304 766 2336 κλύω
790 2306 996 2344 coniungitur,
1018 2317 1033 2335 a
1054 2306 1203 2335 Sanscrito
1227 2317 1278 2347 ςνιι
1299 2306 1401 2341 clueo,
1424 2303 1522 2333 audio.
1565 2303 1602 2331 Ut
1623 2302 1702 2330 enim
1725 2313 1740 2330 a
1764 2299 1876 2330 dsclzna
1898 2298 2048 2328 descendit

111 2356 236 2385 gnarus,
275 2347 317 2375 sic
340 2357 354 2375 a
379 2360 429 2390 eru
452 2349 579 2378 derivari
607 2353 706 2387 potest
733 2348 835 2388 glurus
857 2354 886 2378 et
905 2347 1022 2388 glor-us,
1061 2348 1143 2388 quod
1166 2358 1233 2377 cum
1258 2357 1285 2377 v.
1304 2347 1402 2377 clarus
1425 2349 1583 2385 cognatum
1605 2348 1665 2382 est,
1699 2348 1732 2373 ut
1749 2353 1860 2384 gnarus
1882 2346 1911 2370 et
1929 2349 2046 2379 gnerus,

113 2388 197 2426 quod
219 2388 251 2417 in
272 2389 363 2418 verbo
382 2393 517 2430 ignorare
538 2396 680 2430 superest.

1491 2439 1643 2474 Kkk*
