<?xml version="1.0" encoding="UTF-8"?>
<!DOCTYPE html PUBLIC "-//W3C//DTD XHTML 1.0 Transitional//EN"
    "http://www.w3.org/TR/xhtml1/DTD/xhtml1-transitional.dtd">
<html xmlns="http://www.w3.org/1999/xhtml" xml:lang="en" lang="en">
 <head>
  <title>
</title>
<meta http-equiv="Content-Type" content="text/html;charset=utf-8" />
  <meta name='ocr-system' content='tesseract 3.04.00' />
  <meta name='ocr-capabilities' content='ocr_page ocr_carea ocr_par ocr_line ocrx_word'/>
</head>
<body>
  <div class='ocr_page' id='page_1' title='image "./corpusgrammatico01linduoft_1007.png"; bbox 0 0 2263 2668; ppageno 0'>
   <div class='ocr_carea' id='block_1_1' title="bbox 532 141 2061 182">
    <p class='ocr_par' dir='ltr' id='par_1_1' title="bbox 532 141 2061 182">
     <span class='ocr_line' id='line_1_1' title="bbox 532 141 2061 182; baseline -0.003 -2"><span class='ocrx_word' id='word_1_1' title='bbox 532 147 596 181; x_wconf 88' lang='lat' dir='ltr'>DE</span> <span class='ocrx_word' id='word_1_2' title='bbox 623 146 1011 182; x_wconf 84' lang='lat' dir='ltr'><strong>SIGNIFICATIONE</strong></span> <span class='ocrx_word' id='word_1_3' title='bbox 1039 144 1323 180; x_wconf 85' lang='lat' dir='ltr'>VERBORUM.</span> <span class='ocrx_word' id='word_1_4' title='bbox 1374 143 1522 177; x_wconf 86' lang='lat' dir='ltr'>LIBER</span> <span class='ocrx_word' id='word_1_5' title='bbox 1548 144 1639 178; x_wconf 90' lang='lat' dir='ltr'>XIV.</span> <span class='ocrx_word' id='word_1_6' title='bbox 1988 141 2061 176; x_wconf 79' lang='lat'>581</span> 
     </span>
    </p>
   </div>
   <div class='ocr_carea' id='block_1_2' title="bbox 103 235 2062 2450">
    <p class='ocr_par' dir='ltr' id='par_1_2' title="bbox 103 235 2062 2450">
     <span class='ocr_line' id='line_1_2' title="bbox 109 235 2062 283; baseline -0.005 -8"><span class='ocrx_word' id='word_1_7' title='bbox 109 245 197 283; x_wconf 88' lang='lat' dir='ltr'>Quod</span> <span class='ocrx_word' id='word_1_8' title='bbox 222 245 297 273; x_wconf 79' lang='lat' dir='ltr'>male</span> <span class='ocrx_word' id='word_1_9' title='bbox 320 241 511 281; x_wconf 79' lang='lat' dir='ltr'>reprehendit</span> <span class='ocrx_word' id='word_1_10' title='bbox 533 240 728 277; x_wconf 64' lang='lat' dir='ltr'>Scholiasios,</span> <span class='ocrx_word' id='word_1_11' title='bbox 762 252 828 270; x_wconf 85' lang='lat' dir='ltr'>cum</span> <span class='ocrx_word' id='word_1_12' title='bbox 853 247 879 270; x_wconf 84' lang='lat' dir='ltr'>et</span> <span class='ocrx_word' id='word_1_13' title='bbox 903 241 950 270; x_wconf 87' lang='lat' dir='ltr'>alii</span> <span class='ocrx_word' id='word_1_14' title='bbox 976 250 1094 279; x_wconf 84' lang='lat' dir='ltr'>quoque</span> <span class='ocrx_word' id='word_1_15' title='bbox 1117 250 1227 278; x_wconf 86' lang='lat' dir='ltr'>paeana</span> <span class='ocrx_word' id='word_1_16' title='bbox 1251 239 1280 266; x_wconf 84' lang='lat' dir='ltr'>in</span> <span class='ocrx_word' id='word_1_17' title='bbox 1305 248 1337 266; x_wconf 82' lang='lat' dir='ltr'>re</span> <span class='ocrx_word' id='word_1_18' title='bbox 1362 239 1479 267; x_wconf 81' lang='lat' dir='ltr'>funerea</span> <span class='ocrx_word' id='word_1_19' title='bbox 1503 238 1689 277; x_wconf 83' lang='lat' dir='ltr'>usurparint,</span> <span class='ocrx_word' id='word_1_20' title='bbox 1720 237 1800 266; x_wconf 85' lang='lat' dir='ltr'>unde</span> <span class='ocrx_word' id='word_1_21' title='bbox 1823 240 1852 264; x_wconf 88' lang='lat' dir='ltr'>et</span> <span class='ocrx_word' id='word_1_22' title='bbox 1875 235 2062 265; x_wconf 80' lang='lat' dir='ltr'>doctissimus</span> 
     </span>
     <span class='ocr_line' id='line_1_3' title="bbox 107 279 2062 327; baseline -0.006 -9"><span class='ocrx_word' id='word_1_23' title='bbox 107 288 275 327; x_wconf 83' lang='lat' dir='ltr'><strong>Hesychius</strong></span> <span class='ocrx_word' id='word_1_24' title='bbox 304 289 409 316; x_wconf 80' lang='grc' dir='ltr'><em>παιᾶνι</em></span> <span class='ocrx_word' id='word_1_25' title='bbox 438 286 570 325; x_wconf 80' lang='grc' dir='ltr'><em>στυγνῷ,</em></span> <span class='ocrx_word' id='word_1_26' title='bbox 606 284 717 322; x_wconf 81' lang='lat' dir='ltr'>inquit,</span> <span class='ocrx_word' id='word_1_27' title='bbox 754 288 931 326; x_wconf 71' lang='grc' dir='ltr'><strong><em>θρηνητικςό</em></strong></span> <span class='ocrx_word' id='word_1_28' title='bbox 960 281 1056 324; x_wconf 74' lang='grc' dir='ltr'><strong><em>ὕμνῳ.</em></strong></span> <span class='ocrx_word' id='word_1_29' title='bbox 1101 284 1137 311; x_wconf 85' lang='lat' dir='ltr'>Et</span> <span class='ocrx_word' id='word_1_30' title='bbox 1163 292 1232 310; x_wconf 87' lang='lat' dir='ltr'>sane</span> <span class='ocrx_word' id='word_1_31' title='bbox 1262 286 1295 310; x_wconf 91' lang='lat' dir='ltr'>ut</span> <span class='ocrx_word' id='word_1_32' title='bbox 1320 280 1433 315; x_wconf 81' lang='lat' dir='ltr'>Paean,</span> <span class='ocrx_word' id='word_1_33' title='bbox 1471 282 1520 320; x_wconf 90' lang='lat' dir='ltr'>qui</span> <span class='ocrx_word' id='word_1_34' title='bbox 1550 283 1649 320; x_wconf 88' lang='lat' dir='ltr'>primo</span> <span class='ocrx_word' id='word_1_35' title='bbox 1675 282 1705 309; x_wconf 87' lang='lat' dir='ltr'>in</span> <span class='ocrx_word' id='word_1_36' title='bbox 1728 280 1817 309; x_wconf 85' lang='lat' dir='ltr'>rebus</span> <span class='ocrx_word' id='word_1_37' title='bbox 1840 283 1954 306; x_wconf 81' lang='lat' dir='ltr'>tantum</span> <span class='ocrx_word' id='word_1_38' title='bbox 1977 279 2062 307; x_wconf 83' lang='lat' dir='ltr'>laetis</span> 
     </span>
     <span class='ocr_line' id='line_1_4' title="bbox 109 321 2061 368; baseline -0.006 -7"><span class='ocrx_word' id='word_1_39' title='bbox 109 332 287 363; x_wconf 74' lang='lat' dir='ltr'><strong>canebatur,</strong></span> <span class='ocrx_word' id='word_1_40' title='bbox 311 330 400 358; x_wconf 87' lang='lat' dir='ltr'>rebus</span> <span class='ocrx_word' id='word_1_41' title='bbox 424 328 510 356; x_wconf 87' lang='lat' dir='ltr'>etiam</span> <span class='ocrx_word' id='word_1_42' title='bbox 533 327 666 355; x_wconf 78' lang='lat' dir='ltr'>tristibus</span> <span class='ocrx_word' id='word_1_43' title='bbox 690 328 909 356; x_wconf 78' lang='lat' dir='ltr'>accommodari</span> <span class='ocrx_word' id='word_1_44' title='bbox 933 336 1038 365; x_wconf 85' lang='lat' dir='ltr'>passus</span> <span class='ocrx_word' id='word_1_45' title='bbox 1062 331 1120 362; x_wconf 83' lang='lat' dir='ltr'>est,</span> <span class='ocrx_word' id='word_1_46' title='bbox 1151 326 1193 352; x_wconf 84' lang='lat' dir='ltr'>sie</span> <span class='ocrx_word' id='word_1_47' title='bbox 1216 324 1347 357; x_wconf 72' lang='lat' dir='ltr'>Naeuia,</span> <span class='ocrx_word' id='word_1_48' title='bbox 1375 324 1458 351; x_wconf 80' lang='lat' dir='ltr'>cuius</span> <span class='ocrx_word' id='word_1_49' title='bbox 1483 325 1576 362; x_wconf 86' lang='lat' dir='ltr'>prima</span> <span class='ocrx_word' id='word_1_50' title='bbox 1601 324 1683 361; x_wconf 84' lang='lat' dir='ltr'>origo</span> <span class='ocrx_word' id='word_1_51' title='bbox 1706 325 1736 351; x_wconf 83' lang='lat' dir='ltr'>in</span> <span class='ocrx_word' id='word_1_52' title='bbox 1759 333 1791 351; x_wconf 86' lang='lat' dir='ltr'>re</span> <span class='ocrx_word' id='word_1_53' title='bbox 1814 321 1950 355; x_wconf 84' lang='lat' dir='ltr'>funerea,</span> <span class='ocrx_word' id='word_1_54' title='bbox 1974 322 2061 368; x_wconf 80' lang='lat' dir='ltr'>rebus</span> 
     </span>
     <span class='ocr_line' id='line_1_5' title="bbox 107 363 2061 407; baseline -0.006 -4"><span class='ocrx_word' id='word_1_55' title='bbox 107 375 193 404; x_wconf 87' lang='lat' dir='ltr'>laetis</span> <span class='ocrx_word' id='word_1_56' title='bbox 219 375 321 402; x_wconf 87' lang='lat' dir='ltr'>veiiire</span> <span class='ocrx_word' id='word_1_57' title='bbox 354 372 439 399; x_wconf 84' lang='lat' dir='ltr'>etiam</span> <span class='ocrx_word' id='word_1_58' title='bbox 471 370 631 407; x_wconf 83' lang='lat' dir='ltr'>aliquando</span> <span class='ocrx_word' id='word_1_59' title='bbox 662 372 833 407; x_wconf 71' lang='lat' dir='ltr'>consuexit,</span> <span class='ocrx_word' id='word_1_60' title='bbox 868 370 952 399; x_wconf 90' lang='lat' dir='ltr'>ambo</span> <span class='ocrx_word' id='word_1_61' title='bbox 983 369 1065 406; x_wconf 79' lang='lat' dir='ltr'>quasi</span> <span class='ocrx_word' id='word_1_62' title='bbox 1097 368 1217 397; x_wconf 74' lang='lat' dir='ltr'>mutatis</span> <span class='ocrx_word' id='word_1_63' title='bbox 1248 367 1390 406; x_wconf 84' lang='lat' dir='ltr'>partibus.</span> <span class='ocrx_word' id='word_1_64' title='bbox 1437 367 1510 395; x_wconf 86' lang='lat' dir='ltr'>Vide</span> <span class='ocrx_word' id='word_1_65' title='bbox 1532 366 1657 395; x_wconf 74' lang='lat' dir='ltr'>Naeuia.</span> <span class='ocrx_word' id='word_1_66' title='bbox 1689 366 1779 395; x_wconf 86' lang='lat' dir='ltr'>Dac.</span> <span class='ocrx_word' id='word_1_67' title='bbox 1825 363 1910 392; x_wconf 76' lang='lat' dir='ltr'>Adde</span> <span class='ocrx_word' id='word_1_68' title='bbox 1930 364 2061 392; x_wconf 84' lang='lat' dir='ltr'>Nonium</span> 
     </span>
     <span class='ocr_line' id='line_1_6' title="bbox 109 406 2062 457; baseline -0.005 -13"><span class='ocrx_word' id='word_1_69' title='bbox 109 416 266 457; x_wconf 79' lang='lat' dir='ltr'>(pag,66.)</span> <span class='ocrx_word' id='word_1_70' title='bbox 290 416 319 443; x_wconf 91' lang='lat' dir='ltr'>in</span> <span class='ocrx_word' id='word_1_71' title='bbox 344 413 491 453; x_wconf 77' lang='lat' dir='ltr'>Pratficae</span> <span class='ocrx_word' id='word_1_72' title='bbox 518 417 546 440; x_wconf 88' lang='lat' dir='ltr'>et</span> <span class='ocrx_word' id='word_1_73' title='bbox 568 412 597 440; x_wconf 90' lang='lat' dir='ltr'>in</span> <span class='ocrx_word' id='word_1_74' title='bbox 620 412 736 441; x_wconf 87' lang='lat' dir='ltr'>Naenia</span> <span class='ocrx_word' id='word_1_75' title='bbox 760 414 946 452; x_wconf 79' lang='lat' dir='ltr'>(pag.145.).</span> <span class='ocrx_word' id='word_1_76' title='bbox 974 410 1078 440; x_wconf 74' lang='lat' dir='ltr'>Goth.</span> <span class='ocrx_word' id='word_1_77' title='bbox 1125 410 1258 449; x_wconf 62' lang='lat' dir='ltr'>Praefica</span> <span class='ocrx_word' id='word_1_78' title='bbox 1287 420 1346 437; x_wconf 87' lang='lat' dir='ltr'>non</span> <span class='ocrx_word' id='word_1_79' title='bbox 1377 409 1530 437; x_wconf 84' lang='lat' dir='ltr'>descendit</span> <span class='ocrx_word' id='word_1_80' title='bbox 1552 420 1567 437; x_wconf 82' lang='lat' dir='ltr'>a</span> <span class='ocrx_word' id='word_1_81' title='bbox 1588 407 1794 448; x_wconf 73' lang='lat' dir='ltr'>praeficiendo.</span> <span class='ocrx_word' id='word_1_82' title='bbox 1839 406 1903 434; x_wconf 89' lang='lat' dir='ltr'>Hoc</span> <span class='ocrx_word' id='word_1_83' title='bbox 1930 407 2007 435; x_wconf 87' lang='lat' dir='ltr'>eiiiin</span> <span class='ocrx_word' id='word_1_84' title='bbox 2037 407 2062 434; x_wconf 88' lang='lat' dir='ltr'>si</span> 
     </span>
     <span class='ocr_line' id='line_1_7' title="bbox 107 449 2062 495; baseline -0.006 -6"><span class='ocrx_word' id='word_1_85' title='bbox 107 470 212 489; x_wconf 83' lang='lat' dir='ltr'>verum</span> <span class='ocrx_word' id='word_1_86' title='bbox 245 463 334 493; x_wconf 85' lang='lat' dir='ltr'>esset,</span> <span class='ocrx_word' id='word_1_87' title='bbox 369 456 498 495; x_wconf 79' lang='lat' dir='ltr'>praefica</span> <span class='ocrx_word' id='word_1_88' title='bbox 528 465 588 483; x_wconf 86' lang='lat' dir='ltr'>noii</span> <span class='ocrx_word' id='word_1_89' title='bbox 619 465 693 492; x_wconf 86' lang='lat' dir='ltr'>quae</span> <span class='ocrx_word' id='word_1_90' title='bbox 722 461 797 484; x_wconf 88' lang='lat' dir='ltr'>esset</span> <span class='ocrx_word' id='word_1_91' title='bbox 826 457 976 494; x_wconf 81' lang='lat' dir='ltr'>praefecta</span> <span class='ocrx_word' id='word_1_92' title='bbox 1005 453 1198 490; x_wconf 74' lang='lat' dir='ltr'>significaret,</span> <span class='ocrx_word' id='word_1_93' title='bbox 1237 452 1286 480; x_wconf 87' lang='lat' dir='ltr'>sed</span> <span class='ocrx_word' id='word_1_94' title='bbox 1317 462 1391 490; x_wconf 75' lang='lat' dir='ltr'>quae</span> <span class='ocrx_word' id='word_1_95' title='bbox 1421 452 1594 490; x_wconf 78' lang='lat' dir='ltr'>praeficeret</span> <span class='ocrx_word' id='word_1_96' title='bbox 1617 451 1698 480; x_wconf 83' lang='lat' dir='ltr'>alios.</span> <span class='ocrx_word' id='word_1_97' title='bbox 1745 449 1872 478; x_wconf 78' lang='lat' dir='ltr'>praefica</span> <span class='ocrx_word' id='word_1_98' title='bbox 1894 450 2062 487; x_wconf 85' lang='lat' dir='ltr'>posteriore</span> 
     </span>
     <span class='ocr_line' id='line_1_8' title="bbox 110 492 2060 541; baseline -0.006 -10"><span class='ocrx_word' id='word_1_99' title='bbox 110 501 334 541; x_wconf 78' lang='lat' dir='ltr'>compositionis</span> <span class='ocrx_word' id='word_1_100' title='bbox 358 503 442 537; x_wconf 83' lang='lat' dir='ltr'>parte</span> <span class='ocrx_word' id='word_1_101' title='bbox 466 497 604 526; x_wconf 80' lang='lat' dir='ltr'>cohaeret</span> <span class='ocrx_word' id='word_1_102' title='bbox 629 507 695 525; x_wconf 91' lang='lat' dir='ltr'>cum</span> <span class='ocrx_word' id='word_1_103' title='bbox 721 498 819 526; x_wconf 79' lang='lat' dir='ltr'>radice</span> <span class='ocrx_word' id='word_1_104' title='bbox 843 498 963 534; x_wconf 87' lang='lat' dir='ltr'>eadem,</span> <span class='ocrx_word' id='word_1_105' title='bbox 995 507 1070 535; x_wconf 82' lang='lat' dir='ltr'>quae</span> <span class='ocrx_word' id='word_1_106' title='bbox 1093 501 1136 524; x_wconf 84' lang='lat' dir='ltr'>est</span> <span class='ocrx_word' id='word_1_107' title='bbox 1160 497 1188 524; x_wconf 86' lang='lat' dir='ltr'>iii</span> <span class='ocrx_word' id='word_1_108' title='bbox 1212 506 1259 523; x_wconf 90' lang='lat' dir='ltr'>vv.</span> <span class='ocrx_word' id='word_1_109' title='bbox 1274 493 1447 536; x_wconf 81' lang='lat' dir='ltr'>facundus,</span> <span class='ocrx_word' id='word_1_110' title='bbox 1478 492 1621 529; x_wconf 56' lang='lat' dir='ltr'>Fatalis,</span> <span class='ocrx_word' id='word_1_111' title='bbox 1653 501 1746 528; x_wconf 79' lang='lat' dir='ltr'>vates,</span> <span class='ocrx_word' id='word_1_112' title='bbox 1777 503 1853 527; x_wconf 79' lang='lat' dir='ltr'>vox,</span> <span class='ocrx_word' id='word_1_113' title='bbox 1885 493 2060 523; x_wconf 79' lang='lat' dir='ltr'>convicium,</span> 
     </span>
     <span class='ocr_line' id='line_1_9' title="bbox 108 534 2061 584; baseline -0.006 -11"><span class='ocrx_word' id='word_1_114' title='bbox 108 546 217 584; x_wconf 84' lang='lat' dir='ltr'>quibus</span> <span class='ocrx_word' id='word_1_115' title='bbox 241 543 377 571; x_wconf 79' lang='lat' dir='ltr'>omnibus</span> <span class='ocrx_word' id='word_1_116' title='bbox 401 541 501 569; x_wconf 80' lang='lat' dir='ltr'>subest</span> <span class='ocrx_word' id='word_1_117' title='bbox 524 541 611 568; x_wconf 73' lang='lat' dir='ltr'>radix</span> <span class='ocrx_word' id='word_1_118' title='bbox 634 542 786 569; x_wconf 81' lang='lat' dir='ltr'>Saiiscrita</span> <span class='ocrx_word' id='word_1_119' title='bbox 814 540 931 577; x_wconf 77' lang='lat' dir='ltr'>vatsclz,</span> <span class='ocrx_word' id='word_1_120' title='bbox 968 540 1083 575; x_wconf 83' lang='lat' dir='ltr'>dicere,</span> <span class='ocrx_word' id='word_1_121' title='bbox 1121 540 1222 576; x_wconf 72' lang='lat' dir='ltr'>loqui,</span> <span class='ocrx_word' id='word_1_122' title='bbox 1259 540 1414 576; x_wconf 79' lang='lat' dir='ltr'>ipsumque</span> <span class='ocrx_word' id='word_1_123' title='bbox 1443 537 1620 565; x_wconf 83' lang='lat' dir='ltr'>vocabulum</span> <span class='ocrx_word' id='word_1_124' title='bbox 1646 536 1708 565; x_wconf 86' lang='lat' dir='ltr'>Lat.</span> <span class='ocrx_word' id='word_1_125' title='bbox 1731 546 1794 563; x_wconf 72' lang='lat' dir='ltr'>vom</span> <span class='ocrx_word' id='word_1_126' title='bbox 1817 534 1890 562; x_wconf 89' lang='lat' dir='ltr'>nihil</span> <span class='ocrx_word' id='word_1_127' title='bbox 1914 539 1957 562; x_wconf 85' lang='lat' dir='ltr'>est</span> <span class='ocrx_word' id='word_1_128' title='bbox 1979 535 2061 562; x_wconf 89' lang='lat' dir='ltr'>aliud</span> 
     </span>
     <span class='ocr_line' id='line_1_10' title="bbox 108 576 2060 622; baseline -0.006 -6"><span class='ocrx_word' id='word_1_129' title='bbox 108 588 164 616; x_wconf 83' lang='lat' dir='ltr'>nisi</span> <span class='ocrx_word' id='word_1_130' title='bbox 187 586 321 614; x_wconf 82' lang='lat' dir='ltr'>Indicum</span> <span class='ocrx_word' id='word_1_131' title='bbox 345 583 454 612; x_wconf 71' lang='lat' dir='ltr'>vais-ch.</span> <span class='ocrx_word' id='word_1_132' title='bbox 501 584 553 611; x_wconf 89' lang='lat' dir='ltr'>Cui</span> <span class='ocrx_word' id='word_1_133' title='bbox 583 584 692 610; x_wconf 80' lang='lat' dir='ltr'>rationi</span> <span class='ocrx_word' id='word_1_134' title='bbox 719 593 896 622; x_wconf 82' lang='lat' dir='ltr'>magnopere</span> <span class='ocrx_word' id='word_1_135' title='bbox 920 584 1015 619; x_wconf 86' lang='lat' dir='ltr'>favet,</span> <span class='ocrx_word' id='word_1_136' title='bbox 1049 582 1129 619; x_wconf 89' lang='lat' dir='ltr'>quod</span> <span class='ocrx_word' id='word_1_137' title='bbox 1153 584 1232 619; x_wconf 79' lang='lat' dir='ltr'>Aper</span> <span class='ocrx_word' id='word_1_138' title='bbox 1255 581 1291 608; x_wconf 89' lang='lat' dir='ltr'>de</span> <span class='ocrx_word' id='word_1_139' title='bbox 1315 580 1397 608; x_wconf 83' lang='lat' dir='ltr'>verb.</span> <span class='ocrx_word' id='word_1_140' title='bbox 1421 579 1490 607; x_wconf 87' lang='lat' dir='ltr'>dub.</span> <span class='ocrx_word' id='word_1_141' title='bbox 1512 581 1684 618; x_wconf 0' lang='lat' dir='ltr'>pag 225o.</span> <span class='ocrx_word' id='word_1_142' title='bbox 1708 588 1755 616; x_wconf 84' lang='lat' dir='ltr'>ap.</span> <span class='ocrx_word' id='word_1_143' title='bbox 1781 576 1895 605; x_wconf 81' lang='lat' dir='ltr'>Puisch.</span> <span class='ocrx_word' id='word_1_144' title='bbox 1918 581 2060 605; x_wconf 83' lang='lat' dir='ltr'>testatum</span> 
     </span>
     <span class='ocr_line' id='line_1_11' title="bbox 107 619 2061 668; baseline -0.007 -10"><span class='ocrx_word' id='word_1_145' title='bbox 107 630 244 668; x_wconf 82' lang='lat' dir='ltr'>reliquit:</span> <span class='ocrx_word' id='word_1_146' title='bbox 277 627 408 661; x_wconf 77' lang='lat' dir='ltr'>Vates,</span> <span class='ocrx_word' id='word_1_147' title='bbox 440 637 512 666; x_wconf 85' lang='lat' dir='ltr'>quos</span> <span class='ocrx_word' id='word_1_148' title='bbox 535 624 604 654; x_wconf 82' lang='lat' dir='ltr'>olim</span> <span class='ocrx_word' id='word_1_149' title='bbox 629 627 762 654; x_wconf 84' lang='lat' dir='ltr'>vacios</span> <span class='ocrx_word' id='word_1_150' title='bbox 784 625 982 665; x_wconf 81' lang='lat' dir='ltr'>appellabant.</span> <span class='ocrx_word' id='word_1_151' title='bbox 1025 625 1103 662; x_wconf 85' lang='lat' dir='ltr'>Ergo</span> <span class='ocrx_word' id='word_1_152' title='bbox 1127 624 1318 660; x_wconf 69' lang='lat' dir='ltr'>intelligitur,</span> <span class='ocrx_word' id='word_1_153' title='bbox 1348 623 1378 650; x_wconf 88' lang='lat' dir='ltr'>in</span> <span class='ocrx_word' id='word_1_154' title='bbox 1402 621 1447 650; x_wconf 85' lang='lat' dir='ltr'>his</span> <span class='ocrx_word' id='word_1_155' title='bbox 1469 623 1592 650; x_wconf 76' lang='lat' dir='ltr'>vocibus</span> <span class='ocrx_word' id='word_1_156' title='bbox 1616 620 1818 660; x_wconf 86' lang='lat' dir='ltr'>procudendis</span> <span class='ocrx_word' id='word_1_157' title='bbox 1841 619 1963 647; x_wconf 83' lang='lat' dir='ltr'>eandem</span> <span class='ocrx_word' id='word_1_158' title='bbox 1988 630 2061 646; x_wconf 84' lang='lat' dir='ltr'>iior-</span> 
     </span>
     <span class='ocr_line' id='line_1_12' title="bbox 107 660 2060 707; baseline -0.006 -6"><span class='ocrx_word' id='word_1_159' title='bbox 107 683 186 701; x_wconf 86' lang='lat' dir='ltr'>mam</span> <span class='ocrx_word' id='word_1_160' title='bbox 210 672 427 699; x_wconf 73' lang='lat' dir='ltr'>demutatorum</span> <span class='ocrx_word' id='word_1_161' title='bbox 455 668 604 696; x_wconf 75' lang='lat' dir='ltr'>vocalium</span> <span class='ocrx_word' id='word_1_162' title='bbox 628 669 774 704; x_wconf 69' lang='lat' dir='ltr'>valuisse,</span> <span class='ocrx_word' id='word_1_163' title='bbox 805 679 891 706; x_wconf 88' lang='lat' dir='ltr'>quain</span> <span class='ocrx_word' id='word_1_164' title='bbox 916 679 1003 707; x_wconf 81' lang='lat' dir='ltr'>saepe</span> <span class='ocrx_word' id='word_1_165' title='bbox 1026 667 1305 700; x_wconf 73' lang='lat' dir='ltr'>animadvertimus,</span> <span class='ocrx_word' id='word_1_166' title='bbox 1337 677 1372 701; x_wconf 90' lang='lat' dir='ltr'>a,</span> <span class='ocrx_word' id='word_1_167' title='bbox 1401 676 1432 701; x_wconf 84' lang='lat' dir='ltr'>e,</span> <span class='ocrx_word' id='word_1_168' title='bbox 1459 665 1486 701; x_wconf 88' lang='lat' dir='ltr'>i,</span> <span class='ocrx_word' id='word_1_169' title='bbox 1517 675 1551 699; x_wconf 89' lang='lat' dir='ltr'>o,</span> <span class='ocrx_word' id='word_1_170' title='bbox 1582 665 1627 692; x_wconf 88' lang='lat' dir='ltr'>in:</span> <span class='ocrx_word' id='word_1_171' title='bbox 1658 662 1775 698; x_wconf 72' lang='lat' dir='ltr'>vatsch,</span> <span class='ocrx_word' id='word_1_172' title='bbox 1805 669 1899 697; x_wconf 80' lang='lat' dir='ltr'>vates,</span> <span class='ocrx_word' id='word_1_173' title='bbox 1925 660 2060 695; x_wconf 76' lang='lat' dir='ltr'>Fecialis,</span> 
     </span>
     <span class='ocr_line' id='line_1_13' title="bbox 111 710 1295 750; baseline -0.005 -6"><span class='ocrx_word' id='word_1_174' title='bbox 111 715 292 747; x_wconf 83' lang='lat' dir='ltr'>convicium,</span> <span class='ocrx_word' id='word_1_175' title='bbox 316 722 377 741; x_wconf 70' lang='lat' dir='ltr'>1¹0ae</span> <span class='ocrx_word' id='word_1_176' title='bbox 401 716 455 740; x_wconf 85' lang='lat' dir='ltr'>cet.</span> <span class='ocrx_word' id='word_1_177' title='bbox 500 711 550 739; x_wconf 85' lang='lat' dir='ltr'>Est</span> <span class='ocrx_word' id='word_1_178' title='bbox 574 711 663 748; x_wconf 83' lang='lat' dir='ltr'>igitur</span> <span class='ocrx_word' id='word_1_179' title='bbox 686 710 834 750; x_wconf 71' lang='lat' dir='ltr'>Profica,</span> <span class='ocrx_word' id='word_1_180' title='bbox 860 711 1040 750; x_wconf 84' lang='lat' dir='ltr'>praeloqua,</span> <span class='ocrx_word' id='word_1_181' title='bbox 1066 710 1295 748; x_wconf 81' lang='lat' dir='ltr'>praecantatrix.</span> 
     </span>
     <span class='ocr_line' id='line_1_14' title="bbox 271 747 2060 793; baseline -0.006 -9"><span class='ocrx_word' id='word_1_182' title='bbox 271 754 507 792; x_wconf 72' lang='lat' dir='ltr'>Praesagire.</span> <span class='ocrx_word' id='word_1_183' title='bbox 555 754 667 781; x_wconf 81' lang='lat' dir='ltr'>Glossis</span> <span class='ocrx_word' id='word_1_184' title='bbox 690 752 916 793; x_wconf 75' lang='grc' dir='ltr'><em>προμαντεύειν.</em></span> <span class='ocrx_word' id='word_1_185' title='bbox 951 754 1059 782; x_wconf 82' lang='lat' dir='ltr'>lisdem</span> <span class='ocrx_word' id='word_1_186' title='bbox 1075 753 1217 788; x_wconf 62' lang='lat' dir='ltr'>Praesagia</span> <span class='ocrx_word' id='word_1_187' title='bbox 1241 750 1412 790; x_wconf 73' lang='grc' dir='ltr'><em>πρόμαντις.</em></span> <span class='ocrx_word' id='word_1_188' title='bbox 1448 749 1561 778; x_wconf 76' lang='lat' dir='ltr'>Dicitur</span> <span class='ocrx_word' id='word_1_189' title='bbox 1585 751 1670 778; x_wconf 85' lang='lat' dir='ltr'>etiam</span> <span class='ocrx_word' id='word_1_190' title='bbox 1691 747 1877 788; x_wconf 74' lang='lat' dir='ltr'>praesagitur</span> <span class='ocrx_word' id='word_1_191' title='bbox 1899 756 1955 784; x_wconf 86' lang='lat' dir='ltr'>pro</span> <span class='ocrx_word' id='word_1_192' title='bbox 1975 757 2060 785; x_wconf 79' lang='lat' dir='ltr'>prae-</span> 
     </span>
     <span class='ocr_line' id='line_1_15' title="bbox 108 787 2000 839; baseline -0.006 -11"><span class='ocrx_word' id='word_1_193' title='bbox 108 800 186 839; x_wconf 75' lang='lat' dir='ltr'>sagit</span> <span class='ocrx_word' id='word_1_194' title='bbox 207 803 279 827; x_wconf 87' lang='lat' dir='ltr'>teste</span> <span class='ocrx_word' id='word_1_195' title='bbox 302 797 399 825; x_wconf 86' lang='lat' dir='ltr'>Nonio</span> <span class='ocrx_word' id='word_1_196' title='bbox 425 795 587 834; x_wconf 61' lang='lat' dir='ltr'>(pag-476·</span> <span class='ocrx_word' id='word_1_197' title='bbox 613 796 723 833; x_wconf 71' lang='lat' dir='ltr'>Mero).</span> <span class='ocrx_word' id='word_1_198' title='bbox 760 796 843 825; x_wconf 86' lang='lat' dir='ltr'>Adde</span> <span class='ocrx_word' id='word_1_199' title='bbox 867 797 942 825; x_wconf 84' lang='lat' dir='ltr'>iiisra</span> <span class='ocrx_word' id='word_1_200' title='bbox 968 795 1156 834; x_wconf 75' lang='lat' dir='ltr'>Praesagitio.</span> <span class='ocrx_word' id='word_1_201' title='bbox 1185 793 1287 823; x_wconf 75' lang='lat' dir='ltr'>Goth.</span> <span class='ocrx_word' id='word_1_202' title='bbox 1328 792 1444 832; x_wconf 74' lang='lat' dir='ltr'>Sagaoe.</span> <span class='ocrx_word' id='word_1_203' title='bbox 1482 793 1554 820; x_wconf 82' lang='lat' dir='ltr'>Vide</span> <span class='ocrx_word' id='word_1_204' title='bbox 1577 793 1653 820; x_wconf 86' lang='lat' dir='ltr'>infra</span> <span class='ocrx_word' id='word_1_205' title='bbox 1678 790 1815 830; x_wconf 74' lang='lat' dir='ltr'>Sagaces.</span> <span class='ocrx_word' id='word_1_206' title='bbox 1860 787 1969 836; x_wconf 53' lang='lat' dir='ltr'>idem.</span> <span class='ocrx_word' id='word_1_207' title='bbox 1995 831 2000 837; x_wconf 98' lang='lat'>.</span> 
     </span>
     <span class='ocr_line' id='line_1_16' title="bbox 274 829 2060 878; baseline -0.007 -9"><span class='ocrx_word' id='word_1_208' title='bbox 274 837 548 869; x_wconf 82' lang='lat' dir='ltr'>Praecidanea.</span> <span class='ocrx_word' id='word_1_209' title='bbox 595 839 742 867; x_wconf 79' lang='lat' dir='ltr'>Barbarus</span> <span class='ocrx_word' id='word_1_210' title='bbox 766 840 916 868; x_wconf 82' lang='lat' dir='ltr'>iiiutilator</span> <span class='ocrx_word' id='word_1_211' title='bbox 939 844 1025 878; x_wconf 80' lang='lat' dir='ltr'>putat</span> <span class='ocrx_word' id='word_1_212' title='bbox 1048 848 1062 866; x_wconf 88' lang='lat' dir='ltr'>a</span> <span class='ocrx_word' id='word_1_213' title='bbox 1083 836 1288 877; x_wconf 75' lang='lat' dir='ltr'>praecidendis</span> <span class='ocrx_word' id='word_1_214' title='bbox 1308 834 1462 876; x_wconf 74' lang='lat' dir='ltr'>frugibus,</span> <span class='ocrx_word' id='word_1_215' title='bbox 1494 845 1553 863; x_wconf 89' lang='lat' dir='ltr'>non</span> <span class='ocrx_word' id='word_1_216' title='bbox 1576 835 1717 870; x_wconf 76' lang='lat' dir='ltr'>advertit,</span> <span class='ocrx_word' id='word_1_217' title='bbox 1749 832 1819 871; x_wconf 87' lang='lat' dir='ltr'>quid</span> <span class='ocrx_word' id='word_1_218' title='bbox 1844 836 1881 878; x_wconf 77' lang='lat' dir='ltr'>sit</span> <span class='ocrx_word' id='word_1_219' title='bbox 1902 829 2060 878; x_wconf 61' lang='lat' dir='ltr'>praecida—</span> 
     </span>
     <span class='ocr_line' id='line_1_17' title="bbox 108 873 2061 920; baseline -0.005 -9"><span class='ocrx_word' id='word_1_220' title='bbox 108 895 176 919; x_wconf 86' lang='lat' dir='ltr'>nea,</span> <span class='ocrx_word' id='word_1_221' title='bbox 207 883 280 920; x_wconf 90' lang='lat' dir='ltr'>quid</span> <span class='ocrx_word' id='word_1_222' title='bbox 303 882 372 910; x_wconf 85' lang='lat' dir='ltr'>item</span> <span class='ocrx_word' id='word_1_223' title='bbox 395 880 591 916; x_wconf 71' lang='lat' dir='ltr'>succidanea,</span> <span class='ocrx_word' id='word_1_224' title='bbox 629 882 820 919; x_wconf 80' lang='lat' dir='ltr'>praecidanea</span> <span class='ocrx_word' id='word_1_225' title='bbox 850 882 946 911; x_wconf 88' lang='lat' dir='ltr'>hostia</span> <span class='ocrx_word' id='word_1_226' title='bbox 975 881 1146 910; x_wconf 79' lang='lat' dir='ltr'>imitabatur</span> <span class='ocrx_word' id='word_1_227' title='bbox 1171 881 1353 908; x_wconf 73' lang='lat' dir='ltr'>Graecorum</span> <span class='ocrx_word' id='word_1_228' title='bbox 1383 877 1571 915; x_wconf 77' lang='grc' dir='ltr'><strong><em>προτέλειαν,·</em></strong></span> <span class='ocrx_word' id='word_1_229' title='bbox 1609 887 1681 915; x_wconf 85' lang='lat' dir='ltr'>quae</span> <span class='ocrx_word' id='word_1_230' title='bbox 1711 880 1779 904; x_wconf 89' lang='lat' dir='ltr'>sunt</span> <span class='ocrx_word' id='word_1_231' title='bbox 1803 876 1899 902; x_wconf 85' lang='lat' dir='ltr'>Atteio</span> <span class='ocrx_word' id='word_1_232' title='bbox 1923 873 2061 911; x_wconf 84' lang='lat' dir='ltr'>Capitoni</span> 
     </span>
     <span class='ocr_line' id='line_1_18' title="bbox 103 915 2060 966; baseline -0.006 -13"><span class='ocrx_word' id='word_1_233' title='bbox 103 925 200 966; x_wconf 74' lang='lat' dir='ltr'>feriae</span> <span class='ocrx_word' id='word_1_234' title='bbox 218 923 446 964; x_wconf 79' lang='lat' dir='ltr'>praecidaneae,</span> <span class='ocrx_word' id='word_1_235' title='bbox 476 924 596 951; x_wconf 82' lang='lat' dir='ltr'>Graecis</span> <span class='ocrx_word' id='word_1_236' title='bbox 621 934 670 952; x_wconf 87' lang='lat' dir='ltr'>eae</span> <span class='ocrx_word' id='word_1_237' title='bbox 693 925 862 963; x_wconf 75' lang='grc' dir='ltr'><em>προτέλειος</em></span> <span class='ocrx_word' id='word_1_238' title='bbox 885 922 999 964; x_wconf 69' lang='grc' dir='ltr'><em>ἡμέρα,</em></span> <span class='ocrx_word' id='word_1_239' title='bbox 1039 922 1215 952; x_wconf 76' lang='lat' dir='ltr'>succidanea</span> <span class='ocrx_word' id='word_1_240' title='bbox 1237 920 1271 951; x_wconf 63' lang='lat' dir='ltr'>rc}</span> <span class='ocrx_word' id='word_1_241' title='bbox 1296 918 1416 956; x_wconf 68' lang='grc' dir='ltr'>ὀξύτερα</span> <span class='ocrx_word' id='word_1_242' title='bbox 1440 917 1571 958; x_wconf 66' lang='grc' dir='ltr'><em>ἀμείνω,</em></span> <span class='ocrx_word' id='word_1_243' title='bbox 1602 925 1628 947; x_wconf 86' lang='lat' dir='ltr'>et</span> <span class='ocrx_word' id='word_1_244' title='bbox 1651 929 1709 948; x_wconf 89' lang='lat' dir='ltr'>non</span> <span class='ocrx_word' id='word_1_245' title='bbox 1734 929 1748 946; x_wconf 91' lang='lat' dir='ltr'>a</span> <span class='ocrx_word' id='word_1_246' title='bbox 1773 916 1938 966; x_wconf 65' lang='lat' dir='ltr'>caedendQ</span> <span class='ocrx_word' id='word_1_247' title='bbox 1954 915 2020 964; x_wconf 43' lang='lat' dir='ltr'>&#39;sed</span> <span class='ocrx_word' id='word_1_248' title='bbox 2044 927 2060 944; x_wconf 86' lang='lat' dir='ltr'>a</span> 
     </span>
     <span class='ocr_line' id='line_1_19' title="bbox 108 956 2059 1006; baseline -0.005 -11"><span class='ocrx_word' id='word_1_249' title='bbox 108 968 241 995; x_wconf 77' lang='lat' dir='ltr'>cedendo</span> <span class='ocrx_word' id='word_1_250' title='bbox 266 977 320 1006; x_wconf 79' lang='lat' dir='ltr'>per</span> <span class='ocrx_word' id='word_1_251' title='bbox 343 978 371 1003; x_wconf 83' lang='lat' dir='ltr'>e,</span> <span class='ocrx_word' id='word_1_252' title='bbox 396 966 473 995; x_wconf 87' lang='lat' dir='ltr'>unde</span> <span class='ocrx_word' id='word_1_253' title='bbox 497 966 714 995; x_wconf 79' lang='lat' dir='ltr'>succedaneum</span> <span class='ocrx_word' id='word_1_254' title='bbox 740 967 824 995; x_wconf 84' lang='lat' dir='ltr'>etiam</span> <span class='ocrx_word' id='word_1_255' title='bbox 848 968 926 1005; x_wconf 90' lang='lat' dir='ltr'>apud</span> <span class='ocrx_word' id='word_1_256' title='bbox 951 966 1190 996; x_wconf 77' lang='lat' dir='ltr'>iurisconsultus.</span> <span class='ocrx_word' id='word_1_257' title='bbox 1225 965 1338 993; x_wconf 79' lang='lat' dir='ltr'>Gellius</span> <span class='ocrx_word' id='word_1_258' title='bbox 1361 963 1456 991; x_wconf 84' lang='lat' dir='ltr'>aliter.</span> <span class='ocrx_word' id='word_1_259' title='bbox 1481 961 1577 991; x_wconf 83' lang='lat' dir='ltr'>Scal.</span> <span class='ocrx_word' id='word_1_260' title='bbox 1608 962 1697 999; x_wconf 82' lang='lat' dir='ltr'>(Vide</span> <span class='ocrx_word' id='word_1_261' title='bbox 1713 958 1910 989; x_wconf 78' lang='lat' dir='ltr'>Praecidanea</span> <span class='ocrx_word' id='word_1_262' title='bbox 1928 956 2059 1005; x_wconf 64' lang='lat' dir='ltr'>dicitur.)</span> 
     </span>
     <span class='ocr_line' id='line_1_20' title="bbox 109 1001 2059 1048; baseline -0.006 -10"><span class='ocrx_word' id='word_1_263' title='bbox 109 1009 307 1039; x_wconf 82' lang='lat' dir='ltr'>Praecidanea</span> <span class='ocrx_word' id='word_1_264' title='bbox 331 1020 418 1048; x_wconf 75' lang='lat' dir='ltr'>agna.</span> <span class='ocrx_word' id='word_1_265' title='bbox 459 1009 675 1037; x_wconf 84' lang='lat' dir='ltr'>Praecidaneae</span> <span class='ocrx_word' id='word_1_266' title='bbox 698 1013 726 1037; x_wconf 86' lang='lat' dir='ltr'>et</span> <span class='ocrx_word' id='word_1_267' title='bbox 749 1011 942 1039; x_wconf 70' lang='lat' dir='ltr'>succidaneae</span> <span class='ocrx_word' id='word_1_268' title='bbox 964 1009 1078 1038; x_wconf 79' lang='lat' dir='ltr'>hostiae</span> <span class='ocrx_word' id='word_1_269' title='bbox 1099 1019 1159 1037; x_wconf 89' lang='lat' dir='ltr'>non</span> <span class='ocrx_word' id='word_1_270' title='bbox 1185 1019 1198 1036; x_wconf 88' lang='lat' dir='ltr'>a</span> <span class='ocrx_word' id='word_1_271' title='bbox 1223 1005 1422 1046; x_wconf 79' lang='lat' dir='ltr'>praecidendo</span> <span class='ocrx_word' id='word_1_272' title='bbox 1446 1010 1475 1033; x_wconf 87' lang='lat' dir='ltr'>et</span> <span class='ocrx_word' id='word_1_273' title='bbox 1498 1005 1678 1032; x_wconf 84' lang='lat' dir='ltr'>succidendo</span> <span class='ocrx_word' id='word_1_274' title='bbox 1702 1004 1796 1031; x_wconf 85' lang='lat' dir='ltr'>dictae</span> <span class='ocrx_word' id='word_1_275' title='bbox 1819 1006 1904 1036; x_wconf 82' lang='lat' dir='ltr'>sunt,</span> <span class='ocrx_word' id='word_1_276' title='bbox 1928 1005 1960 1028; x_wconf 93' lang='lat' dir='ltr'>ut</span> <span class='ocrx_word' id='word_1_277' title='bbox 1982 1001 2059 1028; x_wconf 83' lang='lat' dir='ltr'>infra</span> 
     </span>
     <span class='ocr_line' id='line_1_21' title="bbox 107 1044 2060 1092; baseline -0.005 -12"><span class='ocrx_word' id='word_1_278' title='bbox 107 1057 193 1091; x_wconf 84' lang='lat' dir='ltr'>putat</span> <span class='ocrx_word' id='word_1_279' title='bbox 217 1053 333 1087; x_wconf 75' lang='lat' dir='ltr'>Festus,</span> <span class='ocrx_word' id='word_1_280' title='bbox 357 1052 408 1079; x_wconf 85' lang='lat' dir='ltr'>sed</span> <span class='ocrx_word' id='word_1_281' title='bbox 432 1062 446 1079; x_wconf 88' lang='lat' dir='ltr'>a</span> <span class='ocrx_word' id='word_1_282' title='bbox 470 1051 678 1090; x_wconf 83' lang='lat' dir='ltr'>praecedendo</span> <span class='ocrx_word' id='word_1_283' title='bbox 702 1057 730 1080; x_wconf 83' lang='lat' dir='ltr'>et</span> <span class='ocrx_word' id='word_1_284' title='bbox 754 1053 951 1081; x_wconf 80' lang='lat' dir='ltr'>succedendo.</span> <span class='ocrx_word' id='word_1_285' title='bbox 992 1053 1073 1080; x_wconf 86' lang='lat' dir='ltr'>Unde</span> <span class='ocrx_word' id='word_1_286' title='bbox 1097 1057 1124 1079; x_wconf 88' lang='lat' dir='ltr'>et</span> <span class='ocrx_word' id='word_1_287' title='bbox 1148 1050 1363 1090; x_wconf 75' lang='lat' dir='ltr'>praecidaneae</span> <span class='ocrx_word' id='word_1_288' title='bbox 1386 1048 1491 1083; x_wconf 86' lang='lat' dir='ltr'>seriae,</span> <span class='ocrx_word' id='word_1_289' title='bbox 1517 1047 1745 1085; x_wconf 80' lang='lat' dir='ltr'>praecidaneum</span> <span class='ocrx_word' id='word_1_290' title='bbox 1770 1053 1887 1072; x_wconf 82' lang='lat' dir='ltr'>sacrum</span> <span class='ocrx_word' id='word_1_291' title='bbox 1910 1048 1965 1073; x_wconf 78' lang='lat' dir='ltr'>etc.</span> <span class='ocrx_word' id='word_1_292' title='bbox 2004 1044 2060 1092; x_wconf 73' lang='lat' dir='ltr'>Pro</span> 
     </span>
     <span class='ocr_line' id='line_1_22' title="bbox 108 1083 2060 1135; baseline -0.005 -12"><span class='ocrx_word' id='word_1_293' title='bbox 108 1095 306 1133; x_wconf 75' lang='lat' dir='ltr'>praecidaneo</span> <span class='ocrx_word' id='word_1_294' title='bbox 330 1095 468 1122; x_wconf 84' lang='lat' dir='ltr'>dicebant</span> <span class='ocrx_word' id='word_1_295' title='bbox 491 1095 577 1122; x_wconf 83' lang='lat' dir='ltr'>etiam</span> <span class='ocrx_word' id='word_1_296' title='bbox 604 1095 836 1132; x_wconf 80' lang='lat' dir='ltr'>praecidarium,</span> <span class='ocrx_word' id='word_1_297' title='bbox 862 1101 894 1123; x_wconf 85' lang='lat' dir='ltr'>ut</span> <span class='ocrx_word' id='word_1_298' title='bbox 913 1094 1075 1135; x_wconf 80' lang='lat' dir='ltr'>pedaneum</span> <span class='ocrx_word' id='word_1_299' title='bbox 1099 1098 1127 1122; x_wconf 85' lang='lat' dir='ltr'>et</span> <span class='ocrx_word' id='word_1_300' title='bbox 1146 1092 1301 1133; x_wconf 86' lang='lat' dir='ltr'>pedarium</span> <span class='ocrx_word' id='word_1_301' title='bbox 1324 1097 1352 1121; x_wconf 86' lang='lat' dir='ltr'>et</span> <span class='ocrx_word' id='word_1_302' title='bbox 1375 1091 1489 1118; x_wconf 85' lang='lat' dir='ltr'>similia.</span> <span class='ocrx_word' id='word_1_303' title='bbox 1514 1090 1601 1118; x_wconf 82' lang='lat' dir='ltr'>Dae.</span> <span class='ocrx_word' id='word_1_304' title='bbox 1645 1088 1715 1117; x_wconf 77' lang='lat' dir='ltr'>Item</span> <span class='ocrx_word' id='word_1_305' title='bbox 1737 1097 1844 1126; x_wconf 84' lang='lat' dir='ltr'>porca,</span> <span class='ocrx_word' id='word_1_306' title='bbox 1869 1096 1942 1135; x_wconf 76' lang='lat' dir='ltr'>quae</span> <span class='ocrx_word' id='word_1_307' title='bbox 1966 1083 2060 1134; x_wconf 53' lang='lat' dir='ltr'>Geren</span> 
     </span>
     <span class='ocr_line' id='line_1_23' title="bbox 106 1126 2059 1178; baseline -0.005 -12"><span class='ocrx_word' id='word_1_308' title='bbox 106 1137 294 1166; x_wconf 76' lang='lat' dir='ltr'>mactabatur</span> <span class='ocrx_word' id='word_1_309' title='bbox 316 1137 353 1165; x_wconf 85' lang='lat' dir='ltr'>ab</span> <span class='ocrx_word' id='word_1_310' title='bbox 377 1149 418 1167; x_wconf 80' lang='lat' dir='ltr'>eo.</span> <span class='ocrx_word' id='word_1_311' title='bbox 462 1137 573 1165; x_wconf 76' lang='lat' dir='ltr'>Marius</span> <span class='ocrx_word' id='word_1_312' title='bbox 599 1137 739 1166; x_wconf 84' lang='lat' dir='ltr'>Victoriii.</span> <span class='ocrx_word' id='word_1_313' title='bbox 764 1138 814 1168; x_wconf 89' lang='lat' dir='ltr'>lib.</span> <span class='ocrx_word' id='word_1_314' title='bbox 829 1139 850 1166; x_wconf 90' lang='lat' dir='ltr'>l.</span> <span class='ocrx_word' id='word_1_315' title='bbox 876 1140 946 1167; x_wconf 84' lang='lat' dir='ltr'>artis</span> <span class='ocrx_word' id='word_1_316' title='bbox 972 1139 1149 1172; x_wconf 80' lang='lat' dir='ltr'>Grammat.:</span> <span class='ocrx_word' id='word_1_317' title='bbox 1186 1134 1245 1173; x_wconf 76' lang='lat' dir='ltr'>Qui</span> <span class='ocrx_word' id='word_1_318' title='bbox 1268 1137 1344 1163; x_wconf 84' lang='lat' dir='ltr'>iusta</span> <span class='ocrx_word' id='word_1_319' title='bbox 1368 1133 1506 1172; x_wconf 75' lang='lat' dir='ltr'>defuncto</span> <span class='ocrx_word' id='word_1_320' title='bbox 1530 1143 1588 1160; x_wconf 87' lang='lat' dir='ltr'>non</span> <span class='ocrx_word' id='word_1_321' title='bbox 1607 1132 1754 1171; x_wconf 77' lang='lat' dir='ltr'>fecerunt,</span> <span class='ocrx_word' id='word_1_322' title='bbox 1792 1137 1841 1178; x_wconf 79' lang='lat' dir='ltr'>aut</span> <span class='ocrx_word' id='word_1_323' title='bbox 1865 1140 1894 1157; x_wconf 81' lang='grc' dir='ltr'>ιη</span> <span class='ocrx_word' id='word_1_324' title='bbox 1916 1126 2059 1167; x_wconf 71' lang='lat' dir='ltr'>faciendo</span> 
     </span>
     <span class='ocr_line' id='line_1_24' title="bbox 104 1170 2060 1220; baseline -0.007 -11"><span class='ocrx_word' id='word_1_325' title='bbox 104 1187 282 1219; x_wconf 79' lang='lat' dir='ltr'>peccarunt.</span> <span class='ocrx_word' id='word_1_326' title='bbox 307 1179 352 1208; x_wconf 74' lang='lat' dir='ltr'>his</span> <span class='ocrx_word' id='word_1_327' title='bbox 372 1190 464 1218; x_wconf 82' lang='lat' dir='ltr'>poi-ca</span> <span class='ocrx_word' id='word_1_328' title='bbox 488 1178 686 1215; x_wconf 76' lang='lat' dir='ltr'>contrahitur,</span> <span class='ocrx_word' id='word_1_329' title='bbox 713 1191 800 1220; x_wconf 88' lang='lat' dir='ltr'>quam</span> <span class='ocrx_word' id='word_1_330' title='bbox 825 1180 959 1209; x_wconf 75' lang='lat' dir='ltr'>omnibus</span> <span class='ocrx_word' id='word_1_331' title='bbox 981 1181 1067 1208; x_wconf 82' lang='lat' dir='ltr'>annis</span> <span class='ocrx_word' id='word_1_332' title='bbox 1090 1177 1240 1208; x_wconf 83' lang='lat' dir='ltr'>immolari</span> <span class='ocrx_word' id='word_1_333' title='bbox 1262 1184 1389 1217; x_wconf 78' lang='lat' dir='ltr'>oportet,</span> <span class='ocrx_word' id='word_1_334' title='bbox 1414 1183 1569 1215; x_wconf 75' lang='lat' dir='ltr'>antequam</span> <span class='ocrx_word' id='word_1_335' title='bbox 1592 1185 1695 1202; x_wconf 82' lang='lat' dir='ltr'>novam</span> <span class='ocrx_word' id='word_1_336' title='bbox 1720 1183 1805 1212; x_wconf 71' lang='lat' dir='ltr'>quasi</span> <span class='ocrx_word' id='word_1_337' title='bbox 1828 1170 1933 1220; x_wconf 46' lang='lat' dir='ltr'>dapem·</span> <span class='ocrx_word' id='word_1_338' title='bbox 1953 1177 2060 1218; x_wconf 77' lang='lat' dir='ltr'>mereat</span> 
     </span>
     <span class='ocr_line' id='line_1_25' title="bbox 107 1211 2059 1262; baseline -0.006 -11"><span class='ocrx_word' id='word_1_339' title='bbox 107 1222 142 1251; x_wconf 83' lang='lat' dir='ltr'>de</span> <span class='ocrx_word' id='word_1_340' title='bbox 163 1234 192 1251; x_wconf 78' lang='lat' dir='ltr'>se</span> <span class='ocrx_word' id='word_1_341' title='bbox 215 1233 323 1261; x_wconf 83' lang='lat' dir='ltr'>capere.</span> <span class='ocrx_word' id='word_1_342' title='bbox 369 1222 482 1250; x_wconf 86' lang='lat' dir='ltr'>Gellius</span> <span class='ocrx_word' id='word_1_343' title='bbox 511 1222 600 1260; x_wconf 89' lang='lat' dir='ltr'>paulo</span> <span class='ocrx_word' id='word_1_344' title='bbox 626 1222 714 1250; x_wconf 88' lang='lat' dir='ltr'>latius</span> <span class='ocrx_word' id='word_1_345' title='bbox 737 1223 787 1251; x_wconf 88' lang='lat' dir='ltr'>lib.</span> <span class='ocrx_word' id='word_1_346' title='bbox 801 1223 849 1252; x_wconf 87' lang='lat' dir='ltr'>IV.</span> <span class='ocrx_word' id='word_1_347' title='bbox 875 1234 938 1262; x_wconf 87' lang='lat' dir='ltr'>cap.</span> <span class='ocrx_word' id='word_1_348' title='bbox 953 1226 998 1254; x_wconf 87' lang='lat'>6.:</span> <span class='ocrx_word' id='word_1_349' title='bbox 1036 1221 1133 1251; x_wconf 74' lang='lat' dir='ltr'>Por-ca</span> <span class='ocrx_word' id='word_1_350' title='bbox 1161 1221 1246 1249; x_wconf 84' lang='lat' dir='ltr'>etiam</span> <span class='ocrx_word' id='word_1_351' title='bbox 1276 1218 1472 1258; x_wconf 82' lang='lat' dir='ltr'>praecidanea</span> <span class='ocrx_word' id='word_1_352' title='bbox 1502 1215 1670 1256; x_wconf 80' lang='lat' dir='ltr'>appellata,</span> <span class='ocrx_word' id='word_1_353' title='bbox 1703 1225 1790 1256; x_wconf 88' lang='lat' dir='ltr'>quam</span> <span class='ocrx_word' id='word_1_354' title='bbox 1819 1211 1933 1252; x_wconf 77' lang='lat' dir='ltr'>piaculi</span> <span class='ocrx_word' id='word_1_355' title='bbox 1958 1219 2059 1250; x_wconf 74' lang='lat' dir='ltr'>gratia</span> 
     </span>
     <span class='ocr_line' id='line_1_26' title="bbox 106 1259 2059 1305; baseline -0.006 -12"><span class='ocrx_word' id='word_1_356' title='bbox 106 1273 174 1293; x_wconf 76' lang='lat' dir='ltr'>ante</span> <span class='ocrx_word' id='word_1_357' title='bbox 192 1264 296 1305; x_wconf 74' lang='lat' dir='ltr'>fruges</span> <span class='ocrx_word' id='word_1_358' title='bbox 318 1275 409 1292; x_wconf 84' lang='lat' dir='ltr'>novas</span> <span class='ocrx_word' id='word_1_359' title='bbox 426 1264 495 1301; x_wconf 84' lang='lat' dir='ltr'>fieri</span> <span class='ocrx_word' id='word_1_360' title='bbox 517 1271 634 1303; x_wconf 82' lang='lat' dir='ltr'>coeptas</span> <span class='ocrx_word' id='word_1_361' title='bbox 657 1264 807 1293; x_wconf 82' lang='lat' dir='ltr'>immolari</span> <span class='ocrx_word' id='word_1_362' title='bbox 830 1264 925 1294; x_wconf 81' lang='lat' dir='ltr'>Cereri</span> <span class='ocrx_word' id='word_1_363' title='bbox 946 1277 1009 1294; x_wconf 82' lang='lat' dir='ltr'>mos</span> <span class='ocrx_word' id='word_1_364' title='bbox 1035 1264 1109 1303; x_wconf 73' lang='lat' dir='ltr'>fuit,</span> <span class='ocrx_word' id='word_1_365' title='bbox 1147 1264 1173 1292; x_wconf 84' lang='lat' dir='ltr'>si</span> <span class='ocrx_word' id='word_1_366' title='bbox 1194 1264 1245 1302; x_wconf 85' lang='lat' dir='ltr'>qui</span> <span class='ocrx_word' id='word_1_367' title='bbox 1266 1261 1416 1301; x_wconf 73' lang='lat' dir='ltr'>familiam</span> <span class='ocrx_word' id='word_1_368' title='bbox 1439 1259 1588 1300; x_wconf 79' lang='lat' dir='ltr'>funestam</span> <span class='ocrx_word' id='word_1_369' title='bbox 1612 1266 1661 1287; x_wconf 84' lang='lat' dir='ltr'>aut</span> <span class='ocrx_word' id='word_1_370' title='bbox 1685 1269 1741 1287; x_wconf 85' lang='lat' dir='ltr'>non</span> <span class='ocrx_word' id='word_1_371' title='bbox 1762 1261 1971 1304; x_wconf 74' lang='lat' dir='ltr'>purgaverant,</span> <span class='ocrx_word' id='word_1_372' title='bbox 2008 1261 2059 1281; x_wconf 76' lang='lat' dir='ltr'>aut</span> 
     </span>
     <span class='ocr_line' id='line_1_27' title="bbox 106 1296 2060 1346; baseline -0.008 -6"><span class='ocrx_word' id='word_1_373' title='bbox 106 1306 193 1336; x_wconf 78' lang='lat' dir='ltr'>aliter</span> <span class='ocrx_word' id='word_1_374' title='bbox 214 1317 278 1335; x_wconf 86' lang='lat' dir='ltr'>eam</span> <span class='ocrx_word' id='word_1_375' title='bbox 301 1318 375 1341; x_wconf 83' lang='lat' dir='ltr'>rem,</span> <span class='ocrx_word' id='word_1_376' title='bbox 399 1317 486 1346; x_wconf 83' lang='lat' dir='ltr'>quam</span> <span class='ocrx_word' id='word_1_377' title='bbox 511 1314 692 1344; x_wconf 79' lang='lat' dir='ltr'>oportuerat,</span> <span class='ocrx_word' id='word_1_378' title='bbox 714 1316 954 1345; x_wconf 77' lang='lat' dir='ltr'>procuraverant.</span> <span class='ocrx_word' id='word_1_379' title='bbox 974 1306 1085 1337; x_wconf 80' lang='lat' dir='ltr'>Idem,</span> <span class='ocrx_word' id='word_1_380' title='bbox 1121 1305 1157 1335; x_wconf 81' lang='lat' dir='ltr'>Id</span> <span class='ocrx_word' id='word_1_381' title='bbox 1179 1314 1219 1334; x_wconf 80' lang='lat' dir='ltr'>est</span> <span class='ocrx_word' id='word_1_382' title='bbox 1239 1304 1357 1344; x_wconf 74' lang='lat' dir='ltr'>glebam</span> <span class='ocrx_word' id='word_1_383' title='bbox 1380 1314 1437 1332; x_wconf 82' lang='lat' dir='ltr'>non</span> <span class='ocrx_word' id='word_1_384' title='bbox 1460 1302 1617 1331; x_wconf 79' lang='lat' dir='ltr'>obiecisset.</span> <span class='ocrx_word' id='word_1_385' title='bbox 1650 1301 1742 1329; x_wconf 80' lang='lat' dir='ltr'>Gleba</span> <span class='ocrx_word' id='word_1_386' title='bbox 1764 1300 1814 1327; x_wconf 83' lang='lat' dir='ltr'>illa</span> <span class='ocrx_word' id='word_1_387' title='bbox 1836 1308 1867 1325; x_wconf 89' lang='lat' dir='ltr'>in</span> <span class='ocrx_word' id='word_1_388' title='bbox 1892 1308 1924 1325; x_wconf 92' lang='lat' dir='ltr'>os</span> <span class='ocrx_word' id='word_1_389' title='bbox 1946 1296 2060 1324; x_wconf 80' lang='lat' dir='ltr'>solebat</span> 
     </span>
     <span class='ocr_line' id='line_1_28' title="bbox 105 1338 2060 1392; baseline -0.006 -14"><span class='ocrx_word' id='word_1_390' title='bbox 105 1350 196 1379; x_wconf 86' lang='lat' dir='ltr'>iniici.</span> <span class='ocrx_word' id='word_1_391' title='bbox 242 1349 344 1377; x_wconf 80' lang='lat' dir='ltr'>Cicero</span> <span class='ocrx_word' id='word_1_392' title='bbox 361 1349 397 1377; x_wconf 91' lang='lat' dir='ltr'>ll.</span> <span class='ocrx_word' id='word_1_393' title='bbox 421 1350 456 1376; x_wconf 90' lang='lat' dir='ltr'>de</span> <span class='ocrx_word' id='word_1_394' title='bbox 480 1348 564 1386; x_wconf 85' lang='lat' dir='ltr'>Legg.</span> <span class='ocrx_word' id='word_1_395' title='bbox 588 1349 657 1387; x_wconf 80' lang='lat'>(22,</span> <span class='ocrx_word' id='word_1_396' title='bbox 682 1350 732 1380; x_wconf 71' lang='lat'>58.</span> <span class='ocrx_word' id='word_1_397' title='bbox 759 1350 826 1377; x_wconf 87' lang='lat' dir='ltr'>vide</span> <span class='ocrx_word' id='word_1_398' title='bbox 849 1350 890 1378; x_wconf 93' lang='lat' dir='ltr'>ibi</span> <span class='ocrx_word' id='word_1_399' title='bbox 913 1351 1057 1379; x_wconf 86' lang='lat' dir='ltr'>Goereiiz.</span> <span class='ocrx_word' id='word_1_400' title='bbox 1081 1348 1273 1387; x_wconf 74' lang='lat' dir='ltr'>Excurs.1.):</span> <span class='ocrx_word' id='word_1_401' title='bbox 1314 1346 1490 1386; x_wconf 82' lang='lat' dir='ltr'>Priusquam</span> <span class='ocrx_word' id='word_1_402' title='bbox 1520 1346 1549 1372; x_wconf 89' lang='lat' dir='ltr'>in</span> <span class='ocrx_word' id='word_1_403' title='bbox 1581 1355 1613 1373; x_wconf 89' lang='lat' dir='ltr'>os</span> <span class='ocrx_word' id='word_1_404' title='bbox 1644 1344 1750 1392; x_wconf 62' lang='lat' dir='ltr'>iniecta</span> <span class='ocrx_word' id='word_1_405' title='bbox 1776 1340 1864 1380; x_wconf 78' lang='lat' dir='ltr'>gleba</span> <span class='ocrx_word' id='word_1_406' title='bbox 1886 1347 1939 1375; x_wconf 82' lang='lat' dir='ltr'>est,</span> <span class='ocrx_word' id='word_1_407' title='bbox 1976 1338 2060 1388; x_wconf 76' lang='lat' dir='ltr'>locus</span> 
     </span>
     <span class='ocr_line' id='line_1_29' title="bbox 105 1380 2059 1432; baseline -0.006 -12"><span class='ocrx_word' id='word_1_408' title='bbox 105 1391 172 1429; x_wconf 81' lang='lat' dir='ltr'>ille,</span> <span class='ocrx_word' id='word_1_409' title='bbox 199 1391 249 1420; x_wconf 84' lang='lat' dir='ltr'>ubi</span> <span class='ocrx_word' id='word_1_410' title='bbox 272 1398 431 1420; x_wconf 86' lang='lat' dir='ltr'>crematum</span> <span class='ocrx_word' id='word_1_411' title='bbox 456 1398 496 1418; x_wconf 84' lang='lat' dir='ltr'>est</span> <span class='ocrx_word' id='word_1_412' title='bbox 519 1401 640 1430; x_wconf 84' lang='lat' dir='ltr'>corpus,</span> <span class='ocrx_word' id='word_1_413' title='bbox 673 1390 750 1420; x_wconf 75' lang='lat' dir='ltr'>nihil</span> <span class='ocrx_word' id='word_1_414' title='bbox 769 1391 854 1420; x_wconf 80' lang='lat' dir='ltr'>habet</span> <span class='ocrx_word' id='word_1_415' title='bbox 878 1391 1035 1432; x_wconf 73' lang='lat' dir='ltr'>religionis.</span> <span class='ocrx_word' id='word_1_416' title='bbox 1081 1392 1176 1421; x_wconf 79' lang='lat' dir='ltr'>valer.</span> <span class='ocrx_word' id='word_1_417' title='bbox 1203 1391 1280 1419; x_wconf 82' lang='lat' dir='ltr'>Max.</span> <span class='ocrx_word' id='word_1_418' title='bbox 1303 1390 1353 1418; x_wconf 91' lang='lat' dir='ltr'>lib.</span> <span class='ocrx_word' id='word_1_419' title='bbox 1366 1389 1400 1417; x_wconf 86' lang='lat' dir='ltr'>V.</span> <span class='ocrx_word' id='word_1_420' title='bbox 1424 1398 1487 1426; x_wconf 90' lang='lat' dir='ltr'>cap.</span> <span class='ocrx_word' id='word_1_421' title='bbox 1501 1389 1547 1418; x_wconf 82' lang='lat'>3.:</span> <span class='ocrx_word' id='word_1_422' title='bbox 1579 1385 1648 1415; x_wconf 79' lang='lat' dir='ltr'>Post</span> <span class='ocrx_word' id='word_1_423' title='bbox 1671 1384 1781 1415; x_wconf 82' lang='lat' dir='ltr'>obztum</span> <span class='ocrx_word' id='word_1_424' title='bbox 1802 1381 1916 1412; x_wconf 82' lang='lat' dir='ltr'>nullam</span> <span class='ocrx_word' id='word_1_425' title='bbox 1938 1380 2059 1410; x_wconf 77' lang='lat' dir='ltr'>Amcae</span> 
     </span>
     <span class='ocr_line' id='line_1_30' title="bbox 106 1426 1776 1474; baseline -0.005 -11"><span class='ocrx_word' id='word_1_426' title='bbox 106 1435 248 1474; x_wconf 79' lang='lat' dir='ltr'>regionis,</span> <span class='ocrx_word' id='word_1_427' title='bbox 271 1445 345 1474; x_wconf 87' lang='lat' dir='ltr'>quae</span> <span class='ocrx_word' id='word_1_428' title='bbox 366 1433 480 1462; x_wconf 78' lang='lat' dir='ltr'>ossibus</span> <span class='ocrx_word' id='word_1_429' title='bbox 502 1433 561 1461; x_wconf 84' lang='lat' dir='ltr'>eius</span> <span class='ocrx_word' id='word_1_430' title='bbox 584 1434 764 1471; x_wconf 78' lang='lat' dir='ltr'>iniiceretur,</span> <span class='ocrx_word' id='word_1_431' title='bbox 784 1433 901 1473; x_wconf 77' lang='lat' dir='ltr'>glebam</span> <span class='ocrx_word' id='word_1_432' title='bbox 925 1436 1042 1464; x_wconf 78' lang='lat' dir='ltr'>invenit.</span> <span class='ocrx_word' id='word_1_433' title='bbox 1088 1435 1160 1463; x_wconf 86' lang='lat' dir='ltr'>Inde</span> <span class='ocrx_word' id='word_1_434' title='bbox 1184 1433 1286 1462; x_wconf 82' lang='lat' dir='ltr'>Horat.</span> <span class='ocrx_word' id='word_1_435' title='bbox 1311 1432 1366 1461; x_wconf 90' lang='lat' dir='ltr'>Od.</span> <span class='ocrx_word' id='word_1_436' title='bbox 1384 1433 1434 1462; x_wconf 78' lang='lat'>28.</span> <span class='ocrx_word' id='word_1_437' title='bbox 1460 1430 1510 1459; x_wconf 89' lang='lat' dir='ltr'>lib.</span> <span class='ocrx_word' id='word_1_438' title='bbox 1525 1429 1546 1458; x_wconf 88' lang='grc' dir='ltr'>Ι.</span> <span class='ocrx_word' id='word_1_439' title='bbox 1569 1429 1608 1468; x_wconf 85' lang='lat' dir='ltr'>(v.</span> <span class='ocrx_word' id='word_1_440' title='bbox 1622 1431 1672 1460; x_wconf 74' lang='grc'>23.</span> <span class='ocrx_word' id='word_1_441' title='bbox 1687 1426 1776 1465; x_wconf 69' lang='grc' dir='ltr'>εθᾳ,);</span> 
     </span>
     <span class='ocr_line' id='line_1_31' title="bbox 684 1475 1475 1517; baseline -0.008 -11"><span class='ocrx_word' id='word_1_442' title='bbox 684 1477 730 1506; x_wconf 81' lang='lat' dir='ltr'>At</span> <span class='ocrx_word' id='word_1_443' title='bbox 753 1484 783 1504; x_wconf 86' lang='lat' dir='ltr'>tu</span> <span class='ocrx_word' id='word_1_444' title='bbox 807 1485 897 1505; x_wconf 80' lang='lat' dir='ltr'>nauta</span> <span class='ocrx_word' id='word_1_445' title='bbox 920 1489 1013 1516; x_wconf 73' lang='lat' dir='ltr'>vagae</span> <span class='ocrx_word' id='word_1_446' title='bbox 1035 1489 1069 1506; x_wconf 86' lang='lat' dir='ltr'>ne</span> <span class='ocrx_word' id='word_1_447' title='bbox 1089 1488 1179 1517; x_wconf 83' lang='lat' dir='ltr'>parce</span> <span class='ocrx_word' id='word_1_448' title='bbox 1200 1475 1349 1516; x_wconf 75' lang='lat' dir='ltr'>malignus</span> <span class='ocrx_word' id='word_1_449' title='bbox 1371 1483 1475 1503; x_wconf 88' lang='lat' dir='ltr'>arenae</span> 
     </span>
     <span class='ocr_line' id='line_1_32' title="bbox 689 1518 1148 1559; baseline 0.002 -12"><span class='ocrx_word' id='word_1_450' title='bbox 689 1518 811 1547; x_wconf 76' lang='lat' dir='ltr'>Ossibus</span> <span class='ocrx_word' id='word_1_451' title='bbox 833 1527 859 1547; x_wconf 82' lang='lat' dir='ltr'>et</span> <span class='ocrx_word' id='word_1_452' title='bbox 882 1521 975 1559; x_wconf 83' lang='lat' dir='ltr'>capiti</span> <span class='ocrx_word' id='word_1_453' title='bbox 997 1519 1148 1548; x_wconf 78' lang='lat' dir='ltr'>inhumato</span> 
     </span>
     <span class='ocr_line' id='line_1_33' title="bbox 686 1560 2040 1603; baseline -0.002 -15"><span class='ocrx_word' id='word_1_454' title='bbox 686 1560 871 1589; x_wconf 80' lang='lat' dir='ltr'>Particulam</span> <span class='ocrx_word' id='word_1_455' title='bbox 896 1561 974 1591; x_wconf 84' lang='lat' dir='ltr'>dare.</span> <span class='ocrx_word' id='word_1_456' title='bbox 1604 1593 1613 1597; x_wconf 39' lang='lat'><strong>⁴</strong></span> <span class='ocrx_word' id='word_1_457' title='bbox 1757 1594 1764 1603; x_wconf 53' lang='grc'><em>1</em></span> <span class='ocrx_word' id='word_1_458' title='bbox 1830 1595 1835 1600; x_wconf 86' lang='lat'>.</span> <span class='ocrx_word' id='word_1_459' title='bbox 1904 1594 1909 1599; x_wconf 97' lang='lat'>.</span> <span class='ocrx_word' id='word_1_460' title='bbox 1968 1591 1982 1601; x_wconf 49' lang='lat' dir='ltr'><strong>u</strong></span> <span class='ocrx_word' id='word_1_461' title='bbox 2027 1589 2040 1599; x_wconf 55' lang='grc' dir='ltr'>Ἡ</span> 
     </span>
     <span class='ocr_line' id='line_1_34' title="bbox 104 1594 2058 1642; baseline -0.003 -9"><span class='ocrx_word' id='word_1_462' title='bbox 104 1604 141 1633; x_wconf 84' lang='lat' dir='ltr'>Et</span> <span class='ocrx_word' id='word_1_463' title='bbox 163 1603 245 1632; x_wconf 87' lang='lat' dir='ltr'>hunc</span> <span class='ocrx_word' id='word_1_464' title='bbox 268 1613 380 1631; x_wconf 86' lang='lat' dir='ltr'>morem</span> <span class='ocrx_word' id='word_1_465' title='bbox 406 1603 434 1630; x_wconf 86' lang='lat' dir='ltr'>in</span> <span class='ocrx_word' id='word_1_466' title='bbox 459 1603 580 1631; x_wconf 83' lang='lat' dir='ltr'>Graecis</span> <span class='ocrx_word' id='word_1_467' title='bbox 603 1603 692 1631; x_wconf 86' lang='lat' dir='ltr'>fuisse</span> <span class='ocrx_word' id='word_1_468' title='bbox 716 1608 843 1631; x_wconf 84' lang='lat' dir='ltr'>testatur</span> <span class='ocrx_word' id='word_1_469' title='bbox 865 1604 977 1632; x_wconf 83' lang='lat' dir='ltr'>Aelian.</span> <span class='ocrx_word' id='word_1_470' title='bbox 1001 1604 1032 1632; x_wconf 87' lang='lat' dir='ltr'>in</span> <span class='ocrx_word' id='word_1_471' title='bbox 1051 1603 1120 1632; x_wconf 87' lang='lat' dir='ltr'>Var.</span> <span class='ocrx_word' id='word_1_472' title='bbox 1143 1603 1211 1632; x_wconf 83' lang='lat' dir='ltr'>hist.</span> <span class='ocrx_word' id='word_1_473' title='bbox 1236 1602 1359 1642; x_wconf 81' lang='lat' dir='ltr'>cap.4.:</span> <span class='ocrx_word' id='word_1_474' title='bbox 1398 1599 1501 1640; x_wconf 88' lang='grc' dir='ltr'>Νόμος</span> <span class='ocrx_word' id='word_1_475' title='bbox 1523 1599 1572 1629; x_wconf 80' lang='grc' dir='ltr'>καὶ</span> <span class='ocrx_word' id='word_1_476' title='bbox 1594 1597 1633 1636; x_wconf 72' lang='grc' dir='ltr'>ἦν</span> <span class='ocrx_word' id='word_1_477' title='bbox 1652 1594 1799 1631; x_wconf 71' lang='grc' dir='ltr'><strong><em>Ἄττικος,</em></strong></span> <span class='ocrx_word' id='word_1_478' title='bbox 1828 1598 1999 1642; x_wconf 34' lang='lat' dir='ltr'>¹¹¹q1111&#39;2&#39;05&#39;</span> <span class='ocrx_word' id='word_1_479' title='bbox 2022 1603 2058 1621; x_wconf 70' lang='grc' dir='ltr'>αν</span> 
     </span>
     <span class='ocr_line' id='line_1_35' title="bbox 104 1640 2057 1688; baseline -0.008 -11"><span class='ocrx_word' id='word_1_480' title='bbox 104 1644 212 1684; x_wconf 76' lang='grc' dir='ltr'><em>ἆτάφῳ</em></span> <span class='ocrx_word' id='word_1_481' title='bbox 235 1643 379 1687; x_wconf 76' lang='grc' dir='ltr'>περιτύχῃ</span> <span class='ocrx_word' id='word_1_482' title='bbox 403 1642 515 1684; x_wconf 74' lang='grc' dir='ltr'><em>σώματι</em></span> <span class='ocrx_word' id='word_1_483' title='bbox 537 1643 722 1683; x_wconf 62' lang='grc' dir='ltr'><em>ἀνθρώπου,</em></span> <span class='ocrx_word' id='word_1_484' title='bbox 746 1643 867 1681; x_wconf 70' lang='grc' dir='ltr'><em>πάντως</em></span> <span class='ocrx_word' id='word_1_485' title='bbox 890 1645 1057 1686; x_wconf 75' lang='grc' dir='ltr'><em>ἐπιβάλλειν</em></span> <span class='ocrx_word' id='word_1_486' title='bbox 1080 1648 1145 1686; x_wconf 76' lang='grc' dir='ltr'>γῆν.</span> <span class='ocrx_word' id='word_1_487' title='bbox 1189 1647 1225 1674; x_wconf 83' lang='lat' dir='ltr'>Et</span> <span class='ocrx_word' id='word_1_488' title='bbox 1249 1646 1322 1674; x_wconf 82' lang='lat' dir='ltr'>hacc</span> <span class='ocrx_word' id='word_1_489' title='bbox 1346 1645 1402 1673; x_wconf 88' lang='lat' dir='ltr'>fuit</span> <span class='ocrx_word' id='word_1_490' title='bbox 1425 1649 1558 1672; x_wconf 79' lang='lat' dir='ltr'>veterum</span> <span class='ocrx_word' id='word_1_491' title='bbox 1583 1642 1782 1688; x_wconf 68' lang='lat' dir='ltr'>Romanorum</span> <span class='ocrx_word' id='word_1_492' title='bbox 1805 1640 1991 1675; x_wconf 74' lang='lat' dir='ltr'>superstitio,</span> <span class='ocrx_word' id='word_1_493' title='bbox 2015 1640 2057 1680; x_wconf 75' lang='lat' dir='ltr'>ut,</span> 
     </span>
     <span class='ocr_line' id='line_1_36' title="bbox 105 1681 2059 1729; baseline -0.007 -12"><span class='ocrx_word' id='word_1_494' title='bbox 105 1689 129 1717; x_wconf 80' lang='grc' dir='ltr'>εἰ</span> <span class='ocrx_word' id='word_1_495' title='bbox 152 1690 201 1717; x_wconf 84' lang='lat' dir='ltr'>vel</span> <span class='ocrx_word' id='word_1_496' title='bbox 223 1689 377 1716; x_wconf 84' lang='lat' dir='ltr'>minimum</span> <span class='ocrx_word' id='word_1_497' title='bbox 400 1697 432 1715; x_wconf 84' lang='lat' dir='ltr'>os</span> <span class='ocrx_word' id='word_1_498' title='bbox 455 1693 535 1715; x_wconf 85' lang='lat' dir='ltr'>terra</span> <span class='ocrx_word' id='word_1_499' title='bbox 559 1692 708 1725; x_wconf 81' lang='lat' dir='ltr'>tegerent,</span> <span class='ocrx_word' id='word_1_500' title='bbox 746 1688 875 1717; x_wconf 80' lang='lat' dir='ltr'>cadaver</span> <span class='ocrx_word' id='word_1_501' title='bbox 905 1690 1053 1727; x_wconf 77' lang='lat' dir='ltr'>integrum</span> <span class='ocrx_word' id='word_1_502' title='bbox 1083 1699 1138 1727; x_wconf 89' lang='lat' dir='ltr'>pro</span> <span class='ocrx_word' id='word_1_503' title='bbox 1164 1689 1283 1727; x_wconf 84' lang='lat' dir='ltr'>sepulto</span> <span class='ocrx_word' id='word_1_504' title='bbox 1306 1687 1474 1716; x_wconf 82' lang='lat' dir='ltr'>haberetur.</span> <span class='ocrx_word' id='word_1_505' title='bbox 1521 1686 1618 1721; x_wconf 86' lang='lat' dir='ltr'>Quare</span> <span class='ocrx_word' id='word_1_506' title='bbox 1641 1685 1693 1718; x_wconf 76' lang='lat' dir='ltr'>iis,</span> <span class='ocrx_word' id='word_1_507' title='bbox 1730 1691 1781 1729; x_wconf 84' lang='lat' dir='ltr'>qui</span> <span class='ocrx_word' id='word_1_508' title='bbox 1804 1689 1926 1719; x_wconf 85' lang='lat' dir='ltr'>peregre</span> <span class='ocrx_word' id='word_1_509' title='bbox 1947 1681 2059 1705; x_wconf 78' lang='lat' dir='ltr'>mortui</span> 
     </span>
     <span class='ocr_line' id='line_1_37' title="bbox 105 1717 2059 1772; baseline -0.007 -13"><span class='ocrx_word' id='word_1_510' title='bbox 105 1736 205 1766; x_wconf 86' lang='lat' dir='ltr'>erant,</span> <span class='ocrx_word' id='word_1_511' title='bbox 232 1731 279 1759; x_wconf 86' lang='lat' dir='ltr'>vel</span> <span class='ocrx_word' id='word_1_512' title='bbox 301 1741 333 1758; x_wconf 90' lang='lat' dir='ltr'>os</span> <span class='ocrx_word' id='word_1_513' title='bbox 351 1730 397 1759; x_wconf 87' lang='lat' dir='ltr'>vel</span> <span class='ocrx_word' id='word_1_514' title='bbox 416 1730 559 1767; x_wconf 85' lang='lat' dir='ltr'>digitum,</span> <span class='ocrx_word' id='word_1_515' title='bbox 584 1730 631 1758; x_wconf 85' lang='lat' dir='ltr'>vel</span> <span class='ocrx_word' id='word_1_516' title='bbox 654 1731 739 1758; x_wconf 87' lang='lat' dir='ltr'>etiam</span> <span class='ocrx_word' id='word_1_517' title='bbox 764 1731 874 1759; x_wconf 84' lang='lat' dir='ltr'>crinem</span> <span class='ocrx_word' id='word_1_518' title='bbox 899 1732 1072 1768; x_wconf 81' lang='lat' dir='ltr'>servabant,</span> <span class='ocrx_word' id='word_1_519' title='bbox 1097 1732 1144 1759; x_wconf 90' lang='lat' dir='ltr'>cui</span> <span class='ocrx_word' id='word_1_520' title='bbox 1168 1742 1222 1770; x_wconf 89' lang='lat' dir='ltr'>pro</span> <span class='ocrx_word' id='word_1_521' title='bbox 1246 1736 1309 1760; x_wconf 79' lang='lat' dir='ltr'>toto</span> <span class='ocrx_word' id='word_1_522' title='bbox 1332 1740 1459 1769; x_wconf 87' lang='lat' dir='ltr'>corpore</span> <span class='ocrx_word' id='word_1_523' title='bbox 1481 1728 1560 1756; x_wconf 81' lang='lat' dir='ltr'>iusta</span> <span class='ocrx_word' id='word_1_524' title='bbox 1583 1726 1695 1772; x_wconf 77' lang='lat' dir='ltr'>fierent.</span> <span class='ocrx_word' id='word_1_525' title='bbox 1731 1723 1805 1752; x_wconf 86' lang='lat' dir='ltr'>Vide</span> <span class='ocrx_word' id='word_1_526' title='bbox 1821 1720 1991 1770; x_wconf 62' lang='lat' dir='ltr'>ZlIembrum</span> <span class='ocrx_word' id='word_1_527' title='bbox 2006 1717 2059 1747; x_wconf 80' lang='lat' dir='ltr'>ab·</span> 
     </span>
     <span class='ocr_line' id='line_1_38' title="bbox 105 1764 2060 1813; baseline -0.006 -11"><span class='ocrx_word' id='word_1_528' title='bbox 105 1772 210 1802; x_wconf 78' lang='lat' dir='ltr'>scindi.</span> <span class='ocrx_word' id='word_1_529' title='bbox 233 1771 347 1803; x_wconf 81' lang='lat' dir='ltr'>Idem.</span> <span class='ocrx_word' id='word_1_530' title='bbox 395 1773 624 1801; x_wconf 85' lang='lat' dir='ltr'>Praecidaneuin</span> <span class='ocrx_word' id='word_1_531' title='bbox 647 1774 725 1802; x_wconf 87' lang='lat' dir='ltr'>idem</span> <span class='ocrx_word' id='word_1_532' title='bbox 750 1774 830 1812; x_wconf 88' lang='lat' dir='ltr'>quod</span> <span class='ocrx_word' id='word_1_533' title='bbox 854 1775 1087 1813; x_wconf 86' lang='lat' dir='ltr'>praecidendum</span> <span class='ocrx_word' id='word_1_534' title='bbox 1112 1774 1207 1802; x_wconf 88' lang='lat' dir='ltr'>Nonio</span> <span class='ocrx_word' id='word_1_535' title='bbox 1231 1775 1313 1813; x_wconf 83' lang='lat' dir='ltr'>(pag.</span> <span class='ocrx_word' id='word_1_536' title='bbox 1329 1775 1398 1804; x_wconf 81' lang='lat'>163.</span> <span class='ocrx_word' id='word_1_537' title='bbox 1423 1771 1528 1808; x_wconf 79' lang='lat' dir='ltr'>Mero.)</span> <span class='ocrx_word' id='word_1_538' title='bbox 1553 1780 1568 1797; x_wconf 89' lang='lat' dir='ltr'>a</span> <span class='ocrx_word' id='word_1_539' title='bbox 1591 1766 1806 1808; x_wconf 82' lang='lat' dir='ltr'>praecidendo,</span> <span class='ocrx_word' id='word_1_540' title='bbox 1836 1764 1867 1793; x_wconf 88' lang='lat' dir='ltr'>id</span> <span class='ocrx_word' id='word_1_541' title='bbox 1890 1768 1933 1793; x_wconf 82' lang='lat' dir='ltr'>est</span> <span class='ocrx_word' id='word_1_542' title='bbox 1955 1771 2060 1791; x_wconf 81' lang='lat' dir='ltr'>imino-</span> 
     </span>
     <span class='ocr_line' id='line_1_39' title="bbox 107 1813 1901 1854; baseline -0.001 -11"><span class='ocrx_word' id='word_1_543' title='bbox 107 1815 208 1844; x_wconf 86' lang='lat' dir='ltr'>lando.</span> <span class='ocrx_word' id='word_1_544' title='bbox 244 1815 320 1843; x_wconf 86' lang='lat' dir='ltr'>Vide</span> <span class='ocrx_word' id='word_1_545' title='bbox 342 1815 420 1843; x_wconf 86' lang='lat' dir='ltr'>infra</span> <span class='ocrx_word' id='word_1_546' title='bbox 445 1814 625 1844; x_wconf 81' lang='lat' dir='ltr'>Praecidere.</span> <span class='ocrx_word' id='word_1_547' title='bbox 652 1813 755 1845; x_wconf 74' lang='lat' dir='ltr'>Goth.</span> <span class='ocrx_word' id='word_1_548' title='bbox 794 1815 977 1847; x_wconf 77' lang='lat' dir='ltr'>Vocabatur.</span> <span class='ocrx_word' id='word_1_549' title='bbox 1013 1817 1181 1846; x_wconf 82' lang='lat' dir='ltr'>Dicebatur.</span> <span class='ocrx_word' id='word_1_550' title='bbox 1228 1816 1340 1845; x_wconf 81' lang='lat' dir='ltr'>Idem.</span> <span class='ocrx_word' id='word_1_551' title='bbox 1894 1848 1901 1854; x_wconf 48' lang='lat'><strong>·</strong></span> 
     </span>
     <span class='ocr_line' id='line_1_40' title="bbox 269 1847 2056 1899; baseline -0.007 -13"><span class='ocrx_word' id='word_1_552' title='bbox 269 1857 461 1887; x_wconf 82' lang='lat' dir='ltr'>Praecias.</span> <span class='ocrx_word' id='word_1_553' title='bbox 506 1859 544 1886; x_wconf 89' lang='lat' dir='ltr'>Ut</span> <span class='ocrx_word' id='word_1_554' title='bbox 567 1868 582 1886; x_wconf 89' lang='lat' dir='ltr'>a</span> <span class='ocrx_word' id='word_1_555' title='bbox 602 1857 830 1897; x_wconf 80' lang='lat' dir='ltr'>praeclamitare</span> <span class='ocrx_word' id='word_1_556' title='bbox 853 1859 1140 1899; x_wconf 77' lang='lat' dir='ltr'>praeclamitatores,</span> <span class='ocrx_word' id='word_1_557' title='bbox 1180 1859 1223 1887; x_wconf 89' lang='lat' dir='ltr'>sic</span> <span class='ocrx_word' id='word_1_558' title='bbox 1244 1859 1380 1898; x_wconf 83' lang='lat' dir='ltr'>praeciae</span> <span class='ocrx_word' id='word_1_559' title='bbox 1402 1868 1418 1885; x_wconf 90' lang='lat' dir='ltr'>a</span> <span class='ocrx_word' id='word_1_560' title='bbox 1438 1856 1584 1896; x_wconf 85' lang='lat' dir='ltr'>praecire‚</span> <span class='ocrx_word' id='word_1_561' title='bbox 1620 1853 1664 1881; x_wconf 90' lang='lat' dir='ltr'>illi</span> <span class='ocrx_word' id='word_1_562' title='bbox 1687 1859 1849 1891; x_wconf 85' lang='lat' dir='ltr'>praecones</span> <span class='ocrx_word' id='word_1_563' title='bbox 1871 1847 2056 1881; x_wconf 81' lang='lat' dir='ltr'>dicebantur,</span> 
     </span>
     <span class='ocr_line' id='line_1_41' title="bbox 105 1900 1875 1942; baseline 0.004 -14"><span class='ocrx_word' id='word_1_564' title='bbox 105 1910 174 1928; x_wconf 87' lang='lat' dir='ltr'>nani</span> <span class='ocrx_word' id='word_1_565' title='bbox 195 1901 326 1939; x_wconf 84' lang='lat' dir='ltr'>praecire</span> <span class='ocrx_word' id='word_1_566' title='bbox 347 1900 565 1940; x_wconf 85' lang='lat' dir='ltr'>praeclamare,</span> <span class='ocrx_word' id='word_1_567' title='bbox 593 1901 651 1929; x_wconf 82' lang='lat' dir='ltr'>cire</span> <span class='ocrx_word' id='word_1_568' title='bbox 672 1901 808 1931; x_wconf 79' lang='lat' dir='ltr'>clamare.</span> <span class='ocrx_word' id='word_1_569' title='bbox 853 1902 941 1931; x_wconf 81' lang='lat' dir='ltr'>Dae.</span> <span class='ocrx_word' id='word_1_570' title='bbox 1797 1935 1803 1942; x_wconf 69' lang='grc'><em>,</em></span> <span class='ocrx_word' id='word_1_571' title='bbox 1869 1933 1875 1940; x_wconf 80' lang='lat'>,</span> 
     </span>
     <span class='ocr_line' id='line_1_42' title="bbox 268 1929 2058 1983; baseline -0.002 -12"><span class='ocrx_word' id='word_1_572' title='bbox 268 1941 590 1972; x_wconf 83' lang='lat' dir='ltr'>Praeiurationes.</span> <span class='ocrx_word' id='word_1_573' title='bbox 637 1943 737 1972; x_wconf 82' lang='lat' dir='ltr'>Livius</span> <span class='ocrx_word' id='word_1_574' title='bbox 761 1944 811 1972; x_wconf 90' lang='lat' dir='ltr'>lib.</span> <span class='ocrx_word' id='word_1_575' title='bbox 825 1944 860 1973; x_wconf 92' lang='grc' dir='ltr'>ΙΙ.</span> <span class='ocrx_word' id='word_1_576' title='bbox 885 1944 922 1983; x_wconf 82' lang='lat' dir='ltr'>(e.</span> <span class='ocrx_word' id='word_1_577' title='bbox 936 1945 988 1975; x_wconf 85' lang='lat'>45.</span> <span class='ocrx_word' id='word_1_578' title='bbox 1005 1944 1085 1983; x_wconf 80' lang='lat' dir='ltr'>sin.):</span> <span class='ocrx_word' id='word_1_579' title='bbox 1117 1943 1253 1973; x_wconf 80' lang='lat' dir='ltr'>Centurio</span> <span class='ocrx_word' id='word_1_580' title='bbox 1276 1950 1336 1971; x_wconf 82' lang='lat' dir='ltr'>erat</span> <span class='ocrx_word' id='word_1_581' title='bbox 1359 1941 1408 1972; x_wconf 88' lang='lat' dir='ltr'>M.</span> <span class='ocrx_word' id='word_1_582' title='bbox 1430 1938 1605 1969; x_wconf 78' lang='lat' dir='ltr'>Flauoleius.</span> <span class='ocrx_word' id='word_1_583' title='bbox 1648 1936 1768 1979; x_wconf 75' lang='lat' dir='ltr'>Victor,</span> <span class='ocrx_word' id='word_1_584' title='bbox 1792 1940 1900 1973; x_wconf 72' lang='lat' dir='ltr'>mqu²²2</span> <span class='ocrx_word' id='word_1_585' title='bbox 1926 1929 2058 1979; x_wconf 44' lang='lat' dir='ltr'>M3FJ²=</span> 
     </span>
     <span class='ocr_line' id='line_1_43' title="bbox 107 1970 2057 2026; baseline -0.004 -13"><span class='ocrx_word' id='word_1_586' title='bbox 107 1984 170 2014; x_wconf 78' lang='lat' dir='ltr'>hius</span> <span class='ocrx_word' id='word_1_587' title='bbox 193 1992 320 2013; x_wconf 84' lang='lat' dir='ltr'>revertar</span> <span class='ocrx_word' id='word_1_588' title='bbox 341 1996 382 2014; x_wconf 75' lang='lat' dir='ltr'>ex</span> <span class='ocrx_word' id='word_1_589' title='bbox 403 1987 484 2015; x_wconf 77' lang='lat' dir='ltr'>acie.-</span> <span class='ocrx_word' id='word_1_590' title='bbox 509 1986 534 2014; x_wconf 79' lang='lat' dir='ltr'>si</span> <span class='ocrx_word' id='word_1_591' title='bbox 545 1984 666 2026; x_wconf 83' lang='lat' dir='ltr'>fallat,</span> <span class='ocrx_word' id='word_1_592' title='bbox 691 1985 787 2015; x_wconf 88' lang='lat' dir='ltr'>Iovem</span> <span class='ocrx_word' id='word_1_593' title='bbox 808 1994 921 2026; x_wconf 85' lang='lat' dir='ltr'>patrem</span> <span class='ocrx_word' id='word_1_594' title='bbox 948 1985 1166 2026; x_wconf 80' lang='lat' dir='ltr'>Gradivumque</span> <span class='ocrx_word' id='word_1_595' title='bbox 1188 1986 1320 2015; x_wconf 73' lang='lat' dir='ltr'>Martem</span> <span class='ocrx_word' id='word_1_596' title='bbox 1344 1984 1476 2022; x_wconf 74' lang='lat' dir='ltr'>aliosque</span> <span class='ocrx_word' id='word_1_597' title='bbox 1498 1983 1589 2010; x_wconf 85' lang='lat' dir='ltr'>iratos</span> <span class='ocrx_word' id='word_1_598' title='bbox 1611 1981 1729 2009; x_wconf 76' lang='lat' dir='ltr'>invocat</span> <span class='ocrx_word' id='word_1_599' title='bbox 1751 1976 1846 2023; x_wconf 46' lang='lat' dir='ltr'>deos..</span> <span class='ocrx_word' id='word_1_600' title='bbox 1867 1970 2057 2021; x_wconf 38' lang='lat' dir='ltr'>Idem-dem·-</span> 
     </span>
     <span class='ocr_line' id='line_1_44' title="bbox 105 2019 2056 2070; baseline -0.008 -14"><span class='ocrx_word' id='word_1_601' title='bbox 105 2039 171 2066; x_wconf 85' lang='lat' dir='ltr'>ceps</span> <span class='ocrx_word' id='word_1_602' title='bbox 194 2028 287 2056; x_wconf 80' lang='lat' dir='ltr'>omnis</span> <span class='ocrx_word' id='word_1_603' title='bbox 309 2029 456 2056; x_wconf 70' lang='lat' dir='ltr'>exercitus</span> <span class='ocrx_word' id='word_1_604' title='bbox 477 2029 508 2056; x_wconf 83' lang='lat' dir='ltr'>in</span> <span class='ocrx_word' id='word_1_605' title='bbox 531 2039 560 2056; x_wconf 85' lang='lat' dir='ltr'>se</span> <span class='ocrx_word' id='word_1_606' title='bbox 581 2029 701 2067; x_wconf 84' lang='lat' dir='ltr'>quisque</span> <span class='ocrx_word' id='word_1_607' title='bbox 714 2028 810 2070; x_wconf 77' lang='lat' dir='ltr'>facit.</span> <span class='ocrx_word' id='word_1_608' title='bbox 849 2029 925 2058; x_wconf 92' lang='lat' dir='ltr'>Vide</span> <span class='ocrx_word' id='word_1_609' title='bbox 950 2030 1052 2067; x_wconf 86' lang='lat' dir='ltr'>Polyb.</span> <span class='ocrx_word' id='word_1_610' title='bbox 1075 2029 1126 2057; x_wconf 89' lang='lat' dir='ltr'>lib.</span> <span class='ocrx_word' id='word_1_611' title='bbox 1141 2029 1187 2058; x_wconf 89' lang='lat' dir='ltr'>VI.</span> <span class='ocrx_word' id='word_1_612' title='bbox 1211 2030 1318 2064; x_wconf 79' lang='lat' dir='ltr'>(c.21‚</span> <span class='ocrx_word' id='word_1_613' title='bbox 1343 2028 1394 2064; x_wconf 81' lang='grc'>8.).</span> <span class='ocrx_word' id='word_1_614' title='bbox 1418 2023 1522 2055; x_wconf 84' lang='lat' dir='ltr'>Fulv.</span> <span class='ocrx_word' id='word_1_615' title='bbox 1549 2023 1626 2052; x_wconf 86' lang='lat' dir='ltr'>Urs.</span> <span class='ocrx_word' id='word_1_616' title='bbox 1669 2023 1742 2070; x_wconf 69' lang='lat' dir='ltr'>Cum</span> <span class='ocrx_word' id='word_1_617' title='bbox 1765 2019 1884 2066; x_wconf 65' lang='lat' dir='ltr'>publiee</span> <span class='ocrx_word' id='word_1_618' title='bbox 1906 2025 2056 2064; x_wconf 66' lang='lat' dir='ltr'>iusiuran-</span> 
     </span>
     <span class='ocr_line' id='line_1_45' title="bbox 105 2061 2053 2110; baseline -0.007 -12"><span class='ocrx_word' id='word_1_619' title='bbox 105 2071 176 2098; x_wconf 86' lang='lat' dir='ltr'>duui</span> <span class='ocrx_word' id='word_1_620' title='bbox 199 2069 413 2108; x_wconf 84' lang='lat' dir='ltr'>praestandum</span> <span class='ocrx_word' id='word_1_621' title='bbox 436 2075 516 2107; x_wconf 85' lang='lat' dir='ltr'>erat,</span> <span class='ocrx_word' id='word_1_622' title='bbox 551 2070 770 2100; x_wconf 85' lang='lat' dir='ltr'>adhibebantur</span> <span class='ocrx_word' id='word_1_623' title='bbox 792 2072 842 2110; x_wconf 90' lang='lat' dir='ltr'>qui</span> <span class='ocrx_word' id='word_1_624' title='bbox 866 2073 1101 2110; x_wconf 82' lang='lat' dir='ltr'>praeiurationes</span> <span class='ocrx_word' id='word_1_625' title='bbox 1130 2072 1278 2107; x_wconf 78' lang='lat' dir='ltr'>facerent,</span> <span class='ocrx_word' id='word_1_626' title='bbox 1313 2069 1344 2098; x_wconf 84' lang='lat' dir='ltr'>id</span> <span class='ocrx_word' id='word_1_627' title='bbox 1367 2074 1412 2097; x_wconf 86' lang='lat' dir='ltr'>est</span> <span class='ocrx_word' id='word_1_628' title='bbox 1435 2067 1589 2106; x_wconf 82' lang='lat' dir='ltr'>conceptis</span> <span class='ocrx_word' id='word_1_629' title='bbox 1612 2064 1709 2094; x_wconf 81' lang='lat' dir='ltr'>verbis</span> <span class='ocrx_word' id='word_1_630' title='bbox 1731 2067 1797 2091; x_wconf 81' lang='lat' dir='ltr'>anie</span> <span class='ocrx_word' id='word_1_631' title='bbox 1819 2061 1891 2089; x_wconf 83' lang='lat' dir='ltr'>alios</span> <span class='ocrx_word' id='word_1_632' title='bbox 1914 2063 2053 2087; x_wconf 85' lang='lat' dir='ltr'>iurarent.</span> 
     </span>
     <span class='ocr_line' id='line_1_46' title="bbox 107 2112 1912 2151; baseline 0.003 -11"><span class='ocrx_word' id='word_1_633' title='bbox 107 2112 175 2141; x_wconf 81' lang='lat' dir='ltr'>Post</span> <span class='ocrx_word' id='word_1_634' title='bbox 197 2122 272 2151; x_wconf 74' lang='lat' dir='ltr'>quos</span> <span class='ocrx_word' id='word_1_635' title='bbox 294 2112 425 2141; x_wconf 81' lang='lat' dir='ltr'>iurantes</span> <span class='ocrx_word' id='word_1_636' title='bbox 447 2113 584 2142; x_wconf 89' lang='lat' dir='ltr'>dicebant</span> <span class='ocrx_word' id='word_1_637' title='bbox 607 2118 720 2141; x_wconf 85' lang='lat' dir='ltr'>tantum</span> <span class='ocrx_word' id='word_1_638' title='bbox 744 2112 819 2142; x_wconf 81' lang='lat' dir='ltr'>idem</span> <span class='ocrx_word' id='word_1_639' title='bbox 842 2115 872 2142; x_wconf 87' lang='lat' dir='ltr'>in</span> <span class='ocrx_word' id='word_1_640' title='bbox 894 2126 947 2145; x_wconf 85' lang='lat' dir='ltr'>me.</span> <span class='ocrx_word' id='word_1_641' title='bbox 991 2113 1080 2143; x_wconf 85' lang='lat' dir='ltr'>Dae.</span> <span class='ocrx_word' id='word_1_642' title='bbox 1907 2145 1912 2149; x_wconf 85' lang='grc'><strong>,</strong></span> 
     </span>
     <span class='ocr_line' id='line_1_47' title="bbox 271 2144 2051 2196; baseline 0.006 -12"><span class='ocrx_word' id='word_1_643' title='bbox 271 2154 477 2184; x_wconf 73' lang='lat' dir='ltr'>Pronurus.</span> <span class='ocrx_word' id='word_1_644' title='bbox 523 2156 645 2184; x_wconf 84' lang='lat' dir='ltr'>Glossae</span> <span class='ocrx_word' id='word_1_645' title='bbox 669 2156 789 2194; x_wconf 82' lang='lat' dir='ltr'>Cyrilli:</span> <span class='ocrx_word' id='word_1_646' title='bbox 817 2154 943 2196; x_wconf 78' lang='grc' dir='ltr'>ἐγγόνου</span> <span class='ocrx_word' id='word_1_647' title='bbox 966 2157 1105 2196; x_wconf 79' lang='grc' dir='ltr'><strong><em>γαμεταί,</em></strong></span> <span class='ocrx_word' id='word_1_648' title='bbox 1125 2166 1279 2195; x_wconf 79' lang='lat' dir='ltr'>pronurus.</span> <span class='ocrx_word' id='word_1_649' title='bbox 1313 2154 1437 2182; x_wconf 81' lang='lat' dir='ltr'>Oenone</span> <span class='ocrx_word' id='word_1_650' title='bbox 1459 2157 1523 2181; x_wconf 83' lang='lat' dir='ltr'>erat</span> <span class='ocrx_word' id='word_1_651' title='bbox 1545 2158 1696 2190; x_wconf 62' lang='lat' dir='ltr'>P¹’⁰¹¹²¹rua</span> <span class='ocrx_word' id='word_1_652' title='bbox 1718 2145 1938 2195; x_wconf 49' lang='lat' dir='ltr'>[ffaomedof&#39;tfs&#39;</span> <span class='ocrx_word' id='word_1_653' title='bbox 1964 2144 2018 2195; x_wconf 57' lang='lat' dir='ltr'>sz</span> <span class='ocrx_word' id='word_1_654' title='bbox 2027 2155 2051 2173; x_wconf 63' lang='grc' dir='ltr'>ε’</span> 
     </span>
     <span class='ocr_line' id='line_1_48' title="bbox 270 2186 2050 2240; baseline -0.007 -13"><span class='ocrx_word' id='word_1_655' title='bbox 270 2196 478 2227; x_wconf 74' lang='lat' dir='ltr'>Praeneste.</span> <span class='ocrx_word' id='word_1_656' title='bbox 523 2198 604 2226; x_wconf 88' lang='lat' dir='ltr'>Idem</span> <span class='ocrx_word' id='word_1_657' title='bbox 631 2198 805 2233; x_wconf 85' lang='lat' dir='ltr'>(Praecedit</span> <span class='ocrx_word' id='word_1_658' title='bbox 832 2201 907 2227; x_wconf 88' lang='lat' dir='ltr'>eniin</span> <span class='ocrx_word' id='word_1_659' title='bbox 938 2199 1019 2238; x_wconf 82' lang='lat' dir='ltr'>apud</span> <span class='ocrx_word' id='word_1_660' title='bbox 1048 2199 1149 2227; x_wconf 86' lang='lat' dir='ltr'>Dacer.</span> <span class='ocrx_word' id='word_1_661' title='bbox 1179 2197 1402 2232; x_wconf 55' lang='lat' dir='ltr'>homimum,</span> <span class='ocrx_word' id='word_1_662' title='bbox 1439 2195 1490 2224; x_wconf 83' lang='lat' dir='ltr'>ubi</span> <span class='ocrx_word' id='word_1_663' title='bbox 1512 2195 1617 2223; x_wconf 79' lang='lat' dir='ltr'>Festus</span> <span class='ocrx_word' id='word_1_664' title='bbox 1640 2186 1949 2240; x_wconf 43' lang='lat' dir='ltr'>Catonis-meminit.)</span> <span class='ocrx_word' id='word_1_665' title='bbox 1979 2187 2050 2233; x_wconf 68' lang='lat' dir='ltr'>Lato</span> 
     </span>
     <span class='ocr_line' id='line_1_49' title="bbox 106 2227 2048 2280; baseline -0.009 -4"><span class='ocrx_word' id='word_1_666' title='bbox 106 2239 185 2278; x_wconf 74' lang='lat' dir='ltr'>”PUd</span> <span class='ocrx_word' id='word_1_667' title='bbox 208 2240 344 2268; x_wconf 69' lang='lat' dir='ltr'>servium</span> <span class='ocrx_word' id='word_1_668' title='bbox 368 2241 445 2279; x_wconf 73' lang='lat' dir='ltr'>(pssg·</span> <span class='ocrx_word' id='word_1_669' title='bbox 457 2241 530 2271; x_wconf 85' lang='grc'>496-</span> <span class='ocrx_word' id='word_1_670' title='bbox 555 2240 600 2269; x_wconf 83' lang='lat' dir='ltr'>ed·</span> <span class='ocrx_word' id='word_1_671' title='bbox 621 2242 720 2277; x_wconf 82' lang='lat' dir='ltr'>l)an.):</span> <span class='ocrx_word' id='word_1_672' title='bbox 762 2240 839 2279; x_wconf 76' lang='lat' dir='ltr'>Quia</span> <span class='ocrx_word' id='word_1_673' title='bbox 861 2242 886 2270; x_wconf 81' lang='lat' dir='ltr'>is</span> <span class='ocrx_word' id='word_1_674' title='bbox 907 2240 1004 2277; x_wconf 80' lang='lat' dir='ltr'>locus,</span> <span class='ocrx_word' id='word_1_675' title='bbox 1040 2241 1153 2280; x_wconf 88' lang='lat' dir='ltr'>inquit,</span> <span class='ocrx_word' id='word_1_676' title='bbox 1188 2239 1335 2269; x_wconf 84' lang='lat' dir='ltr'>montibus</span> <span class='ocrx_word' id='word_1_677' title='bbox 1353 2245 1495 2278; x_wconf 80' lang='lat' dir='ltr'>praestet,</span> <span class='ocrx_word' id='word_1_678' title='bbox 1531 2236 1684 2265; x_wconf 82' lang='lat' dir='ltr'>Praeneste</span> <span class='ocrx_word' id='word_1_679' title='bbox 1705 2231 1815 2272; x_wconf 81' lang='lat' dir='ltr'>oppido</span> <span class='ocrx_word' id='word_1_680' title='bbox 1837 2241 1939 2260; x_wconf 72' lang='lat' dir='ltr'>nomen</span> <span class='ocrx_word' id='word_1_681' title='bbox 1961 2227 2048 2255; x_wconf 68' lang='lat' dir='ltr'>deth!-</span> 
     </span>
     <span class='ocr_line' id='line_1_50' title="bbox 106 2269 2048 2318; baseline -0.007 -8"><span class='ocrx_word' id='word_1_682' title='bbox 106 2282 137 2310; x_wconf 88' lang='lat' dir='ltr'>lii</span> <span class='ocrx_word' id='word_1_683' title='bbox 165 2283 315 2311; x_wconf 74' lang='lat' dir='ltr'>montibus</span> <span class='ocrx_word' id='word_1_684' title='bbox 344 2289 442 2312; x_wconf 85' lang='lat' dir='ltr'>autem</span> <span class='ocrx_word' id='word_1_685' title='bbox 471 2283 600 2312; x_wconf 81' lang='lat' dir='ltr'>locatum</span> <span class='ocrx_word' id='word_1_686' title='bbox 626 2284 781 2312; x_wconf 87' lang='lat' dir='ltr'>Praeneste</span> <span class='ocrx_word' id='word_1_687' title='bbox 810 2293 846 2312; x_wconf 88' lang='lat' dir='ltr'>ex</span> <span class='ocrx_word' id='word_1_688' title='bbox 868 2285 1013 2313; x_wconf 78' lang='lat' dir='ltr'>Strabone</span> <span class='ocrx_word' id='word_1_689' title='bbox 1042 2289 1072 2313; x_wconf 88' lang='lat' dir='ltr'>et</span> <span class='ocrx_word' id='word_1_690' title='bbox 1100 2284 1165 2312; x_wconf 82' lang='lat' dir='ltr'>aliis</span> <span class='ocrx_word' id='word_1_691' title='bbox 1189 2288 1291 2311; x_wconf 83' lang='lat' dir='ltr'>notum</span> <span class='ocrx_word' id='word_1_692' title='bbox 1315 2287 1367 2311; x_wconf 82' lang='lat' dir='ltr'>est.</span> <span class='ocrx_word' id='word_1_693' title='bbox 1414 2281 1496 2309; x_wconf 83' lang='lat' dir='ltr'>Unde</span> <span class='ocrx_word' id='word_1_694' title='bbox 1519 2278 1621 2316; x_wconf 80' lang='lat' dir='ltr'>virgil.</span> <span class='ocrx_word' id='word_1_695' title='bbox 1645 2277 1732 2316; x_wconf 78' lang='lat' dir='ltr'>(Aen.</span> <span class='ocrx_word' id='word_1_696' title='bbox 1749 2275 1815 2310; x_wconf 83' lang='lat' dir='ltr'>Vll,</span> <span class='ocrx_word' id='word_1_697' title='bbox 1838 2271 1921 2310; x_wconf 69' lang='lat'>682.)</span> <span class='ocrx_word' id='word_1_698' title='bbox 1942 2269 2048 2318; x_wconf 65' lang='lat' dir='ltr'>Altam</span> 
     </span>
     <span class='ocr_line' id='line_1_51' title="bbox 105 2316 2047 2366; baseline -0.003 -13"><span class='ocrx_word' id='word_1_699' title='bbox 105 2331 208 2353; x_wconf 70' lang='lat' dir='ltr'>meai:</span> <span class='ocrx_word' id='word_1_700' title='bbox 248 2324 361 2366; x_wconf 81' lang='lat' dir='ltr'>Quique</span> <span class='ocrx_word' id='word_1_701' title='bbox 383 2324 476 2354; x_wconf 85' lang='lat' dir='ltr'>allum</span> <span class='ocrx_word' id='word_1_702' title='bbox 501 2324 655 2354; x_wconf 79' lang='lat' dir='ltr'>Praeneste</span> <span class='ocrx_word' id='word_1_703' title='bbox 675 2327 740 2355; x_wconf 82' lang='lat' dir='ltr'>viri.</span> <span class='ocrx_word' id='word_1_704' title='bbox 784 2326 841 2354; x_wconf 88' lang='lat' dir='ltr'>Sed</span> <span class='ocrx_word' id='word_1_705' title='bbox 867 2326 902 2354; x_wconf 84' lang='lat' dir='ltr'>de</span> <span class='ocrx_word' id='word_1_706' title='bbox 926 2332 1025 2365; x_wconf 81' lang='lat' dir='ltr'>etymo</span> <span class='ocrx_word' id='word_1_707' title='bbox 1048 2327 1183 2355; x_wconf 78' lang='lat' dir='ltr'>dissentit</span> <span class='ocrx_word' id='word_1_708' title='bbox 1205 2325 1327 2354; x_wconf 82' lang='lat' dir='ltr'>servius</span> <span class='ocrx_word' id='word_1_709' title='bbox 1350 2323 1429 2362; x_wconf 82' lang='lat' dir='ltr'>(pag.</span> <span class='ocrx_word' id='word_1_710' title='bbox 1440 2323 1513 2354; x_wconf 84' lang='lat'>495.</span> <span class='ocrx_word' id='word_1_711' title='bbox 1537 2321 1583 2351; x_wconf 82' lang='lat' dir='ltr'>ed.</span> <span class='ocrx_word' id='word_1_712' title='bbox 1605 2318 1706 2360; x_wconf 85' lang='lat' dir='ltr'>Dan.):</span> <span class='ocrx_word' id='word_1_713' title='bbox 1744 2318 1910 2361; x_wconf 61' lang='lat' dir='ltr'>Praeneste,</span> <span class='ocrx_word' id='word_1_714' title='bbox 1943 2316 2047 2348; x_wconf 49' lang='lat' dir='ltr'>”ulum</span> 
     </span>
     <span class='ocr_line' id='line_1_52' title="bbox 104 2354 2046 2407; baseline -0.005 -11"><span class='ocrx_word' id='word_1_715' title='bbox 104 2366 187 2396; x_wconf 74' lang='lat' dir='ltr'>locus</span> <span class='ocrx_word' id='word_1_716' title='bbox 210 2376 249 2396; x_wconf 82' lang='lat' dir='ltr'>est</span> <span class='ocrx_word' id='word_1_717' title='bbox 272 2367 352 2396; x_wconf 77' lang='lat' dir='ltr'>haud</span> <span class='ocrx_word' id='word_1_718' title='bbox 376 2367 461 2407; x_wconf 72' lang='lat' dir='ltr'>longe</span> <span class='ocrx_word' id='word_1_719' title='bbox 483 2366 521 2396; x_wconf 83' lang='lat' dir='ltr'>ab</span> <span class='ocrx_word' id='word_1_720' title='bbox 544 2368 628 2404; x_wconf 82' lang='lat' dir='ltr'>urbe,</span> <span class='ocrx_word' id='word_1_721' title='bbox 658 2367 754 2398; x_wconf 78' lang='lat' dir='ltr'>dictus</span> <span class='ocrx_word' id='word_1_722' title='bbox 776 2366 836 2398; x_wconf 74' lang='grc' dir='ltr'>ἀπὸ</span> <span class='ocrx_word' id='word_1_723' title='bbox 860 2371 918 2399; x_wconf 79' lang='grc' dir='ltr'>τῶν</span> <span class='ocrx_word' id='word_1_724' title='bbox 941 2371 1072 2407; x_wconf 80' lang='grc' dir='ltr'><strong><em>πρίνων,</em></strong></span> <span class='ocrx_word' id='word_1_725' title='bbox 1108 2368 1140 2397; x_wconf 84' lang='lat' dir='ltr'>id</span> <span class='ocrx_word' id='word_1_726' title='bbox 1162 2376 1203 2397; x_wconf 77' lang='lat' dir='ltr'>est</span> <span class='ocrx_word' id='word_1_727' title='bbox 1225 2367 1262 2397; x_wconf 82' lang='lat' dir='ltr'>ab</span> <span class='ocrx_word' id='word_1_728' title='bbox 1285 2366 1419 2402; x_wconf 74' lang='lat' dir='ltr'>ilicibus,</span> <span class='ocrx_word' id='word_1_729' title='bbox 1453 2376 1528 2405; x_wconf 84' lang='lat' dir='ltr'>quae</span> <span class='ocrx_word' id='word_1_730' title='bbox 1549 2362 1614 2393; x_wconf 82' lang='lat' dir='ltr'>illic</span> <span class='ocrx_word' id='word_1_731' title='bbox 1636 2360 1799 2391; x_wconf 71' lang='lat' dir='ltr'>abundant.</span> <span class='ocrx_word' id='word_1_732' title='bbox 1844 2357 1900 2384; x_wconf 76' lang='lat' dir='ltr'>All!</span> <span class='ocrx_word' id='word_1_733' title='bbox 1921 2365 1937 2382; x_wconf 76' lang='lat'>³</span> <span class='ocrx_word' id='word_1_734' title='bbox 1960 2354 2046 2382; x_wconf 63' lang='lat' dir='ltr'>Prae·</span> 
     </span>
     <span class='ocr_line' id='line_1_53' title="bbox 104 2411 1010 2450; baseline 0.003 -12"><span class='ocrx_word' id='word_1_735' title='bbox 104 2415 186 2439; x_wconf 78' lang='lat' dir='ltr'>neste</span> <span class='ocrx_word' id='word_1_736' title='bbox 209 2411 337 2449; x_wconf 84' lang='lat' dir='ltr'>quodam</span> <span class='ocrx_word' id='word_1_737' title='bbox 364 2411 476 2449; x_wconf 70' lang='lat' dir='ltr'>ulyssis</span> <span class='ocrx_word' id='word_1_738' title='bbox 496 2416 604 2450; x_wconf 86' lang='lat' dir='ltr'>nepote</span> <span class='ocrx_word' id='word_1_739' title='bbox 627 2411 739 2440; x_wconf 84' lang='lat' dir='ltr'>dictum</span> <span class='ocrx_word' id='word_1_740' title='bbox 763 2412 877 2442; x_wconf 87' lang='lat' dir='ltr'>volunt.</span> <span class='ocrx_word' id='word_1_741' title='bbox 923 2411 1010 2441; x_wconf 78' lang='lat' dir='ltr'>Duc.</span> 
     </span>
    </p>
   </div>
  </div>
 </body>
</html>
