2263 2668
213 153 289 189 436
641 146 984 182 COMMENTARII
1009 146 1056 180 ΙΝ
1082 144 1225 180 PAULI
1249 146 1445 181 DIACONI
1470 148 1723 183 EXCERPTA

213 248 250 277 Et
271 246 360 286 paulo
384 248 462 283 post:

786 300 823 304 —-
868 297 910 302 -—
951 297 994 303 —
1036 281 1096 319 ipse
1117 282 1175 310 atri
1195 280 1308 310 velleris
1330 292 1439 321 agnam

784 324 902 353 Aeneas
923 324 1012 352 matri
1034 322 1224 353 Eumenidum
1251 335 1428 364 magnaeque
1449 325 1544 353 sorori

787 365 862 395 Ense
878 366 959 404 serii.

213 414 300 443 Dae.

375 450 599 479 Fer-entarii.
644 450 737 478 Varro
762 449 813 479 lib.
827 450 875 479 VI.
899 450 935 479 de
960 450 990 479 L.
1016 450 1045 478 L.
1070 449 1152 488 (VH,
1175 450 1247 481 341.
1271 449 1349 488 Sp.):
1383 449 1543 479 Ferentarii
1565 451 1672 491 equites
1693 450 1739 488 hi,
1771 451 1822 490 qui
1843 462 1876 480 ea
1899 449 1986 480 modo
2009 450 2153 481 habebant

211 506 310 531 arma,
333 504 406 534 quae
423 493 587 531 ferrentur,
611 499 641 520 ut
664 491 802 523 iaculum.
828 493 903 522 Vide
922 491 1117 532 Adscriptivi.
1140 492 1226 522 Dac.
1247 490 1442 530 Auxiliares3
1466 493 1667 523 auxiliatores.
1695 492 1801 523 Goth.
1832 494 1873 522 De
1895 493 2036 522 vocabuli
2059 495 2153 523 forma

211 538 246 567 cf.
270 547 342 576 quae
365 546 456 574 supra
479 535 543 563 dixi
565 534 604 562 ad
626 544 727 562 vocem
751 534 982 575 Frequentarius.

375 576 608 606 Faustulum.
653 577 844 606 Faustitatem
869 579 957 606 Deam
987 576 1126 606 colebant
1155 581 1269 606 veteres
1298 587 1354 615 pro
1383 576 1566 606 incremento
1591 577 1722 616 pecoris,
1762 582 1813 614 ut,
1851 578 1877 606 si
1902 577 2020 617 foetura
2040 589 2154 617 gregem

210 619 396 661 suppleverit,
433 624 588 659 propterea
619 620 724 649 almam
748 620 938 649 Faustitatem
961 624 1049 649 vocat
1072 619 1211 648 Horatius
1233 619 1303 657 (Od.
1324 619 1379 656 IV,
1405 620 1441 655 5,
1467 622 1540 655 18.).
1571 619 1672 650 Scal.
1719 620 1800 649 Hauc
1824 621 1855 648 in
1877 620 2003 649 seculari
2026 620 2156 649 carmine

211 665 252 693 sic
276 664 348 692 mire
375 663 510 701 depinxit
532 662 684 691 Horatius:

873 703 987 733 Fertilis
1003 704 1124 744 frugum
1146 704 1314 743 pecorisque
1335 701 1421 732 tellus

872 746 978 786 Spicea
1000 745 1085 775 donet
1110 744 1236 776 Cererem
1259 756 1386 781 corona3

873 789 1015 818 Nutriant
1032 789 1131 828 foetus
1153 795 1179 816 et
1201 798 1295 827 aquae
1317 786 1448 817 salubres

1136 830 1171 859 Et
1195 829 1272 860 Iovis
1293 841 1392 860 aurae.

214 874 299 903 Dae.
343 871 509 902 Porcellum
533 879 576 902 est
599 874 745 912 genitivus
769 874 900 913 pluralis.
947 872 1054 903 Goth.

376 914 540 945 Familia
550 917 609 947 ris.
654 917 790 945 Eiusdem
815 916 951 945 familiae.
996 916 1080 945 Dae.

376 956 485 988 Fana.
531 958 604 987 Vide
623 960 741 998 fanum.
787 959 873 988 Dac.

376 998 507 1029 Fastis
530 999 671 1030 diebus.
707 1002 799 1038 Lego:
823 1001 920 1030 Fastis
942 999 1042 1029 diebus
1064 1001 1108 1028 ius
1125 999 1192 1037 sari
1214 997 1338 1035 licebat,
1363 999 1486 1038 nefastis
1508 1011 1566 1029 non
1583 1001 1649 1038 fari
1671 999 1786 1030 licebat.
1810 999 1910 1030 Scal.
1943 1000 2035 1029 Varro
2060 999 2110 1029 lib.
2125 1000 2157 1028 V.

214 1042 250 1070 de
275 1042 304 1070 L.
330 1042 360 1071 L.
384 1042 453 1080 (lib.
468 1043 522 1079 Vl,
545 1054 610 1082 pag.
625 1047 696 1076 229.
721 1044 808 1082 Sp.):
847 1043 930 1072 Fasti
958 1041 1035 1079 dies,
1071 1042 1175 1082 quibus
1198 1048 1276 1070 ceria
1298 1040 1386 1069 uerba
1409 1040 1539 1081 legitima
1562 1044 1623 1072 sine
1642 1042 1762 1083 piaculo
1783 1042 1966 1083 praetoribus
1988 1041 2056 1072 licet
2081 1042 2158 1081 fari.

213 1083 264 1112 Ab
287 1084 343 1114 hoc
365 1085 474 1121 nefasti
497 1084 573 1122 dies,
597 1086 702 1126 quibus
725 1085 825 1114 diebus
849 1097 881 1114 ea
899 1086 966 1124 fari
988 1086 1032 1113 ius
1055 1095 1112 1113 non
1135 1091 1191 1119 est,
1214 1091 1239 1112 et
1262 1084 1288 1111 si
1305 1084 1368 1122 sati
1389 1092 1471 1120 sunt,
1494 1084 1645 1123 piaculum
1663 1086 1793 1124 faciunt.
1818 1085 1945 1114 Ovid.1.
1969 1085 2044 1114 Fast.
2070 1085 2158 1121 (48.):

749 1127 805 1157 Ille
828 1128 961 1167 nefastus*
979 1128 1047 1163 erit,
1083 1138 1134 1165 per
1157 1137 1238 1166 quem
1262 1127 1320 1154 iria
1342 1125 1429 1155 verba
1450 1126 1581 1164 silentur,

791 1170 894 1199 Fasius
916 1170 987 1205 erit,
1018 1180 1070 1208 per
1091 1180 1173 1208 quem
1198 1167 1257 1207 lege
1279 1167 1378 1197 licebit
1400 1170 1459 1208 agi.

213 1209 282 1239 Tria
306 1210 397 1239 verba
421 1216 487 1239 sunt
511 1211 567 1249 do,
604 1211 687 1248 (lico,
723 1211 847 1249 addico,
885 1212 992 1251 quibus
1016 1216 1076 1239 tota
1101 1211 1268 1239 iurisdictio
1292 1211 1472 1241 continetur.
1503 1211 1589 1241 Dac.
1637 1212 1676 1239 Ab
1706 1211 1751 1240 his
1780 1211 1881 1240 diebus
1910 1212 2052 1240 fastorum
2083 1210 2159 1246 libri,

214 1253 321 1290 quibus
345 1253 407 1282 dies
430 1254 521 1282 fastos
545 1257 767 1292 cognoscimus,
809 1261 838 1284 et
859 1255 1040 1284 translaticia
1062 1253 1146 1282 Fasti
1172 1252 1358 1289 Consulares,
1394 1254 1501 1291 quibus
1524 1255 1660 1282 consules
1683 1254 1866 1289 singulorum
1890 1264 2036 1283 annorum
2061 1253 2160 1282 conti-

216 1300 330 1324 nentur.
358 1294 461 1325 Goth.
507 1298 550 1326 Cf.
574 1298 659 1326 etiam
684 1298 777 1327 Varro
797 1298 854 1334 VI,
877 1299 1026 1336 pag-210.
1050 1297 1101 1335 Sp.
1140 1295 1223 1324 Adde
1246 1306 1320 1333 quae
1342 1306 1433 1334 supra
1458 1296 1586 1325 diximus
1610 1297 1644 1325 ad
1671 1307 1698 1325 V.
1723 1296 1923 1326 Fastorum
1947 1296 2054 1327 libri.

380 1337 498 1367 Fenus
528 1339 755 1380 appellatur.
800 1340 873 1370 Vide
896 1339 990 1368 Fenus
1011 1347 1036 1367 et
1054 1339 1242 1377 feneratores.

776 1435 890 1468 AD
994 1431 1601 1467 LIBRUMVll.

381 1504 528 1536 Gerrae.
574 1508 647 1537 Vide
666 1507 818 1545 Cerrones,
842 1509 893 1538 ubi
910 1508 1000 1548 paulo
1019 1508 1113 1538 aliter.
1156 1508 1257 1543 Quare
1280 1511 1309 1536 et
1331 1507 1451 1535 tertium
1474 1507 1548 1535 illud
1572 1507 1696 1536 sortasse
1719 1507 1789 1536 addi
1812 1512 1925 1546 potest,
1951 1517 2056 1546 nempe
2072 1506 2161 1536 Athe-

217 1548 329 1576 nienses
353 1559 368 1576 a
392 1549 501 1578 Siculis
526 1548 632 1580 Gerros
659 1557 780 1580 vocatos
810 1552 893 1589 quasi
922 1551 1072 1585 imbelles,
1108 1560 1176 1578 nain
1207 1560 1291 1587 gerra
1321 1550 1430 1578 Siculis
1461 1550 1599 1588 pudenda
1629 1550 1781 1588 significat.
1810 1549 1890 1580 Suid.
1914 1549 2041 1588 Hesych.
2073 1549 2160 1580 Dac.

218 1590 290 1618 Vide
311 1591 440 1620 Nonium
471 1592 556 1632 (pag.
571 1596 640 1625 118.
665 1593 773 1633 Merc.)
803 1594 835 1622 in
861 1592 975 1622 Gerrae.
1010 1591 1118 1621 Goth..
1164 1591 1321 1620 Descendit
1344 1591 1403 1619 hoc
1426 1601 1454 1619 v.
1477 1602 1569 1629 quum
1592 1603 1685 1631 nugas
1707 1592 1830 1621 denotat
1853 1603 1868 1620 a
1891 1592 2038 1621 Sanscrita
2059 1591 2162 1621 radice

215 1631 359 1671 gardsclz,
393 1644 469 1672 quae
492 1635 635 1673 significat
657 1635 801 1670 clamare,
838 1635 1005 1675 vociferari.
1052 1634 1160 1662 Contra
1183 1635 1235 1662 ubi
1258 1640 1350 1663 crates
1373 1638 1456 1662 notat
1477 1635 1631 1671 vimineas,
1662 1644 1729 1662 cum
1753 1635 1864 1662 Graeca
1887 1644 1961 1663 voce
1982 1634 2089 1675 γε’ῤῥον
2111 1644 2162 1663 co-

218 1680 337 1712 gnatum
368 1681 428 1713 est,
467 1677 614 1716 aliamque
642 1677 732 1707 habet
759 1678 918 1716 originem,
954 1686 1028 1715 quae
1058 1677 1158 1705 eadem
1189 1682 1230 1705 est
1260 1676 1344 1704 verbi
1368 1676 1464 1704 Latini
1487 1688 1593 1716 gerere.
1638 1677 1728 1705 Recte
1752 1676 1918 1706 Doederlin.
1941 1677 2011 1715 Syn.
2034 1677 2095 1707 Lat.
2111 1677 2162 1712 111,

220 1727 280 1755 pag.
294 1720 343 1750 86.
369 1719 418 1747 ubi
437 1731 538 1759 gerrae
559 1720 707 1758 significat
729 1732 839 1760 nugas,
866 1730 933 1749 cum
954 1720 1059 1749 Graec.
1082 1716 1202 1758 γαρύω,
1233 1720 1294 1747 Lat.
1315 1720 1430 1757 garrire
1450 1719 1612 1757 componit.

383 1759 513 1791 Genas.
558 1763 590 1791 In
613 1773 703 1792 versu
728 1764 850 1792 Pacuvii
873 1763 972 1802 potius
995 1762 1114 1800 legerim
1127 1762 1229 1802 flora,
1258 1771 1345 1799 quam
1357 1761 1448 1802 flore.
1491 1761 1579 1790 Nunc
1598 1761 1726 1800 primum
1749 1767 1857 1800 opacat
1868 1761 1955 1800 flora
1977 1759 2086 1800 lanugo
2108 1771 2164 1799 ge-

222 1811 281 1830 nas.
324 1803 395 1832 Nam
418 1804 495 1833 idem
519 1805 616 1834 Attius
637 1806 666 1835 in
690 1805 829 1835 Bacchis:

797 1846 893 1877 Genus
915 1845 1025 1885 lanugo
1037 1846 1123 1887 flora
1145 1857 1222 1875 nunc
1245 1843 1358 1874 demum
1381 1845 1494 1885 irrigat.

226 1883 302 1912 Idem
324 1886 352 1914 in
374 1887 491 1917 iisdem:

797 1931 876 1961 Nam
888 1932 968 1972 flori
989 1932 1082 1961 crines
1102 1929 1186 1960 video
1209 1937 1240 1959 ut
1259 1929 1388 1970 propeoei
1409 1930 1514 1958 iacent.

229 1976 315 2009 Quod
337 1977 491 2018 Euripides
517 1982 623 2011 Bacch.
642 1983 731 2015 455.:
758 1980 922 2020 Πλὸκαμός
944 1994 974 2013 τε
998 1980 1112 2022 γάρσου
1134 1978 1253 2016 ταναός.
1298 1980 1446 2008 Pacuvius
1471 1979 1614 2019 Antiopa:
1644 1979 1792 2010 Cer-vicum
1804 1981 1905 2022 floros
1928 1978 2088 2020 dispargite
2109 1979 2165 2008 cri·

229 2028 284 2045 nes.
328 2018 378 2048 Est
400 2024 516 2052 coronis
539 2025 742 2064 Anapaestica.
789 2025 928 2063 Virgilius
953 2030 1050 2053 tamen
1073 2029 1177 2053 contra
1200 2024 1252 2055 lib,
1267 2023 1333 2051 XII.
1359 2021 1445 2061 (Aen.
1463 2022 1548 2059 VIII,
1575 2024 1674 2061 160.):

800 2076 876 2105 Tum
899 2075 971 2105 mihi
990 2076 1087 2116 prima
1108 2087 1197 2114 genas
1217 2073 1339 2103 vestibat
1350 2074 1433 2113 flore
1453 2073 1593 2103 iuventas.

231 2116 330 2148 Scal.
361 2119 416 2148 Pro
439 2123 617 2158 operimento
641 2128 794 2156 oculorum
818 2132 847 2157 et
869 2137 924 2165 pro
948 2127 1031 2156 malis
1054 2131 1168 2155 veteres
1192 2129 1388 2164 usurparunt,
1412 2124 1464 2152 sed
1487 2125 1615 2162 priorem
1639 2125 1789 2154 notionem
1811 2124 1966 2164 propriam
1987 2122 2076 2152 fuisse
2098 2131 2166 2150 cum

231 2160 394 2189 ssecmanno
418 2164 563 2194 existimo.
607 2168 655 2196 Sic
677 2170 797 2209 proprie
818 2170 905 2198 Ovid.
927 2170 1006 2207 Eleg.
1025 2172 1055 2201 8.
1080 2169 1128 2197 lib.
1145 2171 1175 2200 2.
1200 2170 1230 2205 (e
1252 2167 1392 2203 Pont.11,
1416 2169 1450 2203 8,
1473 2169 1554 2204 66.);

798 2219 876 2249 Nam
901 2228 988 2260 caput
1011 2233 1025 2249 e
1047 2227 1146 2248 nostra
1168 2219 1254 2248 citius
1276 2218 1385 2247 cervice
1407 2216 1508 2254 recidi,

843 2262 880 2291 Et
901 2263 1003 2302 patiar
1015 2261 1115 2304 fossis
1138 2260 1233 2290 lumen
1256 2260 1337 2289 abire
1355 2259 1446 2299 genis.

233 2302 319 2332 Dae.
357 2303 443 2333 Sulti.
481 2306 578 2335 sultis.
605 2305 708 2335 Goth.
746 2311 823 2339 Duae
847 2319 915 2342 sunt
937 2313 1054 2342 radices
1077 2313 1260 2348 Samen-itae,
1283 2311 1438 2349 diligenter
1461 2309 1702 2347 distinguendae,
1727 2308 1872 2339 declina
1893 2318 2020 2348 gnosco,
2042 2308 2164 2348 γναῖναι,

233 2343 354 2383 kennen3
382 2353 412 2375 io
434 2346 536 2385 know‚·
565 2353 592 2375 et
615 2347 756 2378 dschan
777 2354 882 2390 gigno,
907 2366 999 2393 geno,
1029 2354 1161 2395 γεννάω,
1193 2354 1284 2393 γένω,
1312 2355 1458 2394 γίγνομαι.
1504 2353 1549 2381 Ex
1574 2352 1666 2391 priori
1690 2351 1872 2380 descendunt
1895 2350 2041 2380 vocabula
2062 2347 2164 2376 Latina

230 2397 358 2426 S'fflvub
385 2399 510 2428 gnarus,
539 2388 667 2419 Gnaivos
687 2390 833 2430 (Cneius),
859 2404 981 2433 gnotus,
1013 2397 1090 2426 unde
1113 2398 1264 2436 cognitus,
1294 2397 1428 2436 agnitus3
1458 2405 1496 2424 ex
1519 2395 1612 2424 altera
1635 2395 1811 2424 derivantur
1830 2404 1935 2434 genus,
1958 2402 2046 2432 gens,
2067 2401 2163 2430 gener,
