<?xml version="1.0" encoding="UTF-8"?>
<!DOCTYPE html PUBLIC "-//W3C//DTD XHTML 1.0 Transitional//EN"
    "http://www.w3.org/TR/xhtml1/DTD/xhtml1-transitional.dtd">
<html xmlns="http://www.w3.org/1999/xhtml" xml:lang="en" lang="en">
 <head>
  <title>
</title>
<meta http-equiv="Content-Type" content="text/html;charset=utf-8" />
  <meta name='ocr-system' content='tesseract 3.04.00' />
  <meta name='ocr-capabilities' content='ocr_page ocr_carea ocr_par ocr_line ocrx_word'/>
</head>
<body>
  <div class='ocr_page' id='page_1' title='image "./corpusgrammatico01linduoft_0439.png"; bbox 0 0 2263 2668; ppageno 0'>
   <div class='ocr_carea' id='block_1_1' title="bbox 504 126 1551 165">
    <p class='ocr_par' dir='ltr' id='par_1_1' title="bbox 504 126 1551 165">
     <span class='ocr_line' id='line_1_1' title="bbox 504 126 1551 165; baseline 0.004 -3"><span class='ocrx_word' id='word_1_1' title='bbox 504 128 569 162; x_wconf 89' lang='lat' dir='ltr'><strong>DE</strong></span> <span class='ocrx_word' id='word_1_2' title='bbox 596 126 988 163; x_wconf 87' lang='lat' dir='ltr'>SIGNIFICATIONE</span> <span class='ocrx_word' id='word_1_3' title='bbox 1015 127 1299 163; x_wconf 88' lang='lat' dir='ltr'>VERBORUM.</span> <span class='ocrx_word' id='word_1_4' title='bbox 1353 131 1498 165; x_wconf 87' lang='lat' dir='ltr'>LIBER</span> <span class='ocrx_word' id='word_1_5' title='bbox 1523 131 1551 165; x_wconf 90' lang='grc' dir='ltr'><strong>Ι.</strong></span> 
     </span>
    </p>
   </div>
   <div class='ocr_carea' id='block_1_2' title="bbox 1967 136 2017 171">
    <p class='ocr_par' dir='ltr' id='par_1_2' title="bbox 1967 136 2017 171">
     <span class='ocr_line' id='line_1_2' title="bbox 1967 136 2017 171; baseline 0.02 -1"><span class='ocrx_word' id='word_1_6' title='bbox 1967 136 2017 171; x_wconf 71' lang='grc'><strong>17</strong></span> 
     </span>
    </p>
   </div>
   <div class='ocr_carea' id='block_1_3' title="bbox 161 222 2013 271">
    <p class='ocr_par' dir='ltr' id='par_1_3' title="bbox 161 222 2013 271">
     <span class='ocr_line' id='line_1_3' title="bbox 161 222 2013 271; baseline 0.005 -15"><span class='ocrx_word' id='word_1_7' title='bbox 161 235 228 258; x_wconf 88' lang='lat' dir='ltr'><strong>non</strong></span> <span class='ocrx_word' id='word_1_8' title='bbox 254 223 392 268; x_wconf 89' lang='lat' dir='ltr'><strong>quidem</strong></span> <span class='ocrx_word' id='word_1_9' title='bbox 419 223 601 257; x_wconf 86' lang='lat' dir='ltr'><strong>secundum</strong></span> <span class='ocrx_word' id='word_1_10' title='bbox 628 225 809 265; x_wconf 85' lang='lat' dir='ltr'><strong>rationem,</strong></span> <span class='ocrx_word' id='word_1_11' title='bbox 845 222 923 266; x_wconf 86' lang='lat' dir='ltr'><strong>quia</strong></span> <span class='ocrx_word' id='word_1_12' title='bbox 959 222 1012 256; x_wconf 83' lang='lat' dir='ltr'><strong>ad</strong></span> <span class='ocrx_word' id='word_1_13' title='bbox 1036 225 1239 268; x_wconf 81' lang='lat' dir='ltr'>praepositio</span> <span class='ocrx_word' id='word_1_14' title='bbox 1269 226 1463 260; x_wconf 75' lang='lat' dir='ltr'>accusativis</span> <span class='ocrx_word' id='word_1_15' title='bbox 1490 227 1747 261; x_wconf 83' lang='lat' dir='ltr'><strong>accommodata</strong></span> <span class='ocrx_word' id='word_1_16' title='bbox 1774 232 1839 271; x_wconf 84' lang='lat' dir='ltr'><strong>est,</strong></span> <span class='ocrx_word' id='word_1_17' title='bbox 1867 230 1926 264; x_wconf 86' lang='lat' dir='ltr'><strong>sed</strong></span> <span class='ocrx_word' id='word_1_18' title='bbox 1953 242 2013 266; x_wconf 89' lang='lat' dir='ltr'><strong>ve-</strong></span> 
     </span>
    </p>
   </div>
   <div class='ocr_carea' id='block_1_4' title="bbox 160 271 926 320">
    <p class='ocr_par' dir='ltr' id='par_1_4' title="bbox 160 271 926 320">
     <span class='ocr_line' id='line_1_4' title="bbox 160 271 926 320; baseline 0.001 -11"><span class='ocrx_word' id='word_1_19' title='bbox 160 281 246 309; x_wconf 84' lang='lat' dir='ltr'><strong>tusta</strong></span> <span class='ocrx_word' id='word_1_20' title='bbox 273 275 419 319; x_wconf 87' lang='lat' dir='ltr'><strong>quadam</strong></span> <span class='ocrx_word' id='word_1_21' title='bbox 441 271 465 292; x_wconf 77' lang='lat'><strong>3⁹</strong></span> <span class='ocrx_word' id='word_1_22' title='bbox 491 276 652 320; x_wconf 86' lang='lat' dir='ltr'><strong>loquendi</strong></span> <span class='ocrx_word' id='word_1_23' title='bbox 679 275 926 311; x_wconf 86' lang='lat' dir='ltr'><strong>consuetudine.</strong></span> 
     </span>
    </p>
   </div>
   <div class='ocr_carea' id='block_1_5' title="bbox 57 334 2011 538">
    <p class='ocr_par' dir='ltr' id='par_1_5' title="bbox 59 334 1913 434">
     <span class='ocr_line' id='line_1_5' title="bbox 61 334 1913 385; baseline 0.003 -16"><span class='ocrx_word' id='word_1_24' title='bbox 61 334 192 382; x_wconf 86' lang='lat' dir='ltr'><strong>Argea</strong></span> <span class='ocrx_word' id='word_1_25' title='bbox 218 337 296 370; x_wconf 90' lang='lat' dir='ltr'><strong>loca</strong></span> <span class='ocrx_word' id='word_1_26' title='bbox 322 337 454 369; x_wconf 88' lang='lat' dir='ltr'><strong>Romae</strong></span> <span class='ocrx_word' id='word_1_27' title='bbox 481 337 713 381; x_wconf 86' lang='lat' dir='ltr'><strong>appellantur‚</strong></span> <span class='ocrx_word' id='word_1_28' title='bbox 741 336 834 380; x_wconf 89' lang='lat' dir='ltr'><strong>quod</strong></span> <span class='ocrx_word' id='word_1_29' title='bbox 861 337 895 368; x_wconf 94' lang='lat' dir='ltr'><strong>in</strong></span> <span class='ocrx_word' id='word_1_30' title='bbox 918 334 970 367; x_wconf 85' lang='lat' dir='ltr'><strong>his</strong></span> <span class='ocrx_word' id='word_1_31' title='bbox 996 335 1117 379; x_wconf 81' lang='lat' dir='ltr'><strong>sepulti</strong></span> <span class='ocrx_word' id='word_1_32' title='bbox 1145 342 1251 370; x_wconf 82' lang='lat' dir='ltr'><strong>essent</strong></span> <span class='ocrx_word' id='word_1_33' title='bbox 1277 337 1415 381; x_wconf 90' lang='lat' dir='ltr'><strong>quidam</strong></span> <span class='ocrx_word' id='word_1_34' title='bbox 1442 338 1647 385; x_wconf 84' lang='lat' dir='ltr'><strong>Argivorum</strong></span> <span class='ocrx_word' id='word_1_35' title='bbox 1674 338 1815 373; x_wconf 82' lang='lat' dir='ltr'><strong>illustres</strong></span> <span class='ocrx_word' id='word_1_36' title='bbox 1842 340 1913 374; x_wconf 86' lang='lat' dir='ltr'><strong>viri.</strong></span> 
     </span>
     <span class='ocr_line' id='line_1_6' title="bbox 59 387 1245 434; baseline 0.001 -13"><span class='ocrx_word' id='word_1_37' title='bbox 59 387 283 434; x_wconf 68' lang='lat' dir='ltr'><strong>Asparagus</strong></span> <span class='ocrx_word' id='word_1_38' title='bbox 308 387 417 420; x_wconf 78' lang='lat' dir='ltr'><strong>herba</strong></span> <span class='ocrx_word' id='word_1_39' title='bbox 444 387 552 429; x_wconf 86' lang='lat' dir='ltr'><strong>dicta,</strong></span> <span class='ocrx_word' id='word_1_40' title='bbox 580 389 673 432; x_wconf 89' lang='lat' dir='ltr'><strong>quod</strong></span> <span class='ocrx_word' id='word_1_41' title='bbox 700 390 735 422; x_wconf 89' lang='lat' dir='ltr'><strong>in</strong></span> <span class='ocrx_word' id='word_1_42' title='bbox 759 398 880 433; x_wconf 86' lang='lat' dir='ltr'><strong>aspero</strong></span> <span class='ocrx_word' id='word_1_43' title='bbox 908 387 1054 431; x_wconf 84' lang='lat' dir='ltr'><strong>virgulto</strong></span> <span class='ocrx_word' id='word_1_44' title='bbox 1082 393 1245 423; x_wconf 85' lang='lat' dir='ltr'><strong>nascatur.</strong></span> 
     </span>
    </p>

    <p class='ocr_par' dir='ltr' id='par_1_6' title="bbox 57 439 1430 484">
     <span class='ocr_line' id='line_1_7' title="bbox 57 439 1430 484; baseline 0 -11"><span class='ocrx_word' id='word_1_45' title='bbox 57 439 249 473; x_wconf 77' lang='lat' dir='ltr'><strong>Assidelae</strong></span> <span class='ocrx_word' id='word_1_46' title='bbox 275 451 409 472; x_wconf 82' lang='lat' dir='ltr'><strong>mensae</strong></span> <span class='ocrx_word' id='word_1_47' title='bbox 434 445 612 481; x_wconf 81' lang='lat' dir='ltr'><strong>vocantur,</strong></span> <span class='ocrx_word' id='word_1_48' title='bbox 641 440 684 473; x_wconf 89' lang='lat' dir='ltr'><strong>ad</strong></span> <span class='ocrx_word' id='word_1_49' title='bbox 713 452 795 484; x_wconf 85' lang='lat' dir='ltr'><strong>quas</strong></span> <span class='ocrx_word' id='word_1_50' title='bbox 822 439 972 473; x_wconf 81' lang='lat' dir='ltr'><strong>sedentes</strong></span> <span class='ocrx_word' id='word_1_51' title='bbox 998 439 1148 472; x_wconf 86' lang='lat' dir='ltr'><strong>flamines</strong></span> <span class='ocrx_word' id='word_1_52' title='bbox 1175 452 1267 474; x_wconf 89' lang='lat' dir='ltr'><strong>sacra</strong></span> <span class='ocrx_word' id='word_1_53' title='bbox 1294 441 1430 474; x_wconf 87' lang='lat' dir='ltr'><strong>faciunt.</strong></span> 
     </span>
    </p>

    <p class='ocr_par' dir='ltr' id='par_1_7' title="bbox 59 491 2011 538">
     <span class='ocr_line' id='line_1_8' title="bbox 59 491 2011 538; baseline 0.003 -14"><span class='ocrx_word' id='word_1_54' title='bbox 59 491 202 537; x_wconf 80' lang='lat' dir='ltr'><strong>Anceps</strong></span> <span class='ocrx_word' id='word_1_55' title='bbox 228 492 418 537; x_wconf 89' lang='lat' dir='ltr'><strong>significare</strong></span> <span class='ocrx_word' id='word_1_56' title='bbox 444 491 574 524; x_wconf 85' lang='lat' dir='ltr'><strong>videtur</strong></span> <span class='ocrx_word' id='word_1_57' title='bbox 601 492 654 531; x_wconf 74' lang='lat' dir='ltr'><strong>id,</strong></span> <span class='ocrx_word' id='word_1_58' title='bbox 682 492 775 535; x_wconf 87' lang='lat' dir='ltr'><strong>quod</strong></span> <span class='ocrx_word' id='word_1_59' title='bbox 803 502 842 524; x_wconf 86' lang='lat' dir='ltr'><strong>ex</strong></span> <span class='ocrx_word' id='word_1_60' title='bbox 869 496 1008 533; x_wconf 86' lang='lat' dir='ltr'><strong>utraque</strong></span> <span class='ocrx_word' id='word_1_61' title='bbox 1037 496 1134 534; x_wconf 84' lang='lat' dir='ltr'><strong>parte</strong></span> <span class='ocrx_word' id='word_1_62' title='bbox 1162 498 1263 536; x_wconf 86' lang='lat' dir='ltr'><strong>caput</strong></span> <span class='ocrx_word' id='word_1_63' title='bbox 1289 492 1431 533; x_wconf 81' lang='lat' dir='ltr'><strong>habeat,</strong></span> <span class='ocrx_word' id='word_1_64' title='bbox 1459 497 1495 526; x_wconf 85' lang='lat' dir='ltr'><strong>ut</strong></span> <span class='ocrx_word' id='word_1_65' title='bbox 1523 503 1671 534; x_wconf 87' lang='lat' dir='ltr'><strong>secures,</strong></span> <span class='ocrx_word' id='word_1_66' title='bbox 1698 493 1860 538; x_wconf 76' lang='lat' dir='ltr'><strong>bipennes</strong></span> <span class='ocrx_word' id='word_1_67' title='bbox 1883 491 1925 535; x_wconf 69' lang='lat'><strong>‘¹⁰3</strong></span> <span class='ocrx_word' id='word_1_68' title='bbox 1952 496 2011 530; x_wconf 87' lang='lat' dir='ltr'><strong>sed</strong></span> 
     </span>
    </p>
   </div>
   <div class='ocr_carea' id='block_1_6' title="bbox 163 538 1036 588">
    <p class='ocr_par' dir='ltr' id='par_1_8' title="bbox 163 538 1036 588">
     <span class='ocr_line' id='line_1_9' title="bbox 163 538 1036 588; baseline -0.002 -12"><span class='ocrx_word' id='word_1_69' title='bbox 163 544 271 588; x_wconf 87' lang='lat' dir='ltr'><strong>magis</strong></span> <span class='ocrx_word' id='word_1_70' title='bbox 298 555 317 576; x_wconf 87' lang='lat' dir='ltr'><strong>a</strong></span> <span class='ocrx_word' id='word_1_71' title='bbox 344 543 529 587; x_wconf 76' lang='lat' dir='ltr'><strong>capiendo,</strong></span> <span class='ocrx_word' id='word_1_72' title='bbox 556 543 651 587; x_wconf 89' lang='lat' dir='ltr'><strong>quod</strong></span> <span class='ocrx_word' id='word_1_73' title='bbox 678 555 718 577; x_wconf 79' lang='lat' dir='ltr'><strong>ex</strong></span> <span class='ocrx_word' id='word_1_74' title='bbox 745 548 883 587; x_wconf 85' lang='lat' dir='ltr'><strong>utraque</strong></span> <span class='ocrx_word' id='word_1_75' title='bbox 909 546 1005 587; x_wconf 84' lang='lat' dir='ltr'><strong>parte</strong></span> <span class='ocrx_word' id='word_1_76' title='bbox 1024 538 1036 558; x_wconf 75' lang='lat'>⁴</span> 
     </span>
    </p>
   </div>
   <div class='ocr_carea' id='block_1_7' title="bbox 1039 539 1182 586">
    <p class='ocr_par' dir='ltr' id='par_1_9' title="bbox 1039 539 1182 586">
     <span class='ocr_line' id='line_1_10' title="bbox 1039 539 1182 586; baseline 0.014 -11"><span class='ocrx_word' id='word_1_77' title='bbox 1039 539 1049 559; x_wconf 85' lang='lat'>¹</span> <span class='ocrx_word' id='word_1_78' title='bbox 1077 555 1182 586; x_wconf 86' lang='lat' dir='ltr'><strong>aeque</strong></span> 
     </span>
    </p>
   </div>
   <div class='ocr_carea' id='block_1_8' title="bbox 1204 541 1442 561">
    <p class='ocr_par' dir='ltr' id='par_1_10' title="bbox 1204 541 1442 561">
     <span class='ocr_line' id='line_1_11' title="bbox 1204 541 1442 561; baseline -0.004 0"><span class='ocrx_word' id='word_1_79' title='bbox 1204 541 1230 561; x_wconf 66' lang='lat'><strong>⁴12</strong></span> <span class='ocrx_word' id='word_1_80' title='bbox 1431 541 1442 560; x_wconf 74' lang='lat'><strong>-1</strong></span> 
     </span>
    </p>
   </div>
   <div class='ocr_carea' id='block_1_9' title="bbox 1257 541 1839 589">
    <p class='ocr_par' dir='ltr' id='par_1_11' title="bbox 1257 541 1839 589">
     <span class='ocr_line' id='line_1_12' title="bbox 1257 541 1839 589; baseline 0 -12"><span class='ocrx_word' id='word_1_81' title='bbox 1257 548 1409 588; x_wconf 85' lang='lat' dir='ltr'><strong>captatur</strong></span> <span class='ocrx_word' id='word_1_82' title='bbox 1444 541 1473 586; x_wconf 79' lang='lat'><strong>³,</strong></span> <span class='ocrx_word' id='word_1_83' title='bbox 1500 545 1708 589; x_wconf 85' lang='lat' dir='ltr'><strong>appellatum</strong></span> <span class='ocrx_word' id='word_1_84' title='bbox 1736 551 1785 578; x_wconf 87' lang='lat' dir='ltr'><strong>est</strong></span> <span class='ocrx_word' id='word_1_85' title='bbox 1806 543 1839 577; x_wconf 75' lang='lat'><strong>⁴¹.</strong></span> 
     </span>
    </p>
   </div>
   <div class='ocr_carea' id='block_1_10' title="bbox 60 599 2016 803">
    <p class='ocr_par' dir='ltr' id='par_1_12' title="bbox 62 599 1598 649">
     <span class='ocr_line' id='line_1_13' title="bbox 62 599 1598 649; baseline 0.001 -12"><span class='ocrx_word' id='word_1_86' title='bbox 62 603 184 638; x_wconf 80' lang='lat' dir='ltr'><strong>Ancus</strong></span> <span class='ocrx_word' id='word_1_87' title='bbox 210 603 419 648; x_wconf 79' lang='lat' dir='ltr'><strong>appellatur,</strong></span> <span class='ocrx_word' id='word_1_88' title='bbox 447 605 506 647; x_wconf 91' lang='lat' dir='ltr'><strong>qui</strong></span> <span class='ocrx_word' id='word_1_89' title='bbox 534 604 700 638; x_wconf 90' lang='lat' dir='ltr'><strong>aduncum</strong></span> <span class='ocrx_word' id='word_1_90' title='bbox 727 604 904 637; x_wconf 87' lang='lat' dir='ltr'><strong>brachium</strong></span> <span class='ocrx_word' id='word_1_91' title='bbox 930 602 1053 642; x_wconf 80' lang='lat' dir='ltr'><strong>habet,</strong></span> <span class='ocrx_word' id='word_1_92' title='bbox 1082 607 1114 635; x_wconf 89' lang='lat' dir='ltr'><strong>et</strong></span> <span class='ocrx_word' id='word_1_93' title='bbox 1136 599 1161 620; x_wconf 72' lang='lat'><strong>‘¹⁵</strong></span> <span class='ocrx_word' id='word_1_94' title='bbox 1189 603 1359 649; x_wconf 79' lang='lat' dir='ltr'><strong>exporrigi</strong></span> <span class='ocrx_word' id='word_1_95' title='bbox 1386 615 1452 636; x_wconf 91' lang='lat' dir='ltr'><strong>non</strong></span> <span class='ocrx_word' id='word_1_96' title='bbox 1479 609 1598 648; x_wconf 87' lang='lat' dir='ltr'><strong>potest.</strong></span> 
     </span>
    </p>

    <p class='ocr_par' dir='ltr' id='par_1_13' title="bbox 60 654 2016 803">
     <span class='ocr_line' id='line_1_14' title="bbox 60 654 2015 700; baseline 0.002 -11"><span class='ocrx_word' id='word_1_97' title='bbox 60 655 225 689; x_wconf 80' lang='lat' dir='ltr'><strong>Ancillae</strong></span> <span class='ocrx_word' id='word_1_98' title='bbox 252 655 362 688; x_wconf 87' lang='lat' dir='ltr'><strong>dictae</strong></span> <span class='ocrx_word' id='word_1_99' title='bbox 390 656 433 687; x_wconf 91' lang='lat' dir='ltr'><strong>ab</strong></span> <span class='ocrx_word' id='word_1_100' title='bbox 459 657 555 690; x_wconf 89' lang='lat' dir='ltr'><strong>Anco</strong></span> <span class='ocrx_word' id='word_1_101' title='bbox 582 656 708 688; x_wconf 90' lang='lat' dir='ltr'><strong>Martio</strong></span> <span class='ocrx_word' id='word_1_102' title='bbox 735 667 835 700; x_wconf 84' lang='lat' dir='ltr'><strong>rege,</strong></span> <span class='ocrx_word' id='word_1_103' title='bbox 863 654 956 698; x_wconf 86' lang='lat' dir='ltr'><strong>quod</strong></span> <span class='ocrx_word' id='word_1_104' title='bbox 982 654 1008 686; x_wconf 87' lang='lat' dir='ltr'><strong>is</strong></span> <span class='ocrx_word' id='word_1_105' title='bbox 1034 654 1126 687; x_wconf 85' lang='lat' dir='ltr'><strong>bello</strong></span> <span class='ocrx_word' id='word_1_106' title='bbox 1155 667 1314 699; x_wconf 84' lang='lat' dir='ltr'><strong>magnum</strong></span> <span class='ocrx_word' id='word_1_107' title='bbox 1338 656 1534 689; x_wconf 83' lang='lat' dir='ltr'><strong>feminarum</strong></span> <span class='ocrx_word' id='word_1_108' title='bbox 1562 668 1736 690; x_wconf 86' lang='lat' dir='ltr'><strong>numerum</strong></span> <span class='ocrx_word' id='word_1_109' title='bbox 1764 657 1901 700; x_wconf 76' lang='lat' dir='ltr'><strong>ceperit.</strong></span> <span class='ocrx_word' id='word_1_110' title='bbox 1933 658 2015 692; x_wconf 83' lang='lat' dir='ltr'><strong>Sive</strong></span> 
     </span>
     <span class='ocr_line' id='line_1_15' title="bbox 158 703 2016 754; baseline 0.002 -15"><span class='ocrx_word' id='word_1_111' title='bbox 158 707 237 739; x_wconf 89' lang='lat' dir='ltr'><strong>ideo</strong></span> <span class='ocrx_word' id='word_1_112' title='bbox 265 707 312 740; x_wconf 91' lang='lat' dir='ltr'><strong>sic</strong></span> <span class='ocrx_word' id='word_1_113' title='bbox 338 707 553 751; x_wconf 82' lang='lat' dir='ltr'><strong>appellantur</strong></span> <span class='ocrx_word' id='word_1_114' title='bbox 567 703 602 749; x_wconf 72' lang='lat'><strong>⁴⁶,</strong></span> <span class='ocrx_word' id='word_1_115' title='bbox 630 706 722 751; x_wconf 91' lang='lat' dir='ltr'><strong>quod</strong></span> <span class='ocrx_word' id='word_1_116' title='bbox 746 704 771 724; x_wconf 70' lang='lat'><strong>⁴⁷</strong></span> <span class='ocrx_word' id='word_1_117' title='bbox 797 706 921 750; x_wconf 83' lang='lat' dir='ltr'><strong>antiqui</strong></span> <span class='ocrx_word' id='word_1_118' title='bbox 948 706 1119 739; x_wconf 82' lang='lat' dir='ltr'><strong>anculare</strong></span> <span class='ocrx_word' id='word_1_119' title='bbox 1147 706 1303 740; x_wconf 84' lang='lat' dir='ltr'><strong>dicebant</strong></span> <span class='ocrx_word' id='word_1_120' title='bbox 1330 719 1392 751; x_wconf 86' lang='lat' dir='ltr'><strong>pro</strong></span> <span class='ocrx_word' id='word_1_121' title='bbox 1420 708 1621 750; x_wconf 78' lang='lat' dir='ltr'><strong>ministrare,</strong></span> <span class='ocrx_word' id='word_1_122' title='bbox 1650 719 1689 741; x_wconf 83' lang='lat' dir='ltr'><strong>ex</strong></span> <span class='ocrx_word' id='word_1_123' title='bbox 1717 719 1784 752; x_wconf 90' lang='lat' dir='ltr'><strong>quo</strong></span> <span class='ocrx_word' id='word_1_124' title='bbox 1807 708 1853 741; x_wconf 87' lang='lat' dir='ltr'><strong>dii</strong></span> <span class='ocrx_word' id='word_1_125' title='bbox 1876 720 2016 754; x_wconf 91' lang='lat' dir='ltr'><strong>quoque</strong></span> 
     </span>
     <span class='ocr_line' id='line_1_16' title="bbox 161 755 1466 803; baseline 0.001 -12"><span class='ocrx_word' id='word_1_126' title='bbox 161 759 217 791; x_wconf 76' lang='lat' dir='ltr'><strong>vel</strong></span> <span class='ocrx_word' id='word_1_127' title='bbox 239 755 264 775; x_wconf 71' lang='lat'><strong>⁴³</strong></span> <span class='ocrx_word' id='word_1_128' title='bbox 291 758 376 791; x_wconf 88' lang='lat' dir='ltr'><strong>deae</strong></span> <span class='ocrx_word' id='word_1_129' title='bbox 402 759 553 792; x_wconf 86' lang='lat' dir='ltr'><strong>feruntur</strong></span> <span class='ocrx_word' id='word_1_130' title='bbox 580 760 663 801; x_wconf 84' lang='lat' dir='ltr'><strong>coli,</strong></span> <span class='ocrx_word' id='word_1_131' title='bbox 695 759 814 803; x_wconf 90' lang='lat' dir='ltr'><strong>quibus</strong></span> <span class='ocrx_word' id='word_1_132' title='bbox 841 758 975 791; x_wconf 84' lang='lat' dir='ltr'><strong>nomina</strong></span> <span class='ocrx_word' id='word_1_133' title='bbox 1002 762 1075 791; x_wconf 81' lang='lat' dir='ltr'><strong>sunt</strong></span> <span class='ocrx_word' id='word_1_134' title='bbox 1101 758 1222 791; x_wconf 87' lang='lat' dir='ltr'><strong>Anculi</strong></span> <span class='ocrx_word' id='word_1_135' title='bbox 1249 764 1281 791; x_wconf 91' lang='lat' dir='ltr'><strong>et</strong></span> <span class='ocrx_word' id='word_1_136' title='bbox 1305 760 1466 793; x_wconf 85' lang='lat' dir='ltr'><strong>Anculae.</strong></span> 
     </span>
    </p>
   </div>
   <div class='ocr_carea' id='block_1_11' title="bbox 61 815 973 863">
    <p class='ocr_par' dir='ltr' id='par_1_14' title="bbox 61 815 973 863">
     <span class='ocr_line' id='line_1_17' title="bbox 61 815 973 863; baseline 0 -12"><span class='ocrx_word' id='word_1_137' title='bbox 61 818 229 852; x_wconf 78' lang='lat' dir='ltr'><strong>Ancaesa</strong></span> <span class='ocrx_word' id='word_1_138' title='bbox 256 818 346 852; x_wconf 86' lang='lat' dir='ltr'><strong>dicta</strong></span> <span class='ocrx_word' id='word_1_139' title='bbox 374 825 448 852; x_wconf 85' lang='lat' dir='ltr'><strong>sunt</strong></span> <span class='ocrx_word' id='word_1_140' title='bbox 475 820 517 852; x_wconf 88' lang='lat' dir='ltr'><strong>ab</strong></span> <span class='ocrx_word' id='word_1_141' title='bbox 544 820 682 863; x_wconf 79' lang='lat' dir='ltr'><strong>antiquis</strong></span> <span class='ocrx_word' id='word_1_142' title='bbox 708 831 804 860; x_wconf 81' lang='lat' dir='ltr'><strong>vasa,</strong></span> <span class='ocrx_word' id='word_1_143' title='bbox 839 830 926 862; x_wconf 85' lang='lat' dir='ltr'><strong>quae</strong></span> <span class='ocrx_word' id='word_1_144' title='bbox 949 815 973 835; x_wconf 78' lang='lat'><strong>⁴⁹</strong></span> 
     </span>
    </p>
   </div>
   <div class='ocr_carea' id='block_1_12' title="bbox 160 867 298 955">
    <p class='ocr_par' dir='ltr' id='par_1_15' title="bbox 160 867 298 955">
     <span class='ocr_line' id='line_1_18' title="bbox 160 867 298 904; baseline 0 -2"><span class='ocrx_word' id='word_1_145' title='bbox 160 871 245 904; x_wconf 83' lang='lat' dir='ltr'><strong>fiunt</strong></span> <span class='ocrx_word' id='word_1_146' title='bbox 263 867 298 902; x_wconf 74' lang='lat'><strong>⁵¹.</strong></span> 
     </span>
     <span class='ocr_line' id='line_1_19' title="bbox 162 926 298 955; baseline -0.007 0"><span class='ocrx_word' id='word_1_147' title='bbox 162 926 298 955; x_wconf 87' lang='lat' dir='ltr'><strong>mutata.</strong></span> 
     </span>
    </p>
   </div>
   <div class='ocr_carea' id='block_1_13' title="bbox 60 973 1036 1019">
    <p class='ocr_par' dir='ltr' id='par_1_16' title="bbox 60 973 1036 1019">
     <span class='ocr_line' id='line_1_20' title="bbox 60 973 1036 1019; baseline 0 -13"><span class='ocrx_word' id='word_1_148' title='bbox 60 973 235 1007; x_wconf 79' lang='lat' dir='ltr'><strong>Aerosam</strong></span> <span class='ocrx_word' id='word_1_149' title='bbox 264 974 519 1019; x_wconf 86' lang='lat' dir='ltr'><strong>appellaverunt</strong></span> <span class='ocrx_word' id='word_1_150' title='bbox 545 974 668 1018; x_wconf 85' lang='lat' dir='ltr'><strong>antiqui</strong></span> <span class='ocrx_word' id='word_1_151' title='bbox 695 974 836 1007; x_wconf 87' lang='lat' dir='ltr'><strong>insulam</strong></span> <span class='ocrx_word' id='word_1_152' title='bbox 864 973 1036 1018; x_wconf 78' lang='lat' dir='ltr'><strong>Cyprum,</strong></span> 
     </span>
    </p>
   </div>
   <div class='ocr_carea' id='block_1_14' title="bbox 62 1022 828 1110">
    <p class='ocr_par' dir='ltr' id='par_1_17' title="bbox 62 1022 828 1110">
     <span class='ocr_line' id='line_1_21' title="bbox 62 1022 828 1060; baseline 0.001 -2"><span class='ocrx_word' id='word_1_153' title='bbox 62 1025 193 1058; x_wconf 78' lang='lat' dir='ltr'><strong>Aenesi</strong></span> <span class='ocrx_word' id='word_1_154' title='bbox 215 1022 240 1042; x_wconf 77' lang='lat'><strong>⁵²</strong></span> <span class='ocrx_word' id='word_1_155' title='bbox 267 1026 347 1059; x_wconf 88' lang='lat' dir='ltr'><strong>dicti</strong></span> <span class='ocrx_word' id='word_1_156' title='bbox 372 1031 445 1058; x_wconf 88' lang='lat' dir='ltr'><strong>sunt</strong></span> <span class='ocrx_word' id='word_1_157' title='bbox 464 1023 489 1043; x_wconf 80' lang='lat'><strong>⁵³</strong></span> <span class='ocrx_word' id='word_1_158' title='bbox 516 1026 654 1060; x_wconf 86' lang='lat' dir='ltr'><strong>comites</strong></span> <span class='ocrx_word' id='word_1_159' title='bbox 681 1026 828 1059; x_wconf 84' lang='lat' dir='ltr'><strong>Aeneae.</strong></span> 
     </span>
     <span class='ocr_line' id='line_1_22' title="bbox 62 1074 305 1110; baseline 0 0"><span class='ocrx_word' id='word_1_160' title='bbox 62 1076 261 1110; x_wconf 80' lang='lat' dir='ltr'><strong>Aenatores</strong></span> <span class='ocrx_word' id='word_1_161' title='bbox 281 1074 305 1094; x_wconf 67' lang='lat'><strong>⁵³</strong></span> 
     </span>
    </p>
   </div>
   <div class='ocr_carea' id='block_1_15' title="bbox 351 819 2015 918">
    <p class='ocr_par' dir='ltr' id='par_1_18' title="bbox 351 819 2015 918">
     <span class='ocr_line' id='line_1_23' title="bbox 1001 819 1378 863; baseline 0 -11"><span class='ocrx_word' id='word_1_162' title='bbox 1001 819 1130 852; x_wconf 84' lang='lat' dir='ltr'><strong>caelata</strong></span> <span class='ocrx_word' id='word_1_163' title='bbox 1165 819 1378 863; x_wconf 85' lang='lat' dir='ltr'><strong>appellamus</strong></span> 
     </span>
     <span class='ocr_line' id='line_1_24' title="bbox 351 870 2015 918; baseline 0.002 -15"><span class='ocrx_word' id='word_1_164' title='bbox 351 871 463 916; x_wconf 88' lang='lat' dir='ltr'><strong>Ipsum</strong></span> <span class='ocrx_word' id='word_1_165' title='bbox 491 883 626 915; x_wconf 88' lang='lat' dir='ltr'><strong>quoque</strong></span> <span class='ocrx_word' id='word_1_166' title='bbox 654 872 798 904; x_wconf 80' lang='lat' dir='ltr'><strong>caelare</strong></span> <span class='ocrx_word' id='word_1_167' title='bbox 824 871 963 904; x_wconf 84' lang='lat' dir='ltr'><strong>verbum</strong></span> <span class='ocrx_word' id='word_1_168' title='bbox 999 871 1042 903; x_wconf 89' lang='lat' dir='ltr'><strong>ab</strong></span> <span class='ocrx_word' id='word_1_169' title='bbox 1075 870 1195 904; x_wconf 86' lang='lat' dir='ltr'><strong>eadem</strong></span> <span class='ocrx_word' id='word_1_170' title='bbox 1223 883 1323 905; x_wconf 85' lang='lat' dir='ltr'><strong>causa</strong></span> <span class='ocrx_word' id='word_1_171' title='bbox 1351 875 1399 904; x_wconf 86' lang='lat' dir='ltr'><strong>est</strong></span> <span class='ocrx_word' id='word_1_172' title='bbox 1429 870 1573 911; x_wconf 81' lang='lat' dir='ltr'><strong>dictum,</strong></span> <span class='ocrx_word' id='word_1_173' title='bbox 1602 871 1628 904; x_wconf 86' lang='lat' dir='ltr'><em>d</em></span> <span class='ocrx_word' id='word_1_174' title='bbox 1654 871 1762 904; x_wconf 86' lang='lat' dir='ltr'><strong>littera</strong></span> <span class='ocrx_word' id='word_1_175' title='bbox 1791 883 1868 905; x_wconf 90' lang='lat' dir='ltr'><strong>cum</strong></span> <span class='ocrx_word' id='word_1_176' title='bbox 1896 873 1908 906; x_wconf 84' lang='lat' dir='ltr'><em>l</em></span> <span class='ocrx_word' id='word_1_177' title='bbox 1934 884 2015 918; x_wconf 88' lang='lat' dir='ltr'><strong>per-</strong></span> 
     </span>
    </p>
   </div>
   <div class='ocr_carea' id='block_1_16' title="bbox 1400 816 2015 862">
    <p class='ocr_par' dir='ltr' id='par_1_19' title="bbox 1400 816 2015 862">
     <span class='ocr_line' id='line_1_25' title="bbox 1400 816 2015 862; baseline 0.008 -12"><span class='ocrx_word' id='word_1_178' title='bbox 1400 816 1442 859; x_wconf 82' lang='lat'><strong>⁵⁰‚</strong></span> <span class='ocrx_word' id='word_1_179' title='bbox 1478 818 1571 862; x_wconf 88' lang='lat' dir='ltr'><strong>quod</strong></span> <span class='ocrx_word' id='word_1_180' title='bbox 1604 819 1907 854; x_wconf 85' lang='lat' dir='ltr'><strong>circumcaedendo</strong></span> <span class='ocrx_word' id='word_1_181' title='bbox 1934 822 2015 855; x_wconf 86' lang='lat' dir='ltr'><strong>talia</strong></span> 
     </span>
    </p>
   </div>
   <div class='ocr_carea' id='block_1_17' title="bbox 1064 974 1789 1019">
    <p class='ocr_par' dir='ltr' id='par_1_20' title="bbox 1064 974 1789 1019">
     <span class='ocr_line' id='line_1_26' title="bbox 1064 974 1789 1019; baseline -0.001 -12"><span class='ocrx_word' id='word_1_182' title='bbox 1064 974 1157 1017; x_wconf 87' lang='lat' dir='ltr'><strong>quod</strong></span> <span class='ocrx_word' id='word_1_183' title='bbox 1182 974 1216 1007; x_wconf 89' lang='lat' dir='ltr'><strong>in</strong></span> <span class='ocrx_word' id='word_1_184' title='bbox 1243 986 1282 1007; x_wconf 87' lang='lat' dir='ltr'><strong>ea</strong></span> <span class='ocrx_word' id='word_1_185' title='bbox 1308 975 1489 1019; x_wconf 87' lang='lat' dir='ltr'><strong>plurimum</strong></span> <span class='ocrx_word' id='word_1_186' title='bbox 1518 975 1602 1009; x_wconf 85' lang='lat' dir='ltr'><strong>aeris</strong></span> <span class='ocrx_word' id='word_1_187' title='bbox 1629 976 1789 1008; x_wconf 85' lang='lat' dir='ltr'><strong>nascatur.</strong></span> 
     </span>
    </p>
   </div>
   <div class='ocr_carea' id='block_1_18' title="bbox 333 1074 1218 1118">
    <p class='ocr_par' dir='ltr' id='par_1_21' title="bbox 333 1074 1218 1118">
     <span class='ocr_line' id='line_1_27' title="bbox 333 1074 1218 1118; baseline 0.002 -8"><span class='ocrx_word' id='word_1_188' title='bbox 333 1078 513 1111; x_wconf 89' lang='lat' dir='ltr'><strong>cornicines</strong></span> <span class='ocrx_word' id='word_1_189' title='bbox 541 1078 695 1112; x_wconf 88' lang='lat' dir='ltr'><strong>dicuntur</strong></span> <span class='ocrx_word' id='word_1_190' title='bbox 716 1074 757 1118; x_wconf 76' lang='lat'><strong>5⁵,</strong></span> <span class='ocrx_word' id='word_1_191' title='bbox 785 1077 819 1110; x_wconf 86' lang='lat' dir='ltr'><strong>id</strong></span> <span class='ocrx_word' id='word_1_192' title='bbox 849 1081 896 1110; x_wconf 87' lang='lat' dir='ltr'><strong>est</strong></span> <span class='ocrx_word' id='word_1_193' title='bbox 923 1088 1027 1111; x_wconf 91' lang='lat' dir='ltr'><strong>cornu</strong></span> <span class='ocrx_word' id='word_1_194' title='bbox 1054 1081 1218 1112; x_wconf 63' lang='lat' dir='ltr'><strong>canentes</strong></span> 
     </span>
    </p>
   </div>
   <div class='ocr_carea' id='block_1_19' title="bbox 60 1126 1636 1226">
    <p class='ocr_par' dir='ltr' id='par_1_22' title="bbox 60 1126 1636 1226">
     <span class='ocr_line' id='line_1_28' title="bbox 60 1126 1636 1173; baseline -0.001 -12"><span class='ocrx_word' id='word_1_195' title='bbox 60 1128 257 1161; x_wconf 79' lang='lat' dir='ltr'><strong>Aenariam</strong></span> <span class='ocrx_word' id='word_1_196' title='bbox 285 1130 502 1173; x_wconf 84' lang='lat' dir='ltr'><strong>appellavere</strong></span> <span class='ocrx_word' id='word_1_197' title='bbox 528 1130 641 1163; x_wconf 90' lang='lat' dir='ltr'><strong>locum</strong></span> <span class='ocrx_word' id='word_1_198' title='bbox 662 1126 705 1170; x_wconf 69' lang='lat'><strong>⁵⁶,</strong></span> <span class='ocrx_word' id='word_1_199' title='bbox 732 1129 790 1162; x_wconf 92' lang='lat' dir='ltr'><strong>ubi</strong></span> <span class='ocrx_word' id='word_1_200' title='bbox 818 1129 962 1162; x_wconf 84' lang='lat' dir='ltr'><strong>Aeneas</strong></span> <span class='ocrx_word' id='word_1_201' title='bbox 989 1129 1126 1162; x_wconf 88' lang='lat' dir='ltr'><strong>classem</strong></span> <span class='ocrx_word' id='word_1_202' title='bbox 1153 1141 1173 1162; x_wconf 90' lang='lat' dir='ltr'><strong>a</strong></span> <span class='ocrx_word' id='word_1_203' title='bbox 1200 1129 1305 1162; x_wconf 73' lang='lat' dir='ltr'><strong>&#39;I&#39;roia</strong></span> <span class='ocrx_word' id='word_1_204' title='bbox 1333 1129 1466 1162; x_wconf 90' lang='lat' dir='ltr'><strong>veniens</strong></span> <span class='ocrx_word' id='word_1_205' title='bbox 1494 1128 1636 1173; x_wconf 80' lang='lat' dir='ltr'><strong>appulit.</strong></span> 
     </span>
     <span class='ocr_line' id='line_1_29' title="bbox 63 1177 1141 1226; baseline 0 -13"><span class='ocrx_word' id='word_1_206' title='bbox 63 1180 233 1214; x_wconf 76' lang='lat' dir='ltr'><strong>Audacia</strong></span> <span class='ocrx_word' id='word_1_207' title='bbox 259 1181 301 1213; x_wconf 89' lang='lat' dir='ltr'><strong>ab</strong></span> <span class='ocrx_word' id='word_1_208' title='bbox 329 1181 443 1223; x_wconf 77' lang='lat' dir='ltr'><strong>avide,</strong></span> <span class='ocrx_word' id='word_1_209' title='bbox 469 1181 504 1213; x_wconf 90' lang='lat' dir='ltr'><strong>id</strong></span> <span class='ocrx_word' id='word_1_210' title='bbox 533 1186 580 1214; x_wconf 85' lang='lat' dir='ltr'><strong>est</strong></span> <span class='ocrx_word' id='word_1_211' title='bbox 603 1181 729 1225; x_wconf 86' lang='lat' dir='ltr'><strong>cupide</strong></span> <span class='ocrx_word' id='word_1_212' title='bbox 756 1181 891 1226; x_wconf 81' lang='lat' dir='ltr'><strong>agendo</strong></span> <span class='ocrx_word' id='word_1_213' title='bbox 920 1181 1009 1215; x_wconf 86' lang='lat' dir='ltr'><strong>dicta</strong></span> <span class='ocrx_word' id='word_1_214' title='bbox 1037 1185 1086 1214; x_wconf 82' lang='lat' dir='ltr'><strong>est</strong></span> <span class='ocrx_word' id='word_1_215' title='bbox 1106 1177 1141 1213; x_wconf 81' lang='lat'><strong>⁵⁷.</strong></span> 
     </span>
    </p>
   </div>
   <div class='ocr_carea' id='block_1_20' title="bbox 62 1229 957 1301">
    <p class='ocr_par' dir='ltr' id='par_1_23' title="bbox 62 1229 957 1301">
     <span class='ocr_line' id='line_1_30' title="bbox 62 1229 847 1277; baseline 0 -12"><span class='ocrx_word' id='word_1_216' title='bbox 62 1231 257 1265; x_wconf 79' lang='lat' dir='ltr'><strong>Aceratum</strong></span> <span class='ocrx_word' id='word_1_217' title='bbox 284 1232 389 1266; x_wconf 89' lang='lat' dir='ltr'><strong>lutum</strong></span> <span class='ocrx_word' id='word_1_218' title='bbox 417 1244 493 1267; x_wconf 90' lang='lat' dir='ltr'><strong>cum</strong></span> <span class='ocrx_word' id='word_1_219' title='bbox 520 1233 625 1277; x_wconf 87' lang='lat' dir='ltr'><strong>paleis</strong></span> <span class='ocrx_word' id='word_1_220' title='bbox 653 1233 791 1265; x_wconf 83' lang='lat' dir='ltr'><strong>mixtum</strong></span> <span class='ocrx_word' id='word_1_221' title='bbox 812 1229 847 1265; x_wconf 70' lang='lat'><strong>⁰⁸.</strong></span> 
     </span>
     <span class='ocr_line' id='line_1_31' title="bbox 932 1281 957 1301; baseline -0.04 0"><span class='ocrx_word' id='word_1_222' title='bbox 932 1281 957 1301; x_wconf 80' lang='grc'><strong>60</strong></span> 
     </span>
    </p>
   </div>
   <div class='ocr_carea' id='block_1_21' title="bbox 62 1280 967 1318">
    <p class='ocr_par' dir='ltr' id='par_1_24' title="bbox 62 1280 967 1318">
     <span class='ocr_line' id='line_1_32' title="bbox 62 1280 967 1318; baseline 0.001 -2"><span class='ocrx_word' id='word_1_223' title='bbox 62 1283 223 1316; x_wconf 77' lang='lat' dir='ltr'><strong>Adassis</strong></span> <span class='ocrx_word' id='word_1_224' title='bbox 242 1280 266 1300; x_wconf 79' lang='lat'><strong>⁵⁹</strong></span> <span class='ocrx_word' id='word_1_225' title='bbox 293 1285 405 1317; x_wconf 92' lang='lat' dir='ltr'><strong>tunica</strong></span> <span class='ocrx_word' id='word_1_226' title='bbox 432 1285 475 1317; x_wconf 92' lang='lat' dir='ltr'><strong>ab</strong></span> <span class='ocrx_word' id='word_1_227' title='bbox 502 1284 650 1318; x_wconf 83' lang='lat' dir='ltr'><strong>humeris</strong></span> <span class='ocrx_word' id='word_1_228' title='bbox 677 1295 743 1317; x_wconf 92' lang='lat' dir='ltr'><strong>non</strong></span> <span class='ocrx_word' id='word_1_229' title='bbox 772 1289 910 1318; x_wconf 88' lang='lat' dir='ltr'><strong>consuta</strong></span> <span class='ocrx_word' id='word_1_230' title='bbox 959 1309 967 1316; x_wconf 89' lang='lat'><strong>.</strong></span> 
     </span>
    </p>
   </div>
   <div class='ocr_carea' id='block_1_22' title="bbox 59 1331 1493 1433">
    <p class='ocr_par' dir='ltr' id='par_1_25' title="bbox 59 1331 1493 1433">
     <span class='ocr_line' id='line_1_33' title="bbox 59 1331 1042 1380; baseline 0.001 -13"><span class='ocrx_word' id='word_1_231' title='bbox 59 1334 222 1368; x_wconf 82' lang='lat' dir='ltr'><strong>Arilator</strong></span> <span class='ocrx_word' id='word_1_232' title='bbox 244 1331 286 1377; x_wconf 75' lang='lat'><strong>⁶¹,</strong></span> <span class='ocrx_word' id='word_1_233' title='bbox 318 1336 376 1379; x_wconf 89' lang='lat' dir='ltr'><strong>qui</strong></span> <span class='ocrx_word' id='word_1_234' title='bbox 403 1336 502 1368; x_wconf 86' lang='lat' dir='ltr'><strong>etiam</strong></span> <span class='ocrx_word' id='word_1_235' title='bbox 530 1337 624 1369; x_wconf 76' lang='lat' dir='ltr'><strong>cocio</strong></span> <span class='ocrx_word' id='word_1_236' title='bbox 652 1336 862 1380; x_wconf 77' lang='lat' dir='ltr'><strong>appellatur,</strong></span> <span class='ocrx_word' id='word_1_237' title='bbox 891 1336 996 1370; x_wconf 82' lang='lat' dir='ltr'><strong>dictus</strong></span> <span class='ocrx_word' id='word_1_238' title='bbox 1016 1331 1042 1352; x_wconf 76' lang='lat'><strong>⁶²</strong></span> 
     </span>
     <span class='ocr_line' id='line_1_34' title="bbox 161 1387 1493 1433; baseline 0 -14"><span class='ocrx_word' id='word_1_239' title='bbox 161 1387 240 1430; x_wconf 88' lang='lat' dir='ltr'><strong>quia</strong></span> <span class='ocrx_word' id='word_1_240' title='bbox 266 1387 413 1431; x_wconf 89' lang='lat' dir='ltr'><strong>sequitur</strong></span> <span class='ocrx_word' id='word_1_241' title='bbox 439 1399 584 1427; x_wconf 55' lang='lat' dir='ltr'><strong>merem,</strong></span> <span class='ocrx_word' id='word_1_242' title='bbox 613 1399 653 1421; x_wconf 88' lang='lat' dir='ltr'><strong>ex</strong></span> <span class='ocrx_word' id='word_1_243' title='bbox 676 1388 797 1432; x_wconf 86' lang='lat' dir='ltr'><strong>quibus</strong></span> <span class='ocrx_word' id='word_1_244' title='bbox 824 1388 907 1432; x_wconf 92' lang='lat' dir='ltr'><strong>quid</strong></span> <span class='ocrx_word' id='word_1_245' title='bbox 935 1387 1057 1421; x_wconf 85' lang='lat' dir='ltr'><strong>cadens</strong></span> <span class='ocrx_word' id='word_1_246' title='bbox 1084 1387 1200 1422; x_wconf 86' lang='lat' dir='ltr'><strong>lucelli</strong></span> <span class='ocrx_word' id='word_1_247' title='bbox 1227 1387 1331 1433; x_wconf 85' lang='lat' dir='ltr'><strong>possit</strong></span> <span class='ocrx_word' id='word_1_248' title='bbox 1364 1387 1493 1422; x_wconf 82' lang='lat' dir='ltr'><strong>tollere.</strong></span> 
     </span>
    </p>
   </div>
   <div class='ocr_carea' id='block_1_23' title="bbox 59 1436 899 1641">
    <p class='ocr_par' dir='ltr' id='par_1_26' title="bbox 59 1436 899 1641">
     <span class='ocr_line' id='line_1_35' title="bbox 160 1436 606 1472; baseline 0.002 -1"><span class='ocrx_word' id='word_1_249' title='bbox 160 1438 309 1472; x_wconf 89' lang='lat' dir='ltr'><strong>nutivum</strong></span> <span class='ocrx_word' id='word_1_250' title='bbox 338 1445 386 1472; x_wconf 81' lang='lat' dir='ltr'><strong>est</strong></span> <span class='ocrx_word' id='word_1_251' title='bbox 412 1451 431 1471; x_wconf 88' lang='lat' dir='ltr'><strong>a</strong></span> <span class='ocrx_word' id='word_1_252' title='bbox 458 1440 552 1472; x_wconf 91' lang='lat' dir='ltr'><strong>lucro</strong></span> <span class='ocrx_word' id='word_1_253' title='bbox 573 1436 606 1472; x_wconf 72' lang='lat'><strong>⁰⁶.</strong></span> 
     </span>
     <span class='ocr_line' id='line_1_36' title="bbox 59 1488 719 1524; baseline 0.003 -2"><span class='ocrx_word' id='word_1_254' title='bbox 59 1489 197 1523; x_wconf 76' lang='lat' dir='ltr'><strong>Artims</strong></span> <span class='ocrx_word' id='word_1_255' title='bbox 222 1491 316 1523; x_wconf 88' lang='lat' dir='ltr'><strong>bonis</strong></span> <span class='ocrx_word' id='word_1_256' title='bbox 341 1491 515 1524; x_wconf 82' lang='lat' dir='ltr'><strong>instructus</strong></span> <span class='ocrx_word' id='word_1_257' title='bbox 535 1488 560 1508; x_wconf 73' lang='lat'><strong>⁶⁷</strong></span> <span class='ocrx_word' id='word_1_258' title='bbox 586 1491 719 1524; x_wconf 87' lang='lat' dir='ltr'><strong>artibus.</strong></span> 
     </span>
     <span class='ocr_line' id='line_1_37' title="bbox 60 1537 667 1588; baseline 0.005 -15"><span class='ocrx_word' id='word_1_259' title='bbox 60 1541 184 1574; x_wconf 81' lang='lat' dir='ltr'><strong>Arnae</strong></span> <span class='ocrx_word' id='word_1_260' title='bbox 202 1537 227 1557; x_wconf 69' lang='lat'><strong>⁰⁵³</strong></span> <span class='ocrx_word' id='word_1_261' title='bbox 254 1546 361 1588; x_wconf 80' lang='lat' dir='ltr'><strong>caput</strong></span> <span class='ocrx_word' id='word_1_262' title='bbox 379 1539 421 1583; x_wconf 74' lang='lat'><strong>⁰⁹,</strong></span> <span class='ocrx_word' id='word_1_263' title='bbox 450 1543 529 1587; x_wconf 87' lang='lat' dir='ltr'><strong>agni</strong></span> <span class='ocrx_word' id='word_1_264' title='bbox 555 1547 667 1587; x_wconf 89' lang='lat' dir='ltr'><strong>caput.</strong></span> 
     </span>
     <span class='ocr_line' id='line_1_38' title="bbox 61 1590 899 1641; baseline 0 -15"><span class='ocrx_word' id='word_1_265' title='bbox 61 1592 248 1626; x_wconf 77' lang='lat' dir='ltr'><strong>Arsineum</strong></span> <span class='ocrx_word' id='word_1_266' title='bbox 266 1590 291 1610; x_wconf 74' lang='lat'><strong>⁷⁰</strong></span> <span class='ocrx_word' id='word_1_267' title='bbox 318 1599 547 1628; x_wconf 82' lang='lat' dir='ltr'><strong>ornamentum</strong></span> <span class='ocrx_word' id='word_1_268' title='bbox 575 1595 693 1641; x_wconf 80' lang='lat' dir='ltr'><strong>capitis</strong></span> <span class='ocrx_word' id='word_1_269' title='bbox 718 1593 899 1627; x_wconf 88' lang='lat' dir='ltr'><strong>muliebris.</strong></span> 
     </span>
    </p>
   </div>
   <div class='ocr_carea' id='block_1_24' title="bbox 62 1727 1016 1769">
    <p class='ocr_par' dir='ltr' id='par_1_27' title="bbox 62 1727 1016 1769">
     <span class='ocr_line' id='line_1_39' title="bbox 62 1727 1016 1769; baseline 0.008 -15"><span class='ocrx_word' id='word_1_270' title='bbox 62 1727 279 1766; x_wconf 74' lang='lat' dir='ltr'><strong>sacrificabant</strong></span> <span class='ocrx_word' id='word_1_271' title='bbox 306 1729 336 1757; x_wconf 98' lang='lat' dir='ltr'><strong>L.</strong></span> <span class='ocrx_word' id='word_1_272' title='bbox 360 1729 392 1759; x_wconf 88' lang='grc' dir='ltr'><strong>Β.</strong></span> <span class='ocrx_word' id='word_1_273' title='bbox 414 1730 470 1759; x_wconf 82' lang='lat' dir='ltr'><strong>Gn.</strong></span> <span class='ocrx_word' id='word_1_274' title='bbox 493 1733 520 1763; x_wconf 86' lang='lat'><strong>1.</strong></span> <span class='ocrx_word' id='word_1_275' title='bbox 548 1746 590 1752; x_wconf 91' lang='lat'>—</span> <span class='ocrx_word' id='word_1_276' title='bbox 623 1731 668 1766; x_wconf 83' lang='lat'><strong>36)</strong></span> <span class='ocrx_word' id='word_1_277' title='bbox 689 1731 796 1769; x_wconf 75' lang='lat' dir='ltr'><strong>prima</strong></span> <span class='ocrx_word' id='word_1_278' title='bbox 819 1741 864 1761; x_wconf 80' lang='lat' dir='ltr'>ac.</span> <span class='ocrx_word' id='word_1_279' title='bbox 886 1728 946 1769; x_wconf 74' lang='lat' dir='ltr'><strong>effi]</strong></span> <span class='ocrx_word' id='word_1_280' title='bbox 970 1739 1016 1758; x_wconf 84' lang='lat' dir='ltr'><strong>ac.</strong></span> 
     </span>
    </p>
   </div>
   <div class='ocr_carea' id='block_1_25' title="bbox 62 1770 1018 1897">
    <p class='ocr_par' dir='ltr' id='par_1_28' title="bbox 62 1770 1018 1897">
     <span class='ocr_line' id='line_1_40' title="bbox 63 1770 1017 1811; baseline 0.002 -14"><span class='ocrx_word' id='word_1_281' title='bbox 63 1770 269 1809; x_wconf 72' lang='lat' dir='ltr'><strong>effert.primtc</strong></span> <span class='ocrx_word' id='word_1_282' title='bbox 284 1772 316 1801; x_wconf 92' lang='lat' dir='ltr'><strong>B.</strong></span> <span class='ocrx_word' id='word_1_283' title='bbox 356 1774 462 1811; x_wconf 78' lang='lat' dir='ltr'><strong>prima</strong></span> <span class='ocrx_word' id='word_1_284' title='bbox 479 1774 553 1802; x_wconf 79' lang='lat' dir='ltr'><strong>adeo</strong></span> <span class='ocrx_word' id='word_1_285' title='bbox 567 1784 613 1801; x_wconf 81' lang='lat' dir='ltr'><strong>ae.</strong></span> <span class='ocrx_word' id='word_1_286' title='bbox 639 1774 694 1802; x_wconf 84' lang='lat' dir='ltr'>Gu.</span> <span class='ocrx_word' id='word_1_287' title='bbox 714 1776 740 1805; x_wconf 87' lang='lat'><strong>1.</strong></span> <span class='ocrx_word' id='word_1_288' title='bbox 762 1790 804 1795; x_wconf 92' lang='lat'><strong>—-</strong></span> <span class='ocrx_word' id='word_1_289' title='bbox 826 1773 874 1810; x_wconf 88' lang='grc'><strong>37)</strong></span> <span class='ocrx_word' id='word_1_290' title='bbox 893 1772 938 1811; x_wconf 83' lang='lat' dir='ltr'><strong>ut]</strong></span> <span class='ocrx_word' id='word_1_291' title='bbox 959 1782 1017 1802; x_wconf 83' lang='lat' dir='ltr'><strong>om.</strong></span> 
     </span>
     <span class='ocr_line' id='line_1_41' title="bbox 62 1812 1018 1855; baseline 0.002 -13"><span class='ocrx_word' id='word_1_292' title='bbox 62 1812 94 1842; x_wconf 88' lang='grc' dir='ltr'><strong>Β.</strong></span> <span class='ocrx_word' id='word_1_293' title='bbox 119 1812 156 1840; x_wconf 84' lang='grc' dir='ltr'><strong>Μ-</strong></span> <span class='ocrx_word' id='word_1_294' title='bbox 179 1814 235 1843; x_wconf 82' lang='lat' dir='ltr'><strong>Gu.</strong></span> <span class='ocrx_word' id='word_1_295' title='bbox 254 1817 279 1845; x_wconf 92' lang='lat'><strong>1.</strong></span> <span class='ocrx_word' id='word_1_296' title='bbox 305 1825 350 1853; x_wconf 79' lang='lat' dir='ltr'><strong>pr.</strong></span> <span class='ocrx_word' id='word_1_297' title='bbox 373 1832 415 1837; x_wconf 92' lang='lat'>—</span> <span class='ocrx_word' id='word_1_298' title='bbox 443 1818 491 1855; x_wconf 81' lang='lat'><strong>38)</strong></span> <span class='ocrx_word' id='word_1_299' title='bbox 515 1815 595 1844; x_wconf 81' lang='lat' dir='ltr'><strong>idem</strong></span> <span class='ocrx_word' id='word_1_300' title='bbox 609 1816 663 1855; x_wconf 74' lang='lat' dir='ltr'><strong>est]</strong></span> <span class='ocrx_word' id='word_1_301' title='bbox 687 1816 723 1844; x_wconf 70' lang='lat' dir='ltr'><strong>id</strong></span> <span class='ocrx_word' id='word_1_302' title='bbox 739 1821 782 1844; x_wconf 73' lang='lat' dir='ltr'><strong>est</strong></span> <span class='ocrx_word' id='word_1_303' title='bbox 806 1826 964 1854; x_wconf 76' lang='lat' dir='ltr'><strong>quousque</strong></span> <span class='ocrx_word' id='word_1_304' title='bbox 986 1815 1018 1844; x_wconf 91' lang='lat' dir='ltr'><strong>B.</strong></span> 
     </span>
     <span class='ocr_line' id='line_1_42' title="bbox 63 1854 1018 1897; baseline 0.002 -15"><span class='ocrx_word' id='word_1_305' title='bbox 63 1854 102 1883; x_wconf 84' lang='lat' dir='ltr'><strong>M.</strong></span> <span class='ocrx_word' id='word_1_306' title='bbox 128 1865 175 1894; x_wconf 89' lang='lat' dir='ltr'><strong>pr.</strong></span> <span class='ocrx_word' id='word_1_307' title='bbox 220 1862 261 1883; x_wconf 65' lang='lat' dir='ltr'><strong>est</strong></span> <span class='ocrx_word' id='word_1_308' title='bbox 284 1868 341 1886; x_wconf 87' lang='lat' dir='ltr'><strong>om.</strong></span> <span class='ocrx_word' id='word_1_309' title='bbox 367 1859 396 1888; x_wconf 89' lang='lat' dir='ltr'><strong>L.</strong></span> <span class='ocrx_word' id='word_1_310' title='bbox 422 1859 477 1890; x_wconf 75' lang='lat' dir='ltr'><strong>Gu,</strong></span> <span class='ocrx_word' id='word_1_311' title='bbox 500 1862 525 1891; x_wconf 81' lang='lat'>1.</span> <span class='ocrx_word' id='word_1_312' title='bbox 542 1862 571 1890; x_wconf 76' lang='lat'>2.</span> <span class='ocrx_word' id='word_1_313' title='bbox 603 1876 644 1880; x_wconf 89' lang='lat'><strong>-—</strong></span> <span class='ocrx_word' id='word_1_314' title='bbox 671 1860 719 1896; x_wconf 84' lang='lat'><strong>39)</strong></span> <span class='ocrx_word' id='word_1_315' title='bbox 741 1858 885 1897; x_wconf 81' lang='lat' dir='ltr'><strong>quadam]</strong></span> <span class='ocrx_word' id='word_1_316' title='bbox 910 1858 958 1886; x_wconf 86' lang='lat' dir='ltr'><strong>Sic</strong></span> <span class='ocrx_word' id='word_1_317' title='bbox 980 1856 1018 1885; x_wconf 91' lang='lat' dir='ltr'><strong>M.</strong></span> 
     </span>
    </p>
   </div>
   <div class='ocr_carea' id='block_1_26' title="bbox 57 1897 1020 2484">
    <p class='ocr_par' dir='ltr' id='par_1_29' title="bbox 57 1897 1020 2484">
     <span class='ocr_line' id='line_1_43' title="bbox 63 1897 1019 1940; baseline 0.005 -15"><span class='ocrx_word' id='word_1_318' title='bbox 63 1897 149 1935; x_wconf 85' lang='lat' dir='ltr'><strong>Vulg.</strong></span> <span class='ocrx_word' id='word_1_319' title='bbox 174 1898 304 1936; x_wconf 74' lang='lat' dir='ltr'><strong>quidem.</strong></span> <span class='ocrx_word' id='word_1_320' title='bbox 355 1901 391 1930; x_wconf 86' lang='lat' dir='ltr'><strong>At</strong></span> <span class='ocrx_word' id='word_1_321' title='bbox 416 1901 469 1929; x_wconf 72' lang='lat' dir='ltr'><strong>sed</strong></span> <span class='ocrx_word' id='word_1_322' title='bbox 499 1901 619 1940; x_wconf 77' lang='lat' dir='ltr'><strong>quidem</strong></span> <span class='ocrx_word' id='word_1_323' title='bbox 643 1911 703 1930; x_wconf 87' lang='lat' dir='ltr'><strong>non</strong></span> <span class='ocrx_word' id='word_1_324' title='bbox 730 1902 843 1940; x_wconf 85' lang='lat' dir='ltr'><strong>placet:</strong></span> <span class='ocrx_word' id='word_1_325' title='bbox 883 1898 1019 1940; x_wconf 74' lang='lat' dir='ltr'><strong>quadam</strong></span> 
     </span>
     <span class='ocr_line' id='line_1_44' title="bbox 63 1940 1017 1983; baseline 0.001 -15"><span class='ocrx_word' id='word_1_326' title='bbox 63 1940 209 1979; x_wconf 78' lang='lat' dir='ltr'><strong>significat</strong></span> <span class='ocrx_word' id='word_1_327' title='bbox 230 1941 444 1978; x_wconf 75' lang='lat' dir='ltr'><strong>ignorationem</strong></span> <span class='ocrx_word' id='word_1_328' title='bbox 460 1945 520 1981; x_wconf 88' lang='lat' dir='ltr'><strong>rei,</strong></span> <span class='ocrx_word' id='word_1_329' title='bbox 545 1944 625 1983; x_wconf 87' lang='lat' dir='ltr'><strong>quod</strong></span> <span class='ocrx_word' id='word_1_330' title='bbox 642 1944 671 1974; x_wconf 91' lang='lat' dir='ltr'><strong>h.</strong></span> <span class='ocrx_word' id='word_1_331' title='bbox 689 1944 708 1972; x_wconf 86' lang='lat' dir='ltr'>l.</span> <span class='ocrx_word' id='word_1_332' title='bbox 729 1944 821 1973; x_wconf 83' lang='lat' dir='ltr'><strong>multo</strong></span> <span class='ocrx_word' id='word_1_333' title='bbox 840 1948 884 1973; x_wconf 82' lang='lat' dir='ltr'><strong>est</strong></span> <span class='ocrx_word' id='word_1_334' title='bbox 904 1941 1017 1970; x_wconf 82' lang='lat' dir='ltr'><strong>melius.</strong></span> 
     </span>
     <span class='ocr_line' id='line_1_45' title="bbox 62 1982 1016 2025; baseline 0.005 -16"><span class='ocrx_word' id='word_1_335' title='bbox 62 1999 105 2004; x_wconf 94' lang='lat'><strong>——</strong></span> <span class='ocrx_word' id='word_1_336' title='bbox 135 1982 181 2023; x_wconf 81' lang='grc'><strong>40)</strong></span> <span class='ocrx_word' id='word_1_337' title='bbox 200 1995 317 2012; x_wconf 66' lang='lat' dir='ltr'><strong>secure-5·</strong></span> <span class='ocrx_word' id='word_1_338' title='bbox 339 1986 488 2025; x_wconf 75' lang='lat' dir='ltr'><strong>bipennes]</strong></span> <span class='ocrx_word' id='word_1_339' title='bbox 512 1989 626 2015; x_wconf 70' lang='lat' dir='ltr'><strong>securis</strong></span> <span class='ocrx_word' id='word_1_340' title='bbox 644 1987 781 2025; x_wconf 65' lang='lat' dir='ltr'><strong>bipenni-s*</strong></span> <span class='ocrx_word' id='word_1_341' title='bbox 803 1987 834 2014; x_wconf 91' lang='lat' dir='ltr'><strong>L.</strong></span> <span class='ocrx_word' id='word_1_342' title='bbox 857 1986 891 2014; x_wconf 90' lang='lat' dir='ltr'><strong>B.</strong></span> <span class='ocrx_word' id='word_1_343' title='bbox 915 1986 970 2013; x_wconf 89' lang='lat' dir='ltr'>Gu.</span> <span class='ocrx_word' id='word_1_344' title='bbox 990 1986 1016 2014; x_wconf 88' lang='lat'><strong>1.</strong></span> 
     </span>
     <span class='ocr_line' id='line_1_46' title="bbox 62 2025 1016 2067; baseline 0.013 -16"><span class='ocrx_word' id='word_1_345' title='bbox 62 2035 108 2064; x_wconf 82' lang='lat' dir='ltr'>pr.</span> <span class='ocrx_word' id='word_1_346' title='bbox 124 2026 152 2053; x_wconf 91' lang='lat' dir='ltr'><strong>S.</strong></span> <span class='ocrx_word' id='word_1_347' title='bbox 170 2042 212 2048; x_wconf 86' lang='lat'><em>—</em></span> <span class='ocrx_word' id='word_1_348' title='bbox 234 2025 280 2065; x_wconf 86' lang='lat'><strong>41)</strong></span> <span class='ocrx_word' id='word_1_349' title='bbox 296 2028 396 2067; x_wconf 77' lang='lat' dir='ltr'><strong>parte]</strong></span> <span class='ocrx_word' id='word_1_350' title='bbox 411 2031 474 2057; x_wconf 81' lang='lat' dir='ltr'><strong>acie</strong></span> <span class='ocrx_word' id='word_1_351' title='bbox 490 2030 520 2059; x_wconf 90' lang='lat' dir='ltr'><strong>L.</strong></span> <span class='ocrx_word' id='word_1_352' title='bbox 550 2040 607 2058; x_wconf 87' lang='lat' dir='ltr'><strong>om.</strong></span> <span class='ocrx_word' id='word_1_353' title='bbox 623 2030 653 2058; x_wconf 87' lang='grc' dir='ltr'><strong>Β.</strong></span> <span class='ocrx_word' id='word_1_354' title='bbox 673 2030 728 2058; x_wconf 76' lang='lat' dir='ltr'>Gn.</span> <span class='ocrx_word' id='word_1_355' title='bbox 745 2033 772 2060; x_wconf 86' lang='grc'><strong>1.</strong></span> <span class='ocrx_word' id='word_1_356' title='bbox 790 2044 832 2050; x_wconf 90' lang='grc'><strong>-·</strong></span> <span class='ocrx_word' id='word_1_357' title='bbox 849 2029 898 2064; x_wconf 70' lang='lat'><strong>42)</strong></span> <span class='ocrx_word' id='word_1_358' title='bbox 912 2028 1016 2065; x_wconf 71' lang='lat' dir='ltr'><strong>aeque]</strong></span> 
     </span>
     <span class='ocr_line' id='line_1_47' title="bbox 63 2066 1017 2110; baseline 0.002 -14"><span class='ocrx_word' id='word_1_359' title='bbox 63 2078 121 2098; x_wconf 88' lang='lat' dir='ltr'><strong>om.</strong></span> <span class='ocrx_word' id='word_1_360' title='bbox 147 2068 177 2097; x_wconf 88' lang='lat' dir='ltr'><strong>L.</strong></span> <span class='ocrx_word' id='word_1_361' title='bbox 206 2085 247 2089; x_wconf 97' lang='lat'><strong>—</strong></span> <span class='ocrx_word' id='word_1_362' title='bbox 277 2070 321 2108; x_wconf 60' lang='lat'><strong>4³)</strong></span> <span class='ocrx_word' id='word_1_363' title='bbox 342 2071 495 2110; x_wconf 76' lang='lat' dir='ltr'><strong>captatur]</strong></span> <span class='ocrx_word' id='word_1_364' title='bbox 520 2072 566 2100; x_wconf 90' lang='lat' dir='ltr'><strong>Sic</strong></span> <span class='ocrx_word' id='word_1_365' title='bbox 589 2073 621 2100; x_wconf 93' lang='lat' dir='ltr'><strong>B.</strong></span> <span class='ocrx_word' id='word_1_366' title='bbox 644 2072 683 2101; x_wconf 89' lang='lat' dir='ltr'><strong>M.</strong></span> <span class='ocrx_word' id='word_1_367' title='bbox 708 2072 764 2100; x_wconf 86' lang='lat' dir='ltr'>Gu.</span> <span class='ocrx_word' id='word_1_368' title='bbox 780 2073 808 2102; x_wconf 80' lang='lat'><strong>2.</strong></span> <span class='ocrx_word' id='word_1_369' title='bbox 832 2080 876 2109; x_wconf 87' lang='lat' dir='ltr'><strong>pr.</strong></span> <span class='ocrx_word' id='word_1_370' title='bbox 898 2086 940 2091; x_wconf 88' lang='grc'><strong>--</strong></span> <span class='ocrx_word' id='word_1_371' title='bbox 969 2066 1017 2106; x_wconf 80' lang='grc'><strong>44)</strong></span> 
     </span>
     <span class='ocr_line' id='line_1_48' title="bbox 63 2111 1018 2152; baseline 0 -14"><span class='ocrx_word' id='word_1_372' title='bbox 63 2111 173 2149; x_wconf 84' lang='lat' dir='ltr'><strong>appell.</strong></span> <span class='ocrx_word' id='word_1_373' title='bbox 190 2111 242 2149; x_wconf 65' lang='lat' dir='ltr'><strong>est]</strong></span> <span class='ocrx_word' id='word_1_374' title='bbox 263 2117 303 2138; x_wconf 64' lang='lat' dir='ltr'><strong>est</strong></span> <span class='ocrx_word' id='word_1_375' title='bbox 321 2124 388 2152; x_wconf 80' lang='lat' dir='ltr'><strong>app.</strong></span> <span class='ocrx_word' id='word_1_376' title='bbox 404 2115 434 2142; x_wconf 89' lang='lat' dir='ltr'><strong>L.</strong></span> <span class='ocrx_word' id='word_1_377' title='bbox 446 2131 487 2137; x_wconf 92' lang='lat'>—</span> <span class='ocrx_word' id='word_1_378' title='bbox 503 2114 550 2152; x_wconf 70' lang='lat'><strong>45)</strong></span> <span class='ocrx_word' id='word_1_379' title='bbox 568 2114 607 2152; x_wconf 81' lang='lat' dir='ltr'><strong>et]</strong></span> <span class='ocrx_word' id='word_1_380' title='bbox 624 2115 672 2142; x_wconf 89' lang='lat' dir='ltr'><strong>Sic</strong></span> <span class='ocrx_word' id='word_1_381' title='bbox 687 2114 725 2143; x_wconf 84' lang='lat' dir='ltr'><strong>M.</strong></span> <span class='ocrx_word' id='word_1_382' title='bbox 739 2115 846 2148; x_wconf 76' lang='lat' dir='ltr'>Gu.2.,</span> <span class='ocrx_word' id='word_1_383' title='bbox 869 2111 950 2150; x_wconf 90' lang='lat' dir='ltr'><strong>quod</strong></span> <span class='ocrx_word' id='word_1_384' title='bbox 965 2120 1018 2139; x_wconf 79' lang='lat' dir='ltr'><strong>ve-</strong></span> 
     </span>
     <span class='ocr_line' id='line_1_49' title="bbox 62 2155 1017 2195; baseline 0 -14"><span class='ocrx_word' id='word_1_385' title='bbox 62 2163 129 2181; x_wconf 84' lang='lat' dir='ltr'><strong>rum</strong></span> <span class='ocrx_word' id='word_1_386' title='bbox 149 2163 212 2182; x_wconf 82' lang='lat' dir='ltr'><strong>esse</strong></span> <span class='ocrx_word' id='word_1_387' title='bbox 234 2155 361 2184; x_wconf 81' lang='lat' dir='ltr'><strong>ostendit</strong></span> <span class='ocrx_word' id='word_1_388' title='bbox 378 2156 501 2185; x_wconf 78' lang='lat' dir='ltr'><strong>indicat.</strong></span> <span class='ocrx_word' id='word_1_389' title='bbox 516 2162 628 2195; x_wconf 78' lang='lat' dir='ltr'><strong>potest,</strong></span> <span class='ocrx_word' id='word_1_390' title='bbox 651 2157 702 2195; x_wconf 87' lang='lat' dir='ltr'><strong>qui</strong></span> <span class='ocrx_word' id='word_1_391' title='bbox 717 2160 759 2185; x_wconf 85' lang='lat' dir='ltr'><strong>est</strong></span> <span class='ocrx_word' id='word_1_392' title='bbox 779 2156 809 2184; x_wconf 87' lang='lat' dir='ltr'><strong>in</strong></span> <span class='ocrx_word' id='word_1_393' title='bbox 827 2155 865 2183; x_wconf 84' lang='lat' dir='ltr'><strong>M.</strong></span> <span class='ocrx_word' id='word_1_394' title='bbox 880 2155 1017 2185; x_wconf 80' lang='lat' dir='ltr'>Gu.1.2.</span> 
     </span>
     <span class='ocr_line' id='line_1_50' title="bbox 63 2196 1019 2237; baseline -0.001 -13"><span class='ocrx_word' id='word_1_395' title='bbox 63 2206 108 2235; x_wconf 90' lang='lat' dir='ltr'><strong>pr.</strong></span> <span class='ocrx_word' id='word_1_396' title='bbox 155 2196 240 2234; x_wconf 82' lang='lat' dir='ltr'><strong>Vulg.</strong></span> <span class='ocrx_word' id='word_1_397' title='bbox 271 2203 304 2224; x_wconf 80' lang='grc' dir='ltr'><strong>ιιι</strong></span> <span class='ocrx_word' id='word_1_398' title='bbox 323 2201 484 2237; x_wconf 70' lang='lat' dir='ltr'><strong>—-po.‹.·sit.</strong></span> <span class='ocrx_word' id='word_1_399' title='bbox 542 2199 578 2226; x_wconf 80' lang='lat' dir='ltr'><strong>Ul</strong></span> <span class='ocrx_word' id='word_1_400' title='bbox 600 2204 629 2227; x_wconf 88' lang='lat' dir='ltr'><strong>et</strong></span> <span class='ocrx_word' id='word_1_401' title='bbox 652 2204 678 2226; x_wconf 77' lang='lat' dir='ltr'><strong>et</strong></span> <span class='ocrx_word' id='word_1_402' title='bbox 702 2199 871 2236; x_wconf 70' lang='lat' dir='ltr'><strong>frequenter</strong></span> <span class='ocrx_word' id='word_1_403' title='bbox 889 2205 1019 2235; x_wconf 85' lang='lat' dir='ltr'><strong>permu-</strong></span> 
     </span>
     <span class='ocr_line' id='line_1_51' title="bbox 62 2237 1019 2279; baseline -0.001 -13"><span class='ocrx_word' id='word_1_404' title='bbox 62 2242 174 2266; x_wconf 79' lang='lat' dir='ltr'><strong>tantur.</strong></span> <span class='ocrx_word' id='word_1_405' title='bbox 221 2239 252 2267; x_wconf 87' lang='lat' dir='ltr'><strong>ln</strong></span> <span class='ocrx_word' id='word_1_406' title='bbox 272 2242 407 2278; x_wconf 88' lang='lat' dir='ltr'><strong>sequenti</strong></span> <span class='ocrx_word' id='word_1_407' title='bbox 426 2242 522 2279; x_wconf 71' lang='lat' dir='ltr'><strong>glossa</strong></span> <span class='ocrx_word' id='word_1_408' title='bbox 547 2252 603 2270; x_wconf 90' lang='lat' dir='ltr'><strong>om.</strong></span> <span class='ocrx_word' id='word_1_409' title='bbox 625 2241 703 2270; x_wconf 88' lang='lat' dir='ltr'><strong>Scal.</strong></span> <span class='ocrx_word' id='word_1_410' title='bbox 730 2251 806 2279; x_wconf 78' lang='lat' dir='ltr'><strong>rege.</strong></span> <span class='ocrx_word' id='word_1_411' title='bbox 837 2256 873 2261; x_wconf 90' lang='lat'>—</span> <span class='ocrx_word' id='word_1_412' title='bbox 909 2237 955 2277; x_wconf 89' lang='lat'><strong>46)</strong></span> <span class='ocrx_word' id='word_1_413' title='bbox 974 2239 1019 2266; x_wconf 73' lang='lat' dir='ltr'><strong>sic</strong></span> 
     </span>
     <span class='ocr_line' id='line_1_52' title="bbox 62 2279 1018 2323; baseline -0.004 -11"><span class='ocrx_word' id='word_1_414' title='bbox 62 2280 144 2319; x_wconf 52' lang='lat' dir='ltr'><strong>app]</strong></span> <span class='ocrx_word' id='word_1_415' title='bbox 170 2292 227 2310; x_wconf 80' lang='lat' dir='ltr'><strong>om-</strong></span> <span class='ocrx_word' id='word_1_416' title='bbox 245 2282 276 2309; x_wconf 77' lang='lat' dir='ltr'><strong>L·</strong></span> <span class='ocrx_word' id='word_1_417' title='bbox 307 2299 347 2305; x_wconf 93' lang='lat'><strong>——</strong></span> <span class='ocrx_word' id='word_1_418' title='bbox 375 2284 426 2319; x_wconf 85' lang='lat'><strong>47)</strong></span> <span class='ocrx_word' id='word_1_419' title='bbox 448 2283 547 2323; x_wconf 78' lang='lat' dir='ltr'><strong>quod]</strong></span> <span class='ocrx_word' id='word_1_420' title='bbox 574 2285 649 2322; x_wconf 78' lang='lat' dir='ltr'><strong>quia</strong></span> <span class='ocrx_word' id='word_1_421' title='bbox 672 2284 702 2311; x_wconf 85' lang='lat' dir='ltr'><strong>L.</strong></span> <span class='ocrx_word' id='word_1_422' title='bbox 733 2299 771 2304; x_wconf 82' lang='lat'><strong>-—</strong></span> <span class='ocrx_word' id='word_1_423' title='bbox 806 2283 854 2319; x_wconf 82' lang='lat'><strong>48)</strong></span> <span class='ocrx_word' id='word_1_424' title='bbox 872 2281 920 2309; x_wconf 85' lang='lat' dir='ltr'><strong>vel</strong></span> <span class='ocrx_word' id='word_1_425' title='bbox 937 2279 1018 2319; x_wconf 79' lang='lat' dir='ltr'><strong>deae]</strong></span> 
     </span>
     <span class='ocr_line' id='line_1_53' title="bbox 63 2322 1018 2363; baseline 0 -12"><span class='ocrx_word' id='word_1_426' title='bbox 63 2323 113 2351; x_wconf 90' lang='lat' dir='ltr'><strong>Sic</strong></span> <span class='ocrx_word' id='word_1_427' title='bbox 126 2323 181 2353; x_wconf 87' lang='lat' dir='ltr'>Gu.</span> <span class='ocrx_word' id='word_1_428' title='bbox 199 2326 226 2354; x_wconf 80' lang='lat'>2.</span> <span class='ocrx_word' id='word_1_429' title='bbox 273 2330 364 2363; x_wconf 78' lang='lat' dir='ltr'><strong>atque</strong></span> <span class='ocrx_word' id='word_1_430' title='bbox 385 2325 457 2354; x_wconf 78' lang='lat' dir='ltr'><strong>deae</strong></span> <span class='ocrx_word' id='word_1_431' title='bbox 480 2328 511 2355; x_wconf 92' lang='lat' dir='ltr'><strong>B.</strong></span> <span class='ocrx_word' id='word_1_432' title='bbox 557 2336 593 2353; x_wconf 86' lang='lat' dir='ltr'><strong>ac</strong></span> <span class='ocrx_word' id='word_1_433' title='bbox 608 2325 679 2354; x_wconf 79' lang='lat' dir='ltr'><strong>deae</strong></span> <span class='ocrx_word' id='word_1_434' title='bbox 693 2325 779 2363; x_wconf 84' lang='lat' dir='ltr'><strong>Vulg.</strong></span> <span class='ocrx_word' id='word_1_435' title='bbox 802 2340 844 2346; x_wconf 92' lang='lat'><em>—</em></span> <span class='ocrx_word' id='word_1_436' title='bbox 866 2324 913 2363; x_wconf 80' lang='lat'><strong>49)</strong></span> <span class='ocrx_word' id='word_1_437' title='bbox 930 2322 1018 2362; x_wconf 79' lang='lat' dir='ltr'><strong>quae]</strong></span> 
     </span>
     <span class='ocr_line' id='line_1_54' title="bbox 64 2365 1018 2407; baseline 0.002 -14"><span class='ocrx_word' id='word_1_438' title='bbox 64 2366 97 2393; x_wconf 76' lang='lat' dir='ltr'><strong>in</strong></span> <span class='ocrx_word' id='word_1_439' title='bbox 120 2366 245 2394; x_wconf 68' lang='lat' dir='ltr'><strong>Umbria</strong></span> <span class='ocrx_word' id='word_1_440' title='bbox 268 2367 336 2397; x_wconf 82' lang='lat' dir='ltr'>add.</span> <span class='ocrx_word' id='word_1_441' title='bbox 354 2369 384 2397; x_wconf 91' lang='lat' dir='ltr'><strong>B.</strong></span> <span class='ocrx_word' id='word_1_442' title='bbox 415 2385 457 2390; x_wconf 90' lang='lat'>—</span> <span class='ocrx_word' id='word_1_443' title='bbox 485 2371 529 2406; x_wconf 86' lang='lat'><strong>50)</strong></span> <span class='ocrx_word' id='word_1_444' title='bbox 550 2368 671 2407; x_wconf 66' lang='lat' dir='ltr'><strong>appell]</strong></span> <span class='ocrx_word' id='word_1_445' title='bbox 693 2367 826 2395; x_wconf 65' lang='lat' dir='ltr'><strong>dicimus»=</strong></span> <span class='ocrx_word' id='word_1_446' title='bbox 847 2367 879 2396; x_wconf 90' lang='lat' dir='ltr'>L.</span> <span class='ocrx_word' id='word_1_447' title='bbox 901 2383 943 2388; x_wconf 92' lang='lat'>—</span> <span class='ocrx_word' id='word_1_448' title='bbox 973 2365 1018 2404; x_wconf 87' lang='grc'><strong>51)</strong></span> 
     </span>
     <span class='ocr_line' id='line_1_55' title="bbox 57 2407 1020 2450; baseline 0.001 -14"><span class='ocrx_word' id='word_1_449' title='bbox 57 2407 155 2447; x_wconf 82' lang='lat' dir='ltr'><strong>fiunt]</strong></span> <span class='ocrx_word' id='word_1_450' title='bbox 177 2415 249 2437; x_wconf 73' lang='lat' dir='ltr'><strong>sunt</strong></span> <span class='ocrx_word' id='word_1_451' title='bbox 272 2412 330 2439; x_wconf 83' lang='lat' dir='ltr'>Gu.</span> <span class='ocrx_word' id='word_1_452' title='bbox 352 2414 380 2442; x_wconf 80' lang='lat'><strong>2.</strong></span> <span class='ocrx_word' id='word_1_453' title='bbox 405 2428 438 2433; x_wconf 84' lang='lat'><strong>-—</strong></span> <span class='ocrx_word' id='word_1_454' title='bbox 466 2412 514 2450; x_wconf 71' lang='lat'><strong>52)</strong></span> <span class='ocrx_word' id='word_1_455' title='bbox 530 2410 652 2450; x_wconf 74' lang='lat' dir='ltr'><strong>Aenesi]</strong></span> <span class='ocrx_word' id='word_1_456' title='bbox 676 2411 800 2440; x_wconf 69' lang='lat' dir='ltr'><strong>Aenesii</strong></span> <span class='ocrx_word' id='word_1_457' title='bbox 822 2410 854 2438; x_wconf 91' lang='lat' dir='ltr'>L.</span> <span class='ocrx_word' id='word_1_458' title='bbox 899 2408 1020 2438; x_wconf 82' lang='lat' dir='ltr'><strong>Amen-</strong></span> 
     </span>
     <span class='ocr_line' id='line_1_56' title="bbox 108 2451 423 2484; baseline 0.01 -5"><span class='ocrx_word' id='word_1_459' title='bbox 108 2451 273 2484; x_wconf 62' lang='lat' dir='ltr'><strong>Gaurum.</strong></span> <span class='ocrx_word' id='word_1_460' title='bbox 298 2464 365 2482; x_wconf 66' lang='lat' dir='ltr'><strong>mr.</strong></span> <span class='ocrx_word' id='word_1_461' title='bbox 389 2454 423 2482; x_wconf 91' lang='lat'>11.</span> 
     </span>
    </p>
   </div>
   <div class='ocr_carea' id='block_1_27' title="bbox 1236 1331 1248 1351">
    <p class='ocr_par' dir='ltr' id='par_1_30' title="bbox 1236 1331 1248 1351">
     <span class='ocr_line' id='line_1_57' title="bbox 1236 1331 1248 1351; baseline 0 0"><span class='ocrx_word' id='word_1_462' title='bbox 1236 1331 1248 1351; x_wconf 77' lang='lat'>3</span> 
     </span>
    </p>
   </div>
   <div class='ocr_carea' id='block_1_28' title="bbox 1069 1328 2017 1379">
    <p class='ocr_par' dir='ltr' id='par_1_31' title="bbox 1069 1328 2017 1379">
     <span class='ocr_line' id='line_1_58' title="bbox 1069 1328 2017 1379; baseline -0.004 -11"><span class='ocrx_word' id='word_1_463' title='bbox 1069 1334 1200 1368; x_wconf 81' lang='lat' dir='ltr'><strong>videtur</strong></span> <span class='ocrx_word' id='word_1_464' title='bbox 1223 1332 1234 1353; x_wconf 79' lang='lat'>⁸</span> <span class='ocrx_word' id='word_1_465' title='bbox 1274 1347 1293 1367; x_wconf 90' lang='lat' dir='ltr'><strong>a</strong></span> <span class='ocrx_word' id='word_1_466' title='bbox 1320 1346 1404 1368; x_wconf 77' lang='lat' dir='ltr'><strong>voce</strong></span> <span class='ocrx_word' id='word_1_467' title='bbox 1423 1334 1575 1374; x_wconf 79' lang='lat' dir='ltr'><strong>Graeca,</strong></span> <span class='ocrx_word' id='word_1_468' title='bbox 1602 1344 1688 1376; x_wconf 86' lang='lat' dir='ltr'><strong>quae</strong></span> <span class='ocrx_word' id='word_1_469' title='bbox 1711 1336 1757 1365; x_wconf 87' lang='lat' dir='ltr'><strong>est</strong></span> <span class='ocrx_word' id='word_1_470' title='bbox 1779 1330 1858 1379; x_wconf 80' lang='grc' dir='ltr'><strong><em>αἶρε</em></strong></span> <span class='ocrx_word' id='word_1_471' title='bbox 1873 1328 1898 1348; x_wconf 72' lang='lat'><strong>⁵¹</strong></span> <span class='ocrx_word' id='word_1_472' title='bbox 1924 1332 2017 1373; x_wconf 82' lang='lat' dir='ltr'><strong>tolle,</strong></span> 
     </span>
    </p>
   </div>
   <div class='ocr_carea' id='block_1_29' title="bbox 1553 1378 2018 1419">
    <p class='ocr_par' dir='ltr' id='par_1_32' title="bbox 1553 1378 2018 1419">
     <span class='ocr_line' id='line_1_59' title="bbox 1553 1378 2018 1419; baseline -0.006 0"><span class='ocrx_word' id='word_1_473' title='bbox 1553 1385 1730 1419; x_wconf 90' lang='lat' dir='ltr'><strong>Lucellum</strong></span> <span class='ocrx_word' id='word_1_474' title='bbox 1759 1384 1844 1416; x_wconf 90' lang='lat' dir='ltr'><strong>enim</strong></span> <span class='ocrx_word' id='word_1_475' title='bbox 1865 1378 1889 1400; x_wconf 76' lang='lat'><strong>‘⁵⁵</strong></span> <span class='ocrx_word' id='word_1_476' title='bbox 1917 1383 2018 1416; x_wconf 84' lang='lat' dir='ltr'><strong>‹limi-</strong></span> 
     </span>
    </p>
   </div>
   <div class='ocr_carea' id='block_1_30' title="bbox 1060 1720 2020 1853">
    <p class='ocr_par' dir='ltr' id='par_1_33' title="bbox 1060 1720 2020 1853">
     <span class='ocr_line' id='line_1_60' title="bbox 1060 1720 2019 1768; baseline -0.008 -12"><span class='ocrx_word' id='word_1_477' title='bbox 1060 1730 1088 1756; x_wconf 74' lang='grc' dir='ltr'><strong>εἰ</strong></span> <span class='ocrx_word' id='word_1_478' title='bbox 1110 1738 1156 1768; x_wconf 84' lang='lat' dir='ltr'><strong>pr.</strong></span> <span class='ocrx_word' id='word_1_479' title='bbox 1178 1743 1221 1749; x_wconf 92' lang='lat'>—</span> <span class='ocrx_word' id='word_1_480' title='bbox 1251 1726 1299 1763; x_wconf 81' lang='lat'><strong>53)</strong></span> <span class='ocrx_word' id='word_1_481' title='bbox 1322 1724 1403 1764; x_wconf 72' lang='lat' dir='ltr'><strong>sunt]</strong></span> <span class='ocrx_word' id='word_1_482' title='bbox 1427 1735 1484 1754; x_wconf 91' lang='lat' dir='ltr'><strong>om.</strong></span> <span class='ocrx_word' id='word_1_483' title='bbox 1507 1724 1539 1754; x_wconf 91' lang='lat' dir='ltr'><strong>L.</strong></span> <span class='ocrx_word' id='word_1_484' title='bbox 1569 1740 1610 1746; x_wconf 91' lang='lat'><strong>—-</strong></span> <span class='ocrx_word' id='word_1_485' title='bbox 1638 1721 1686 1764; x_wconf 85' lang='lat'><strong>54)</strong></span> <span class='ocrx_word' id='word_1_486' title='bbox 1706 1720 1885 1760; x_wconf 74' lang='lat' dir='ltr'><strong>Amatores]</strong></span> <span class='ocrx_word' id='word_1_487' title='bbox 1909 1721 1958 1749; x_wconf 87' lang='lat' dir='ltr'><strong>Sic</strong></span> <span class='ocrx_word' id='word_1_488' title='bbox 1980 1720 2019 1749; x_wconf 90' lang='lat' dir='ltr'>M.</span> 
     </span>
     <span class='ocr_line' id='line_1_61' title="bbox 1061 1763 2020 1806; baseline -0.008 -6"><span class='ocrx_word' id='word_1_489' title='bbox 1061 1771 1118 1801; x_wconf 90' lang='lat' dir='ltr'>Gu.</span> <span class='ocrx_word' id='word_1_490' title='bbox 1135 1774 1161 1802; x_wconf 91' lang='lat'><strong>1.</strong></span> <span class='ocrx_word' id='word_1_491' title='bbox 1184 1771 1212 1798; x_wconf 93' lang='lat' dir='ltr'>S.</span> <span class='ocrx_word' id='word_1_492' title='bbox 1242 1769 1425 1797; x_wconf 68' lang='lat' dir='ltr'><strong>Aeneatores</strong></span> <span class='ocrx_word' id='word_1_493' title='bbox 1445 1767 1531 1806; x_wconf 86' lang='lat' dir='ltr'><strong>Vulg.</strong></span> <span class='ocrx_word' id='word_1_494' title='bbox 1554 1783 1597 1789; x_wconf 90' lang='lat'><strong>—-</strong></span> <span class='ocrx_word' id='word_1_495' title='bbox 1618 1766 1665 1803; x_wconf 88' lang='lat'><strong>55)</strong></span> <span class='ocrx_word' id='word_1_496' title='bbox 1684 1765 1844 1804; x_wconf 75' lang='lat' dir='ltr'><strong>dicuntur]</strong></span> <span class='ocrx_word' id='word_1_497' title='bbox 1862 1775 1918 1794; x_wconf 88' lang='lat' dir='ltr'><strong>om.</strong></span> <span class='ocrx_word' id='word_1_498' title='bbox 1934 1763 1965 1792; x_wconf 91' lang='lat' dir='ltr'>L.</span> <span class='ocrx_word' id='word_1_499' title='bbox 1979 1778 2020 1785; x_wconf 97' lang='lat'><strong>—</strong></span> 
     </span>
     <span class='ocr_line' id='line_1_62' title="bbox 1060 1805 2019 1853; baseline -0.008 -12"><span class='ocrx_word' id='word_1_500' title='bbox 1060 1812 1107 1853; x_wconf 87' lang='grc'><strong>56)</strong></span> <span class='ocrx_word' id='word_1_501' title='bbox 1132 1811 1243 1850; x_wconf 81' lang='lat' dir='ltr'><strong>locum]</strong></span> <span class='ocrx_word' id='word_1_502' title='bbox 1268 1811 1405 1838; x_wconf 71' lang='lat' dir='ltr'><strong>insulam</strong></span> <span class='ocrx_word' id='word_1_503' title='bbox 1426 1811 1458 1839; x_wconf 92' lang='lat' dir='ltr'>L.</span> <span class='ocrx_word' id='word_1_504' title='bbox 1491 1827 1534 1832; x_wconf 92' lang='lat'>—</span> <span class='ocrx_word' id='word_1_505' title='bbox 1562 1807 1609 1849; x_wconf 89' lang='grc'><strong>57)</strong></span> <span class='ocrx_word' id='word_1_506' title='bbox 1631 1808 1716 1836; x_wconf 73' lang='lat' dir='ltr'><strong>dieta</strong></span> <span class='ocrx_word' id='word_1_507' title='bbox 1737 1807 1791 1847; x_wconf 74' lang='lat' dir='ltr'><strong>est]</strong></span> <span class='ocrx_word' id='word_1_508' title='bbox 1814 1812 1859 1836; x_wconf 74' lang='lat' dir='ltr'><strong>est</strong></span> <span class='ocrx_word' id='word_1_509' title='bbox 1881 1806 1966 1834; x_wconf 70' lang='lat' dir='ltr'><strong>dicta</strong></span> <span class='ocrx_word' id='word_1_510' title='bbox 1987 1805 2019 1834; x_wconf 87' lang='lat' dir='ltr'><strong>L.</strong></span> 
     </span>
    </p>
   </div>
   <div class='ocr_carea' id='block_1_31' title="bbox 1060 1850 2020 2406">
    <p class='ocr_par' dir='ltr' id='par_1_34' title="bbox 1060 1850 2020 2406">
     <span class='ocr_line' id='line_1_63' title="bbox 1062 1850 2020 1894; baseline -0.009 -10"><span class='ocrx_word' id='word_1_511' title='bbox 1062 1857 1118 1886; x_wconf 89' lang='lat' dir='ltr'><strong>Gu.</strong></span> <span class='ocrx_word' id='word_1_512' title='bbox 1140 1859 1166 1887; x_wconf 90' lang='lat'><strong>1.</strong></span> <span class='ocrx_word' id='word_1_513' title='bbox 1188 1870 1231 1876; x_wconf 92' lang='lat'>—</span> <span class='ocrx_word' id='word_1_514' title='bbox 1253 1851 1300 1894; x_wconf 85' lang='lat'><strong>58)</strong></span> <span class='ocrx_word' id='word_1_515' title='bbox 1320 1853 1461 1893; x_wconf 80' lang='lat' dir='ltr'><strong>mixtum]</strong></span> <span class='ocrx_word' id='word_1_516' title='bbox 1485 1853 1533 1881; x_wconf 83' lang='lat' dir='ltr'><strong>Sic</strong></span> <span class='ocrx_word' id='word_1_517' title='bbox 1554 1853 1588 1880; x_wconf 89' lang='lat' dir='ltr'><strong>B.</strong></span> <span class='ocrx_word' id='word_1_518' title='bbox 1605 1852 1643 1880; x_wconf 89' lang='lat' dir='ltr'>M.</span> <span class='ocrx_word' id='word_1_519' title='bbox 1659 1852 1715 1880; x_wconf 89' lang='lat' dir='ltr'><strong>Gu.</strong></span> <span class='ocrx_word' id='word_1_520' title='bbox 1734 1853 1761 1883; x_wconf 88' lang='lat'>1.</span> <span class='ocrx_word' id='word_1_521' title='bbox 1776 1853 1806 1882; x_wconf 83' lang='lat'>2.</span> <span class='ocrx_word' id='word_1_522' title='bbox 1825 1851 1854 1878; x_wconf 91' lang='lat' dir='ltr'>S.</span> <span class='ocrx_word' id='word_1_523' title='bbox 1893 1850 2020 1877; x_wconf 72' lang='lat' dir='ltr'><strong>mistum</strong></span> 
     </span>
     <span class='ocr_line' id='line_1_64' title="bbox 1060 1891 2020 1936; baseline -0.007 -9"><span class='ocrx_word' id='word_1_524' title='bbox 1060 1899 1141 1936; x_wconf 78' lang='lat' dir='ltr'><strong>vulg.</strong></span> <span class='ocrx_word' id='word_1_525' title='bbox 1164 1915 1203 1918; x_wconf 82' lang='lat'><strong>—-</strong></span> <span class='ocrx_word' id='word_1_526' title='bbox 1227 1898 1276 1934; x_wconf 85' lang='lat'><strong>59)</strong></span> <span class='ocrx_word' id='word_1_527' title='bbox 1292 1895 1445 1934; x_wconf 71' lang='lat' dir='ltr'><strong>Aelassis]</strong></span> <span class='ocrx_word' id='word_1_528' title='bbox 1468 1896 1596 1924; x_wconf 72' lang='lat' dir='ltr'><strong>Aelasis</strong></span> <span class='ocrx_word' id='word_1_529' title='bbox 1619 1894 1657 1924; x_wconf 89' lang='grc' dir='ltr'><strong>Μ.</strong></span> <span class='ocrx_word' id='word_1_530' title='bbox 1680 1910 1722 1916; x_wconf 89' lang='lat'>—</span> <span class='ocrx_word' id='word_1_531' title='bbox 1744 1894 1792 1930; x_wconf 88' lang='lat'><strong>60)</strong></span> <span class='ocrx_word' id='word_1_532' title='bbox 1812 1891 1953 1930; x_wconf 72' lang='lat' dir='ltr'><strong>consuta]</strong></span> <span class='ocrx_word' id='word_1_533' title='bbox 1969 1902 2020 1920; x_wconf 67' lang='lat' dir='ltr'><strong>su-</strong></span> 
     </span>
     <span class='ocr_line' id='line_1_65' title="bbox 1061 1934 2019 1977; baseline -0.007 -8"><span class='ocrx_word' id='word_1_534' title='bbox 1061 1947 1094 1969; x_wconf 73' lang='grc' dir='ltr'><strong>ια</strong></span> <span class='ocrx_word' id='word_1_535' title='bbox 1116 1941 1149 1968; x_wconf 89' lang='grc' dir='ltr'><strong>Β.</strong></span> <span class='ocrx_word' id='word_1_536' title='bbox 1182 1956 1220 1960; x_wconf 94' lang='lat'><strong>—-</strong></span> <span class='ocrx_word' id='word_1_537' title='bbox 1262 1941 1306 1977; x_wconf 88' lang='grc'><strong>61)</strong></span> <span class='ocrx_word' id='word_1_538' title='bbox 1336 1938 1498 1977; x_wconf 76' lang='grc' dir='ltr'><strong>Ανίίαίον]</strong></span> <span class='ocrx_word' id='word_1_539' title='bbox 1529 1938 1578 1966; x_wconf 90' lang='lat' dir='ltr'><strong>Sic</strong></span> <span class='ocrx_word' id='word_1_540' title='bbox 1604 1938 1632 1966; x_wconf 93' lang='lat' dir='ltr'>S.</span> <span class='ocrx_word' id='word_1_541' title='bbox 1675 1937 1832 1966; x_wconf 64' lang='lat' dir='ltr'><strong>Arillator</strong></span> <span class='ocrx_word' id='word_1_542' title='bbox 1852 1934 1890 1963; x_wconf 93' lang='lat' dir='ltr'>M.</span> <span class='ocrx_word' id='word_1_543' title='bbox 1914 1935 1968 1964; x_wconf 93' lang='lat' dir='ltr'>Gu.</span> <span class='ocrx_word' id='word_1_544' title='bbox 1989 1936 2019 1966; x_wconf 82' lang='grc'><strong>2.</strong></span> 
     </span>
     <span class='ocr_line' id='line_1_66' title="bbox 1060 1978 2019 2020; baseline -0.008 -8"><span class='ocrx_word' id='word_1_545' title='bbox 1060 1983 1219 2012; x_wconf 78' lang='lat' dir='ltr'><strong>Arillatur</strong></span> <span class='ocrx_word' id='word_1_546' title='bbox 1241 1982 1298 2010; x_wconf 86' lang='lat' dir='ltr'><strong>Gu.</strong></span> <span class='ocrx_word' id='word_1_547' title='bbox 1327 1984 1354 2012; x_wconf 88' lang='lat'><strong>1.</strong></span> <span class='ocrx_word' id='word_1_548' title='bbox 1381 1992 1428 2020; x_wconf 88' lang='lat' dir='ltr'><strong>pr.</strong></span> <span class='ocrx_word' id='word_1_549' title='bbox 1478 1982 1623 2010; x_wconf 77' lang='lat' dir='ltr'><strong>Arilatur</strong></span> <span class='ocrx_word' id='word_1_550' title='bbox 1644 1980 1675 2010; x_wconf 88' lang='lat' dir='ltr'><strong>L.</strong></span> <span class='ocrx_word' id='word_1_551' title='bbox 1698 1980 1730 2008; x_wconf 90' lang='lat' dir='ltr'><strong>B.</strong></span> <span class='ocrx_word' id='word_1_552' title='bbox 1774 1978 1889 2008; x_wconf 76' lang='lat' dir='ltr'><strong>Arilat.</strong></span> <span class='ocrx_word' id='word_1_553' title='bbox 1913 1978 2019 2014; x_wconf 84' lang='lat' dir='ltr'><strong>coctio,</strong></span> 
     </span>
     <span class='ocr_line' id='line_1_67' title="bbox 1062 2019 2020 2065; baseline -0.004 -11"><span class='ocrx_word' id='word_1_554' title='bbox 1062 2027 1116 2065; x_wconf 72' lang='lat' dir='ltr'><strong>qul</strong></span> <span class='ocrx_word' id='word_1_555' title='bbox 1131 2026 1224 2053; x_wconf 80' lang='lat' dir='ltr'><strong>eliam</strong></span> <span class='ocrx_word' id='word_1_556' title='bbox 1246 2029 1301 2053; x_wconf 78' lang='lat' dir='ltr'><strong>etc.</strong></span> <span class='ocrx_word' id='word_1_557' title='bbox 1326 2024 1358 2054; x_wconf 90' lang='lat' dir='ltr'>L.</span> <span class='ocrx_word' id='word_1_558' title='bbox 1380 2025 1415 2053; x_wconf 88' lang='lat' dir='ltr'><strong>B.</strong></span> <span class='ocrx_word' id='word_1_559' title='bbox 1439 2024 1478 2053; x_wconf 87' lang='lat' dir='ltr'>M.</span> <span class='ocrx_word' id='word_1_560' title='bbox 1501 2025 1559 2054; x_wconf 87' lang='lat' dir='ltr'>Gu.</span> <span class='ocrx_word' id='word_1_561' title='bbox 1578 2026 1605 2055; x_wconf 89' lang='lat' dir='ltr'>l.</span> <span class='ocrx_word' id='word_1_562' title='bbox 1622 2025 1651 2054; x_wconf 86' lang='lat'><strong>2-</strong></span> <span class='ocrx_word' id='word_1_563' title='bbox 1671 2032 1717 2062; x_wconf 84' lang='lat' dir='ltr'><strong>pr.</strong></span> <span class='ocrx_word' id='word_1_564' title='bbox 1754 2021 1926 2050; x_wconf 83' lang='lat' dir='ltr'><strong>Arrulator</strong></span> <span class='ocrx_word' id='word_1_565' title='bbox 1938 2019 2020 2058; x_wconf 84' lang='lat' dir='ltr'><strong>vulg·</strong></span> 
     </span>
     <span class='ocr_line' id='line_1_68' title="bbox 1061 2062 2019 2108; baseline -0.004 -13"><span class='ocrx_word' id='word_1_566' title='bbox 1061 2085 1103 2091; x_wconf 89' lang='lat'><strong>-—</strong></span> <span class='ocrx_word' id='word_1_567' title='bbox 1125 2066 1173 2108; x_wconf 73' lang='grc'><strong>62)</strong></span> <span class='ocrx_word' id='word_1_568' title='bbox 1197 2065 1309 2105; x_wconf 67' lang='lat' dir='ltr'><strong>dictus]</strong></span> <span class='ocrx_word' id='word_1_569' title='bbox 1335 2066 1453 2095; x_wconf 78' lang='lat' dir='ltr'><strong>dictum</strong></span> <span class='ocrx_word' id='word_1_570' title='bbox 1477 2068 1533 2096; x_wconf 92' lang='lat' dir='ltr'>Gu.</span> <span class='ocrx_word' id='word_1_571' title='bbox 1552 2069 1579 2099; x_wconf 91' lang='lat'><strong>1.</strong></span> <span class='ocrx_word' id='word_1_572' title='bbox 1602 2075 1648 2105; x_wconf 85' lang='lat' dir='ltr'><strong>pr.</strong></span> <span class='ocrx_word' id='word_1_573' title='bbox 1673 2082 1708 2086; x_wconf 91' lang='lat'><strong>—</strong></span> <span class='ocrx_word' id='word_1_574' title='bbox 1735 2063 1781 2104; x_wconf 88' lang='grc'><strong>63)</strong></span> <span class='ocrx_word' id='word_1_575' title='bbox 1805 2062 1939 2102; x_wconf 64' lang='lat' dir='ltr'><strong>videtur]</strong></span> <span class='ocrx_word' id='word_1_576' title='bbox 1962 2073 2019 2092; x_wconf 88' lang='lat' dir='ltr'><strong>om.</strong></span> 
     </span>
     <span class='ocr_line' id='line_1_69' title="bbox 1060 2107 2017 2149; baseline -0.008 -8"><span class='ocrx_word' id='word_1_577' title='bbox 1060 2111 1094 2141; x_wconf 86' lang='lat' dir='ltr'><strong>B.</strong></span> <span class='ocrx_word' id='word_1_578' title='bbox 1117 2126 1159 2132; x_wconf 96' lang='lat'><em>-</em></span> <span class='ocrx_word' id='word_1_579' title='bbox 1184 2111 1228 2145; x_wconf 78' lang='lat'><strong>64)</strong></span> <span class='ocrx_word' id='word_1_580' title='bbox 1244 2107 1318 2149; x_wconf 80' lang='grc' dir='ltr'><strong>αἶρε]</strong></span> <span class='ocrx_word' id='word_1_581' title='bbox 1342 2120 1414 2138; x_wconf 82' lang='lat' dir='ltr'><strong>area</strong></span> <span class='ocrx_word' id='word_1_582' title='bbox 1436 2110 1474 2141; x_wconf 86' lang='lat' dir='ltr'>M.</span> <span class='ocrx_word' id='word_1_583' title='bbox 1499 2111 1600 2140; x_wconf 79' lang='lat' dir='ltr'>Gu.2.</span> <span class='ocrx_word' id='word_1_584' title='bbox 1638 2118 1696 2137; x_wconf 92' lang='lat' dir='ltr'><strong>om.</strong></span> <span class='ocrx_word' id='word_1_585' title='bbox 1714 2107 1746 2136; x_wconf 89' lang='lat' dir='ltr'><strong>L.</strong></span> <span class='ocrx_word' id='word_1_586' title='bbox 1761 2117 1808 2146; x_wconf 90' lang='lat' dir='ltr'><strong>pr.</strong></span> <span class='ocrx_word' id='word_1_587' title='bbox 1825 2123 1867 2129; x_wconf 91' lang='lat'><strong>—</strong></span> <span class='ocrx_word' id='word_1_588' title='bbox 1889 2108 1934 2144; x_wconf 79' lang='lat'><strong>65)</strong></span> <span class='ocrx_word' id='word_1_589' title='bbox 1952 2107 2017 2134; x_wconf 91' lang='lat' dir='ltr'><strong>Lu-</strong></span> 
     </span>
     <span class='ocr_line' id='line_1_70' title="bbox 1063 2149 2018 2191; baseline -0.003 -10"><span class='ocrx_word' id='word_1_590' title='bbox 1063 2153 1127 2182; x_wconf 81' lang='lat' dir='ltr'><strong>cell.</strong></span> <span class='ocrx_word' id='word_1_591' title='bbox 1146 2151 1236 2191; x_wconf 78' lang='lat' dir='ltr'><strong>enim]</strong></span> <span class='ocrx_word' id='word_1_592' title='bbox 1261 2153 1352 2180; x_wconf 81' lang='lat' dir='ltr'><strong>etiam</strong></span> <span class='ocrx_word' id='word_1_593' title='bbox 1369 2154 1428 2181; x_wconf 74' lang='lat' dir='ltr'><strong>luc.</strong></span> <span class='ocrx_word' id='word_1_594' title='bbox 1451 2153 1483 2182; x_wconf 92' lang='lat' dir='ltr'><strong>L.</strong></span> <span class='ocrx_word' id='word_1_595' title='bbox 1529 2162 1587 2182; x_wconf 85' lang='lat' dir='ltr'><strong>om.</strong></span> <span class='ocrx_word' id='word_1_596' title='bbox 1609 2152 1687 2179; x_wconf 80' lang='lat' dir='ltr'><strong>enim</strong></span> <span class='ocrx_word' id='word_1_597' title='bbox 1705 2150 1744 2180; x_wconf 89' lang='lat' dir='ltr'><strong>M.</strong></span> <span class='ocrx_word' id='word_1_598' title='bbox 1767 2150 1823 2179; x_wconf 88' lang='lat' dir='ltr'>Gu.</span> <span class='ocrx_word' id='word_1_599' title='bbox 1841 2153 1867 2181; x_wconf 85' lang='grc'><strong>1.</strong></span> <span class='ocrx_word' id='word_1_600' title='bbox 1884 2151 1913 2180; x_wconf 85' lang='grc'><strong>2.</strong></span> <span class='ocrx_word' id='word_1_601' title='bbox 1936 2149 1965 2178; x_wconf 84' lang='grc'><strong>8.</strong></span> <span class='ocrx_word' id='word_1_602' title='bbox 1978 2162 2018 2169; x_wconf 86' lang='grc'><strong>·-</strong></span> 
     </span>
     <span class='ocr_line' id='line_1_71' title="bbox 1062 2192 2018 2235; baseline -0.007 -10"><span class='ocrx_word' id='word_1_603' title='bbox 1062 2195 1108 2235; x_wconf 85' lang='grc'><strong>66)</strong></span> <span class='ocrx_word' id='word_1_604' title='bbox 1133 2195 1228 2233; x_wconf 84' lang='lat' dir='ltr'><strong>lucro]</strong></span> <span class='ocrx_word' id='word_1_605' title='bbox 1251 2195 1320 2223; x_wconf 77' lang='lat' dir='ltr'><strong>luco</strong></span> <span class='ocrx_word' id='word_1_606' title='bbox 1342 2196 1374 2224; x_wconf 91' lang='lat' dir='ltr'><strong>B.</strong></span> <span class='ocrx_word' id='word_1_607' title='bbox 1399 2213 1438 2218; x_wconf 73' lang='lat'>—</span> <span class='ocrx_word' id='word_1_608' title='bbox 1461 2197 1508 2233; x_wconf 86' lang='lat'><strong>67)</strong></span> <span class='ocrx_word' id='word_1_609' title='bbox 1534 2196 1712 2229; x_wconf 72' lang='lat' dir='ltr'><strong>instructus]</strong></span> <span class='ocrx_word' id='word_1_610' title='bbox 1738 2194 1901 2222; x_wconf 70' lang='lat' dir='ltr'><strong>institutus</strong></span> <span class='ocrx_word' id='word_1_611' title='bbox 1922 2192 1955 2219; x_wconf 90' lang='lat' dir='ltr'><strong>B.</strong></span> <span class='ocrx_word' id='word_1_612' title='bbox 1976 2203 2018 2209; x_wconf 92' lang='lat'><strong>—-</strong></span> 
     </span>
     <span class='ocr_line' id='line_1_72' title="bbox 1063 2230 2016 2278; baseline -0.007 -11"><span class='ocrx_word' id='word_1_613' title='bbox 1063 2238 1112 2277; x_wconf 65' lang='lat'><strong>68)</strong></span> <span class='ocrx_word' id='word_1_614' title='bbox 1126 2236 1241 2276; x_wconf 82' lang='lat' dir='ltr'><strong>Arnae]</strong></span> <span class='ocrx_word' id='word_1_615' title='bbox 1258 2238 1340 2266; x_wconf 76' lang='lat' dir='ltr'><strong>Arni</strong></span> <span class='ocrx_word' id='word_1_616' title='bbox 1361 2239 1399 2267; x_wconf 91' lang='lat' dir='ltr'><strong>M.</strong></span> <span class='ocrx_word' id='word_1_617' title='bbox 1426 2256 1462 2260; x_wconf 97' lang='lat'><strong>—</strong></span> <span class='ocrx_word' id='word_1_618' title='bbox 1486 2237 1532 2278; x_wconf 85' lang='lat'><strong>69)</strong></span> <span class='ocrx_word' id='word_1_619' title='bbox 1557 2243 1667 2276; x_wconf 80' lang='lat' dir='ltr'><strong>caput,</strong></span> <span class='ocrx_word' id='word_1_620' title='bbox 1697 2237 1774 2275; x_wconf 77' lang='lat' dir='ltr'><strong>agni</strong></span> <span class='ocrx_word' id='word_1_621' title='bbox 1789 2234 1892 2273; x_wconf 81' lang='lat' dir='ltr'><strong>caput]</strong></span> <span class='ocrx_word' id='word_1_622' title='bbox 1915 2233 1966 2278; x_wconf 43' lang='grc' dir='ltr'><strong>5ίο-</strong></span> <span class='ocrx_word' id='word_1_623' title='bbox 1984 2230 2016 2257; x_wconf 87' lang='lat' dir='ltr'><strong>L·</strong></span> 
     </span>
     <span class='ocr_line' id='line_1_73' title="bbox 1064 2277 2017 2322; baseline -0.006 -13"><span class='ocrx_word' id='word_1_624' title='bbox 1064 2281 1131 2319; x_wconf 87' lang='lat' dir='ltr'><strong>(qui</strong></span> <span class='ocrx_word' id='word_1_625' title='bbox 1144 2280 1300 2309; x_wconf 75' lang='lat' dir='ltr'><strong>dicebatur</strong></span> <span class='ocrx_word' id='word_1_626' title='bbox 1319 2280 1401 2322; x_wconf 83' lang='lat' dir='ltr'>add.)</span> <span class='ocrx_word' id='word_1_627' title='bbox 1425 2282 1458 2311; x_wconf 92' lang='lat' dir='ltr'><strong>B.</strong></span> <span class='ocrx_word' id='word_1_628' title='bbox 1482 2281 1521 2310; x_wconf 91' lang='lat' dir='ltr'><strong>M.</strong></span> <span class='ocrx_word' id='word_1_629' title='bbox 1546 2281 1604 2309; x_wconf 90' lang='lat' dir='ltr'>Gu.</span> <span class='ocrx_word' id='word_1_630' title='bbox 1622 2283 1651 2312; x_wconf 84' lang='lat'><strong>2.</strong></span> <span class='ocrx_word' id='word_1_631' title='bbox 1673 2289 1721 2318; x_wconf 85' lang='lat' dir='ltr'><strong>pr.</strong></span> <span class='ocrx_word' id='word_1_632' title='bbox 1744 2280 1775 2308; x_wconf 89' lang='lat' dir='ltr'><strong>S.</strong></span> <span class='ocrx_word' id='word_1_633' title='bbox 1814 2277 1901 2313; x_wconf 90' lang='lat' dir='ltr'><strong>Vulg.</strong></span> <span class='ocrx_word' id='word_1_634' title='bbox 1920 2281 2017 2312; x_wconf 78' lang='lat' dir='ltr'><strong>pruno</strong></span> 
     </span>
     <span class='ocr_line' id='line_1_74' title="bbox 1063 2318 2015 2364; baseline -0.006 -12"><span class='ocrx_word' id='word_1_635' title='bbox 1063 2323 1130 2352; x_wconf 90' lang='lat' dir='ltr'><strong>loco</strong></span> <span class='ocrx_word' id='word_1_636' title='bbox 1152 2329 1245 2363; x_wconf 82' lang='lat' dir='ltr'><strong>caput</strong></span> <span class='ocrx_word' id='word_1_637' title='bbox 1267 2335 1323 2354; x_wconf 88' lang='lat' dir='ltr'><strong>om.</strong></span> <span class='ocrx_word' id='word_1_638' title='bbox 1349 2341 1385 2347; x_wconf 93' lang='lat'><strong>—</strong></span> <span class='ocrx_word' id='word_1_639' title='bbox 1412 2324 1459 2364; x_wconf 90' lang='grc'><strong>70)</strong></span> <span class='ocrx_word' id='word_1_640' title='bbox 1482 2322 1604 2362; x_wconf 64' lang='lat' dir='ltr'><strong>Arsin]</strong></span> <span class='ocrx_word' id='word_1_641' title='bbox 1626 2322 1676 2351; x_wconf 88' lang='lat' dir='ltr'><strong>Sic</strong></span> <span class='ocrx_word' id='word_1_642' title='bbox 1699 2322 1733 2350; x_wconf 84' lang='lat' dir='ltr'>B.</span> <span class='ocrx_word' id='word_1_643' title='bbox 1758 2321 1796 2350; x_wconf 91' lang='lat' dir='ltr'><strong>M.</strong></span> <span class='ocrx_word' id='word_1_644' title='bbox 1820 2318 1952 2348; x_wconf 80' lang='lat' dir='ltr'>Gu-1.2.</span> <span class='ocrx_word' id='word_1_645' title='bbox 1968 2322 2015 2353; x_wconf 68' lang='lat' dir='ltr'><strong>pl·-</strong></span> 
     </span>
     <span class='ocr_line' id='line_1_75' title="bbox 1063 2366 1273 2406; baseline 0.005 -10"><span class='ocrx_word' id='word_1_646' title='bbox 1063 2366 1150 2406; x_wconf 85' lang='lat' dir='ltr'><strong>Vulg.</strong></span> <span class='ocrx_word' id='word_1_647' title='bbox 1172 2366 1273 2397; x_wconf 80' lang='lat' dir='ltr'><strong>Arlin.</strong></span> 
     </span>
    </p>
   </div>
   <div class='ocr_carea' id='block_1_32' title="bbox 1572 2450 1601 2483">
    <p class='ocr_par' dir='ltr' id='par_1_35' title="bbox 1572 2450 1601 2483">
     <span class='ocr_line' id='line_1_76' title="bbox 1572 2450 1601 2483; baseline 0 0"><span class='ocrx_word' id='word_1_648' title='bbox 1572 2450 1601 2483; x_wconf 92' lang='lat' dir='ltr'>C</span> 
     </span>
    </p>
   </div>
  </div>
 </body>
</html>
