2263 2668
432 165 495 198 DE
523 165 797 200 VERBORUM
824 163 1212 199 SlGNIFlCATlONE
1240 165 1551 205 FRAGMENTA.
1810 168 1881 200 221

70 255 79 264 Χ
100 265 297 305 postquam
321 270 362 292 ex
384 259 502 293 Africa
523 260 636 293 rediit:
670 261 731 293 uti
758 261 979 305 negotium
1005 264 1143 291 natum
1172 264 1281 301 erat,
1309 266 1549 303 quatenoc*
1574 269 1714 298 castra
1741 268 2056 301 nostra·f.quatenos

99 313 156 345 ita
183 311 341 344 munita
369 317 502 353 erant,
531 316 573 344 ut
599 323 742 356 posses
770 318 931 356 partem
960 311 1171 344 exercitus
1199 311 1425 348 abducere.
1479 315 1663 356 Quande
1689 326 1754 360 pro
1782 326 1881 358 quam

99 375 173 396 usos
200 375 268 396 esse
296 364 465 407 antiquos,
502 375 578 397 cum
605 364 702 397 multi
729 368 855 396 veteres
881 363 1068 396 testimonio
1096 366 1187 403 sunt,
1223 367 1334 396 tamen
1361 364 1481 398 huius*
1504 367 1536 399 in
1563 368 1690 412 primo:
1892 354 1990 413 'fh-,32⁰¹
2000 354 2054 413 {¹23¹}

201 415 413 459 Iuppiter,
454 419 495 448 ut
523 426 636 447 muro
664 415 801 448 fretus
828 415 959 460 magis
987 425 1108 458 quam
1137 413 1188 446 de
1215 425 1359 448 manus
1386 417 1537 462 impe‘*
1893 428 1944 448 tum
1961 408 1989 463 ,εἰ
2012 423 2055 447 Li-

284 467 453 500 secundo:
1895 493 1914 503 ,.
1922 492 1935 517 f
1943 466 2055 517 viiiimus

198 518 365 561 quande
392 524 484 552 tuas
512 528 654 550 omnes
681 518 896 562 legiones,
931 529 978 550 ac
1004 517 1239 562 popularis.
1893 511 2011 552 vi.'1de1n
2030 527 2054 551 in

97 576 129 602 et
151 570 342 603 Lucretius:

199 622 341 654 clarus
369 620 420 653 ob
449 620 672 653 obscuram
700 620 887 665 linguam
915 620 1051 664 magis
1079 619 1189 651 inter
1216 619 1370 654 inanes

196 673 364 716 quande
390 672 530 716 gravis
558 672 789 716 tergaios*,
827 671 896 715 qui
923 683 1020 704 vera
1046 671 1281 714 requirunt.
1916 669 2037 729 grgsstser

96 723 225 764 Quam
259 735 367 765 mox,
420 724 584 768 significat
611 735 711 767 quam
740 724 816 758 cito.
849 723 907 756 sed
937 724 963 756 si
990 734 1052 767 per
1079 734 1112 755 se
1140 733 1246 767 ponas
1274 733 1370 764 mox,
1424 722 1623 767 significabit
1649 723 1765 767 paullo
1794 728 1879 766 post,

93 775 147 808 vel
174 780 304 820 postea.

260 827 468 869 Quatere,
516 837 710 870 suspensum
738 831 770 859 et
797 826 939 860 vicinum
966 827 1014 859 rei
1041 826 1177 860 alicuius
1206 829 1334 858 motum
1362 825 1546 869 significat,
1588 836 1653 857 non
1680 831 1714 857 ut
1736 825 1880 866 Verrius,

92 883 206 922 putat,
234 879 350 919 ferire,
388 890 465 912 cum
491 877 526 910 id
552 879 660 922 ipsum
689 879 829 911 verbum
857 882 1034 911 concutere
1063 889 1102 910 ex
1129 877 1396 922 praepositione,
1431 888 1518 919 quae
1546 881 1593 909 est
1619 888 1701 917 con,
1736 882 1768 909 et
1794 888 1878 920 qua—

91 934 161 963 tere
188 930 228 963 sit
255 930 488 975 compositum.
524 941 680 973 quassare
707 935 817 962 autem
845 935 892 963 est
918 941 1018 973 saepe
1045 934 1189 973 quatere.
1244 929 1627 971 Querquetulanae
1654 934 1696 961 ut
1723 931 1790 961 re*
1813 940 1879 973 pu-

91 986 202 1014 tantur
233 982 412 1027 significari
445 982 617 1026 nymphae
651 982 876 1026 praesidentes
902 986 1087 1025 querqueto
1115 980 1304 1022 virescenti,
1353 980 1446 1024 quod
1474 991 1580 1024 genus
1607 980 1707 1012 silvae
1735 980 1879 1014 indicant

91 1033 190 1066 fuisse
210 1034 294 1067 intra
315 1040 468 1080 portam,
497 1045 582 1077 quae
609 1034 651 1066 ab
680 1044 720 1066 eo
749 1033 837 1067 dicta
864 1034 903 1066 sit
924 1033 1225 1076 Querquetularia,
1254 1031 1312 1065 sed
1337 1032 1475 1064 feminas
1499 1032 1624 1075 antiqui
1649 1043 1729 1074 quas
1753 1033 1878 1066 sciens*

90 1084 252 1126 dicimus,
298 1087 411 1120 viras
438 1086 669 1130 appellabant.
704 1085 793 1117 uude
820 1085 935 1118 adhuc
961 1090 1159 1129 permanent
1187 1084 1331 1128 virgines
1359 1090 1391 1117 et
1418 1084 1592 1129 viragines.
1651 1083 1760 1124 Ques
1794 1084 1877 1116 anti-

89 1137 147 1180 qui
171 1137 341 1180 dixerunt,
371 1138 450 1171 inde
479 1137 682 1170 declinatum
709 1142 859 1169 remanet
886 1136 998 1169 dativo
1020 1148 1107 1178 casu,
1136 1137 1262 1180 quibus.
1287 1147 1363 1168 nam
1391 1136 1463 1178 qui
1489 1135 1604 1169 adhuc
1627 1135 1705 1167 item
1727 1135 1804 1178 qui*
1826 1136 1878 1167 fa-
1914 1139 1949 1165 Ὗ.
1969 1139 2024 1172 quis

89 1189 151 1228 cit,
184 1194 219 1222 ut
244 1190 296 1222 isti
320 1189 402 1231 istis,
429 1189 477 1222 illi
498 1189 572 1221 illis.
627 1188 710 1229 Qui
737 1188 820 1222 hoc
848 1190 1054 1229 censetis,
1082 1189 1193 1221 illuc
1219 1187 1419 1229 transite,
1447 1187 1518 1230 qui
1545 1187 1628 1219 alia
1656 1186 1812 1227 omnia,
1840 1187 1878 1218 in

89 1240 195 1274 hanc
229 1246 407 1285 partem.
444 1240 495 1274 his
522 1240 630 1273 verbis
656 1238 772 1285 perit2
802 1241 919 1273 ominis
947 1240 1104 1274 videlicet
1132 1251 1249 1280 causa,
1302 1251 1344 1272 ne
1379 1239 1486 1279 dicat,
1540 1240 1598 1282 qui
1630 1249 1695 1270 non
1730 1238 1877 1273 censetis.

88 1292 202 1333 Quot
230 1291 379 1335 serv-13,
415 1298 475 1325 tot
501 1292 666 1333 hostes,
703 1293 736 1324 in
762 1293 943 1336 proverbio
973 1297 1040 1335 est,
1076 1292 1120 1325 de
1148 1302 1215 1335 quo
1238 1291 1368 1325 Sinnius
1391 1290 1514 1335 Capito
1542 1290 1704 1323 existimat
1731 1301 1876 1322 errorem

87 1343 278 1377 hominibus
312 1344 524 1377 intervenisse
559 1348 779 1388 praepostere
813 1344 964 1388 plurimis
999 1344 1241 1376 enuntiantibus
1268 1354 1348 1376 vero
1376 1343 1463 1376 enim
1490 1343 1625 1375 similius
1653 1354 1723 1375 esse
1751 1341 1874 1375 dictum

86 1395 197 1436 initio,
239 1401 322 1440 quot
347 1395 470 1439 hostis,
512 1400 561 1429 tot
587 1396 687 1437 servi,
723 1396 795 1428 tot*
817 1396 940 1440 captivi
967 1396 1038 1428 fere
1066 1395 1110 1428 ad
1138 1395 1328 1428 servitutem
1358 1394 1624 1429 adducebantur.
1662 1393 1750 1426 unde
1778 1393 1874 1426 etiam
1903 1399 1940 1423 *fi
1963 1399 2031 1433 quod

1906 925 1915 932 ’
1925 924 1942 948 f.
1966 923 2036 948 virae

1905 1028 1914 1037 *
1923 1027 1941 1051 f.
1958 1035 2034 1060 sagas

1947 1070 1992 1086 nos

85 1447 269 1492 mancipia,
310 1459 373 1482 nec
395 1444 417 1496 Η
443 1459 499 1481 san
553 1472 560 1479 .
616 1473 623 1480 .
677 1473 684 1480 .
741 1473 747 1480 .
801 1474 808 1480 .
865 1475 872 1482 .
927 1474 933 1479 .
990 1472 996 1479 .
1054 1475 1060 1481 .
1117 1475 1123 1481 .
1179 1475 1185 1480 .
1241 1473 1248 1479 .
1304 1473 1310 1479 .
1371 1458 1422 1480 ser
1482 1473 1487 1478 .
1791 1443 1871 1489 [ἶο]

646 1499 715 1544 epti
769 1527 776 1533 .
833 1528 839 1533 .
895 1526 901 1531 .
960 1526 966 1532 .
1021 1526 1027 1533 .
1083 1525 1089 1531 .
1147 1526 1154 1532 .
1207 1527 1213 1532 .
1269 1526 1275 1532 .
1331 1524 1337 1530 .
1395 1525 1400 1530 .
1456 1525 1462 1530 .
1519 1527 1525 1532 .
1568 1498 1631 1530 ruti
1678 1523 1685 1529 .
1803 1525 1808 1529 .
1864 1522 1869 1526 .

651 1551 707 1596 gia
767 1577 773 1582 .
830 1577 836 1583 .
892 1578 898 1584 .
954 1577 960 1583 .
1015 1576 1021 1582 .
1077 1578 1084 1584 .
1140 1576 1146 1582 .
1203 1577 1210 1584 .
1265 1578 1271 1584 .
1328 1577 1335 1583 .
1391 1576 1397 1582 .
1453 1576 1459 1581 .
1515 1576 1521 1581 .
1575 1549 1685 1581 turbat

86 1629 92 1635 .
147 1626 154 1634 .
210 1629 217 1635 .
272 1627 279 1634 .
334 1629 340 1635 .
396 1628 402 1634 .
457 1628 464 1634 .
519 1627 526 1634 .
581 1627 588 1634 .
643 1626 651 1633 .
686 1606 760 1634 rent
796 1629 802 1635 .
857 1629 863 1635 .
919 1628 925 1634 .
979 1627 985 1632 .
1042 1627 1048 1633 .
1104 1627 1110 1633 .
1165 1627 1171 1632 .
1227 1629 1234 1635 .
1290 1628 1295 1634 .
1352 1628 1358 1634 .
1413 1627 1418 1633 .
1475 1629 1480 1634 .
1516 1602 1614 1634 uncia
1637 1600 1771 1633 Sinnius
1799 1598 1870 1631 Ca-

81 1653 157 1697 pito
211 1678 218 1685 .
272 1682 278 1687 .
334 1679 340 1685 .
396 1680 402 1685 .
458 1679 464 1685 .
521 1681 527 1688 .
584 1680 590 1686 .
646 1680 652 1686 .
709 1682 716 1688 .
772 1681 779 1687 .
843 1658 878 1685 ut
903 1651 1085 1697 perhibent
1146 1681 1153 1687 .
1208 1679 1214 1684 .
1269 1679 1274 1684 .
1331 1677 1337 1683 .
1391 1677 1397 1683 .
1453 1679 1458 1684 .
1514 1678 1520 1684 .
1577 1677 1583 1683 .
1638 1680 1644 1686 .
1700 1650 1870 1683 Benilicae

85 1705 220 1737 virtutis
274 1732 279 1736 .
335 1729 344 1737 .
398 1732 404 1737 .
461 1731 466 1737 .
522 1730 528 1736 .
585 1731 591 1737 .
646 1731 652 1737 .
706 1731 711 1736 .
767 1730 773 1736 .
830 1733 836 1739 .
897 1704 1048 1737 omnibus
1104 1731 1110 1737 .
1166 1729 1172 1735 .
1228 1730 1233 1736 .
1290 1729 1296 1735 .
1353 1730 1358 1735 .
1415 1730 1421 1735 .
1477 1729 1482 1735 .
1539 1728 1544 1734 .
1599 1728 1605 1734 .
1662 1727 1669 1734 ,
1724 1702 1870 1734 ancillae

835 1757 939 1788 omnis
975 1767 1018 1788 un
1081 1781 1087 1787 .
1142 1782 1148 1787 .
1206 1784 1213 1789 .
1269 1783 1274 1788 .
1331 1779 1337 1787 .
1393 1780 1398 1785 .
1453 1781 1458 1786 .
1515 1780 1521 1786 .
1578 1781 1583 1786 .
1640 1780 1646 1786 .
1705 1765 1757 1785 me
1794 1758 1870 1796 part

887 1808 1027 1852 regula,
1071 1806 1130 1839 sed
1166 1818 1187 1837 v
1427 1831 1434 1837 .
1489 1833 1495 1839 .

610 1885 616 1890 .
671 1885 677 1890 .
733 1887 740 1893 ,
795 1884 800 1890 .
857 1887 864 1893 ,
920 1887 926 1894 ,
984 1884 989 1889 .
1107 1885 1112 1890 .
1292 1856 1483 1890 serrendum
1507 1858 1563 1900 qui
1609 1882 1615 1888 .

84 1937 89 1942 .
147 1936 152 1941 .
209 1937 214 1942 .
270 1937 276 1944 .
332 1938 338 1943 .
393 1937 399 1942 .
517 1910 720 1951 Quoniam
756 1910 922 1955 significat
956 1921 1023 1942 ηοιι
1058 1910 1168 1942 solum
1204 1909 1243 1940 id
1279 1908 1372 1952 quod
1404 1908 1507 1951 quia,
1561 1912 1595 1941 ul
1630 1909 1680 1941 ait
1714 1907 1865 1944 rem-ias,

83 1961 173 2005 apud
203 1962 372 2004 antiquos,
415 1962 479 1994 sed
507 1962 612 1994 etiam
639 1963 677 1995 id
704 1963 796 2007 quod
820 1966 1028 2006 postquam,
1074 1960 1144 1992 hac
1169 1960 1300 1993 seilicet
1327 1959 1370 1992 de
1398 1970 1515 2001 causa,
1559 1960 1652 2003 quod
1685 1959 1865 1992 Graecum

83 2013 194 2051 e‘neiz
239 2014 416 2056 utriusque
443 2014 721 2058 significationem
750 2014 889 2058 optinet.
955 2012 1072 2058 Quid
1104 2010 1288 2057 significat
1314 2011 1412 2043 etiam
1439 2012 1565 2054 aliquid
1592 2015 1729 2056 praeter
1755 2019 1861 2054 quam
1909 2011 1944 2035 ·f.
1963 2009 2003 2038 ὅτι

82 2064 175 2109 quod
203 2064 236 2096 in
265 2076 327 2097 usn
344 2064 431 2110 fere
458 2069 526 2106 est,
567 2069 597 2098 et
631 2065 765 2098 Graeci
792 2065 908 2098 dicunt
934 2064 979 2099 τὶ.
1034 2062 1402 2107 Quinquennales
1435 2063 1602 2097 Censores
1627 2061 1861 2108 appellaban—

80 2122 151 2158 tur,
198 2116 253 2158 qui
289 2116 427 2149 lustrum
462 2116 650 2150 conderent
685 2117 801 2161 quinto
835 2127 969 2160 quoque
1002 2126 1092 2147 (mnu
1120 2126 1143 2146 ιι
1171 2125 1237 2158 quo
1264 2114 1428 2147 nominari
1455 2120 1605 2160 coeptos.
1666 2113 1862 2157 Quinque

79 2178 219 2212 genera
246 2168 429 2212 signorum
456 2167 688 2201 observabant
717 2169 871 2213 Augures
899 2166 1045 2210 publici,
1082 2177 1126 2198 ea·
1153 2165 1268 2206 caelo,
1304 2177 1348 2198 ex
1374 2166 1516 2208 avibus,
1544 2178 1587 2199 ea·
1612 2165 1795 2210 tripudiis,
1823 2175 1861 2196 ex

80 2218 366 2263 quadrupedibus,
395 2230 434 2252 ex
461 2220 568 2261 diris,
595 2223 631 2252 ut
659 2223 707 2252 est
735 2220 770 2253 in
798 2217 1055 2262 Auguralibus.
1108 2217 1262 2250 Rufuli
1288 2217 1429 2250 Tribuni
1455 2218 1598 2252 militum
1625 2215 1862 2262 appellaban—

209 1872 222 1890 s
247 1859 341 1891 altius
365 1859 429 1891 fixa

80 2318 115 2346 id
133 2325 188 2356 est,
216 2319 349 2356 (mando
374 2326 490 2349 stercus
512 2320 647 2348 delatum
661 2321 731 2358 sas.
759 2320 872 2348 clivam
893 2329 948 2347 au—
993 2319 1063 2347 Ven.
1089 2319 1136 2347 Sc.
1158 2337 1203 2342 7-
1239 2317 1270 2358 3)
1296 2319 1378 2357 Quot
1407 2319 1506 2359 serva]
1536 2319 1580 2348 Ad
1603 2329 1709 2348 vocem
1733 2327 1807 2357 quae
1829 2317 1859 2345 in

79 2367 136 2391 tem
167 2373 222 2401 pro
245 2363 352 2391 alvum
379 2363 568 2402 reposuimus
605 2373 641 2392 ex
671 2363 813 2392 Varronis
840 2362 892 2390 lib.
915 2363 944 2394 5.
989 2361 1152 2399 fragmento
1185 2366 1229 2390 est
1250 2381 1257 2388 .
1290 2383 1297 2390 .
1327 2384 1332 2390 .
1363 2362 1507 2401 beneficae
1539 2386 1545 2393 .
1574 2385 1580 2392 .
1613 2383 1620 2391 .
1645 2384 1650 2390 .
1676 2386 1682 2393 .
1708 2385 1716 2393 .
1744 2361 1858 2389 faciunt

80 2404 115 2433 ‹le
136 2405 217 2444 Ling.
243 2406 302 2436 Lat.
320 2406 387 2435 vide
411 2407 441 2435 in
464 2408 586 2435 Stercus
615 2406 691 2434 Urs.
715 2422 756 2427 —
786 2406 817 2443 ⁶2)
841 2406 946 2433 l’meit
990 2414 1065 2443 quae
1087 2404 1191 2433 scribit
1211 2404 1341 2433 Macrob.
1363 2404 1414 2434 lib.
1430 2407 1456 2437 1.
1480 2406 1601 2435 Saturn.
1646 2405 1722 2433 Urs.
