2263 2668
515 138 580 172 DE
606 134 996 171 SIGNIFICATIONE
1023 136 1310 175 VERBORUM.
1361 138 1509 173 LIBER
1533 137 1626 173 an
1977 144 2054 180 547

90 230 175 260 labra
196 231 335 270 χαλινοῦς
357 234 476 259 vocant.
521 230 654 260 Eandem
678 229 851 260 sententiam
875 228 1025 268 promittit
1046 229 1123 260 illud
1147 232 1361 261 Lucillianum:
1388 231 1539 261 Esuriente
1560 230 1638 261 leoni
1658 242 1699 261 ια’
1721 244 1769 262 ore
1791 232 1946 275 exculpere
1965 250 2053 277 prae-

93 272 181 309 dam,
214 273 284 302 item
309 273 490 302 Graecorum
513 274 617 304 λέοντα
641 275 749 312 ξυρεῖν.
794 273 833 301 At
859 272 936 301 illud
960 272 1080 300 Catonis
1104 275 1224 303 omnino
1248 275 1499 313 praetereundum
1524 284 1584 303 non
1607 285 1729 304 censeo:
1765 275 1866 317 Equos
1885 280 2052 319 respondit3

91 327 175 345 oreas
196 315 270 344 mihi
291 314 374 353 inde,
405 315 460 344 tibi
483 326 554 355 cape
571 315 741 356 flagellum.
786 315 837 344 Est
866 315 945 343 enim
974 315 1146 345 notissimus
1176 318 1337 356 apologus,
1367 318 1417 356 qui
1441 323 1485 346 est
1509 318 1591 356 apud
1614 317 1788 347 Horatium:
1821 318 1927 350 Cervus
1948 333 2052 363 equum

89 368 191 398 pugna
214 357 317 387 melior
340 363 395 387 eto.
436 359 471 387 ln
494 359 664 387 testimonio
688 358 793 387 Caelii:
821 369 910 398 equus
930 358 990 398 qui.
1015 356 1115 387 Scal.
1158 358 1259 388 Oreae.
1299 361 1343 389 Ab
1367 371 1433 396 ore,
1463 369 1567 397 oreae,
1590 361 1648 388 nisi
1670 361 1747 390 forte
1770 371 1853 390 oreae
1874 373 1929 402 pro
1952 376 2054 403 uuna,

92 410 169 439 quae
192 401 280 429 etiam
305 402 420 430 frenum
450 401 604 439 siguificat.
645 399 799 440 Deprandi
820 407 915 428 autem
938 399 1039 429 leonis.
1077 401 1154 430 Male
1176 403 1307 441 Scaliger
1335 403 1455 442 quidem
1481 412 1566 431 oreas
1589 403 1681 431 labias
1703 404 1918 443 interpretatur
1941 412 2048 437 contra

91 443 170 472 Festi
193 443 383 481 sententiam,
413 454 508 482 neque
532 442 676 482 deprandi
698 448 741 472 est
763 454 778 472 a
802 441 980 482 deprandius
1002 447 1036 471 ut
1057 443 1123 482 ipse
1144 449 1246 484 putat,
1275 446 1331 475 sed
1352 457 1368 474 a
1393 446 1570 485 deprandis‚
1594 450 1622 474 et
1645 450 1689 475 est
1711 446 1743 474 in
1767 447 1860 476 dandi
1884 457 1972 488 casu,
1995 450 2051 480 ita-

93 495 152 524 que
175 496 278 515 versus
300 486 402 515 Naevii
425 487 469 515 sic
491 486 651 524 legendus:

716 525 870 567 Deprandi
891 534 985 556 aurem
1009 525 1087 556 leoni
1108 527 1218 557 subdas
1241 540 1333 559 oreas.

92 571 186 599 Plano
213 576 242 599 et
271 571 387 610 optimo
416 581 505 600 sensu
534 570 630 609 piima
659 570 743 598 litera
770 569 854 599 vocis
882 568 992 598 subdas
1021 569 1199 600 adhaeserat
1227 572 1295 600 voci
1325 571 1404 601 leoni
1431 576 1461 600 et:
1488 582 1526 601 ex
1552 571 1649 601 ubdas
1677 577 1781 612 postea
1810 573 1923 603 sactum
1947 574 2050 606 obdas.

92 613 347 642 Praetereundum
369 625 428 642 non
454 618 499 642 est
520 614 598 642 illud
621 614 756 642 Catonis:
793 611 893 653 Equos
914 611 1063 651 respondit
1087 618 1143 642 ete.
1172 619 1216 643 est
1245 615 1323 643 enim
1351 614 1521 644 notissimus
1544 615 1688 654 apologus
1712 615 1763 654 qui
1786 620 1831 644 est
1854 617 1933 655 apud
1955 617 2053 648 Hora-

92 655 168 684 tium
191 655 260 695 (Ep.
275 657 303 693 Ι,
328 660 382 694 10,
405 656 487 694 34.):

721 695 826 726 Cervus
847 706 949 738 equom
971 708 1070 737 pugna
1092 697 1203 728 melior.
1840 724 1842 726 .

93 740 129 768 In
149 740 320 769 testimonio
343 740 433 770 Caelii
457 741 521 779 lege
544 752 651 781 equus,
682 741 741 780 qui.
769 739 858 769 Dac.
901 740 1001 768 Titinii
1025 745 1054 769 et
1075 741 1181 769 Naevii
1203 741 1293 770 verba
1317 741 1458 770 mendosa
1482 747 1559 772 sunt.
1583 742 1672 773 Ant.
1695 741 1792 781 Aug.
1837 742 1913 771 Vide
1935 742 2054 772 Aureas

95 786 125 811 et
146 782 284 812 Auream.
316 782 457 812 Permiui.
488 783 632 812 Promitti.
664 780 819 821 Deprandi
840 789 935 811 autem
959 781 1058 811 leonis.
1081 783 1101 812 i.
1118 793 1142 812 e.
1166 784 1305 815 famelici.
1340 783 1440 813 Oreae.
1471 785 1573 813 Oreas.
1604 784 1712 825 Equos.
1745 785 1857 823 Equus.
1903 783 2009 815 Goth.

263 824 380 855 Oreus
404 834 436 855 ει
461 825 633 857 Oreades.
669 822 811 861 ”Ορειος,
835 822 968 865 &netoides-
990 821 1050 856 ἀπὸ
1073 828 1128 856 τοῦ
1152 825 1238 863 ὄρεος
1257 839 1275 856 a
1298 834 1403 856 monte.
1447 827 1519 856 Inde
1542 828 1645 856 Horat.
1667 827 1820 858 0d.XlX.
1843 827 1958 859 lib.2.:

716 866 870 896 Bacchum
895 868 926 896 in
949 868 1066 897 remotis
1089 870 1224 898 carmina
1247 868 1367 910 rupibus

721 908 797 938 Vidi
819 908 977 939 docentem.
995 920 999 926 ⁴

96 952 151 981 Ubi
180 953 267 991 plura
298 953 474 985 notabimus,
520 954 554 982 In
584 952 701 981 schedis
728 952 838 991 legitur
866 953 968 991 etiam,
1011 951 1178 982 Orestiades
1206 953 1349 995 nymphae
1376 954 1518 983 montium
1546 952 1691 985 cultrices.
1735 953 1811 983 Vide
1831 953 1962 994 Hesyoh.
1988 952 2055 995 ὀρε-

96 992 225 1030 στιάδες.
269 995 359 1025 Duc.

265 1036 502 1067 Ordinarius.
550 1037 750 1067 Ordinarium.
781 1038 862 1066 Infra
886 1037 969 1067 deest
991 1042 1106 1067 tantum
1131 1049 1238 1067 nomen
1254 1038 1384 1066 Catonis.
1417 1036 1492 1068 Gaio
1515 1038 1547 1066 in
1570 1049 1603 1066 ea
1627 1038 1772 1075 oratione,
1796 1043 1853 1070 etc.
1884 1038 1941 1067 Sed
1964 1038 2055 1067 verba

98 1080 217 1109 Catonis
239 1081 315 1109 male
344 1082 460 1120 accepit
480 1081 600 1117 Festus,
639 1082 724 1109 facile
748 1081 824 1109 enim
848 1091 884 1109 ex
906 1080 1065 1119 iis'colligi
1088 1091 1176 1120 posse
1198 1081 1320 1110 videtur
1342 1081 1526 1110 ordinarium
1550 1080 1701 1109 hominem
1723 1080 1781 1109 dici
1805 1081 1854 1119 qui
1878 1089 1931 1120 per
1952 1091 2055 1110 omnes

98 1123 219 1152 ordines
241 1123 387 1162 stipendia
411 1124 527 1153 meruit.
575 1124 666 1152 Gall.:
700 1122 759 1161 Qui
779 1130 820 1152 esi
843 1121 903 1152 all(i
924 1122 959 1151 de
982 1122 1068 1163 degre'
1089 1135 1121 1152 en
1147 1122 1247 1163 degre,
1272 1124 1324 1164 qui
1345 1136 1363 1152 α
1385 1122 1443 1153 es1c¹
1464 1121 1567 1162 simple
1588 1121 1704 1160 selden,
1729 1130 1756 1151 et
1777 1134 1795 1151 ιι
1815 1122 1903 1163 passe'
1920 1134 1979 1163 par
2003 1122 2056 1153 de-

95 1177 164 1206 grez
188 1164 262 1194 dans
285 1174 377 1195 toules
399 1165 440 1195 les
462 1166 600 1205 charges,
626 1166 675 1195 vel
698 1166 816 1205 potius,
847 1166 878 1194 in
901 1164 1004 1194 ordine
1024 1167 1205 1203 meruissem,
1235 1177 1292 1206 pro
1315 1167 1398 1194 miles
1420 1167 1450 1194 in
1473 1166 1587 1203 legione
1610 1170 1723 1194 tantum
1747 1166 1878 1195 fuissem.
1922 1166 1956 1194 Id
1979 1166 2055 1195 enim

97 1213 142 1237 est
163 1209 194 1237 in
217 1207 320 1238 ordine
341 1220 461 1246 merere,
495 1209 630 1238 Frontin.
654 1209 704 1237 lib.
717 1209 768 1237 IV.
792 1209 918 1245 Stratag.
943 1219 1007 1247 cap.
1024 1211 1067 1239 1.:
1110 1208 1145 1246 O.
1168 1208 1310 1239 Metellus
1338 1220 1397 1238 cos.
1425 1209 1559 1249 quamvis
1586 1206 1671 1237 nulla
1695 1207 1756 1247 lege
1777 1207 1964 1248 impediretur
1984 1209 2058 1249 quin

92 1249 191 1288 filium
215 1250 450 1280 contubernalem
471 1258 639 1291 perpetuum
662 1250 795 1287 haberet,
829 1249 937 1279 maluit
957 1258 1052 1279 tamen
1076 1263 1138 1280 eum
1163 1252 1193 1280 in
1216 1251 1319 1281 ordine
1341 1263 1454 1280 merere.
1498 1251 1573 1279 Nam
1602 1250 1682 1279 idem
1711 1251 1800 1289 paulo
1824 1255 1892 1289 post
1914 1261 1980 1279 eum
2004 1251 2057 1290 qui

97 1294 128 1322 in
151 1292 256 1322 ordine
279 1294 424 1330 merebat,
447 1298 537 1322 vocat
558 1292 678 1322 militem
702 1294 732 1322 in
755 1292 877 1332 legione.
911 1292 949 1322 L.
973 1292 1108 1322 Rutilius
1131 1304 1190 1323 cos.
1213 1306 1279 1324 cum
1302 1292 1459 1324 secundum
1483 1292 1557 1333 leges
1579 1294 1611 1322 in
1634 1292 1823 1322 contubernio
1835 1292 1938 1334 filium
1960 1300 2057 1333 posset

98 1335 215 1372 babere,
249 1337 280 1364 in
303 1335 415 1376 legione
436 1335 558 1365 militem
570 1335 662 1378 fecit.
699 1336 793 1373 Vulgo
817 1335 961 1364 dicimus:
992 1334 1043 1365 ille
1054 1337 1098 1375 fit
1121 1335 1224 1376 simple
1246 1335 1354 1366 soldat.
1400 1337 1462 1364 Etsi
1484 1346 1546 1364 non
1567 1346 1668 1373 negem
1691 1336 1763 1364 alias
1786 1336 1973 1364 ordinarium
1996 1335 2056 1364 dici

97 1380 233 1418 potuisse
256 1378 405 1407 hominem
430 1389 563 1407 scurram
587 1384 616 1406 et
637 1378 824 1418 improbum,
855 1378 907 1416 qui
929 1388 1018 1417 saepe
1040 1378 1071 1406 in
1095 1379 1227 1408 ordinem
1250 1379 1391 1408 redactus
1413 1379 1468 1415 sit,
1499 1389 1566 1407 nam
1590 1379 1619 1407 in
1644 1378 1778 1407 ordinem
1800 1378 1953 1416 redigere,
1978 1378 2057 1406 idem

98 1426 142 1450 est
165 1421 326 1460 aliquando
351 1432 386 1450 ac
409 1427 527 1457 notare,
558 1421 762 1460 vilipendere,
794 1421 980 1459 contemptui
1003 1420 1122 1451 habere.
1162 1421 1237 1451 Sunt
1260 1421 1380 1463 quidam
1405 1422 1456 1462 qui
1477 1419 1699 1460 manipularem.
1736 1421 1767 1449 Si
1789 1431 1845 1460 pro
1869 1421 1978 1459 gregali
2001 1421 2058 1450 mi-

96 1464 150 1492 lite
172 1463 222 1493 hic
244 1465 460 1504 manipularem
482 1465 585 1493 Festus
614 1464 745 1502 accepit,
783 1474 843 1492 non
872 1464 959 1492 video
989 1464 1062 1502 quid
1092 1474 1154 1492 esse
1182 1465 1277 1503 possit
1300 1464 1479 1493 discriminis
1502 1464 1581 1492 inter
1604 1462 1788 1492 ordinarium
1812 1464 1903 1492 istum
1928 1468 1957 1492 et
1980 1473 2056 1500 eum,

98 1508 149 1545 qui
172 1502 202 1535 in
226 1507 330 1536 ordine
352 1512 460 1544 meret,
482 1507 520 1536 de
543 1516 602 1545 quo
626 1517 716 1545 supra
742 1507 771 1533 in
794 1505 894 1534 verbis
918 1506 1055 1543 Catoni-⁰03
1082 1516 1173 1545 quare
1198 1518 1264 1535 cum
1288 1507 1411 1536 doctiss.
1434 1506 1578 1535 Salmasio
1602 1506 1816 1545 manipularem
1840 1505 1887 1534 hic
1910 1506 2059 1545 interpre-

98 1555 145 1579 tor
167 1550 311 1589 manipuli
336 1550 509 1585 ductorem,
538 1549 589 1587 qui
613 1549 735 1588 proprie
758 1547 911 1576 dicebatur
932 1546 1118 1585 ordinarius,
1148 1547 1374 1588 manipularius.
1416 1549 1511 1577 Gloss.
1535 1553 1608 1577 vett.
1632 1549 1804 1588 ταξίαρχος,
1834 1546 2060 1587 manipularius,

97 1591 284 1630 ordinarius,·
307 1597 351 1620 est
375 1592 451 1620 enim
474 1591 631 1629 ταξίαρχος
654 1590 766 1619 ordinis
790 1589 910 1628 ducior3
939 1595 969 1618 et
991 1590 1066 1619 ordo
1089 1590 1165 1619 nihil
1189 1591 1268 1619 aliud
1293 1601 1381 1629 quam
1405 1590 1584 1630 manipulus.
1626 1591 1722 1629 Igitur
1745 1590 1824 1629 apud
1846 1590 1966 1619 Festum
1988 1601 2060 1619 ma—

98 1632 244 1673 nipularis
267 1635 362 1673 infimi
383 1632 497 1663 ordinis
519 1633 622 1661 eodem
646 1630 738 1661 modo
761 1630 894 1668 dicium,
929 1642 988 1671 quo
1015 1632 1094 1671 apud
1118 1633 1211 1662 Tacit.
1234 1633 1352 1672 (Annal.
1371 1633 1397 1669 l,
1422 1631 1502 1672 29.):
1540 1630 1638 1662 Iustus
1661 1631 1801 1662 Catonius
1827 1632 1919 1672 primi
1947 1631 2060 1661 ordinis

99 1677 237 1705 centurio.
258 1675 346 1705 Duc.
381 1674 517 1705 Credam.
547 1675 690 1704 Tradant.
717 1673 820 1705 Goth.
854 1673 926 1704 Cum
949 1675 1002 1705 ait.
1035 1675 1190 1705 Pertinent
1211 1675 1285 1704 haec
1309 1675 1346 1704 ad
1371 1675 1599 1714 explicationem
1623 1685 1651 1704 v.
1674 1674 1825 1704 Perimere.
1857 1674 1998 1705 Perimere
2019 1681 2060 1704 est

99 1728 165 1747 cum
187 1718 239 1747 aii.
282 1716 396 1748 Idem.

267 1759 445 1790 Ornatus.
490 1760 556 1789 Aut
576 1758 738 1800 gladiator.
784 1758 861 1788 Vide
883 1759 987 1790 senec.
1010 1760 1114 1788 Natur.
1130 1759 1184 1796 IV,
1210 1761 1238 1791 1.
1287 1758 1391 1789 Goth.

268 1801 367 1832 Ordo
390 1802 640 1833 sacerdotum.
665 1802 722 1842 (Ad
741 1811 806 1840 pag.
821 1803 903 1840 189.)
926 1803 1134 1841 Supplendum
1158 1803 1251 1831 sorte:
1279 1800 1362 1831 Ordo
1384 1799 1568 1831 sacerdotum
1592 1801 1764 1830 aestimatur
1786 1798 1905 1830 deorum
1928 1798 2060 1829 ordinem

99 1844 220 1887 νῷν-νε,
244 1853 274 1874 ut
297 1847 449 1875 mas-imus
471 1846 593 1886 quisque
615 1851 670 1874 etc.
716 1845 753 1873 At
776 1844 862 1873 Fulv.
887 1845 983 1873 Ursin.
1008 1845 1146 1884 putabat:
1175 1844 1364 1874 Aestimaiur
1386 1842 1504 1873 deorum
1527 1843 1679 1872 maiestate
1701 1851 1732 1872 ut
1754 1843 1907 1872 maximus
1928 1843 2058 1883 'quisque-

99 1888 154 1917 Per
175 1898 272 1926 regem
296 1888 494 1917 sacrificulum
517 1887 664 1925 intellige,
697 1888 747 1926 qui
771 1886 919 1916 sacrificia
942 1887 1086 1924 faciebat,
1120 1896 1195 1927 quae
1218 1896 1300 1925 reges
1325 1886 1424 1915 facere
1451 1885 1594 1916 solebant.
1637 1884 1736 1914 Dialis
1778 1886 1835 1914 uia.
1875 1885 1980 1923 Inepte
2001 1883 2059 1913 fe-

99 1936 172 1960 stus.
203 1930 310 1968 Dialis,
335 1932 403 1970 quia
426 1931 505 1960 Iovis
528 1930 683 1967 sacerdos,
706 1926 767 1960 ἇπό
791 1933 845 1961 τοῦ
862 1927 946 1965 Διός.
982 1929 1146 1968 Quirinalis
1167 1930 1248 1959 socio
1270 1929 1393 1969 imperii.
1423 1929 1447 1958 Δ
1464 1928 1610 1965 Quirino,
1629 1927 1663 1956 id
1687 1933 1732 1956 est
1777 1927 1893 1964 amulo,
1918 1926 2060 1966 quiQui—

98 1973 183 2002 rinus
205 1978 330 2002 vocatus
354 1974 426 2011 suit,
449 1977 517 2013 post
540 1973 652 2001 socium
675 1972 793 2011 imperii
815 1973 939 2001 Romani
953 1973 1070 2001 Tatium
1094 1980 1109 2000 a
1133 1973 1261 2001 Curibus
1286 1971 1399 2011 oppido
1422 1971 1614 2008 Sabinorum,
1638 1970 1690 1999 ubi
1711 1970 1777 2009 ipse
1794 1969 1959 2008 *regnabat,
1984 1969 2059 1998 asci-

98 2021 179 2053 tum,
208 2022 232 2044 et
258 2017 300 2044 sic
322 2016 401 2045 festi
423 2016 514 2045 verba
538 2015 739 2053 intelligenda.
764 2015 854 2044 Dae.
896 2015 963 2043 vid.
987 2015 1063 2044 Geli.
1080 2016 1123 2052 X,
1147 2017 1177 2046 5.
1215 2014 1296 2045 Rex.
1335 2014 1400 2044 vid.
1423 2014 1501 2043 infra
1525 2012 1720 2054 Sacrificulus
1739 2013 1805 2046 're-Y,
1839 2011 1952 2041 Dialis.
1988 2011 2057 2042 Vid.

98 2064 189 2099 supra
213 2058 375 2088 Matr-imae
397 2057 584 2098 dignationis.
621 2057 728 2097 Supra.
767 2059 872 2096 Super.
905 2056 1021 2086 Omnes.
1052 2057 1090 2087 Is.
1122 2057 1221 2086 Dium.
1259 2057 1336 2086 Dius
1358 2057 1406 2086 vel
1430 2056 1528 2086 Dium.
1575 2054 1683 2085 Goth.
1848 2061 1849 2064 ’

269 2099 406 2131 Ονᾶἰνί.
438 2101 500 2139 (Ad
524 2111 588 2139 pag.
604 2100 688 2137 190.)
710 2098 850 2138 ’Όρδημα
872 2097 892 2138 ἦ
915 2097 1027 2139 mmm]
1057 2102 1115 2130 τῶν
1147 2100 1251 2138 ἐρίων,
1288 2104 1316 2129 et
1346 2096 1470 2140 ὄρδικὸν
1492 2099 1675 2138 χιτωνῖσκος.
1715 2095 1792 2126 inde
1815 2094 1911 2126 ordiri
1929 2097 2057 2136 ‘propria

97 2154 158 2173 vox
182 2149 333 2173 textorum
357 2154 423 2172 cum
446 2150 548 2173 texere
570 2143 734 2181 incipiunt,
759 2144 836 2171 unde
859 2143 890 2170 in
915 2143 1003 2180 gloss.
1027 2141 1143 2178 ordior,
1169 2141 1312 2181 ὅρχομαις
1336 2142 1386 2171 sed
1410 2142 1448 2171 ad
1470 2141 1525 2170 alia
1550 2140 1740 2176 transfertur,
1764 2139 1861 2169 unde:

682 2183 824 2214 Ordimur
845 2184 934 2221 felas,
964 2183 1100 2213 ordimur
1120 2184 1208 2213 verba
1231 2183 1385 2225 loquendo.

96 2230 146 2258 Sic
170 2229 250 2267 Virg.
272 2228 302 2257 in
324 2228 390 2257 Cul.
413 2227 455 2267 (v.
468 2227 525 2266 2.):

675 2269 777 2310 Atque
798 2276 828 2297 ut
852 2267 985 2298 araneoli
1007 2277 1116 2298 tenuem
1129 2268 1334 2310 formavimus
1355 2277 1463 2298 omum.

95 2314 187 2344 Dae.

264 2354 400 2395 Opaca.
449 2353 581 2394 Opacum
611 2356 775 2393 opponitur
802 2354 920 2393 aprico,
959 2359 987 2384 et
1015 2358 1060 2383 est
1081 2353 1194 2383 dictum
1217 2353 1254 2382 ab
1277 2364 1345 2392 ope,
1382 2352 1414 2381 id
1434 2356 1480 2382 eat
1501 2356 1598 2387 terra,
1634 2350 1716 2390 qnod
1739 2349 1859 2379 umbrae
1880 2351 1909 2376 et
1929 2346 2050 2384 trigoria

96 2398 236 2438 captandi
260 2408 348 2427 causa
371 2408 401 2427 se
424 2399 453 2426 in
471 2397 679 2426 subterraneos
695 2406 801 2435 specus
819 2396 976 2425 abdebant.
997 2396 1086 2427 Dac.
1118 2397 1158 2425 De
1176 2401 1275 2435 etymo
1293 2405 1319 2426 ν.
1341 2394 1459 2435 Opaca-⁸
1470 2394 1513 2424 cs.
1533 2393 1683 2424 Doderlin.
1701 2394 1772 2432 Syn.
1789 2388 1914 2426 Luam,
1935 2399 1965 2428 p-
1979 2391 2049 2423 169·

1497 2446 1640 2479 Zzz*
