2263 2668
186 188 260 222 138

606 182 751 217 PAULI
775 181 896 216 mac.
925 181 1179 218 EXCERPTA
1204 184 1268 218 EX
1295 185 1383 220 LlB.
1410 184 1554 220 POMP.
1581 185 1720 219 FESTI

186 282 304 314 Rosea
330 280 363 312 in
390 274 494 322 agro¹
518 275 662 308 Reatino
690 286 829 320 campus
856 277 1061 320 appellatur,
1102 277 1195 322 quod
1222 279 1257 312 in
1283 289 1324 312 eo
1352 290 1430 312 arva
1457 290 1533 312 rore
1559 278 1699 313 humida
1725 290 1858 324 semper
1884 278 2062 314 seruntur².

187 331 352 365 Reficuli
380 330 491 361 fanum
521 332 612 358 extra
639 332 771 371 portam
798 325 993 372 Capenam³
1012 329 1092 372 fuit,
1138 330 1215 373 quia
1243 330 1408 364 accedens
1436 331 1479 363 ad
1509 332 1623 365 urbem
1652 331 1819 364 Hannibal
1847 343 1886 365 ex
1913 344 1953 365 eo
1982 334 2062 366 loco
2085 345 2140 368 re·

288 382 384 414 (lierit
410 377 613 421 quibusdam
641 379 833 423 perterritus
860 379 944 412 visis.

187 433 358 467 Reserari
384 443 402 462 a
430 441 502 461 sera
529 429 658 463 dictum
687 435 742 463 est.

190 479 363 518 Remant⁴
386 485 547 525 repetant.
602 481 746 515 Ennius:

558 531 668 566 Rivos
695 543 907 578 camposque
933 537 1082 567 remant.

192 584 391 625 Ridiculus,
426 583 483 627 qui
510 583 543 615 in
569 585 669 617 rebus
695 585 847 628 turpibus
874 581 1029 618 ridetur-²³.

189 635 385 670 Reti-icilius
411 646 514 678 quum
541 635 586 667 ait
613 635 717 678 Cato,
753 647 874 679 aquam
902 647 942 669 eo
970 636 1103 669 nomine
1131 636 1313 681 significat,
1352 647 1419 680 qua
1445 635 1537 669 horti
1563 637 1749 682 irrigantur.

190 687 409 732 Recepticius
435 697 545 719 servus
573 692 639 728 est,
682 684 760 731 qui‘i
784 688 829 720 ob
857 688 971 720 vitium
997 688 1183 721 redhibitus
1211 693 1269 721 est.

188 741 315 785 Rogat
342 743 389 771 est
416 737 559 771 consulit
584 739 769 784 populum,
810 740 864 771 vel
890 739 974 783 petit
1001 740 1044 772 ab
1073 752 1131 781 eo,
1167 745 1202 773 ut
1228 739 1262 772 id
1289 739 1422 780 sciscat,
1458 739 1552 783 quod
1579 740 1673 773 ferat.

187 792 313 824 Restat
339 791 464 822 Ennius
490 791 603 834 posuit
629 802 692 835 pro
721 791 828 824 distat.

189 843 279 876 Ruri
305 853 392 884 esse,
426 852 492 874 non
520 853 595 874 rure
622 839 823 876 (Ιίοεὶῐιὼιιητ
845 842 936 874 testis
965 847 1013 875 est
1039 842 1231 884 Terentius,
1274 853 1378 885 quum
1406 838 1493 875 aitflt

559 893 652 927 Ruri
678 905 716 927 se
742 892 948 927 continebat.

188 945 347 979 Retiario
375 944 538 989 pugnanti
565 945 720 978 adversus
748 941 1003 978 mirmillonem⁹
1024 949 1191 978 cantatur:

1244 943 1325 977 Non
1351 948 1386 977 te
1406 948 1506 989 peto,
1546 944 1681 989 piscem
1703 948 1806 990 peto,
1848 944 1934 989 quid
1961 955 2016 977 me
2032 943 2142 989 sugis

294 994 429 1029 Galle?
477 996 553 1039 quia
581 997 851 1031 mirmillonicum
878 1007 983 1041 genus
1010 1001 1196 1029 armaturae
1224 995 1394 1029 Gallicum
1423 1002 1487 1036 est,
1536 997 1667 1040 ipsique
1703 996 1917 1029 mirmillones
1943 1001 2020 1029 ante
2046 994 2142 1031 Galli

289 1048 567 1092 appellabantur,
594 1049 626 1081 in
653 1060 795 1092 quorum
823 1049 929 1093 galeis
956 1048 1055 1093 piscis
1084 1048 1213 1092 effigies
1239 1048 1355 1080 inerat.

1409 1047 1513 1089 Quod
1536 1059 1642 1092 genus
1663 1059 1799 1093 pugnae
1819 1048 2001 1080 institutum
2020 1052 2069 1081 est
2079 1045 2104 1065 ¹⁰
2123 1059 2143 1080 a

288 1099 418 1132 Pittaco
446 1110 512 1132 uno
541 1111 581 1132 ex
607 1106 735 1145 septem
763 1100 982 1144 sapkntibm,
1010 1096 1100 1143 qui¹¹
1123 1099 1280 1132 adversus
1302 1099 1516 1143 Phrynonem
1542 1100 1758 1133 dimicaturus
1781 1104 1924 1144 propter
1946 1104 2142 1133 controver-

289 1151 350 1183 sias
373 1151 503 1193 finium,
530 1163 615 1194 quae
639 1157 730 1185 erant
756 1152 840 1184 inter
859 1152 988 1185 Atticos
998 1148 1022 1167 ¹²
1043 1155 1077 1184 et
1094 1147 1351 1194 Mytilenaeos¹³
1373 1156 1444 1184 rete
1467 1152 1600 1185 occulte
1624 1152 1692 1185 lato
1716 1152 1892 1197 impedivit
1911 1150 2142 1195 Phrynonem.

189 1202 425 1247 Resignatum
453 1214 507 1235 aes
535 1203 654 1236 (licitur
682 1203 791 1244 militi,
838 1214 940 1246 quum
969 1203 1013 1235 ob
1042 1202 1201 1236 delictum
1234 1203 1373 1246 aliquod
1400 1203 1485 1236 iussu
1514 1204 1635 1237 tribuni
1664 1204 1825 1245 militum,
1871 1214 1914 1235 ne
1940 1202 2142 1247 stipendium

289 1254 318 1286 ei
346 1253 461 1295 detur,
499 1254 532 1286 in
558 1252 721 1288 tabulas¹⁴
740 1254 890 1288 refertur.

944 1255 1085 1300 Signare
1113 1255 1199 1287 enim
1227 1254 1384 1288 dicebant
1410 1266 1474 1299 pro
1501 1252 1689 1288 scriberem.

191 1305 350 1338 Rituales
377 1306 587 1338 nominantur
613 1308 831 1340 Etruscorum
858 1306 951 1347 libri,
991 1307 1024 1338 in
1050 1306 1169 1349 quibus
1196 1306 1352 1351 scriptum
1381 1312 1444 1347 est,
1485 1317 1555 1349 quo
1580 1307 1644 1340 ritu
1671 1307 1768 1340 urbes
1796 1305 1982 1340 condantur
1993 1302 2027 1347 ¹¹⁵,
2065 1317 2143 1338 arae

289 1356 457 1401 aedesque
467 1353 490 1374 ¹⁷
511 1363 695 1400 sacrentur,
729 1359 859 1399 curiae,
888 1358 990 1391 tribus
1017 1362 1049 1391 et
1077 1358 1247 1392 centuriae
1273 1357 1516 1391 distribuantur.

190 1408 368 1442 Redinunt
395 1408 546 1443 redeunt.

191 1459 348 1505 Regium
374 1465 438 1503 est,
478 1459 571 1502 quod
597 1465 654 1493 aut
680 1456 772 1502 estffi,
809 1464 865 1493 aut
890 1460 955 1494 suit
978 1460 1075 1505 regis.

190 1511 333 1556 Regale
343 1508 366 1528 ¹⁹
389 1517 437 1545 est
463 1511 604 1557 dignum
632 1524 722 1558 rege.

191 1562 310 1607 Reque
338 1574 443 1609 eapse
469 1575 505 1596 re
531 1565 613 1607 ipsa.

192 1612 369 1659 Recipie²⁰
391 1615 562 1659 recipiam.

192 1663 548 1711 Redemptitaverefl,
580 1672 616 1699 ut
642 1665 858 1698 domitavere.

192 1716 378 1761 Repulsior
404 1718 489 1751 Cato
516 1718 596 1750 dixit
623 1718 851 1762 comparative
878 1727 898 1749 a
924 1716 1071 1760 repulso.

194 1767 384 1802 Rcttissima
410 1780 545 1813 quoque
572 1770 614 1802 ab
641 1769 711 1811 his,
752 1780 838 1812 quae
865 1768 1006 1802 dicimus
1032 1772 1120 1808 rata,
1162 1767 1252 1799 unde
1279 1762 1411 1799 etiam²²
1431 1767 1577 1799 rationes
1603 1766 1722 1801 dictae.

196 1818 290 1863 Rapz'
316 1821 486 1854 simulatur
512 1821 609 1866 virgo
636 1832 676 1854 ex
703 1821 835 1865 gremio
860 1820 990 1861 matris,
1034 1824 1107 1858 aut,
1151 1818 1175 1850 si
1203 1830 1242 1851 ea
1270 1829 1336 1851 non
1363 1823 1429 1858 est,
1466 1815 1539 1851 ex²³
1559 1819 1712 1862 proxima
1740 1816 1998 1855 necessitudine,
2040 1825 2141 1857 quum

295 1870 336 1902 ad
364 1872 466 1905 virum
493 1873 648 1914 traditur,
683 1873 776 1916 quod
805 1872 961 1906 videlicet
987 1883 1026 1904 ea
1053 1882 1104 1903 res
1131 1870 1272 1903 feliciter
1299 1870 1448 1903 Romulo
1477 1870 1580 1903 cessit.

282 1985 311 2021 1)
333 1987 423 2025 agro]
447 1999 550 2028 campo
573 2000 617 2029 pr.
634 1991 662 2019 S.
685 2007 727 2012 —
748 1989 958 2030 2)fer1mtur]
982 1990 1029 2018 Sic
1046 1988 1144 2020 6-ωὲ-

197 2027 270 2054 Ceu.
286 2033 439 2065 scrutum,
462 2031 511 2060 sed
528 2032 631 2061 fefellit
644 2033 792 2071 librarios,
816 2033 897 2072 quod
914 2043 974 2060 esse
988 2032 1024 2060 ad
1033 2033 1145 2069 ferun-

196 2074 248 2096 tur
261 2068 352 2097 deest.
396 2071 501 2100 Sensus
516 2079 560 2102 est
572 2076 663 2104 enim:
688 2077 799 2113 Rosea,
829 2085 902 2114 quae
925 2075 1069 2104 dicuutur
1090 2084 1145 2113 pro

196 2121 296 2147 turea,
328 2122 343 2138 ν
354 2111 438 2141 litera
454 2114 484 2141 in
499 2125 513 2141 S
529 2121 655 2154 mutata,
682 2124 716 2147 ut
731 2119 759 2148 in
776 2119 946 2146 maiosihus
962 2123 1014 2147 etc.
1025 2140 1032 2153 ‚
1065 2118 1144 2146 dicta

197 2157 274 2190 sunt,
297 2153 377 2191 quod
394 2164 508 2194 semper
521 2167 535 2184 a
552 2168 618 2187 rore
635 2166 703 2189 suxit
716 2161 840 2190 humida
857 2161 929 2190 loca,
954 2177 997 2182 —
1017 2158 1050 2201 3)
1065 2165 1143 2198 port.

201 2195 286 2234 Cap]
301 2196 372 2235 Cap.
384 2203 463 2235 port.
480 2198 512 2226 L.
537 2215 568 2219 —
591 2200 618 2238 4)
635 2202 774 2242 Remant]
789 2205 935 2232 Remeant
949 2204 978 2232 L.
996 2220 1030 2224 —
1052 2201 1082 2243 5)
1097 2203 1142 2230 ri-

198 2238 297 2276 detur]
314 2239 460 2267 irridetur
472 2240 528 2268 Gu.
539 2244 566 2272 1.
595 2242 669 2269 ridet
685 2255 728 2281 pr,
751 2262 785 2267 —
807 2246 834 2283 6)
862 2248 917 2284 qui
932 2251 960 2274 et
974 2245 1028 2285 esl]
1044 2255 1101 2274 om.
1112 2245 1142 2275 L.

198 2279 367 2309 redhibetur
379 2282 411 2311 Β.
429 2292 472 2321 pr.
494 2298 536 2303 —
556 2285 584 2318 7)
610 2283 779 2325 dic-endum]
802 2290 849 2316 Sic
865 2289 901 2317 M.
919 2288 974 2318 Gu.
989 2291 1053 2320 1.2-
1097 2286 1144 2315 (ἷῖ-

199 2322 325 2351 cendum
339 2333 398 2351 esse
418 2325 462 2361 S.‚
492 2324 541 2362 qui
554 2324 676 2354 schedas
691 2327 766 2355 Festi
782 2331 955 2369 exscripsit,
985 2340 1074 2369 quum
1089 2340 1143 2359 nos

199 2375 214 2394 e
230 2363 317 2394 codd.
333 2370 363 2394 et
378 2365 446 2397 edit.
470 2376 515 2405 pr.
536 2367 695 2406 epitomem
717 2370 797 2397 Pauli
820 2372 995 2401 dederimus.
1040 2372 1142 2401 decen-

200 2407 273 2435 dam
289 2413 331 2435 est
347 2408 378 2437 L.
392 2419 437 2448 pr.
468 2408 584 2437 dictum
598 2416 639 2437 est
657 2411 687 2438 B.
710 2426 751 2432 —
775 2411 803 2448 ὃ)
827 2415 909 2439 restis
923 2420 965 2441 est
979 2430 1019 2436 —-
1036 2414 1144 2452 quum]

201 2461 254 2478 oni.
275 2450 306 2478 B.
335 2466 373 2472 -—
403 2449 433 2491 9)
457 2452 608 2490 mimula]
633 2454 779 2482 mut-mill.
793 2453 881 2481 ethic
898 2460 924 2482 et
941 2461 1042 2493 postea
1058 2456 1097 2484 M.
1116 2461 1144 2485 et

1189 1990 1285 2019 Gu.2.
1310 2004 1351 2008 —
1374 1988 1419 2024 10)
1441 1986 1501 2026 est]
1525 1998 1581 2016 om.
1597 1988 1628 2016 B.
1653 2003 1689 2008 —
1716 1986 1761 2025 11)
1785 1984 1856 2024 qud]
1880 1986 1957 2023 quia
1972 1984 2012 2013 M.
2033 1999 2075 2006 —
2098 1984 2141 2020 12)

1188 2033 1264 2059 inter
1276 2029 1414 2068 Atticos]
1439 2031 1522 2058 attic.
1537 2032 1613 2058 inter
1627 2030 1658 2060 L.
1683 2046 1723 2051 —
1748 2027 1791 2067 13)
1814 2024 2022 2066 Mytilenaeas]
2045 2025 2094 2055 sic
2107 2024 2141 2054 B.

1189 2074 1245 2102 Gu.
1264 2076 1292 2105 2.
1310 2074 1338 2102 S.
1384 2072 1482 2110 Mayl.
1502 2074 1582 2110 vulg.
1606 2089 1646 2094 -—-
1673 2069 1719 2112 14)
1743 2070 1886 2109 tabulas]
1909 2069 2025 2098 tabulis
2038 2068 2078 2098 M.
2101 2083 2141 2090 --

1189 2115 1234 2154 15)
1258 2115 1399 2143 dicebant
1413 2126 1472 2154 pro
1495 2115 1635 2154 scribere]
1665 2115 1696 2143 L.
1717 2115 1751 2144 Β.
1775 2114 1831 2144 Gu.
1846 2116 1875 2145 1.
1886 2115 1919 2144 2.
1939 2122 1985 2152 pr.
2005 2111 2062 2148 M„
2090 2110 2140 2149 qni

1188 2169 1246 2188 om.
1261 2158 1410 2186 dicebant.
1448 2168 1509 2196 pro
1528 2158 1617 2187 scrib.
1633 2156 1786 2186 interdum
1797 2166 1869 2195 pon.
1887 2156 1916 2184 S.
1941 2172 1977 2177 -
2002 2151 2049 2192 16)
2071 2163 2140 2181 con-

1187 2201 1317 2240 dantur]
1341 2199 1473 2229 condant
1495 2211 1541 2240 pr.
1563 2217 1605 2223 --
1631 2198 1680 2240 17)
1701 2197 1863 2239 aedesque]
1887 2208 1944 2237 que
1964 2207 2022 2227 om.
2042 2197 2071 2226 S.
2098 2211 2140 2217 —

1189 2246 1235 2282 18)
1257 2244 1325 2283 aut]
1349 2254 1407 2272 om.
1422 2243 1455 2272 L.
1469 2243 1508 2273 M.
1533 2261 1574 2266 -
1597 2241 1644 2284 19)
1666 2242 1722 2282 est]
1746 2253 1802 2271 om.
1819 2242 1853 2271 B.
1873 2257 1916 2263 —
1938 2238 1984 2279 20)
2006 2236 2138 2276 Recipie]

1186 2288 1316 2326 Recipia
1333 2286 1426 2319 Gu.2.
1449 2302 1491 2307 —
1512 2289 1557 2320 21)
1583 2284 1854 2325 Redemptitavere]
1868 2279 2136 2321 Hedemptaveress.

1191 2348 1223 2351 —
1250 2332 1295 2367 2³)
1318 2328 1429 2368 etiam]
1452 2334 1478 2357 et
1490 2329 1523 2358 L.
1545 2345 1586 2350 —
1609 2330 1654 2366 23)
1675 2339 1709 2356 ex
1719 2324 1880 2367 proxima]
1897 2325 2026 2365 propria
2043 2320 2135 2368 L.·B.‚

1188 2372 1240 2410 qui
1254 2382 1312 2402 om.
1327 2383 1368 2401 ex.
1391 2388 1433 2394 -—-
1456 2372 1502 2408 24)
1525 2370 1579 2409 est]
1596 2382 1653 2401 om.
1669 2372 1700 2401 L.
1722 2388 1758 2392 —
1782 2369 1828 2408 25)
1850 2365 2000 2406 utrisque]
2022 2368 2135 2409 utrcue-

1188 2425 1245 2452 que
1258 2424 1304 2453 pr.
1326 2430 1369 2436 --
1390 2415 1439 2452 26)
1463 2424 1498 2441 ea
1511 2413 1610 2452 nocte]
1635 2424 1692 2444 om,
1707 2413 1738 2442 L.
1783 2417 1868 2440 nocte
1886 2420 1943 2439 om.
1958 2409 1989 2438 B.
2007 2411 2035 2435 et
2048 2403 2134 2434 exhi-

1187 2457 1237 2486 bet
1253 2466 1328 2485 eam.
1350 2472 1392 2478 —
1414 2457 1459 2492 27)
1482 2455 1679 2493 alterutrius]
1702 2455 1830 2482 alterius
1847 2453 1947 2481 utrius
1962 2449 1999 2477 M.
2014 2448 2040 2475 S.
2087 2447 2133 2474 al—
