2263 2668
479 141 544 175 DE
571 138 958 175 SIGNIFICATIONE
985 139 1267 175 VERBORUM.
1319 140 1464 175 LIBER
1485 140 1608 175 XVIII.
1943 144 2019 179 735

235 233 424 273 Tarpeiae
445 234 570 264 etiam.
593 232 652 273 (Ad
675 244 704 272 p.
718 233 800 272 274.)
825 233 865 260 De
881 232 1006 271 Tarpeia
1028 233 1144 271 virgine
1166 233 1283 268 Livius,
1307 234 1413 263 Florus
1433 239 1489 262 etc.
1519 233 1592 262 Vide
1609 231 1726 262 Saxum
1747 234 1911 273 Tarpeium.
1940 237 2020 266 Illud

66 278 156 306 etiam
179 287 194 304 a
217 276 422 315 superioribus
445 276 602 314 pendebat.
646 276 719 304 Nam
742 275 814 303 haec
837 276 867 303 in
889 275 1005 303 schedis
1027 283 1096 315 post
1126 275 1294 316 Tarquitius
1315 275 1415 306 scalas
1436 276 1535 316 posita
1558 281 1651 304 erant.
1673 275 1761 306 Dae.
1806 277 1846 306 De
1870 288 1927 316 qua
1950 280 2019 308 vide

68 320 231 349 Varronem
255 319 303 357 (V.
327 328 394 357 pag.
408 319 458 350 48.
483 317 557 358 Sp.).
606 316 712 347 Goth.

234 361 322 389 Tam
344 361 461 399 perit,
500 370 610 400 quam
632 368 801 389 extrema
820 357 935 400 faba.
959 359 1017 398 (Ad
1041 371 1070 399 p.
1084 359 1168 400 275.)
1192 360 1331 389 Extrema
1355 361 1421 389 saba
1444 360 1570 396 dicitur,
1601 370 1676 399 quae
1698 365 1764 399 post
1787 361 1922 390 fabarum
1945 373 2020 392 mes-

67 413 129 432 sem
151 403 181 432 in
205 403 281 440 agris
304 403 426 438 crescit,
458 402 593 440 adeoque
614 403 787 441 negligitur,
811 402 859 430 vel
883 411 957 439 quae
980 404 1158 432 messoribus
1181 404 1259 432 inter
1281 403 1451 432 metendum
1476 403 1605 439 excidit,
1629 403 1677 431 vel
1699 403 1813 442 potius,
1837 409 1871 433 ut
1891 405 1955 443 ipse
1975 406 2021 434 in-

66 446 175 484 telligit
197 445 317 481 Festus,
340 450 472 474 extrema
493 445 559 473 saba
584 450 645 482 est,
670 456 745 483 quae
767 446 797 473 in
821 444 930 472 finibus
955 454 1092 482 agrorum
1116 446 1213 485 posits
1236 457 1251 473 a
1276 446 1534 484 praetereuntibus
1557 446 1606 474 vel
1628 446 1825 484 proculcatur
1847 447 1894 475 vel
1918 448 2020 477 decer-

66 488 150 528 pitur
179 493 207 517 et
235 488 272 526 ab
301 487 469 516 aratoribus
496 488 725 526 perstringitur,
763 487 813 526 qui
834 488 978 526 perfinare
1000 488 1150 520 dicuntur,
1192 488 1266 517 Vide
1289 488 1425 528 Perfines.
1466 489 1503 517 Et
1531 488 1608 516 hanc
1629 498 1724 517 meam
1745 489 2021 528 interpretationem

65 530 175 570 probat
197 530 319 568 insignis
341 530 426 559 locus
449 530 576 566 Catulli,
600 531 651 569 qui
673 529 808 560 ultimum
819 531 930 569 florem
953 529 1045 567 dixit,
1072 531 1121 569 qui
1145 531 1194 559 hic
1218 535 1262 560 est
1285 539 1415 560 exirema
1429 530 1519 573 faba.
1551 531 1600 559 Sic
1622 531 1699 559 enim
1723 531 1752 559 in
1777 531 1833 561 Od.
1847 533 1906 570 XI,
1930 533 2020 571 (23.):

730 589 772 594 —-
814 587 856 594 —-
898 588 941 593 -
987 572 1087 601 Veluti
1130 574 1187 602 rati

736 613 862 643 Ultimus
874 615 955 655 flos,
983 584 1179 653 praetere'imie
1199 622 1355 656 postquam

795 658 903 686 Tactus
925 665 1025 686 aratro
1048 665 1097 686 esi.

65 699 152 730 Dao.

235 738 447 779 Tapullam.
493 741 629 780 'l'appula
653 751 819 780 cognomen
841 741 1015 778 Villiorum,
1041 752 1079 770 ex
1104 752 1161 780 qua
1185 742 1295 770 familia
1319 742 1349 771 P.
1374 741 1478 770 Villius
1504 741 1548 769 Ti.
1572 741 1602 772 F.
1625 742 1668 770 Ti.
1689 742 1723 771 N.
1757 743 1893 781 Tappula
1916 743 2019 772 consul

64 784 123 812 fuit
151 793 217 812 cum
242 783 272 812 L.
295 783 434 811 Cornelio
458 783 583 812 Lentulo
614 794 692 812 anno
715 784 828 813 IOLIV.
860 794 896 812 ex
925 784 1008 813 fastis
1033 785 1204 823 Capitolinis
1233 789 1262 814 et
1285 784 1370 812 Livio
1399 784 1430 812 in
1454 788 1584 812 extremo
1606 784 1657 814 lib.
1670 785 1781 815 XXXI.
1812 785 1899 815 Ani.
1922 785 2018 824 Aug.

65 826 190 855 Versum
214 825 412 854 Lucillianum
435 836 525 865 supra
548 827 588 855 ita
612 827 769 865 legendum
792 837 963 855 monemus:

692 868 847 908 Tapullam
869 868 963 897 rident
986 867 1074 908 legem
1099 879 1237 898 concerae
1262 868 1370 908 Opimi.

66 909 199 941 Concera
221 920 279 949 pro
303 921 438 950 conger-a.
469 911 507 940 Et
527 921 652 951 congeret
675 912 764 940 unico
786 924 800 939 r
818 922 873 950 pro
896 923 1046 950 conger-ra.
1077 911 1213 947 Veteres,
1236 911 1267 939 in
1292 911 1401 949 quibus
1423 920 1503 938 nuuc
1526 912 1638 939 utimur
1658 923 1694 950 g,
1719 912 1868 950 ponebant
1888 922 1913 941 c.
1944 912 2020 940 Tan-

64 954 132 983 dem
154 953 281 992 Spurius
305 953 453 982 Carvilius
482 954 701 983 vetustissimus
729 955 938 992 grammaticus
968 954 1109 983 correxit.
1154 954 1190 982 Et
1218 954 1331 992 primus
1359 963 1415 992 pro
1439 953 1545 982 inicere
1566 953 1643 982 dixit
1667 954 1788 993 inigere,
1825 964 1882 993 pro
1904 960 2020 983 aceiare

63 996 186 1035 agitare.
216 994 318 1025 Scal.
363 996 491 1035 Tapulla
521 996 583 1025 sive
611 996 724 1036 iapulia
748 1008 764 1025 a
788 995 892 1025 tabula
913 997 961 1026 vel
984 995 1088 1036 iapula
1110 996 1174 1026 sive
1196 995 1344 1035 iapulum,
1380 995 1437 1024 hoc
1466 1000 1509 1024 est
1531 1006 1640 1025 mensa.
1685 997 1721 1025 Et
1744 997 1783 1024 sic
1806 996 1901 1033 dicta,
1938 996 2020 1035 quod

64 1042 142 1067 esset
163 1038 339 1067 convivalis.
384 1039 508 1068 Versum
534 1039 639 1067 Lucilii
663 1040 705 1068 sic
727 1040 874 1076 Scaliger:

694 1081 851 1121 Tapullam
875 1079 968 1110 rident
991 1078 1080 1119 legem
1104 1091 1244 1109 concerae
1268 1080 1368 1119 opimi.

63 1122 122 1152 Sed
144 1122 320 1152 Franciscus
344 1122 444 1151 Douza
469 1128 498 1152 et
522 1122 660 1152 Vossius:
692 1122 862 1154 Concoenae
883 1124 984 1163 opimi.
1024 1124 1049 1151 A
1072 1133 1162 1152 coena
1185 1128 1228 1151 est
1252 1133 1415 1159 concoena,
1439 1124 1489 1161 qui
1513 1132 1571 1151 una
1595 1127 1707 1151 coenat.
1745 1123 1856 1151 Gloss:
1885 1121 2019 1152 Concae-

63 1176 133 1202 nae,
158 1163 346 1196 σύνδειπνοι.
392 1165 480 1195 Dac.

230 1208 458 1236 Termonem.
502 1209 528 1236 A
552 1208 666 1236 Graeco
689 1207 820 1247 τέρμων,
844 1216 949 1245 termo,
973 1212 1007 1235 ut
1029 1206 1064 1235 ab
1088 1207 1211 1246 obliquo
1234 1207 1376 1247 τέρμονος
1397 1208 1543 1236 terminus.
1589 1206 1679 1237 Dae.

230 1250 432 1279 Trieniem.
460 1250 529 1289 (Ad
552 1261 580 1289 p.
593 1250 685 1288 275.)
716 1251 780 1279 Liv.
804 1250 854 1279 lib.
871 1250 919 1281 VI.
943 1250 985 1286 (c.
999 1251 1083 1288 29.):
1123 1251 1157 1280 T.
1183 1248 1336 1288 Quinctius
1358 1248 1446 1278 semel
1466 1250 1529 1278 acie
1550 1249 1645 1278 victor
1668 1248 1744 1278 binis
1766 1250 1870 1279 castris
1892 1248 2018 1278 bostium

62 1302 163 1320 novem
185 1291 303 1332 oppidis
325 1292 355 1321 vi
377 1293 489 1331 captis,
512 1292 668 1321 Praeneste
689 1293 719 1321 in
742 1292 918 1321 deditionem
942 1300 1072 1331 accepto,
1096 1291 1226 1321 Romam
1250 1293 1379 1329 revertit,
1402 1291 1641 1331 triumphansque
1662 1292 1777 1331 signum
1795 1291 1948 1321 Praeneste
1969 1290 2018 1320 cle-

60 1341 173 1363 veclum
196 1333 276 1363 Iovis
298 1333 489 1373 Imperatoris
509 1336 540 1363 in
565 1333 743 1373 Capitolium
767 1334 843 1363 tulit.
874 1333 1051 1363 Dedicarum
1074 1342 1115 1363 est
1136 1335 1211 1363 inter
1233 1333 1357 1364 caellam
1382 1333 1460 1363 Iovis
1481 1335 1518 1363 ac
1539 1333 1705 1370 Minervae,
1728 1332 1888 1374 tabulaque
1909 1332 1962 1363 sub
1985 1345 2018 1362 eo

55 1377 144 1416 fixa,
181 1384 399 1405 monumentum
422 1388 516 1406 rerum
536 1384 684 1416 gestarum
707 1376 752 1406 his
767 1376 869 1418 ferme
890 1378 985 1406 incisa
1009 1376 1100 1405 literis
1119 1376 1206 1417 fuit:
1244 1375 1375 1417 Iuppiter
1397 1384 1484 1417 atque
1506 1376 1576 1405 Divi
1598 1386 1697 1405 omnes·
1717 1376 1774 1406 hoo
1797 1375 1950 1412 dederunt,
1986 1383 2018 1404 ut

67 1419 99 1448 T.
126 1417 281 1458 Quinctius
304 1418 442 1448 Dicunor
465 1418 574 1458 oppida
597 1429 698 1448 novem
721 1427 854 1459 caperet,·
883 1418 930 1448 die
952 1419 1030 1447 XX.
1052 1430 1140 1459 quam
1163 1426 1276 1448 creatus
1297 1427 1373 1456 erat,
1396 1419 1555 1448 Dictatura
1577 1430 1607 1447 se
1628 1417 1790 1448 abdicavit.
1835 1418 1943 1448 Omisit
1966 1419 2017 1446 Li—

60 1461 143 1498 vius,
169 1471 243 1500 quae
267 1461 304 1490 de
328 1472 438 1490 corona
460 1462 564 1490 Festus
587 1461 718 1501 scripsit.
752 1462 825 1490 Vide
842 1462 980 1492 Sesteriii.
1017 1462 1169 1491 Postrema
1191 1461 1284 1491 verba
1307 1462 1346 1490 ita
1371 1461 1546 1490 scriberem:
1570 1460 1606 1490 Si
1627 1468 1683 1490 ires
1706 1472 1783 1489 asses
1805 1469 1871 1490 sunt
1893 1468 1919 1489 et
1941 1471 2016 1501 qua-

61 1501 168 1542 drans,
195 1511 317 1544 quartus
339 1503 492 1544 quadrans
514 1503 632 1533 dicitur.
669 1504 742 1533 Vide
766 1504 907 1534 Maeciau.
932 1504 968 1532 de
990 1514 1064 1532 asse.
1100 1505 1261 1533 Aruntium
1284 1509 1313 1533 et
1338 1504 1496 1544 Didymum
1520 1503 1601 1542 apud
1622 1503 1820 1540 Primianum,
1843 1504 1906 1532 sive
1929 1513 2017 1542 quem

60 1546 150 1575 alium
174 1546 211 1575 de
234 1546 418 1584 ponderibus
441 1546 595 1585 (Priscian.
619 1546 657 1575 de
679 1547 740 1584 Fig.
757 1547 844 1576 Num.
862 1557 886 1576 c.
901 1549 931 1577 3.
950 1555 1014 1584 pag.
1027 1548 1099 1578 216.
1115 1557 1197 1585 seqq.
1216 1547 1260 1575 ed.
1278 1546 1392 1586 meae.).
1411 1547 1500 1577 Ant.
1516 1546 1612 1585 Aug.
1644 1546 1720 1574 Vide
1742 1546 1803 1576 Liv.
1826 1545 1877 1576 lib.
1892 1545 1942 1583 VI,
1963 1547 2015 1577 29.

59 1588 150 1618 Dac.
182 1587 220 1617 Id
242 1589 410 1628 significare
431 1590 482 1618 ait.
535 1589 634 1617 Triens
656 1591 773 1617 tertius:
808 1590 842 1617 Id
867 1593 912 1618 est
934 1588 1026 1616 librae
1050 1589 1126 1617 duae
1149 1599 1217 1617 cum
1240 1590 1364 1623 triente,
1394 1589 1476 1628 quod
1499 1594 1571 1617 tunc
1592 1589 1696 1617 tertius
1718 1590 1811 1617 triens
1832 1593 2015 1617 numeratur.

59 1630 136 1660 Vide
159 1640 250 1669 supra
274 1629 437 1660 Sestertius.
475 1631 523 1658 Sic
546 1631 658 1668 liguum
682 1630 728 1659 bes
750 1630 874 1660 alterum
898 1631 1023 1667 dicitur,
1048 1631 1129 1669 quod
1153 1632 1259 1669 pedem
1282 1636 1311 1660 et
1333 1631 1447 1660 bessem
1470 1632 1561 1660 latum
1585 1636 1644 1667 est,
1667 1631 1749 1669 quod
1772 1635 1844 1659 tunc
1866 1630 2016 1660 secundus

58 1672 122 1702 bes.
152 1674 186 1702 In
202 1672 260 1701 fine
278 1672 497 1712 supplendum:
522 1671 557 1701 Si
578 1680 635 1701 ires
656 1684 733 1701 asses
754 1681 821 1702 sunt
843 1681 869 1702 et
892 1681 1014 1714 quartus
1036 1672 1186 1713 quadrans
1209 1673 1365 1710 adiicitur,
1388 1681 1509 1714 quartus
1531 1672 1682 1713 quadrans
1703 1680 1816 1702 tantum
1839 1680 2016 1702 numeratur.

60 1716 97 1745 H.
113 1726 137 1747 e.
155 1716 178 1745 si
200 1720 262 1744 tres
284 1726 362 1744 asses
386 1724 453 1744 cum
477 1715 642 1754 quadrante
661 1716 735 1744 velis
751 1716 868 1752 dicere,
891 1721 1030 1754 quartum
1049 1716 1242 1754 quadrantem
1261 1721 1378 1745 tantum
1396 1716 1564 1745 numeralis.
1594 1716 1672 1744 Haec
1688 1721 1786 1755 aperta
1805 1721 1881 1746 sunt.
1905 1714 2014 1745 Idem.

227 1757 379 1788 Ter-sum
411 1757 516 1787 diem.
559 1758 592 1787 ld
615 1763 659 1787 est
681 1759 802 1788 siccum.
847 1759 975 1797 Tergere
999 1759 1077 1787 enim
1101 1763 1144 1788 est
1166 1758 1296 1796 siccare,
1334 1759 1371 1788 ab
1394 1758 1518 1788 Aeolico
1540 1758 1633 1799 τέρσω
1655 1768 1712 1797 pro
1734 1759 1836 1798 τείρω,
1871 1758 2014 1797 ξηραίνω,

58 1801 148 1831 sicco.
191 1799 282 1830 Dae.

227 1841 528 1872 Teretinatibus.
559 1842 625 1881 (Ad
647 1853 676 1882 p.
688 1842 780 1882 275.)
810 1843 877 1872 Non
906 1843 1015 1872 leviter
1038 1843 1175 1872 foedatus
1196 1843 1247 1872 hic
1270 1844 1363 1873 locus.
1408 1845 1501 1881 Lego:
1538 1842 1577 1871 Et
1596 1853 1652 1880 pro
1679 1844 1772 1872 Tereei
1801 1841 1903 1871 Tei-edi
1923 1841 2014 1872 scribi

59 1884 198 1915 debuisse.
227 1885 253 1913 A
275 1886 403 1922 Terede,
427 1885 541 1924 inquit,
566 1885 671 1914 Fluvio
694 1884 892 1922 'I'eredinaieffi
916 1896 977 1914 non
1008 1887 1181 1914 Teretinaies
1203 1886 1265 1915 dici
1288 1886 1424 1915 debuere.
1455 1886 1512 1914 Sed
1537 1886 1572 1914 de
1593 1885 1705 1914 Terede
1726 1885 1821 1914 fluvio
1843 1884 1918 1913 nihil
1940 1883 2013 1912 mihi

59 1933 254 1968 compertum.
286 1928 338 1958 Da
348 1940 374 1959 c.
417 1928 563 1956 Nimirum
591 1933 672 1956 totus
695 1929 773 1957 Festi
804 1929 887 1957 locus
912 1929 990 1967 apud
1015 1929 1080 1957 Ant.
1103 1929 1299 1966 Augustinum
1322 1934 1351 1958 et
1373 1929 1424 1968 qui
1448 1939 1514 1958 eum
1538 1928 1634 1957 secuti
1657 1932 1740 1965 sunt,
1779 1927 1960 1965 Scaligerum
1983 1932 2013 1955 et

58 1972 217 2001 nucerium
246 1972 287 2001 ita
315 1976 506 2011 comparatus
535 1974 592 1999 est:
633 1970 861 2007 Teretinatibus,
896 1972 947 2011 qui
968 1972 1128 2011 aflumine
1156 1970 1262 2000 Terede
1290 1970 1364 2001 dicti
1391 1972 1616 2007 existimantur,
1651 1978 1677 1999 ei
1703 1967 1821 2009 syllaba
1844 1970 1905 1998 eius
1926 1970 2012 1998 tertia

57 2020 187 2051 mutata,
210 2021 236 2043 et
256 2026 311 2054 pro
339 2012 445 2043 Terede
465 2020 574 2042 terram
595 2012 686 2043 scribi
708 2012 845 2042 debuisse.
889 2014 932 2041 Ex
957 2014 1064 2052 quibus
1087 2014 1117 2042 in
1140 2013 1258 2042 schedis
1280 2014 1316 2043 ab
1339 2014 1443 2043 Ursino
1466 2013 1552 2042 editis
1574 2012 1649 2042 nihil
1671 2018 1822 2052 comparet
1845 2011 1900 2040 nisi
1923 2011 2010 2041 haec:

62 2056 276 2086 Teretinatibus
297 2058 458 2098 aflumine
482 2077 657 2086 ......
695 2057 750 2084 Pro
775 2056 880 2084 ceteris
903 2056 1008 2085 lacuna
1033 2056 1205 2093 significata.
1242 2058 1301 2086 Aut
1323 2057 1414 2095 igitur
1437 2056 1518 2095 apud
1542 2056 1679 2085 Ursinum
1701 2055 1866 2085 versiculus
1889 2054 2008 2089 excidit,

57 2105 107 2129 aut
130 2110 223 2139 quum
248 2100 371 2129 Ursinus
394 2098 542 2128 tractabat
564 2099 715 2134 Codicem‚
747 2098 799 2127 illa
822 2110 881 2127 non
905 2099 1032 2137 amplius
1055 2099 1112 2136 legi
1135 2104 1280 2137 poterant.

223 2142 458 2183 Tripudium.
483 2141 541 2180 (Ad
564 2143 687 2180 p.275.)
712 2142 799 2170 Deest
821 2141 902 2181 apud
924 2142 999 2172 scal.
1024 2146 1053 2170 et
1078 2142 1144 2169 nac.
1184 2142 1259 2171 Vide
1282 2141 1380 2171 Ursin.
1403 2140 1474 2169 edit.
1498 2145 1591 2171 nostr.
1613 2149 1680 2179 pag.
1693 2139 1767 2172 274.
1789 2144 1853 2170 not.
1867 2140 1897 2170 5.

222 2185 375 2214 Temz'na
386 2196 428 2214 re.
453 2185 513 2224 (Ad
535 2194 563 2222 p.
575 2184 659 2221 275.)
685 2184 773 2213 Deest
793 2195 838 2224 ap.
861 2184 938 2213 Scal.
961 2190 989 2213 et
1013 2185 1079 2212 Dae.
1123 2184 1182 2213 Pro
1204 2183 1320 2213 ilintate
1341 2184 1452 2222 legitur
1472 2181 1590 2212 ilintare
1611 2193 1658 2222 ap.
1682 2181 1858 2211 Gothosred.

223 2227 467 2258 Ter-mentum.
512 2227 537 2255 A
560 2232 624 2256 tero
645 2226 788 2263 terimen,
810 2233 939 2263 termen,
961 2231 995 2256 ut
1011 2237 1027 2255 a
1042 2236 1149 2256 moveo
1171 2227 1336 2264 movimen,
1359 2235 1476 2255 momen
1492 2230 1547 2255 etc.
1576 2225 1687 2254 Versus
1702 2225 1800 2254 Plauti
1816 2227 1859 2252 est
1875 2221 2005 2259 (Bacch.)

55 2271 121 2301 Act.
132 2269 183 2299 IV.
207 2273 296 2307 sc.9‚
320 2271 390 2307 (5):

468 2310 537 2341 Νοη
560 2310 675 2341 Pelides
698 2319 835 2341 termento
848 2310 932 2353 fuit,
957 2319 1061 2351 praeut
1083 2322 1135 2351 ego
1157 2310 1255 2340 herum
1278 2309 1454 2350 expugnabo
1476 2320 1579 2340 meum.

1 2380 3 2383 .
56 2355 112 2384 Ubi
135 2353 312 2384 Salmasius:
336 2354 464 2392 Vereor,
487 2355 600 2392 inquit,
623 2363 661 2383 ne
683 2356 759 2384 male
782 2356 851 2384 olim
875 2355 986 2383 lectum
1009 2355 1047 2382 sit
1069 2361 1207 2383 termento
1229 2363 1285 2393 pro
1307 2359 1458 2382 ior-memo.
1499 2352 1552 2382 Per
1573 2359 1744 2382 tormentum
1767 2347 1906 2385 intelligit
1929 2349 2003 2376 arie-

2 2395 3 2407 *
55 2404 130 2436 tem,
157 2408 217 2438 quo
240 2402 450 2438 expugnantur
470 2397 568 2427 urbes.
607 2398 665 2426 Pro
687 2402 837 2428 tormento
859 2397 950 2436 igitur
972 2397 1028 2426 suit
1048 2395 1179 2427 Achilles
1200 2396 1358 2435 Pergamo,
1388 2405 1448 2434 quo
1470 2394 1589 2424 moenis
1613 2395 1675 2424 eius
1698 2390 1876 2431 quatiebant.
1915 2389 1967 2418 Da
1977 2400 2002 2419 c.
