2263 2668
426 185 490 219 DE
518 185 792 221 VERBORUM
818 183 1205 221 SlGNlFICATIONE
1231 184 1544 224 FRAGMENTA.
1802 186 1875 221 233

97 294 155 315 rea
181 280 379 326 appellatus
407 284 473 320 est,
505 281 588 325 qaia
610 281 783 314 accedens
809 281 860 314 ad
886 281 1008 314 urbem
1029 279 1217 321 Hannibal,
1245 291 1288 312 ex
1315 291 1354 313 eo
1377 282 1451 315 loco
1479 283 1644 323 redierit,
1672 281 1874 327 quibusdam

98 333 173 367 visis
193 331 394 377 perterritus.
445 332 662 365 Reserari
689 332 832 366 Verrius
859 333 909 366 ait
936 331 1002 365 dici
1028 332 1071 363 ab
1100 342 1158 371 eo,
1192 332 1302 375 quae*
1324 332 1463 366 demota
1489 345 1572 367 sera
1599 346 1622 367 α
1649 335 1774 367 ianuae
1801 345 1876 367 car-
1904 339 1942 365 Ὗ.
1962 340 2032 374 quod

97 385 174 418 dine
200 383 362 429 patefiant
377 382 500 429 fores:
534 384 632 424 inde,
667 395 759 428 quae
779 383 987 430 patefacta,
1016 386 1049 415 et
1076 382 1213 416 declusa
1240 383 1318 424 sint,
1346 389 1503 418 reserata
1531 386 1611 419 dici.
1638 396 1741 419 serae
1767 397 1876 430 neque

98 437 251 471 dicantur
264 437 276 451 *
300 435 400 468 fustes
409 458 418 475 ,
464 435 522 479 qui
548 439 768 480 opponuntur
794 436 923 469 clausis
948 434 1083 470 foribus.
1138 435 1301 467 Pacuvius
1328 435 1360 467 in
1386 436 1574 470 Armorum
1600 438 1748 471 iudicio:
1885 443 1930 483 Ἰ..
1940 450 2049 477 namque

203 487 328 521 Nunc
353 486 530 530 pandite
556 487 721 529 valvas,
755 490 974 521 removete
999 497 1141 527 seras,
1175 490 1219 519 ut
1246 497 1334 520 com
1345 487 1520 531 plectar.
1905 477 2025 503 d¹⁰⁰⁰²¹¹¹

99 540 132 573 R
142 551 160 573 e
169 551 230 572 ma
244 535 265 587 Η
283 550 302 570 n
312 543 380 571 ant
393 539 405 553 *
418 535 453 579 2,
496 543 627 582 reptent
639 542 677 573 **.
729 540 853 572 Ennius
878 539 936 571 lib.
959 539 1003 571 1.:
1793 538 1874 586 [92]
1886 544 2049 574 ·f.Revitant,

202 590 386 628 desunt†
414 589 530 622 rivos
556 601 817 634 camposque
844 591 1076 628 remant††.
1903 580 2034 613 '’s-repe-

99 642 253 675 Refert
280 652 356 674 cum
383 640 538 683 dicimus,
583 653 694 675 errare
720 654 780 675 nos
807 643 850 675 ait
871 642 1016 675 Verrius,
1043 652 1113 673 esse
1141 640 1228 673 enim
1254 644 1381 674 rectum
1409 642 1456 674 rei
1483 641 1563 682 fert,
1600 642 1712 675 dativo
1739 618 2051 682 scilicet‚†f.‹1‘e²2¹2tmnt

99 704 167 726 non
193 693 339 726 ablativo
367 704 455 725 casu.
483 693 542 726 sed
569 705 639 727 esse
665 694 731 726 iam
759 705 818 727 usu
844 704 1040 739 possessum.
1093 691 1317 725 Ridiculus
1344 693 1482 737 proprie
1509 693 1646 734 dicitur,
1680 694 1737 738 qui
1762 693 1795 726 in
1821 705 1875 727 re·
1886 682 1922 714 Ἠ
1934 683 2034 708 strevi-

99 745 162 778 bus
188 744 338 789 turpibus
364 744 500 778 ridetur.
552 745 696 778 LIBER
717 746 824 779 xvn.
877 745 1016 778 SEXTI
1041 743 1225 777 POMPEI
1251 744 1391 777 FESTI
1418 744 1561 777 LIBER
1588 745 1711 778 xvul.
1926 722 1992 743 “³¹¹“

266 795 431 837 RfflEO,
465 796 637 837 INQUIT
663 797 824 830 GALBA
850 795 1108 837 CANTERIO,
1141 794 1462 829 PROVERBIUM
1488 796 1598 839 EST,
1633 797 1725 840 quod
1747 796 1878 830 Sinnius

101 846 224 891 Capito
250 848 293 880 ita
320 849 571 892 interpretatur,
607 848 698 890 nisi*,
736 849 793 892 qui
815 849 980 893 principio
1003 848 1050 881 rei
1076 847 1212 881 alicuius
1237 847 1416 880 inchoatae
1442 847 1601 881 deficiunt
1628 849 1746 882 animo.
1800 848 1928 881 Su1-·f.
1953 852 1985 878 de
2011 853 2052 878 iis.

100 900 208 943 picius
232 899 361 940 Galba,
389 910 466 932 cum
490 901 524 932 in
550 900 757 944 provinciam
785 901 912 941 exiens,
940 900 984 933 ad
1011 904 1144 943 portam
1168 900 1276 943 ipsam
1302 899 1484 933 canterium
1510 911 1604 932 suum
1631 900 1880 932 animadvertis-

101 958 150 984 set
175 951 352 992 cecidisse,
392 951 508 992 rideo,
550 951 671 995 inquit,
715 953 857 993 canteri,
893 959 926 984 te
952 952 1018 984 iam
1046 951 1167 983 lassum
1195 962 1283 992 esse,
1321 961 1398 984 cum
1424 956 1492 983 tam
1518 952 1656 995 longum
1683 952 1743 984 iter
1768 952 1880 990 iturus,

101 1002 155 1035 vix
181 1002 218 1034 id
248 1003 288 1035 sis
318 1003 493 1048 ingressus.
545 1003 790 1036 Retricibus
817 1015 894 1038 cum
921 1004 967 1036 ait
989 1003 1074 1036 Cato
1101 1003 1134 1035 in
1161 1014 1219 1043 ea,
1263 1013 1364 1046 quam
1386 1003 1532 1043 scribsit,
1576 1014 1653 1035 cum
1681 1002 1883 1035 edissertavit

104 1053 201 1086 Fulvi
222 1054 399 1087 Robilioris
420 1054 618 1095 Censuram,
653 1055 818 1099 significat
844 1067 965 1099 aquam
993 1066 1033 1088 eo
1060 1054 1212 1095 nomine,
1246 1065 1333 1097 quae
1360 1059 1408 1087 est
1434 1065 1534 1098 supra
1559 1054 1645 1086 viam
1666 1054 1881 1087 Ardeatinam

101 1106 185 1138 inter
210 1105 361 1150 lapidem
388 1106 571 1139 secundum
598 1112 630 1139 et
655 1107 797 1139 tertium.
833 1119 899 1150 qua
926 1107 1110 1151 inrigantur
1136 1105 1226 1138 horti
1256 1106 1341 1138 infra
1367 1105 1453 1138 viam
1475 1105 1709 1146 Ardeatinam,
1753 1111 1785 1138 et
1806 1107 1882 1138 Asi-

102 1157 227 1190 nariam
250 1169 354 1200 usque
375 1157 419 1190 ad
439 1158 604 1190 Latinam.
656 1158 956 1202 Recepticium
984 1169 1132 1198 servum,
1160 1157 1246 1191 Cato
1272 1158 1306 1189 in
1332 1158 1483 1190 suasione
1504 1157 1590 1202 legis
1613 1157 1784 1191 Voconiae
1807 1168 1882 1190 cum

103 1209 163 1249 ait,
198 1209 380 1253 significat,
414 1209 471 1252 qui
497 1210 541 1242 ob
568 1209 681 1241 vitium
708 1209 894 1243 redhibitus
921 1210 976 1243 sit:
1012 1209 1098 1243 Ubi
1123 1209 1229 1242 irata
1256 1209 1373 1242 facta
1401 1214 1479 1251 est,
1513 1220 1676 1243 servum
1702 1208 1884 1252 recepti-

103 1261 210 1294 cium
239 1260 412 1302 sectari,
457 1266 582 1304 atque
609 1260 825 1305 flagitare
851 1262 984 1295 virum
1010 1262 1138 1294 iubet.
1191 1262 1359 1305 Rogat,
1402 1260 1438 1293 id
1467 1265 1514 1294 est
1540 1261 1681 1295 consulit
1707 1259 1884 1305 populum,

101 1313 156 1345 vel
182 1312 265 1356 petit
292 1312 335 1345 ab
362 1323 421 1354 eo,
464 1316 500 1344 ut
526 1312 562 1345 id
588 1313 722 1354 sciscat,
768 1313 860 1356 quod
888 1314 982 1346 ferat.
1017 1313 1107 1346 unde
1140 1324 1199 1345 nos
1231 1324 1367 1356 quoque
1400 1313 1433 1346 in
1461 1312 1697 1346 consuetudine
1723 1311 1886 1345 habemus

102 1375 165 1408 pro
189 1368 305 1408 petere
325 1368 358 1397 et
378 1374 485 1398 orare.
545 1363 631 1398 Cato
658 1364 691 1397 in
719 1364 937 1406 dissuasione,
980 1377 1022 1399 ne
1048 1366 1102 1398 lex
1125 1364 1255 1398 Baebia
1282 1364 1520 1410 derogaretur,
1565 1365 1626 1397 ait:
1671 1364 1750 1397 Hoc
1776 1363 1886 1408 potius

103 1427 220 1460 agam,
247 1415 342 1459 quod
365 1414 423 1450 hic
445 1420 553 1460 rogat.
606 1416 755 1450 Restat
779 1413 800 1466 Η
824 1429 887 1463 pro
915 1417 1014 1450 distat
1040 1417 1084 1450 ait
1102 1417 1254 1449 Ennius*
1278 1427 1422 1461 ponere,
1450 1428 1526 1451 cum
1553 1415 1605 1449 his
1616 1420 1644 1434 **
1669 1416 1776 1450 dicat:
1808 1408 2059 1468 [93]‘s·,‚¹{⁰¹i¹²'¹³¹¹¹¹¹

204 1467 397 1512 Impetus
424 1470 526 1507 aut†
550 1468 680 1513 longe
706 1470 858 1502 mediis
885 1469 1141 1515 regionibus
1168 1473 1311 1502 restat.
1913 1462 2044 1512 †f.i1aud

103 1519 207 1553 Ruri
233 1531 320 1561 esse,
355 1530 423 1552 non
456 1531 532 1552 rure
559 1519 759 1562 dicendum,
795 1521 883 1554 testis
910 1527 959 1555 est
985 1521 1161 1554 Terentius
1187 1521 1220 1554 in
1252 1520 1480 1561 Phormione,
1515 1530 1591 1554 cum
1620 1518 1682 1551 ait:

206 1571 290 1604 ruri
315 1583 359 1604 se
387 1571 656 1613 continebat,
700 1573 759 1605 ibi
786 1584 931 1618 agrurn
959 1573 1008 1606 de
1034 1577 1180 1605 nostro
1208 1577 1341 1617 patre.

104 1622 332 1667 Religioni
365 1627 412 1655 est
445 1622 646 1666 quibusdam
678 1629 776 1668 porta
799 1624 1003 1658 Carmentali
1034 1624 1167 1669 egredi3
1213 1629 1246 1657 et
1271 1624 1304 1656 in
1331 1622 1415 1655 aede
1438 1621 1526 1664 Iani,
1570 1632 1656 1664 quae
1685 1624 1776 1652 extra
1803 1628 1888 1657 eam,

106 1673 264 1706 Senatum
290 1673 452 1707 haberi*:
487 1674 580 1717 quod
609 1686 648 1707 ea
675 1676 798 1720 egressi
823 1688 879 1709 sex
905 1682 938 1709 et
962 1676 1101 1710 trecenti
1124 1675 1221 1708 Fabii
1249 1675 1341 1719 apud
1364 1674 1557 1708 Cremeram
1586 1683 1700 1705 omnes
1726 1668 1932 1703 interfecti·f.
1961 1669 2063 1696 habere.

106 1730 195 1765 sunt,
234 1735 311 1758 cum
338 1725 372 1757 in
399 1725 483 1758 aede
510 1726 580 1758 lani
601 1726 635 1759 S.
660 1726 698 1760 C.
723 1727 849 1760 factum
872 1732 973 1768 esset,
1012 1728 1061 1761 uti
1086 1727 1386 1772 proficiscerentur.

272 1776 470 1809 Retiario
497 1778 660 1822 pugnanti
687 1778 843 1812 adversus
869 1779 1134 1821 murmillonem,
1168 1783 1335 1812 cantatur:

210 1827 298 1859 Non
324 1833 364 1860 te
390 1834 509 1872 peto,
550 1829 711 1873 piscem
737 1836 847 1875 peto.
882 1831 984 1874 quid
1012 1843 1071 1864 me
1098 1830 1213 1875 fugis
1238 1826 1392 1863 Galle?

107 1879 164 1922 qui
187 1879 465 1912 murmillonicum
489 1892 594 1925 genus
617 1886 803 1916 armaturae
824 1883 993 1916 Gallicum
1018 1887 1083 1923 est,
1123 1882 1255 1926 ipsique
1281 1877 1523 1913 murmilliones
1548 1880 1623 1909 ante
1647 1874 1739 1908 Galli
1766 1873 1888 1918 appel-

109 1930 278 1972 labantur,
324 1931 357 1963 in
392 1942 532 1975 quorum
566 1933 672 1977 galeis
706 1934 805 1978 piscis
839 1935 969 1979 effigies
1000 1934 1114 1967 inerat.
1169 1933 1247 1965 Hoc
1274 1936 1385 1965 autem
1412 1940 1518 1974 genus
1545 1939 1681 1973 pugnae
1708 1925 1890 1959 institutum

109 1981 240 2014 videtur
261 1994 279 2014 a
302 1983 450 2024 Pittaco,
488 1995 555 2016 uno
581 1995 620 2017 ex
646 1990 773 2029 septem
800 1987 1022 2031 sapientibus,
1063 1985 1120 2028 qui
1147 1984 1302 2017 adversus
1324 1982 1541 2024 Phrynonem
1569 1979 1782 2012 dimicaturus
1807 1985 1891 2021 pro-

107 2040 184 2078 pter
211 2035 448 2067 controversias
474 2035 607 2076 finium,
634 2048 722 2080 quae
749 2043 840 2070 erant
866 2038 951 2070 inter
973 2036 1118 2076 Atticos,
1153 2040 1185 2068 et
1208 2034 1448 2079 Mytilenaeos,
1474 2037 1545 2065 rete
1572 2031 1705 2065 occulte
1732 2029 1800 2061 lato
1825 2027 1891 2059 im-

108 2085 238 2130 pedivit
257 2085 482 2129 Phrynonem.
543 2086 824 2132 Resignatum
859 2101 926 2122 aes
962 2088 1082 2121 dicitur
1117 2086 1232 2127 militi,
1277 2097 1354 2120 cum
1381 2085 1426 2117 ob
1454 2083 1613 2117 delictum
1641 2079 1776 2124 aliquod
1803 2078 1892 2112 iussu
2049 2126 2054 2131 ⁵

109 2137 187 2170 TR.
212 2136 358 2169 Militum
372 2141 395 2178 *,
430 2137 462 2169 in
487 2137 618 2171 tabulas
644 2140 796 2172 refertur.
822 2140 991 2185 resignare
1013 2139 1099 2171 enim
1123 2138 1247 2181 antiqui
1270 2148 1333 2182 pro
1356 2136 1500 2170 scribere
1523 2133 1689 2168 interdum
1710 2131 1891 2177 ponebant.
1901 2127 1934 2196 'psa
1937 2127 2069 2187 lei-51:3¹⁸&

110 2188 310 2221 Rituales
338 2189 546 2222 nominantur
566 2189 785 2224 Etruscorum
811 2191 908 2232 libri,
943 2191 976 2223 in
1003 2191 1123 2233 quibus
1150 2189 1392 2234 praescribtum
1420 2192 1485 2230 est,
1521 2197 1589 2231 quo
1615 2185 1680 2218 ritu
1707 2182 1893 2218 condantur
1945 2196 2024 2222 detur

111 2239 228 2280 urbes,
258 2251 353 2280 arae,
381 2240 481 2273 aedes
504 2247 692 2284 sacrentur,
719 2254 785 2286 qua
812 2243 982 2275 sanctitate
1009 2241 1113 2282 muri,
1140 2252 1208 2285 quo
1235 2241 1305 2274 iure
1329 2244 1464 2284 portae,
1491 2236 1663 2282 quomodo
1686 2235 1805 2276 tribus,
1833 2245 1894 2268 cu-

110 2291 196 2332 riae,
234 2292 400 2325 centuriae
429 2292 682 2335 distribuentur,
725 2295 887 2328 exercitus
915 2294 1173 2335 constituantur,
1210 2292 1420 2334 ordinentur,
1455 2294 1633 2333 ceteraque
1659 2286 1824 2322 eiusmodi
1851 2285 1894 2319 ad

112 2425 343 2458 ltemPacuins,
362 2436 417 2465 pro
427 2427 603 2463 Pacuvium
619 2428 982 2467 utslut'tc.r,profluvius.
1026 2431 1073 2456 tus
1103 2426 1245 2466 Captivis.
1298 2426 1328 2454 Si
1356 2425 1416 2454 huc
1445 2424 1564 2455 revitet.
1617 2421 1702 2451 Ennii
1727 2428 1832 2466 versus
1855 2417 1893 2445 ita

122 2469 251 2499 Urs.—
270 2468 503 2508 2)Reman‹1nt.]
520 2469 698 2507 Legendum,
715 2471 869 2499 Revitant.
893 2471 984 2500 Plau-
1029 2469 1240 2499 emendandus.
1265 2470 1417 2498 Descrunt
1433 2468 1539 2506 clivos,
1561 2474 1742 2504 camposque
1757 2463 1894 2490 rentum·

164 2519 328 2549 Gruusur.
351 2531 418 2550 ιΛτ.
432 2520 468 2551 11.
1586 2517 1619 2549 G
1634 2527 1660 2561 g
