2263 2668
480 159 543 193 DE
570 156 960 194 SIGNIFICATIONE
991 158 1271 194 VERBORUM.
1324 159 1469 194 LIBER
1488 158 1612 192 XVIII.
1941 162 2015 196 725

71 253 181 292 regina.
225 253 270 281 Ex
294 252 402 291 quibus
426 253 562 281 omnibus
586 251 774 289 intelligitur,
804 257 905 290 topper
926 250 1104 280 adiectivum
1126 253 1250 292 proprie
1274 253 1437 292 significare
1451 251 1595 294 fortiter,
1622 251 1809 289 vehementer,
1842 253 1919 282 unde
1943 255 2016 283 reli-

71 306 147 335 quae
169 294 397 334 significationes
420 295 505 325 facile
529 299 619 324 ortae.
646 295 780 323 Ceterum
802 293 884 321 locos
902 293 976 321 Livii
998 295 1037 322 ita
1062 295 1197 324 emendat
1211 296 1398 325 Hei-mannus
1416 296 1445 325 in
1462 296 1554 327 Elem.
1572 294 1667 324 doctr.
1685 300 1768 325 metr.
1788 306 1818 335 p.
1833 298 1904 328 623.
1918 307 2016 335 seqq.:

610 362 650 368 ...
694 362 736 367 .—
778 361 820 366 —
864 343 988 384 na'mque
1010 345 1100 374 nilum
1122 347 1203 384 peius

563 386 704 418 Maceror
728 387 890 423 hemonem,
923 386 1051 426 qua'mtlo
1074 387 1152 417 ma're
1174 400 1288 418 saevom
1310 390 1383 418 vires
1404 390 1474 428 quoi

564 429 638 459 Sunt
660 430 797 470 ma‘gnae‚
826 437 926 469 topper
949 427 1134 470 cdnftingeint
1157 432 1339 472 importunae
1360 430 1463 460 undae.

70 473 123 502 Et:

563 531 604 537 -
652 533 684 536 —
732 532 772 537 —
795 523 894 554 topper
907 512 1007 555 sa'ciel
1028 512 1157 544 hdmines
1180 517 1268 545 verris
1290 527 1391 545 sueres.

70 557 159 586 Tum:

565 598 620 628 Ad
642 599 723 629 ar'tlis
745 599 872 629 venimvfs
897 597 1014 636 Cimoli,-
1048 598 1135 628 simul
1156 598 1318 630 duonorum

567 641 690 671 Porta'nt
713 642 754 671 ad
776 643 858 671 navis
880 640 987 671 millia.

240 691 446 722 Tibicines.
470 688 530 732 (Ad
552 691 679 734 p.270.)
704 693 898 729 columellae,
922 693 1030 730 quibus
1054 697 1132 722 tecta
1154 693 1328 722 fulciuntur.
1372 693 1503 723 Iuvenal.
1526 695 1586 723 Sat.
1601 693 1657 730 111,
1681 694 1792 730 (193.):

667 743 731 773 Nos
753 744 851 773 urbem
874 742 997 773 colimus
1020 745 1100 772 tenui
1122 743 1242 774 tibicine
1254 743 1382 786 fultam.

72 795 159 825 Duc.
195 793 356 833 Aedificia.
391 793 601 822 Aedificiorum
624 799 701 824 tecta
725 796 830 825 fulcra.
878 793 981 824 Goth,

236 845 412 874 Torrens.
457 844 535 873 Haec
557 846 679 874 Pacuvii
708 847 798 875 verba
827 846 967 883 intelligit
991 846 1084 875 Varro
1107 847 1159 877 lib.
1176 847 1195 878 l.
1219 847 1255 876 de
1278 847 1311 877 R.
1332 847 1366 876 R.
1390 849 1436 877 2.:
1474 845 1581 874 Verum
1611 847 1684 874 enim
1714 853 1755 874 est
1781 842 1859 874 illud
1886 841 2019 880 Pacuvii,

69 888 116 918 sol
136 888 162 917 si
181 894 318 928 perpetuo
340 887 395 923 sit,
421 894 472 915 aut
495 898 574 925 nom,
592 889 732 927 flammeo
756 899 877 928 vapore,
899 896 949 917 aut
963 887 1083 928 frigore
1104 897 1196 918 terrae
1208 889 1334 930 fructus
1357 899 1454 917 omnes
1476 889 1599 918 interire.
1639 889 1711 916 Nam
1735 888 1829 916 Varro
1853 886 2020 925 saepissime

70 942 128 960 non
151 935 210 960 tam
233 929 324 958 verba
346 929 425 967 ipsa,
463 940 551 968 quam
576 941 678 959 eorum
702 941 820 960 sensum
843 937 1053 970 repraesentat.
1098 932 1227 961 Torrens
1251 932 1337 961 etiam
1362 931 1472 960 dicitur
1495 931 1602 959 fluvius
1625 931 1729 959 subitis
1752 929 1895 959 imbribus
1919 929 2021 957 conci-

68 978 149 1003 tatus
172 978 201 1002 et
223 983 239 1000 a
262 972 411 1000 montibus
434 971 465 1000 in
489 973 581 1001 valles
605 974 782 1010 decurrens,
812 974 904 1002 amnis
928 973 1086 1012 hibernus,
1114 973 1310 1014 χειμάρῤους,
1336 984 1397 1002 non
1420 974 1501 1012 quod
1525 973 1710 1002 siccitatibus
1733 976 1897 1008 exarescat,
1923 976 1957 1000 ut
1979 971 2021 999 ait

68 1017 188 1054 Festus,
210 1015 260 1044 sed
285 1014 366 1053 quod
390 1019 515 1053 propter
538 1016 725 1055 rapiditatem
750 1021 911 1046 exaestuet.
948 1016 1033 1045 Unde
1056 1021 1086 1045 et
1108 1017 1232 1055 quilibet
1254 1017 1305 1045 alii
1327 1016 1411 1045 fluvii
1434 1021 1579 1045 torrentes
1603 1017 1691 1045 etiam
1714 1015 1794 1044 dicti.
1819 1014 1908 1043 Dac.
1947 1013 2021 1042 Vide

69 1059 171 1088 Cuiac.
196 1058 233 1087 ad
256 1058 275 1086 l.
291 1059 360 1088 157.
376 1057 405 1085 ff.
429 1058 466 1085 de
489 1067 517 1086 v.
540 1059 591 1097 sig.
642 1057 747 1088 Goth.

238 1100 383 1130 Torum.
429 1100 485 1128 Pro
509 1107 635 1138 tor-rum,
658 1106 693 1130 ut
715 1102 787 1130 toris
810 1101 947 1131 dicebant
969 1111 1024 1141 pro
1048 1102 1143 1131 torris.
1181 1102 1256 1131 Vide
1283 1101 1398 1130 Torreo.
1441 1101 1480 1129 De
1503 1101 1616 1137 Ennio,
1641 1102 1690 1138 qui
1715 1100 1827 1139 primus
1852 1108 2022 1127 consonan-

68 1149 112 1173 tes
135 1143 312 1182 geminavit,
334 1142 392 1170 iam
417 1153 515 1181 supra.
561 1143 648 1173 Dac.

236 1185 404 1213 Turmam
433 1185 604 1224 equitum.
650 1186 745 1215 Varro
768 1186 819 1215 lib.
832 1186 881 1217 IV.
906 1186 943 1215 de
967 1187 998 1215 L.
1019 1187 1048 1217 L.
1074 1185 1127 1226 (V,
1151 1189 1201 1219 93.
1225 1185 1304 1225 Sp.):
1343 1185 1452 1214 Turma
1476 1192 1566 1213 terma
1589 1193 1646 1222 est,
1676 1198 1690 1214 e
1712 1186 1741 1213 in
1765 1197 1782 1213 ιι
1804 1183 1886 1213 abiit.
1935 1181 2023 1222 Quod

69 1226 180 1258 terdeni
201 1228 310 1268 equites
331 1238 372 1256 εει·
394 1226 486 1256 tribus
508 1227 655 1266 tribubus,
682 1230 877 1265 Tutia-usiam,
901 1228 1062 1258 Ramm'um
1086 1237 1112 1258 et
1128 1228 1274 1258 Lucerum
1286 1228 1412 1268 fiebant.
1445 1227 1548 1268 Itaque
1567 1228 1657 1267 primi
1678 1226 1857 1268 singularum
1881 1223 2021 1256 decuria-

68 1282 132 1299 rum
149 1269 328 1299 Decuriones
350 1268 439 1306 dicti,
465 1271 516 1309 qui
537 1270 575 1299 ab
598 1283 630 1300 eo
653 1272 683 1300 in
706 1270 829 1311 singulis
852 1272 955 1300 turmis
977 1279 1043 1300 sunt
1065 1273 1150 1300 etiam
1174 1282 1251 1300 nunc
1274 1271 1354 1300 terni.
1400 1270 1487 1300 Dae.

235 1312 398 1341 Tor-rere.
443 1313 566 1341 Plautus
589 1314 618 1342 in
635 1314 739 1341 Casina
763 1314 819 1352 (11,
843 1316 878 1350 5,
904 1313 958 1351 1.):
987 1314 1052 1342 Una
1075 1312 1199 1354 aedepol
1221 1324 1307 1353 opera
1330 1314 1359 1341 in
1372 1312 1500 1353 furnum
1524 1317 1579 1341 etc.
1601 1311 1687 1341 Ant.
1706 1312 1798 1351 Aug,
1837 1312 1921 1349 Lege:
1948 1311 2020 1340 Tor-

68 1366 128 1384 rere
150 1365 168 1383 a
190 1361 280 1384 torro.
325 1354 361 1382 Et
383 1354 424 1382 ita
448 1355 477 1383 in
501 1356 582 1386 MSS.
607 1355 715 1385 Torrus
739 1360 833 1384 autem
857 1356 920 1384 sive
946 1356 1039 1385 Tarus
1062 1357 1150 1385 unico
1175 1368 1204 1392 r,
1241 1361 1273 1385 ut
1296 1356 1387 1391 infra,
1425 1360 1538 1384 veteres
1561 1354 1715 1391 dicebant,
1748 1364 1801 1393 pro
1825 1352 1938 1382 torrido
1961 1353 2021 1381 an'-

67 1397 174 1436 doque.
212 1398 321 1434 Estque
343 1403 424 1426 torus
447 1408 462 1425 a
486 1399 585 1435 τείρω,
609 1399 754 1434 arefacio,
778 1398 867 1428 sicco.
903 1399 1014 1427 Locum
1039 1399 1135 1428 Plauti
1157 1409 1247 1437 supra
1270 1398 1340 1428 vide
1364 1398 1394 1426 in
1416 1396 1561 1426 Rubidus.
1605 1397 1692 1426 Dae.

234 1438 353 1467 Turrlz
363 1450 448 1468 enos
471 1438 663 1471 Etruscos.
708 1440 783 1470 Vide
807 1439 909 1470 Sardi.
949 1441 1077 1470 Velleius
1102 1441 1273 1470 Paterculus
1296 1441 1347 1470 lib.
1362 1440 1384 1469 I.
1408 1440 1518 1477 (i11it.):
1548 1438 1602 1468 Per
1623 1439 1696 1469 haec
1718 1446 1846 1477 tempora
1870 1436 1972 1478 Lydus
1994 1444 2021 1466 et

70 1481 230 1523 Tyrrhenus
241 1481 360 1523 fratres
384 1492 449 1511 cum
474 1491 629 1521 regnarunt
651 1484 680 1512 in
701 1482 817 1522 Lydia,
841 1482 993 1512 sterilitate
1006 1484 1135 1525 frugum
1160 1483 1304 1523 compulsi
1326 1483 1423 1512 sortiti
1444 1490 1526 1519 sunt,
1550 1489 1611 1510 uter
1633 1493 1697 1511 cum
1719 1488 1803 1520 parte
1824 1478 2022 1509 multitudinis

64 1525 165 1565 patria
188 1522 344 1554 decederet.
392 1524 462 1554 Sors
488 1524 666 1565 Tyrrhenum
691 1526 827 1563 contigit,
851 1533 1000 1564 pervectus
1021 1527 1051 1554 in
1078 1525 1194 1554 Italiam
1218 1533 1245 1554 et
1267 1525 1334 1555 loco
1357 1532 1383 1554 et
1406 1523 1512 1554 incolis
1535 1531 1561 1553 et
1582 1525 1659 1553 mari
1680 1522 1777 1553 nobile
1798 1533 1835 1551 ac
1855 1529 2021 1562 perpetuum

65 1577 171 1596 nomen
199 1577 218 1595 a
247 1578 277 1595 se
305 1565 394 1596 dedit.
441 1567 534 1595 Aliter
562 1569 651 1606 paulo
676 1568 768 1596 Tacit.
795 1568 895 1596 Annal.
921 1567 971 1596 lib.
986 1568 1017 1598 V.
1042 1568 1115 1606 (lv,
1140 1567 1219 1606 55.).
1257 1568 1333 1597 Vide
1355 1568 1452 1596 Strab.
1477 1567 1530 1606 (V.
1554 1577 1618 1605 pag.
1631 1566 1721 1605 219.)
1747 1565 1856 1595 Herod.
1880 1565 1929 1604 (1,
1950 1565 2020 1602 94.)

66 1611 150 1639 Serv.
174 1609 225 1646 (ad
251 1611 320 1638 Aen.
338 1609 382 1644 X,
409 1611 478 1641 165.
505 1619 570 1648 pag.
585 1612 655 1641 603.
684 1610 778 1647 Dan.).
815 1610 923 1638 Verum
948 1614 1042 1639 totum
1066 1610 1124 1639 hoc
1147 1610 1247 1638 fictum
1271 1620 1333 1639 esse
1355 1610 1440 1638 nimis
1463 1610 1624 1638 verisimile
1648 1614 1705 1645 est,
1732 1608 1903 1647 praesertim
1928 1616 2022 1645 quum

66 1652 148 1692 apud
177 1661 278 1680 omnes
300 1651 361 1679 fere
383 1652 544 1691 scriptores
566 1663 621 1691 pro
647 1652 788 1692 Tyrrheni
810 1657 838 1681 et
864 1651 1031 1689 Tirrlzenia,
1074 1651 1224 1692 Τυρσήνοι
1247 1657 1276 1681 et
1304 1653 1456 1692 Τυρσηνία
1479 1653 1516 1681 sit
1539 1657 1702 1681 exaratum.
1746 1651 1790 1679 lta
1813 1650 1885 1679 dicti
1908 1649 2022 1678 scilicet

67 1705 83 1723 a
105 1691 221 1733 τύρσεις
243 1700 350 1730 turres,
384 1695 477 1729 muri,
515 1695 595 1733 quod
617 1694 766 1733 Tyrrheni
796 1695 884 1733 primi
909 1704 1008 1723 muros
1031 1695 1188 1724 extruendi
1209 1700 1301 1724 artem
1324 1695 1502 1724 invenerint.
1548 1695 1604 1723 Eos
1628 1693 1771 1732 Pelasgici
1794 1693 1908 1731 generis
1931 1691 2021 1720 fuisse

66 1738 269 1774 Lemnumque
299 1740 329 1765 et
357 1737 488 1765 Imbrum
514 1737 600 1775 Aegei
629 1737 718 1766 maris
748 1738 858 1765 insulas
887 1737 1066 1767 inhabitasse
1094 1742 1240 1767 testantur
1267 1738 1352 1766 multi
1377 1742 1501 1768 veteres.
1545 1737 1589 1765 Ab
1613 1736 1658 1765 his
1680 1738 1771 1774 igitur
1795 1736 1920 1773 Pelasgis
1943 1734 2021 1762 dicta

65 1784 110 1809 est
131 1778 297 1818 Tyrrhenia
322 1789 353 1806 ea
377 1790 446 1818 pars
469 1780 585 1817 Italiae,
622 1790 709 1818 quani
733 1785 920 1818 occuparunt
942 1780 1053 1809 relictis
1077 1781 1137 1810 suis
1157 1780 1285 1809 sedibus.
1330 1780 1403 1809 Vide
1426 1780 1612 1809 Hellanicum
1637 1780 1773 1808 Lesbium
1795 1778 1875 1817 apud
1899 1777 2020 1815 Dionys.

66 1821 218 1851 Halicarn.
245 1821 314 1858 (lib.
330 1822 347 1852 l.
373 1832 436 1862 cap.
451 1825 500 1854 29.
527 1825 578 1854 30.
603 1832 669 1861 pag.
684 1822 762 1858 242).
809 1823 882 1852 Vide
912 1823 1030 1861 Dionys.
1056 1824 1166 1861 Perieg.
1194 1823 1375 1852 Marcianum
1408 1822 1573 1853 Heracleat,
1605 1826 1633 1851 et
1660 1822 1742 1853 alios.
1789 1821 1892 1849 Postea
1922 1823 2020 1848 autem

66 1865 184 1894 Etrusci
207 1874 275 1893 cum
292 1864 419 1903 Pelasgis
443 1865 560 1893 admisti
575 1865 722 1904 Tyrrheni
747 1865 833 1894 etiam
858 1866 931 1894 dicti
955 1871 1032 1894 sunt.
1055 1866 1142 1897 Dac.
1176 1865 1211 1894 A
1226 1867 1308 1894 cuius
1322 1872 1414 1905 gente.
1445 1865 1571 1894 Falsum.
1602 1866 1760 1903 Tyrannus
1777 1865 1855 1892 enim
1870 1873 1885 1891 a
1904 1862 2019 1891 Graeco

64 1905 230 1945 τύραννος,
269 1908 319 1945 qui
352 1909 448 1947 primo
477 1918 574 1945 rogem
605 1914 634 1936 et
662 1908 828 1949 principem
852 1909 968 1937 notavit
991 1913 1019 1937 et
1042 1914 1142 1948 postea
1166 1908 1197 1937 in
1219 1909 1325 1937 malam
1349 1913 1463 1947 partem
1487 1912 1622 1947 sumptus
1645 1912 1697 1938 est.
1743 1906 1818 1936 Vide
1842 1914 1916 1944 quae
1938 1904 2019 1942 apud

64 1951 222 1981 Horatium
245 1955 379 1980 nostrum
404 1951 551 1979 Gallicum
574 1951 743 1979 notavimus
767 1951 823 1979 Od.
840 1952 890 1982 35.
916 1950 963 1979 lib.
978 1951 998 1979 l.
1045 1950 1154 1980 Idem.
2018 1967 2022 1972 -

233 1993 343 2033 Tyria
372 1994 501 2023 maria.
532 1993 589 2033 (Ad
614 2004 642 2032 p.
656 1993 741 2030 270.)
774 1994 813 2023 lte
837 1993 943 2022 Poenis
966 1994 1047 2032 quod
1071 1994 1159 2023 maris
1182 1998 1316 2032 potentes
1340 1999 1454 2029 essent,
1487 1998 1592 2023 notum
1615 1997 1668 2025 est,
1715 1991 1787 2020 Inde
1812 1990 1900 2030 Tyria
1921 1990 2019 2018 maria

64 2036 228 2075 proverbio
257 2036 293 2063 de
322 2046 355 2065 re
385 2036 472 2064 valde
500 2036 668 2075 periculosa
696 2036 818 2065 dictum.
865 2036 937 2064 Vide
961 2037 1071 2067 Erasm.
1097 2037 1207 2066 Versus
1231 2036 1343 2065 Afranii
1372 2047 1432 2065 non
1456 2041 1543 2065 vacat
1567 2035 1683 2065 mendo.
1728 2033 1843 2073 Lipsius
1866 2032 2017 2072 Epistolic.

64 2079 186 2115 Quaest.
209 2079 263 2118 Ep.
283 2081 333 2110 20.
359 2079 488 2116 legebat:
524 2078 602 2107 Izunc
617 2078 748 2118 ferreum
775 2079 862 2119 Tyria
883 2079 979 2108 maria
1002 2081 1122 2108 conciet.
1166 2079 1200 2107 Id
1223 2084 1281 2115 est,
1311 2078 1392 2108 hunc
1414 2079 1562 2109 hominem
1586 2087 1723 2118 asperum
1745 2081 1772 2106 et
1794 2076 1873 2115 tangi
1897 2077 2016 2115 pericu-

63 2122 178 2158 losum,
202 2125 235 2150 ut
257 2121 349 2149 Maria
371 2122 469 2160 Tyria.
514 2121 572 2150 Sed
594 2120 666 2150 haec
690 2122 844 2150 manifesto
868 2126 971 2150 contra
995 2127 1120 2150 mentem
1145 2121 1231 2150 Festi.
1277 2122 1368 2159 Lego:

750 2163 812 2193 Hic
834 2175 931 2192 servus
952 2166 1048 2193 maria
1074 2165 1161 2203 Tyria
1185 2165 1305 2193 conciet.

64 2206 97 2236 Id
120 2210 181 2242 est,
203 2204 253 2233 hic
275 2215 378 2234 servus
401 2206 456 2234 sibi
480 2206 591 2235 excitat
614 2205 703 2234 maria
723 2207 830 2244 Tyria,
854 2217 914 2235 rem
939 2207 1026 2235 valde
1050 2208 1249 2245 periculosam
1274 2206 1462 2244 aggreditur,
1486 2216 1540 2235 suo
1563 2205 1618 2235 sibi
1641 2205 1773 2234 iumento
1796 2203 1903 2232 malum
1928 2209 2014 2238 quae-

62 2249 112 2279 rit.
145 2248 257 2277 Forsan
281 2253 310 2276 et
331 2249 374 2276 sic
397 2249 515 2277 melius:
539 2247 602 2277 Hic
619 2247 719 2288 Syrius
740 2250 835 2277 maria
856 2249 943 2289 Tyria
966 2250 1093 2286 conciet,
1119 2256 1150 2278 ut
1172 2249 1366 2288 proverbium
1389 2250 1428 2279 sit
1451 2249 1488 2278 ‹le
1511 2259 1560 2286 eo,
1584 2248 1635 2287 qui
1658 2247 1848 2287 congreditur
1870 2254 1935 2274 cum
1959 2251 2013 2278 PO-

61 2292 191 2322 tentiori.
226 2291 300 2319 Nam
324 2291 391 2329 Syri
414 2292 485 2320 olim
510 2291 643 2319 imbelles
666 2291 834 2320 audiebant.
880 2291 970 2322 Dae.

231 2333 413 2362 Tomitas.
459 2334 532 2362 Nam
554 2338 640 2362 toi-xe
665 2334 771 2362 Graeci
796 2332 955 2372 ταυρηὸὁν.
1010 2332 1171 2374 Ταυρηδὸν
1195 2334 1377 2375 ἐπιβλέπειν,
1408 2330 1498 2372 ὁρᾶν,
1530 2339 1615 2362 torve
1637 2332 1753 2361 intueri.
1797 2327 1883 2356 Dac-

230 2374 443 2406 Turbellas.
489 2377 581 2406 Plaut.
605 2376 635 2404 in
658 2377 805 2405 Pseudolo
830 2377 869 2415 (l,
896 2379 930 2413 1,
956 2377 1054 2416 108.):
1095 2376 1159 2415 Quo
1186 2385 1276 2417 pacto
1303 2385 1328 2406 et
1358 2384 1483 2418 quantas
1512 2375 1622 2405 soleam
1652 2370 1789 2403 turbellas
1817 2368 1895 2398 dare·
1925 2367 2011 2396 An!-

62 2418 156 2458 Aug.
190 2418 264 2447 Male
289 2419 321 2449 V.
345 2420 376 2449 C.
404 2417 539 2448 Turbela.
574 2418 598 2447 A
623 2418 707 2448 turba
731 2418 873 2455 turbella,
897 2424 928 2448 ut
951 2430 965 2448 a
987 2418 1114 2459 populus
1134 2419 1284 2459 popellus,
1308 2420 1425 2456 umbra,
1449 2417 1577 2448 umbella
1601 2423 1655 2447 etc.
1702 2415 1786 2443 Dac-
