2263 2668
500 140 565 174 DE
592 136 985 174 SIGNIFICATIONE
1013 137 1300 176 VERBORUM.
1354 135 1501 173 LIBER
1525 135 1634 170 XVII.
1970 139 2044 175 691

90 232 259 273 sarpiculis.
294 233 362 262 Non
381 233 475 272 igitur
497 239 567 262 sunt
589 243 606 262 a
628 231 781 272 sirpando.
801 230 893 261 Dae.
929 229 1096 261 Sarmenta.
1128 231 1214 262 Adde
1234 233 1254 262 l.
1268 232 1319 265 55.
1343 231 1411 270 §.4
1425 230 1456 259 ff.
1478 229 1516 260 de
1536 230 1624 268 legat.
1639 231 1670 262 3.
1707 229 1845 260 Glosaae:
1874 232 1972 271 κλῆμα
1991 229 2046 273 βό-

89 288 162 316 τρυς
183 277 266 316 ἕχον,
291 275 419 306 Palmes.
458 279 567 316 Κλῆμα
590 274 702 315 ξηρόν,
727 274 920 304 Sarmentum.
959 273 1033 303 Vide
1056 275 1088 302 in
1113 273 1301 315 Sarpiuntur.
1347 273 1455 304 Goth.

258 326 379 357 Sarte.
424 327 540 358 Charis.
563 327 614 357 lib.
627 327 663 355 ll.
700 325 869 364 Porphyrio
893 334 930 353 ex
953 324 1058 354 Verrio
1081 331 1111 355 et
1133 326 1229 356 Festo.
1273 326 1308 356 In
1331 322 1541 366 auguralibus,
1570 323 1684 362 inquit,
1714 322 1800 353 libris
1818 324 1864 353 ita
1885 332 1942 354 est:
1976 336 2046 354 sane

91 376 231 410 sorteque.
261 370 350 401 Ant.
373 370 470 410 Aug.
515 369 606 399 Sarta
631 376 709 398 tecta
733 369 852 397 Graecis
875 368 1043 396 oratoribus
1067 373 1096 397 et
1118 369 1184 398 aliis
1207 369 1321 398 dictum
1343 368 1505 401 ἔπισκευαί.
1550 366 1589 395 At
1611 366 1725 395 Glossis
1747 363 1940 407 ὖποῤῥαφαί,
1975 368 2046 407 quia

92 415 121 441 et
142 411 260 442 Sarcire
282 418 325 441 est
353 411 486 453 ῥάπτειν.
528 414 562 442 ln
590 413 737 440 locatione
767 419 890 451 operum
917 410 1127 449 publicorum,
1166 421 1242 451 quae
1271 412 1359 442 fiebat
1388 413 1452 450 lege
1475 409 1632 446 Censoris,
1667 414 1785 439 certum
1814 415 1874 448 est,
1909 410 2046 440 additum

92 455 198 485 fuisse:
221 454 372 484 Porticum
393 463 503 485 sartam
526 462 632 484 tectam
652 453 783 494 produit.
828 452 929 484 Scal.

258 504 385 538 Sarra.
430 505 532 545 virgil.
555 506 655 537 lib.11.
681 507 787 544 Georg.
811 506 923 543 (506.):

676 556 714 586 Ut
733 568 848 597 gemma
872 555 953 585 bibat
975 562 1001 584 et
1025 553 1155 587 Sarrano
1179 555 1309 586 dormiat
1332 564 1419 586 ostro.

92 605 213 635 Servius
237 607 356 646 Tyriam
386 619 551 648 purpuram
578 609 808 647 interpretatur,
847 607 926 646 quod
948 608 1043 646 Tyros
1066 608 1154 636 Sarra
1176 608 1256 636 dicta
1279 608 1316 636 sit
1339 618 1354 636 a
1376 608 1458 646 pisce
1480 605 1539 636 Sar
1561 605 1720 645 appellato.
1763 606 1812 634 Sic
1835 607 1980 635 Sarranae
2001 606 2044 635 ti-

92 648 158 677 biae
181 649 292 687 dictae,
316 652 365 681 vel
387 653 510 690 Tyriae,
534 652 581 679 vel
606 653 770 680 Africanae.
813 650 926 679 Probus
949 650 1075 679 Ennium
1099 651 1139 679 ait
1161 650 1272 678 dixisse
1296 651 1408 679 Poenos
1431 651 1519 678 Sarra
1543 648 1700 685 oriundos,
1723 647 1754 676 id
1778 653 1821 677 est
1843 649 1934 686 Tyro.
1956 648 2044 678 Ant.

92 691 185 731 Aug.
222 692 314 721 Sarra
334 694 417 733 prius
439 693 553 731 insula,
582 705 657 733 quae
680 705 757 723 nunc
779 692 885 733 Epiros
906 700 954 723 est.
994 691 1039 721 Ita
1063 693 1149 731 plane
1172 693 1293 732 scripsit
1316 693 1429 722 Festus,
1466 691 1617 730 Significat
1640 691 1724 730 prius
1747 690 1843 719 insula
1867 700 1933 719 cum
1959 695 2044 727 esset,

92 740 197 773 postea
219 745 288 764 cum
310 737 346 764 ab
370 737 543 765 Alexandro
567 737 772 774 obsideretur,
809 734 1007 774 ἠπειρώσθαι.
1053 736 1126 764 Nota
1157 746 1191 764 ac
1220 736 1345 764 celebris
1372 734 1508 763 historia.
1552 734 1665 762 Nomen
1695 733 1753 761 hoc
1781 733 1964 771 incognitum
1987 733 2046 763 fuit

94 775 225 807 Graecis,
260 778 349 815 Nam,
375 784 409 808 ut
432 780 500 819 Syri
525 780 594 818 ipsi,
618 780 768 808 vocabant
790 779 901 818 Tyron.
937 779 974 807 At
997 777 1159 807 Phoenices
1183 779 1345 817 antiquitus
1369 777 1427 807 Sor
1451 777 1594 806 dicebant.
1634 777 1746 805 Eorum
1769 776 1867 804 coloni
1891 775 2046 813 Carthagi·

93 819 208 848 nienses
230 821 332 850 eadem
355 822 455 860 lingua
479 827 594 851 utentes
617 821 676 850 Sar
697 827 854 851 vocarunt.
895 821 938 850 Ab
960 821 1018 850 illis
1042 821 1212 850 didicerunt
1236 820 1370 849 Romani.
1413 821 1495 848 Unde
1518 819 1629 848 Ennius
1650 819 1766 847 Poenos
1789 820 1877 847 Sarra
1902 818 2044 847 oriundos

94 860 186 900 dixit,
215 862 275 892 hoc
299 869 341 893 est
363 865 453 904 Tyro.
499 865 713 894 Obsolescente
737 865 925 901 Hebraismo,
957 863 1037 903 quod
1060 864 1156 892 fuerat
1180 864 1290 892 idioma
1314 863 1511 899 Phoenicum,
1541 862 1609 901 Syri
1632 872 1686 900 pro
1712 859 1785 898 Sor,
1811 861 1874 889 Tur
1894 860 2045 899 dlxerunt,

94 906 224 944 primum
249 906 318 945 quia
342 906 418 936 Sade
441 912 470 937 et
492 908 543 936 Sin
566 907 666 936 literas
689 913 804 936 mutant
826 908 856 936 in
879 907 959 943 Tau,
990 906 1095 935 deinde
1117 907 1185 945 quia
1209 907 1267 946 ipsi
1291 917 1349 934 non
1370 910 1496 935 utuntur
1515 904 1557 944 Ο,
1586 905 1637 934 sed
1663 914 1718 943 pro
1741 914 1775 933 ea
1794 903 1934 933 Usolent
1956 913 2046 932 usur-

94 957 176 986 pare.
220 948 279 985 Qui
302 951 422 989 utrique
446 951 564 989 linguae
588 961 710 990 operam
733 950 895 987 dederunt,
919 949 1016 978 sciunt
1039 960 1085 978 me
1109 959 1211 978 verum
1235 949 1327 988 loqui.
1374 947 1477 978 Scal.

261 999 436 1030 Sardare.
481 1002 607 1032 Sardare
630 1013 686 1041 pro
709 1002 875 1040 intelligere
899 1006 927 1031 et
949 1001 1036 1030 Sardi
1058 1001 1273 1038 intelligentes,
1298 999 1405 1030 callidi.
1440 1000 1463 1028 A
1487 998 1588 1027 Sardis
1612 998 1733 1037 populis
1758 997 1853 1033 sorte,
1877 996 1929 1035 qui
1951 997 2046 1025 versi-

94 1042 188 1082 pelles
209 1043 378 1073 audiebant.
401 1044 482 1074 Dac
484 1067 660 1075 ......
682 1043 842 1084 intelligere
864 1067 871 1074 .
897 1067 905 1074 .
929 1067 937 1074 .
970 1043 1118 1072 schedae:
1156 1042 1287 1071 Sardare
1308 1042 1469 1081 intelligere
1490 1042 1650 1081 significat.
1694 1039 1824 1069 Naevius
1847 1038 1917 1068 belli
1937 1038 2046 1069 Punici

94 1083 171 1114 libro
195 1107 204 1114 .
229 1108 237 1116 .
263 1107 270 1116 .
295 1085 376 1127 quod
398 1086 476 1116 bruti
497 1099 550 1117 nec
571 1088 644 1116 satis
666 1086 784 1116 sar-dari
807 1095 922 1127 queunt.
966 1088 1053 1116 Deest
1074 1091 1189 1115 tantum
1215 1096 1351 1114 numerus
1374 1085 1453 1114 libri.
1496 1084 1585 1114 Dac.

262 1127 377 1158 Sardi
398 1129 559 1159 venales.
582 1129 643 1170 (Ad
660 1141 689 1169 p.
702 1129 790 1170 252.)
815 1130 878 1158 vid.
903 1129 1055 1158 Plutarch.
1078 1129 1110 1157 in
1134 1128 1280 1157 Problem.
1304 1130 1341 1164 (c.
1354 1131 1405 1160 53.
1421 1129 1504 1155 Rom.
1522 1126 1676 1162 Quaestt.).
1713 1124 1815 1153 Utitur
1838 1123 1898 1152 hoc
1920 1133 2047 1163 prover-

94 1169 146 1198 bio
170 1169 276 1199 Cicero
306 1171 335 1199 in
358 1172 451 1211 Epist.
474 1173 511 1201 ad
535 1168 657 1201 Fabium
683 1171 800 1201 Gallum
831 1171 918 1213 (Vll,
943 1171 1028 1212 24.):
1064 1170 1166 1200 Habes
1190 1169 1304 1199 Sardos
1333 1168 1460 1206 venales,
1497 1168 1588 1198 alium
1619 1166 1680 1196 alio
1710 1167 1883 1207 nequiorem.
1927 1165 2046 1202 Quibus

95 1212 196 1242 verbis
224 1213 431 1253 interpretatio
454 1215 606 1254 Capitonis
628 1216 778 1244 Ciceronis
807 1215 986 1243 auctoritate
1018 1214 1218 1243 confirmatur.
1264 1214 1323 1242 Sed
1353 1213 1434 1251 quod
1462 1211 1573 1240 dicitur
1597 1208 1766 1239 Gracchum
1789 1208 1920 1238 Faltonis
1950 1209 2046 1237 colle-

95 1266 161 1294 gam
184 1256 290 1292 fuisse,
319 1267 446 1296 eumque
469 1258 505 1286 de
528 1258 627 1286 Sardis
650 1257 866 1296 triumphasse,
898 1258 1005 1286 salsum
1030 1262 1082 1288 est.
1128 1256 1165 1284 Hi
1189 1256 1266 1285 enim
1290 1256 1427 1284 consules
1451 1255 1571 1283 suerunt
1593 1264 1669 1282 anno
1694 1252 1783 1280 DXV.
1826 1252 1854 1280 Is
1877 1261 1965 1287 vero,
1995 1250 2047 1289 qui

95 1298 307 1338 triumphavit,
343 1301 471 1338 collegas
499 1300 604 1328 habuit
633 1301 662 1328 in
694 1301 791 1339 primo
815 1300 973 1328 consulatu
997 1300 1028 1330 C.
1052 1298 1207 1328 Claudium
1231 1298 1407 1334 Pulchrum,
1443 1297 1474 1325 in
1496 1297 1628 1325 secundo
1651 1296 1689 1323 M.
1712 1294 1879 1323 Iuventium
1901 1293 2047 1322 Thalnam

95 1341 179 1369 annis
204 1341 360 1371 DLXXVI.
381 1348 409 1371 et
434 1344 518 1370 DXC.
542 1353 557 1372 e
580 1342 664 1371 fastis
688 1342 871 1381 Capitolinis.
916 1343 1046 1377 Plinius,
1083 1342 1145 1371 sive
1176 1341 1242 1381 quis
1263 1342 1353 1378 alius,
1392 1341 1443 1379 qui
1467 1340 1588 1378 scripsit
1611 1338 1744 1366 libellum
1767 1337 1804 1365 de
1826 1337 1900 1365 viris
1923 1335 2048 1365 illustri-

95 1384 168 1420 bus,
195 1383 349 1423 Capitonis
371 1384 649 1423 interpretationem
672 1386 757 1423 sequi
780 1385 901 1413 videtur
924 1386 961 1421 (c.
974 1387 1029 1421 57,
1054 1386 1094 1422 2.)
1118 1384 1147 1412 in
1171 1384 1332 1424 proverbio
1356 1382 1544 1422 explicando.
1590 1381 1671 1410 Licet
1692 1379 1790 1408 nescio
1815 1389 1890 1418 quos
1913 1383 2048 1407 auctores

94 1429 216 1455 secutus
245 1425 324 1455 dicat
348 1427 517 1456 Gracchum
541 1428 711 1457 Praetorem
736 1427 861 1456 Galliam
891 1427 1069 1463 obtinuisse,
1107 1427 1202 1465 primo
1231 1427 1390 1455 consulatu
1420 1425 1606 1464 Hispaniam,
1643 1423 1736 1452 altero
1760 1422 1934 1450 Sardinia-m.
1963 1421 2048 1451 Ant.

95 1469 189 1507 Aug.
232 1467 322 1497 Sardi
350 1469 481 1507 venales,
517 1470 573 1499 hoc
598 1478 638 1498 est
660 1470 737 1499 alius
759 1469 821 1499 alio
844 1471 980 1509 nequior,
1019 1481 1059 1498 ea·
1081 1469 1137 1498 hoc
1159 1477 1259 1498 natum
1281 1467 1465 1509 proverbium
1487 1466 1616 1502 videtur,
1655 1464 1735 1506 quod
1757 1463 1836 1493 ludis
1861 1462 2047 1503 Capitolinis,

95 1511 148 1552 qui
158 1511 242 1550 fiunt
259 1522 276 1538 a
291 1511 406 1540 vicanis
426 1514 630 1552 praetextatis,
653 1513 752 1541 auctio
771 1511 934 1540 Veientium
948 1513 1021 1551 fieri
1043 1510 1133 1549 solet,-
1160 1511 1191 1540 in
1215 1523 1273 1551 qna
1295 1511 1470 1540 novissimus
1491 1511 1531 1546 is,
1556 1510 1607 1549 qui
1623 1508 1750 1537 omnium
1768 1506 1954 1542 deterrimus,
1975 1516 2049 1545 pro-

97 1552 215 1583 ducitur
236 1564 253 1580 a
274 1564 420 1594 praecone
441 1556 471 1583 in
495 1554 620 1582 medium
643 1565 734 1583 senex
757 1565 822 1583 cum
847 1561 915 1593 toga
937 1561 1095 1593 praetexta
1116 1559 1173 1582 etc.
1216 1553 1395 1592 Capitoli-nis
1416 1553 1497 1581 ludis
1520 1551 1727 1590 supplevimus
1750 1560 1786 1578 ex
1810 1548 1988 1584 Plutarcho,
2013 1547 2050 1576 de

96 1596 206 1635 quibus
229 1601 347 1634 praeter
369 1597 441 1625 alios
465 1597 563 1625 Livius
585 1597 662 1625 libro
680 1596 713 1625 V.
737 1597 774 1632 (c.
788 1597 860 1635 50.).
908 1597 948 1625 De
972 1596 1166 1635 praetextatis
1189 1596 1303 1624 vicanis
1326 1596 1396 1624 vide
1418 1605 1509 1634 supra
1530 1595 1561 1623 in
1581 1593 1749 1622 Praete-vta.
1793 1592 1866 1620 Nam
1890 1596 1919 1621 et
1941 1590 1991 1619 hic
2013 1599 2051 1619 ex

97 1649 132 1667 eo
154 1638 221 1666 loco
246 1648 406 1676 cognosces
428 1640 555 1675 vicanis,
579 1649 639 1667 non
662 1639 767 1667 vicinis
788 1638 945 1677 legendum
969 1649 1048 1674 esse,
1071 1643 1103 1666 et
1125 1639 1167 1666 ibi
1189 1649 1225 1667 ex
1249 1638 1307 1667 hoc
1330 1638 1454 1666 vicanos
1477 1647 1539 1666 esse
1561 1636 1621 1665 vici
1645 1636 1810 1673 magis-tros
1854 1634 1941 1663 Potes
1964 1633 2051 1662 etiam

96 1681 210 1719 legere:
250 1679 308 1718 Qui
319 1681 402 1721 fiunt
425 1692 443 1709 a
464 1682 578 1710 vicanis
601 1689 626 1710 et
648 1682 798 1720 magistris
820 1680 946 1720 collegii.
977 1679 1075 1710 Scal.
1118 1681 1161 1709 Ita
1190 1681 1252 1710 fere
1275 1681 1312 1709 ad
1335 1680 1459 1709 verbum
1485 1678 1660 1708 Plutarchus
1683 1679 1713 1706 in
1737 1677 1968 1713 Quaestionibus
1990 1676 2052 1704 Ro-

98 1722 191 1752 manis
214 1728 328 1761 quaest.
343 1725 394 1755 53.
416 1723 503 1753 Dae.
533 1723 565 1752 A
587 1724 691 1753 vicinis
710 1725 914 1763 praetextatis,
949 1724 1038 1761 Lege:
1062 1733 1081 1750 a
1097 1723 1218 1752 vicanis.
1249 1723 1312 1752 Hoc
1336 1729 1380 1752 est
1402 1723 1537 1751 vicorum
1561 1721 1726 1758 magistris,
1750 1720 1816 1759 qui,
1840 1718 1976 1758 quamvis
1992 1728 2052 1747 ma-

97 1763 236 1804 gistratus
259 1776 319 1794 non
342 1771 443 1801 erant,
481 1765 569 1794 ludos
591 1766 738 1794 faciebant
761 1764 957 1805 praetextati,
994 1771 1027 1794 ut
1051 1776 1086 1794 ex
1110 1767 1203 1794 Cicer.
1227 1770 1254 1794 et
1277 1766 1362 1794 Livio
1385 1770 1489 1794 notum
1513 1769 1566 1793 est.
1614 1763 1685 1792 Vide
1713 1773 1803 1801 supra
1826 1762 1857 1790 in
1881 1760 2052 1792 Praetexta.

98 1804 209 1837 Idem.
238 1807 316 1846 Quia
334 1807 426 1837 Sardi
448 1807 644 1848 appellantur.
676 1809 768 1846 Lego:
796 1807 854 1846 Qui
872 1806 963 1836 Sardi
984 1806 1179 1847 appellantur.
1202 1805 1315 1838 Idem.
1350 1806 1516 1846 Tyrrhenus
1538 1807 1621 1835 enim.
1655 1804 1728 1834 Vide
1744 1804 1918 1843 Tyrrhenos.
1942 1801 2052 1832 Iclem.

97 1852 144 1881 At
165 1849 287 1879 Sinnius
310 1849 427 1890 Capito.
465 1852 542 1879 Haec
565 1851 717 1890 Capitonis
741 1851 946 1889 interpretatio
968 1852 1030 1879 eius
1054 1852 1247 1886 auctoritate,
1272 1851 1323 1889 qui
1346 1850 1478 1879 libellum
1503 1849 1538 1877 de
1561 1849 1634 1877 viris
1657 1847 1825 1876 illustribus
1849 1845 1958 1882 edidit,
1981 1854 2052 1873 con-

97 1892 244 1922 firmatur.
280 1891 429 1931 Tiberius,
452 1893 565 1932 inquit,
590 1894 778 1932 Sempronius
802 1892 953 1922 Gracchus
971 1900 1092 1932 praetor
1119 1891 1251 1922 Galliam
1276 1892 1404 1929 domuit,
1432 1890 1537 1921 consul
1557 1890 1757 1930 Hispaniam,
1783 1888 1875 1918 altero
1898 1885 2054 1917 consulatu

99 1935 283 1966 Sardiniam.
317 1935 503 1976 Tantumque
525 1936 707 1975 captivorum
731 1934 878 1971 adduxit,
902 1943 932 1964 ut
955 1934 1045 1975 longa
1068 1934 1232 1964 venditione
1255 1948 1298 1964 res
1320 1937 1350 1964 in
1371 1933 1556 1975 proverbium
1579 1934 1703 1962 veniret.-
1727 1930 1820 1961 Sardi
1835 1928 1958 1960 venales.
1986 1929 2053 1957 Hoc

99 1978 260 2018 proverbio
283 1988 353 2007 usus
377 1984 420 2007 est
443 1979 546 2007 Cicero
571 1978 695 2017 Epistol.
712 1980 764 2010 24.
786 1978 837 2008 lib.
852 1978 931 2008 V11.:
960 1976 1064 2006 Habes
1087 1976 1199 2007 Sardos
1228 1977 1359 2014 venales,
1389 1976 1482 2006 alium
1507 1975 1569 2005 alio
1592 1975 1766 2016 nequiorem,
1807 1974 1911 2009 Quare
1933 1972 2053 2001 minime

99 2021 228 2050 Meursio
252 2021 414 2058 assentior,
438 2021 489 2060 qui
512 2021 629 2059 legebat
651 2019 745 2050 Sardi
765 2019 895 2049 vernales
917 2021 934 2049 i.
956 2030 979 2048 e.
1002 2019 1137 2048 homines
1160 2021 1349 2059 nequissimi,
1377 2020 1429 2058 qui
1451 2029 1558 2048 vernas
1581 2023 1610 2047 et
1633 2027 1735 2046 servos
1757 2017 1922 2046 vincerent.
1967 2013 2052 2043 Sardi

98 2065 176 2094 enim
199 2063 399 2092 vetustissima
422 2064 522 2102 lingua
546 2063 649 2092 Latina
672 2063 845 2102 versipelles
868 2068 897 2092 et
919 2062 1037 2098 callidi,
1073 2073 1089 2091 a
1112 2061 1250 2101 sardare,
1285 2063 1466 2101 intelligere,
1497 2062 1616 2091 callere.
1661 2060 1779 2099 Absque
1801 2058 1893 2088 dubio
1915 2068 1984 2087 vera
2008 2061 2052 2085 est

99 2107 251 2146 Capitonis
273 2106 431 2136 sententia.
476 2105 585 2135 Idem.

265 2148 427 2178 Sarcito.
470 2149 566 2177 Verba
590 2147 661 2176 XII:
688 2146 723 2175 Si
744 2146 909 2188 quadrupes
930 2148 1095 2187 pauperiem
1107 2146 1220 2188 faxit,
1247 2146 1383 2177 dominus
1404 2147 1531 2183 sarcito,
1552 2155 1687 2175 nou-acue
1708 2142 1817 2174 dedito.
1856 2141 1929 2171 Item
1952 2163 1960 2170 .
1982 2162 1990 2169 .
2011 2162 2019 2169 .
2042 2161 2049 2169 .

99 2191 224 2230 rupitias
248 2212 255 2220 .
281 2213 288 2220 .
315 2213 322 2220 .
347 2214 355 2221 .
379 2191 498 2221 sarcito.
550 2191 605 2219 Ubi
635 2190 745 2218 sarcire
775 2196 819 2219 est
848 2191 1057 2219 detrimentum
1089 2195 1259 2229 praesta-re,
1294 2199 1506 2229 compensare,
1539 2199 1555 2217 a
1583 2187 1718 2217 vestibus
1748 2186 1838 2215 ducta
1868 2182 2050 2221 metaphora,

100 2242 177 2272 quae
199 2233 322 2272 proprie
343 2234 450 2263 sarciri
471 2234 630 2269 dicuntur,
668 2243 734 2260 cum
764 2232 880 2262 lacerae
907 2233 1093 2263 reficiuntur.
1137 2233 1209 2262 Inde
1238 2240 1315 2262 sorte
1336 2234 1366 2262 in
1384 2231 1582 2270 augin-atibus
1605 2234 1651 2259 est
1673 2240 1727 2268 pro
1750 2230 1867 2268 integre.
1911 2227 1947 2255 Et
1969 2230 2051 2253 sarta

100 2282 178 2305 tecta
197 2276 229 2304 in
252 2276 451 2305 locationibus
473 2276 622 2312 solennia,
645 2273 704 2303 hoc
726 2279 769 2304 est
791 2277 920 2315 in’tegra,
944 2275 1012 2304 vide
1037 2274 1131 2305 Sarte.
1154 2275 1245 2306 Duc.
1291 2276 1357 2304 Dixi
1381 2275 1418 2304 ad
1439 2276 1518 2312 leges
1541 2273 1606 2302 XII.
1629 2273 1699 2302 Tab.
1747 2269 1852 2301 Goth.

267 2316 578 2358 sardanapalus.
603 2317 662 2357 (Ad
686 2328 715 2357 p.
727 2317 811 2357 253.)
835 2319 935 2347 lustin.
958 2318 1009 2349 lib.
1023 2318 1043 2347 I.
1066 2328 1133 2356 cap.
1146 2321 1193 2349 Sa
1230 2317 1395 2347 Postremus
1415 2315 1498 2358 apud
1514 2327 1568 2345 eos
1589 2313 1754 2355 (Assyrios)
1775 2310 1903 2351 regnavit
1925 2306 2050 2337 Sarda-

101 2357 241 2398 napalue,
262 2361 309 2388 vir
328 2360 449 2390 muliere
471 2362 644 2400 corruptior.
676 2359 732 2389 Ad
751 2360 828 2390 hunc
841 2359 1018 2397 videndum,
1040 2359 1123 2401 quod
1144 2361 1253 2390 nemini
1274 2369 1342 2390 ante
1362 2372 1425 2390 eum
1444 2360 1617 2399 permissum
1629 2358 1751 2399 fuerat,
1770 2351 1934 2394 pmfifflffl
1947 2350 2049 2390 ipah-⁹9

104 2401 204 2431 Medis
222 2405 422 2442 praepositus,
446 2405 562 2434 nomine
581 2402 732 2439 Arbacen,
764 2413 829 2432 oum
844 2402 969 2433 utimini
989 2413 1099 2443 magna
1118 2403 1280 2433 ambitione
1301 2415 1385 2444 aegre
1402 2401 1593 2438 obtinuisset,
1612 2400 1725 2429 m'nvenit
1746 2407 1807 2425 eum
1830 2396 1905 2423 inter
1927 2399 2048 2422 scorto-

1492 2454 1651 2486 Ssss*
