2263 2668
560 136 625 170 DE
651 135 1038 171 SIGNIFICATIONE
1069 134 1353 169 VERBORUM.
1415 134 1560 168 LIBER
1586 135 1612 169 Ι.
1989 136 2062 170 341

103 238 188 271 quet,
221 241 308 270 quam
333 240 388 259 cur
410 230 518 259 Istrum
544 229 730 268 Danubium,
761 229 922 258 Eridanum
945 229 1078 265 Padum,
1108 227 1226 257 Ararim
1250 229 1404 266 Sagonam.
1436 226 1537 257 Scal.
1582 228 1744 267 Aethiopas
1767 238 1816 257 eos
1839 228 1986 267 intellige,
2011 230 2064 268 quj

102 276 134 304 in
158 275 284 313 Aegypti
307 279 393 312 parte
416 273 486 301 olim
509 271 699 309 habitarunt,
728 272 807 301 unde
831 278 860 301 et
882 273 1032 311 Aegyptus
1054 275 1116 300 tota
1140 271 1296 310 Aethiopia
1320 270 1471 309 quondam
1494 270 1573 299 dicta
1596 276 1648 301 est.
1693 271 1782 301 Dae.

265 314 530 346 Advelitatio.
576 316 695 344 Plautus
719 314 817 354 (Asin.
835 316 878 351 ΙΙ,
902 318 936 352 2,
959 315 1045 351 41.):
1085 312 1292 342 Velitationem
1315 313 1409 342 verbis
1433 312 1587 352 compendi
1597 314 1671 353 fieri
1690 312 1768 342 volo.
1801 312 1905 344 Scal.
1953 314 2064 342 Velita-

101 360 145 388 tio
169 364 198 388 et
222 358 400 387 Advelitatio
423 358 519 387 levior
542 363 571 386 et
593 358 760 386 umbratilis
790 357 932 396 quaedam
962 356 1128 392 dimicatio,
1167 367 1182 384 a
1205 357 1362 393 velitibus,
1401 357 1454 394 qui
1483 362 1567 385 erant
1589 357 1663 385 levis
1686 361 1852 385 armaturae
1875 356 2000 391 milites,
2033 357 2063 384 in

102 402 166 431 acie
189 402 285 442 prima
310 401 469 436 collocati,
503 405 533 428 ut
556 401 652 429 levem
676 410 804 439 pugnam
829 402 954 437 cierent,
980 405 1137 437 antequam
1160 398 1253 427 coiret
1276 399 1434 428 exercitus.
1479 399 1551 428 Inde
1573 399 1611 428 ad
1633 398 1725 437 litigia
1748 403 1776 428 et
1798 399 1893 437 iurgia
1916 399 2065 428 transfer-

101 449 158 474 tur.
204 444 327 473 Plautus
351 444 382 472 in
406 443 548 472 Rudente
573 443 630 482 (Π,
653 446 688 480 6,
712 443 794 481 41.):

686 484 828 525 Equidem
849 497 894 513 me
916 483 957 513 ad
978 483 1176 513 velitationem
1199 494 1331 520 exerceo,

683 527 763 556 Nam
788 528 887 556 omnia
912 538 1036 556 corusca
1056 537 1128 566 prae
1151 533 1272 555 tremore
1283 523 1424 567 fabulor.

102 570 194 600 Dac.
234 569 345 599 Velites
367 568 515 598 dicuntur.
561 570 646 598 Certe
668 569 743 598 haec
766 581 825 598 non
849 575 917 599 sunt
934 570 1028 605 Festi,
1061 569 1113 597 sed
1136 568 1254 597 barbari
1278 568 1482 605 racematoris,
1517 569 1566 606 qui
1589 579 1649 597 non
1671 567 1820 604 meminit,
1850 568 1920 596 alibi
1944 568 2062 596 Festum

104 613 210 642 velites
233 613 348 641 velatos
373 612 490 640 dixisse.
521 611 595 640 Vide
616 611 714 642 velati.
739 613 793 641 Da
805 624 829 642 c.
866 611 993 642 Iactatio
1017 610 1162 652 quaedam
1184 610 1345 642 verborum.
1382 611 1505 639 Iactatio
1530 611 1676 650 quaedam
1698 610 1887 650 probrorum.
1924 610 1965 639 Ita
1990 610 2064 648 legi—

104 660 156 684 tur
177 655 257 683 infra
280 656 312 683 in
335 654 467 683 dictione
496 653 646 685 Velitatio.
685 655 769 684 Adde
793 655 920 684 Nonium
942 655 975 683 in
1001 654 1153 684 Velitatio.
1201 652 1308 684 Goth.

267 697 431 727 Auctor.
476 697 551 725 Iuno
583 698 664 737 apud
687 698 856 735 Virgilium:
896 698 1015 727 Auctor
1043 708 1095 736 ego
1123 695 1260 725 audendi.
1304 697 1407 735 Neque
1435 697 1531 725 solum
1555 701 1676 733 auctor,
1715 695 1766 724 sed
1789 700 1819 724 et
1841 695 1896 723 alia
1921 694 2064 733 pleraque

103 739 203 768 omnia
223 740 366 768 verbalia.
411 740 539 768 Ovidius
563 740 697 780 (Heroid.
711 741 796 776 XVI,
821 739 923 776 114.):

727 782 858 822 Sponsor
881 783 1012 822 coniugii
1033 789 1092 810 stat
1113 781 1177 810 Dea
1199 782 1281 822 picta
1304 783 1359 812 sui.

103 824 161 853 bed
185 824 258 862 quid
281 824 443 864 longinqua
466 826 668 863 requirimus?
708 826 785 854 Ecce
816 825 904 854 obvia
933 835 1048 864 semper
1075 834 1135 853 vox
1166 836 1245 853 uxor
1274 829 1317 853 est
1346 823 1479 852 seminini
1503 823 1626 861 generis.
1677 823 1784 851 Unoeor
1808 822 1966 851 dicendum
1990 825 2061 857 erat,

102 877 159 907 pro
183 872 303 896 unctor.
348 868 501 896 Eiusmodi
525 869 603 897 enim
629 873 712 897 erant
733 868 866 897 verbalia
890 869 970 907 apud
992 873 1124 904 veteres,
1160 878 1242 896 uxor
1263 878 1319 906 pro
1343 874 1463 902 unctor,
1494 867 1584 905 pacio
1606 876 1660 904 pro
1681 865 1793 904 pactio.
1837 865 1881 893 Ita
1906 865 1986 892 dicta
2010 869 2063 899 est,

103 910 173 948 quia
197 909 287 948 adipe
310 910 413 950 lupino
435 915 537 950 postes
560 912 630 940 novi
653 910 754 940 mariti
776 916 908 949 ungeret.
945 911 1002 939 Sed
1025 915 1054 939 et
1073 909 1237 948 Aeschylus
1259 909 1349 949 τύχην
1373 911 1491 948 σωτῆρα
1514 908 1592 937 dixit
1612 909 1643 936 in
1663 909 1882 946 Agamemnone
1905 906 1946 946 (v.
1960 905 2062 945 650.)=

731 950 816 993 Τύχη
841 954 871 984 ὀὲ
896 951 993 992 σωτήρ
1021 949 1218 983 ναυστολοῦσ’
1242 953 1369 990 ἐφέζετο.

103 994 193 1030 Quod
218 1004 288 1023 sane
311 995 429 1024 silentio
453 996 702 1034 praetereundum
727 1007 785 1024 non
809 1001 881 1025 erat.
912 995 1011 1025 Scal.
1056 996 1144 1024 Ovid.
1158 995 1207 1026 IV.
1231 995 1307 1025 Fast.
1331 994 1448 1032 (lib.V,
1474 993 1574 1032 192.):
1610 991 1729 1031 Optima
1752 999 1783 1020 tu
1803 991 1917 1031 proprii
1938 991 2064 1019 nominis

103 1044 210 1066 auctor
223 1038 289 1066 eris.
313 1038 402 1068 Dae.
432 1038 562 1067 Pessime
586 1043 701 1074 errant,
723 1040 773 1077 qui
799 1039 976 1067 vocabulum
1001 1038 1059 1067 hoc
1083 1038 1222 1067 derivant
1245 1038 1281 1067 ab
1305 1048 1414 1076 auge05
1438 1036 1511 1075 quid
1534 1036 1611 1064 enim
1633 1036 1743 1064 faciant
1763 1033 1910 1062 vocabulo
1932 1040 2062 1069 autumo,

103 1079 186 1118 quod
207 1080 308 1108 nativa
329 1080 541 1118 significatione
571 1081 745 1120 simpliciter
773 1087 818 1110 est
848 1081 939 1110 dico?
977 1082 1051 1109 Nam
1081 1089 1249 1115 autumare,
1287 1090 1447 1119 procusum
1478 1084 1511 1107 ut
1536 1086 1712 1114 aestumare,
1749 1087 1813 1105 cum
1838 1076 1956 1104 nomine
1978 1082 2064 1104 autor

101 1122 241 1161 proxime
264 1128 422 1161 cognatum
448 1134 526 1160 esse,
550 1123 603 1152 vix
627 1124 737 1163 poterit
760 1125 868 1161 negari.
914 1125 1082 1162 Utrumque
1105 1129 1203 1153 autem
1227 1123 1381 1152 descendit
1404 1133 1420 1151 a
1440 1121 1589 1150 Sanscrita
1612 1130 1686 1149 voce
1710 1118 1785 1148 ukti
1807 1129 1882 1157 quae
1906 1128 2063 1147 sermonem

103 1164 266 1203 significat,
290 1166 320 1194 id
344 1170 459 1194 mutato
482 1165 590 1194 suffixo
613 1165 706 1203 uktri,
732 1167 813 1205 quod
836 1177 891 1206 per
914 1166 1073 1195 Vriddhim
1096 1166 1250 1205 inditaque
1272 1166 1402 1195 flexione
1425 1165 1528 1193 Latina
1551 1164 1583 1192 fit
1606 1170 1718 1192 auctor.
1763 1161 1822 1197 Qui
1845 1160 1992 1189 Sanscrite
2013 1160 2062 1188 in-

102 1207 260 1245 telligunt,
297 1219 343 1236 me
365 1219 435 1237 vera
459 1209 557 1237 dicere
580 1210 687 1240 sciunt.
733 1210 791 1238 Sed
818 1214 916 1238 tamen
939 1215 973 1238 ut
995 1219 1042 1238 res
1065 1209 1251 1238 manifestior
1273 1213 1428 1248 appareat,
1465 1206 1539 1235 haec
1562 1206 1680 1236 addam.
1724 1205 1761 1234 Ut
1782 1215 1797 1232 a
1821 1203 1971 1232 Sanscrito
1991 1202 2064 1242 pitri

102 1250 207 1278 Latine
228 1250 262 1278 fit
280 1252 357 1290 piter
377 1256 406 1279 et
427 1256 529 1289 pater,
553 1262 570 1279 a
592 1252 696 1289 matri,
719 1257 828 1288 mater,
854 1263 868 1280 a
888 1253 999 1287 svasri,
1024 1263 1124 1288 soror,
1152 1263 1166 1280 a
1190 1250 1286 1289 ᾱιῗινί,
1309 1252 1412 1287 dator,
1441 1250 1483 1279 sic
1506 1249 1541 1278 ab
1564 1247 1642 1277 ulmi
1664 1253 1777 1277 auctor.
1822 1246 1910 1282 Quod
1934 1245 1970 1274 ab
1993 1255 2063 1273 mu-

102 1297 196 1321 tatam
224 1293 358 1321 vocalem
389 1295 512 1330 attinet,
550 1299 653 1322 notum
684 1299 742 1330 est,
781 1294 833 1322 ubi
862 1305 899 1323 ex
929 1295 1067 1333 quapiam
1094 1295 1159 1333 lege
1182 1299 1234 1323 aut
1257 1293 1474 1323 consuetudine
1497 1291 1718 1331 pronunciandi
1740 1290 1851 1319 vocalis
1873 1287 2023 1317 Sanscrita
2044 1298 2062 1314 u

101 1335 294 1373 producenda
317 1336 371 1371 sit,
393 1336 521 1365 transire
545 1347 608 1365 eam
632 1347 689 1365 non
712 1337 744 1364 in
764 1349 782 1365 u
805 1337 941 1375 longam,
965 1337 1017 1365 sed
1041 1347 1094 1375 per
1110 1338 1225 1366 Gunam
1250 1338 1281 1365 in
1298 1337 1314 1366 ὀ
1330 1342 1360 1366 et
1383 1347 1437 1375 per
1452 1334 1611 1365 Vriddhim
1634 1334 1666 1362 in
1689 1344 1743 1363 au.
1776 1333 1822 1361 Ex
1846 1331 1951 1370 quibus
1973 1329 2061 1358 simul

101 1377 297 1416 intelligitur,
327 1379 458 1407 nativam
480 1379 618 1407 vocabuli
640 1380 766 1408 sormam
791 1390 854 1409 esse
876 1387 998 1418 auctor,
1036 1380 1125 1409 insita
1148 1391 1181 1419 c,
1218 1385 1247 1409 et
1270 1387 1454 1416 eucnemon-2,
1489 1388 1551 1407 non
1573 1384 1673 1414 autor,
1711 1386 1806 1414 neque
1829 1382 1995 1409 autumare,
2030 1376 2063 1399 ut

103 1429 182 1448 nunc
206 1421 383 1459 plerumque
408 1421 498 1450 scribi
522 1422 608 1451 solet.

268 1462 468 1493 Adniceat.
517 1465 625 1494 Versus
646 1465 750 1495 Naevii
771 1466 947 1505 integriores
972 1467 1126 1505 posuimus
1150 1467 1180 1496 in
1199 1465 1413 1495 Coniectaneis,
1458 1465 1534 1494 Sunt
1557 1467 1654 1492 autem
1676 1460 1722 1489 hi:

684 1524 726 1530 —
750 1526 788 1531 -
811 1526 854 1531 -
879 1508 972 1547 Quasi
994 1511 1024 1538 in
1047 1509 1135 1538 choro
1156 1508 1221 1549 pila

684 1549 804 1579 Ludens
827 1549 953 1579 datatim
978 1550 1030 1580 dat
1052 1563 1081 1580 se
1101 1559 1128 1580 et
1151 1562 1330 1581 communem
1344 1549 1450 1593 facit‚·

684 1591 791 1621 Alium
814 1600 903 1630 tenet,
927 1592 982 1622 alii
1004 1601 1103 1630 nutat,
1132 1593 1207 1623 alibi
1227 1605 1333 1622 manus

682 1633 735 1662 Est
759 1643 921 1674 occupata,
953 1634 1007 1664 alii
1026 1635 1161 1675 perpellit
1182 1635 1293 1676 pedem.

684 1675 754 1705 Alii
776 1676 918 1706 annulum
941 1676 993 1706 dat
1015 1677 1206 1717 spectandum
1229 1689 1247 1706 a
1273 1677 1375 1707 labris*

682 1717 789 1748 Alium
812 1721 948 1758 invocat‚·
979 1732 1045 1749 cum
1068 1720 1129 1750 alio
1154 1727 1262 1751 cantat.
1285 1727 1415 1749 attamen

682 1759 766 1790 Aliis
789 1761 841 1790 dat
864 1761 957 1802 digito
979 1761 1102 1792 litteras.

106 1797 206 1829 Scal.
234 1799 278 1828 Ab
300 1800 442 1830 inusitato
465 1802 562 1839 niveo,
587 1802 666 1830 unde
689 1805 842 1841 conniveo,
867 1806 996 1842 nictare,
1022 1805 1231 1843 coniugatione
1253 1808 1382 1840 mutata,
1404 1808 1437 1832 ut
1460 1813 1475 1831 a
1499 1802 1594 1832 (licere
1614 1801 1735 1831 dictare.
1769 1800 1803 1829 In
1826 1808 1860 1828 eo
1883 1801 1981 1825 autem
2001 1795 2060 1842 *dis-

106 1842 207 1871 serunt
228 1849 330 1871 nutare
351 1855 476 1872 annuere
498 1850 527 1873 et
549 1845 675 1881 nictare,
700 1847 780 1883 quod
803 1855 906 1876 nutare
927 1848 1036 1886 capiti,
1059 1859 1184 1876 annuere
1206 1847 1254 1876 vel
1277 1858 1362 1875 nuere
1383 1846 1504 1875 naribus
1526 1846 1575 1874 vel
1597 1845 1706 1880 labris,
1729 1843 1840 1872 nictare
1862 1839 1956 1868 oculis
1978 1837 2060 1866 dlca-

106 1894 182 1915 mur.
227 1884 285 1913 Sed
309 1885 466 1915 discrimen
489 1887 563 1915 illud
585 1898 601 1915 a
624 1889 774 1918 veteribus
797 1890 964 1928 neglectum
989 1890 1160 1929 aliquando.
1197 1889 1327 1918 Naevius
1349 1889 1379 1917 in
1404 1886 1579 1918 Tarentilla.
1613 1887 1713 1917 Verba
1731 1883 1836 1914 Naevii
1859 1882 1944 1912 aliter
1964 1879 2059 1908 Isido-

106 1937 174 1964 rus,
204 1927 255 1966 qui
278 1928 377 1958 locum
400 1929 547 1968 integrum
570 1930 613 1959 sic
635 1930 777 1960 adduxit:

683 1992 722 1996 ——
747 1992 786 1997 —-
808 1990 850 1996 -—·
871 1991 913 1996 —-
939 1973 1033 2014 Quasi
1054 1975 1084 2003 in
1107 1973 1196 2004 choro
1219 1973 1284 2014 pila

683 2015 806 2045 Ludens
830 2015 956 2045 datatim
981 2017 1032 2045 dat
1053 2029 1082 2045 se
1104 2024 1130 2045 et
1153 2027 1333 2046 communem
1345 2014 1442 2056 facit.

682 2057 789 2087 Alium
812 2066 901 2096 tenet,
925 2059 980 2088 alii
1002 2058 1153 2096 adnictat,
1175 2058 1250 2088 alibi
1272 2069 1376 2086 manus

682 2099 734 2129 Est
757 2109 921 2141 occupata,
951 2109 996 2130 ast
1015 2100 1070 2130 alii
1090 2100 1222 2140 percellit
1242 2100 1353 2141 pedem.

685 2142 755 2172 Alii
778 2142 830 2171 (lat
852 2142 973 2172 anulum
994 2143 1202 2183 spectandum,
1228 2155 1247 2172 a
1269 2142 1363 2172 labris

681 2184 787 2214 Alium
811 2187 945 2223 invocat,
975 2197 1097 2226 cumque
1118 2185 1179 2215 alio
1202 2193 1318 2222 cantat,
1349 2192 1476 2214 attamen

679 2226 764 2256 Aliis
786 2226 838 2256 clat
859 2227 952 2267 digito
975 2227 1095 2257 litteras.

102 2265 192 2295 Dae.
222 2265 380 2297 Adnictat.
410 2267 552 2296 Adnutat.
581 2268 624 2296 lta
647 2274 760 2298 veteres
784 2270 861 2299 libri.
892 2271 1089 2300 Dillerentiam
1114 2271 1186 2300 facit
1207 2272 1284 2299 inter
1306 2270 1357 2299 illa
1381 2269 1442 2298 duo
1462 2267 1584 2297 Nonius.
1616 2264 1787 2295 Adnictare
1808 2261 1980 2299 oculorum5
2001 2259 2051 2288 αᾶ-

102 2315 205 2337 nutare
226 2309 358 2346 aurium,
396 2308 443 2339 vel
463 2310 608 2340 labiorum
632 2321 693 2340 esse
715 2312 788 2342 vult.
830 2313 916 2342 Adde
939 2314 1016 2342 infra
1037 2313 1150 2343 Nictat.
1178 2311 1281 2342 Goth.
1322 2313 1434 2341 Versus
1455 2309 1558 2340 Naevii
1580 2307 1654 2338 nihil
1676 2307 1788 2336 habent
1810 2314 1964 2334 commune
1986 2310 2050 2329 cum

101 2351 236 2380 versibus
262 2351 321 2380 illis
349 2352 384 2381 ab
408 2352 524 2382 Isidoro
553 2355 706 2391 excitatis,
743 2360 949 2394 praeterquam
980 2357 1059 2395 quod
1089 2356 1196 2385 Isidori
1224 2355 1355 2395 scriptor
1380 2355 1412 2383 in
1439 2364 1471 2382 re
1496 2352 1585 2382 simili
1609 2351 1756 2381 similibus
1779 2349 1866 2378 etiam
1888 2345 1985 2374 verbis
2008 2347 2050 2370 est

103 2402 184 2422 usus.
229 2394 280 2423 Est
302 2400 400 2424 autem
426 2395 597 2426 trochaicus
622 2402 790 2427 tetrameter
812 2397 1019 2437 catalecticus,
1044 2399 1084 2428 ita
1107 2399 1265 2438 legendus,
1295 2398 1340 2427 uti
1363 2396 1517 2427 edidimus.
