2263 2668
230 173 255 205 4-
953 169 1441 205 PRAEFATIO.

231 287 493 330 magnopere
534 272 657 313 dolui
697 279 737 312 et
773 269 997 312 Donatum
1036 285 1091 312 ex
1121 270 1202 313 isto
1236 271 1388 313 codice
1430 271 1560 313 edere
1599 284 1690 311 non
1728 269 1918 327 amplius
1958 270 2166 312 dubitavi.

236 354 362 406 Quae
380 357 471 413 ipse
489 356 712 397 habebam
731 368 785 394 ex
805 353 995 409 antiquis
1015 355 1281 397 editionibus
1300 363 1496 407 enotata,
1525 368 1576 395 ea
1595 354 1745 395 onmia
1764 353 1908 394 futilia
1927 367 2020 395 esse
2033 387 2043 405 ,
2075 369 2166 396 non

235 440 327 480 sine
349 441 508 480 frustra
525 437 734 494 insumpti
753 437 917 479 laboris
935 438 1204 496 poenitentia
1223 439 1420 495 cognovi.
1483 435 1632 488 Quare
1658 438 1824 490 abieci,
1856 437 1959 478 satis
1987 438 2168 489 habens,

233 521 656 579 praestantissimum
677 520 894 572 codicem,
927 536 1060 577 quem
1087 531 1135 563 ut
1162 521 1305 563 denuo
1335 523 1532 563 conferre
1564 536 1762 578 possem,
1791 522 1999 579 precibus
2028 522 2172 579 impe-

235 605 345 645 travi
368 605 422 646 ab
448 605 718 646 humanitate
745 618 919 656 eorum,
952 605 1030 660 qui
1057 605 1121 646 rei
1144 606 1380 646 litterariae
1409 621 1489 662 per
1514 614 1646 647 terras
1664 605 1922 646 Borussicas
1948 619 2169 646 summam

235 702 388 729 curam
404 697 580 744 gerunt,
613 703 767 730 curare
789 688 1120 739 excudendum,
1154 689 1313 730 notatis
1339 690 1385 730 in
1415 690 1505 730 ima
1534 689 1633 730 libri
1657 703 1733 729 ora
1753 689 2052 730 Pntschianae
2074 689 2170 729 edt-

235 772 361 812 tionis
383 772 803 830 interpolationibus.
845 772 918 813 Sic
941 772 1060 814 enim
1082 773 1402 824 existimabam,
1433 774 1610 813 invento
1630 773 1799 824 codice,
1831 773 1910 826 qui
1930 772 2169 828 genuinam

235 855 457 913 scriptoris
483 870 665 898 manum
691 856 923 897 manifesto
950 855 1175 913 proderet,
1212 870 1596 914 supervacaneum
1625 871 1739 908 esse,
1780 870 1931 897 omnes
1954 855 2170 913 deprava-

235 939 393 991 tiones,
427 954 538 995 quae
560 940 607 981 in
623 940 885 991 innumeris,
917 953 1030 995 qnae
1051 949 1240 992 exstant,
1273 939 1539 981 editionibus
1568 940 1806 991 habentur,
1833 940 2053 991 indicare,
2081 941 2168 981 hoc

234 1024 323 1064 solo
347 1024 549 1075 consilio,
578 1017 626 1064 ut
647 1024 810 1065 chartis
832 1032 872 1064 et
890 1033 1138 1081 emptorum
1161 1025 1374 1081 pecuniae
1393 1032 1660 1082 parceretur.
1722 1023 1888 1080 Scripsi
1907 1023 1953 1064 in
1973 1021 2171 1079 Gymna-

234 1106 297 1146 sio
319 1107 570 1149 Zittaviensi
589 1107 692 1149 Kal.
710 1107 815 1150 Mai.
838 1122 1157 1149 cloloccoxxvn.
