2263 2668
227 164 302 200 562
657 159 1004 196 COMMENTARII
1029 163 1078 197 IN
1103 163 1248 197 PAULI
1274 162 1470 196 DIACONI
1497 163 1754 199 EXCERPTA

227 258 294 288 tull.
318 257 373 297 (de
396 256 466 295 pall.
489 265 513 282 c.
527 252 589 293 5.):
627 251 723 293 Apud
745 254 872 293 rupicem
894 261 920 282 et
941 253 1108 284 silvicolam
1132 263 1158 286 et
1179 264 1374 286 monstrorum
1404 254 1577 285 eruditorem
1606 268 1728 296 scrupea
1755 256 1859 286 schola
1883 256 2019 288 eruditus.
2063 261 2100 290 Et
2122 273 2184 291 non

227 301 324 330 solum
346 307 476 339 petrones
499 301 527 324 et
550 296 675 335 rupices,
707 296 758 324 sed
781 301 809 324 et
830 307 966 326 varrones
989 308 1004 325 a
1028 299 1140 336 varris,
1171 300 1221 338 qui
1244 300 1358 338 stipites
1381 303 1468 335 sunt,
1499 309 1559 327 non
1584 300 1692 336 dolati,
1723 301 1865 339 praeduri
1889 310 1923 328 ac
1946 302 2065 332 enodes.
2095 303 2183 335 Dae,

228 343 373 373 Petroncs.
403 339 564 368 Petronesi.
588 337 692 368 Gotlz.
727 338 865 377 Rupices.
906 339 988 368 Adde
1010 340 1087 369 infra
1110 341 1140 370 in
1164 341 1331 382 Squarrosi.
1369 341 1494 370 Tertull.
1518 342 1549 380 (l.
1568 341 1607 378 c.)
1630 347 1714 380 post:
1741 343 1901 381 passivitas
1923 343 2011 383 offert
2034 343 2184 376 libertinos

228 387 258 414 in
280 380 470 423 equestribus,
493 380 695 410 subverbustos
718 382 748 410 in
771 380 957 418 liberalibus,
982 381 1136 413 dediticios
1158 385 1187 413 in
1212 385 1357 424 ingenuis,
1382 384 1495 423 rupices
1516 384 1547 412 in
1570 383 1706 421 urbanis,
1729 396 1847 413 scurras
1870 386 1900 413 in
1913 386 2105 426 forensibus,
2126 399 2184 427 pa—

226 437 320 466 ganos
341 425 371 452 in
393 422 580 452 militaribus.
625 424 705 452 ldem
728 424 758 452 in
784 424 979 463 Apologetico
1004 428 1111 458 c.21.:
1139 428 1252 467 rupices
1274 434 1300 454 et
1322 425 1421 455 adhuc
1433 426 1501 467 feri
1522 425 1670 464 homines,
1694 432 1722 456 et
1741 427 1794 455 lib.
1817 428 1853 456 de
1877 429 1975 457 anima
1999 432 2079 461 c.6.:
2102 430 2184 460 Ani-

227 479 290 497 mae
312 467 444 506 rupicum
467 473 493 494 et
517 464 716 496 barbarorum.
761 465 869 495 Idem.

390 515 641 545 Petauristae.
672 517 731 556 (Ad
754 528 783 556 p.
800 517 880 556 197.)
910 517 1076 547 Mechanici
1105 519 1177 548 dicti
1206 524 1275 548 snnt
1294 520 1488 559 petauristae‚
1526 520 1595 558 quia
1621 520 1651 548 in
1675 520 1812 549 machina
1834 521 1882 550 vel
1905 525 1970 550 rota
1994 522 2184 552 traiiciebant

227 569 290 589 nese
313 558 469 598 desperata
493 559 626 588 audacia.
670 561 812 589 Martialis
836 560 907 597 (XI,
930 561 1011 599 22.):

808 610 904 650 Quam
928 618 993 640 rota
1016 613 1187 642 transmisso
1210 613 1294 641 toties
1316 613 1447 652 impacta
1469 619 1602 652 petauro.

227 661 441 701 Aristophanes
466 660 497 691 ἐν
519 658 660 700 Δαιδάλῳ
686 663 766 702 apud
790 663 1021 691 Grammaticos:

800 710 836 743 ‘O
859 712 1081 752 μηχανοποιός,
1104 710 1193 745 ὁπότε
1215 711 1310 753 βούλῃ
1334 711 1386 744 τόν
1409 713 1518 753 τροχὸν

801 753 872 787 Ἐᾶν
895 754 1020 794 ἀνεκάς,
1045 757 1123 798 λέγε,
1148 760 1229 796 χαῖρε
1252 756 1363 797 φέγγος
1385 753 1484 796 ἡλίου.

225 805 378 842 Tanquam
406 804 691 843 periculosissimum
720 816 783 834 esse
808 808 944 836 traiicere
967 818 998 836 se
1020 818 1074 847 per
1096 813 1209 845 rotam,
1245 812 1406 846 propterea
1429 808 1521 837 dixit:
1561 808 1586 837 Ο
1609 808 1790 847 petaurista,
1825 807 2063 847 quotiescunque
2084 813 2181 838 vertes

224 852 322 876 rotam
346 846 564 883 mechanicam,
591 853 676 887 potes
698 859 865 887 supremam
888 850 987 879 dicere
1010 852 1087 879 vitae
1108 856 1186 880 tuae.
1225 850 1300 878 Nam
1324 855 1352 879 et
1374 849 1424 878 hic
1447 861 1567 890 quoque
1591 847 1810 891 μηχανοποιός,
1837 850 1888 888 qui
1912 851 2038 880 [aucillio
2062 851 2180 881 Mecha-

224 890 318 918 nicus.
356 890 459 918 Dictus
483 892 645 929 petaurista
670 889 728 921 ἀπὸ
752 895 805 922 τοῦ
826 890 989 931 πεταύρου.
1027 894 1079 922 Est
1102 899 1199 922 autem
1222 893 1367 932 πέτευρον
1389 903 1442 922 seu
1465 894 1614 934 πέταυρον
1639 894 1744 923 tabella
1768 893 1876 932 parieti
1899 893 2003 931 affixa,
2031 894 2069 923 ad
2092 904 2180 933 quam

224 942 348 971 vespere
371 932 497 970 gallinae
522 943 551 961 se
579 934 682 962 volatu
711 935 877 973 recipiunt,
916 941 951 964 ut
979 941 1163 975 pernoctent.
1208 936 1285 971 Quia
1309 935 1475 965 mechanici
1498 937 1549 965 isti
1572 937 1610 966 ad
1633 942 1729 966 rotam
1751 936 1831 965 illam
1855 946 1886 964 se
1906 936 1984 965 saltu
2007 937 2180 974 subiiciunt,

224 979 385 1014 propterea
407 976 600 1013 πεταυρισταί
622 976 704 1006 dicti.
750 978 791 1006 De
814 988 874 1015 quo
898 979 991 1007 multa
1014 979 1175 1016 aliquando
1200 979 1333 1007 dicemus
1356 979 1386 1007 in
1411 979 1580 1016 Manilium,
1617 985 1736 1019 poetam
1760 978 2003 1008 eruditissimum.
2046 981 2181 1009 sumitur

224 1023 254 1046 et
275 1027 330 1056 pro
353 1018 495 1046 saltatore
520 1023 633 1047 tantum
657 1024 684 1048 et
708 1030 758 1055 eo,
783 1020 834 1058 qui
855 1021 937 1049 flexu
961 1022 1097 1060 corporis
1121 1022 1214 1050 multa
1237 1021 1387 1050 schemata
1411 1022 1481 1051 edit.
1516 1022 1609 1051 Varro
1628 1023 1761 1061 Epistola
1783 1021 1820 1049 ad
1839 1021 2007 1051 Caesarem:
2032 1020 2103 1051 Cum
2125 1033 2180 1052 vo-

224 1067 272 1089 cat
294 1058 492 1089 Ptolemaeum
515 1061 665 1098 κίναιδον,
690 1062 842 1099 ιάονικόν,
867 1061 1080 1102 πεταυριστήν,
1105 1064 1227 1102 διονῆν,
1251 1062 1428 1095 αὕλοποιόν.
1464 1065 1548 1100 Quae
1571 1065 1727 1094 manifesto
1751 1064 1832 1093 dicta
1855 1069 1925 1093 sunt
1948 1064 1984 1093 de
2007 1065 2178 1094 Ptolemaeo

223 1102 329 1131 Aulete
355 1113 424 1140 rege
452 1103 591 1142 Aegypti.
638 1105 733 1133 Locus
765 1105 906 1134 Varronis
935 1107 965 1135 in
993 1107 1081 1135 Nonii
1111 1108 1193 1146 (pag.
1207 1109 1258 1139 56.
1282 1107 1372 1136 Mese.
1403 1118 1425 1136 S.
1446 1117 1475 1137 v.
1497 1106 1705 1145 Petam-istae.)
1733 1106 1889 1136 codicibus
1918 1106 2098 1146 depravatus
2126 1112 2179 1137 est.

222 1145 298 1181 Nos,
327 1150 359 1173 ut
380 1145 538 1182 legendum
562 1152 718 1185 putamus,
748 1148 911 1186 posuimus.
935 1148 1035 1178 Scal.
1078 1148 1180 1188 Πρὸς
1202 1146 1305 1188 ἀέρα.
1344 1148 1430 1190 Πρὸς
1451 1148 1556 1190 αὔρας.
1586 1149 1694 1179 Goth.
1734 1150 1897 1179 Mer-:erius
1918 1150 1960 1178 sic.
1982 1150 2077 1178 edidit
2098 1150 2178 1190 apud

222 1187 366 1216 Nonium:
399 1186 471 1217 Cum
494 1196 581 1217 vocat
604 1188 807 1219 Ptolomaeum
832 1190 1060 1231 cinaedologon,
1083 1192 1197 1222 Nicora
1217 1193 1412 1232 petaurista,
1437 1192 1539 1222 Diona.
1560 1188 1736 1224 αὖλοποιόν.
1774 1193 1910 1221 Ceterum
1935 1193 1971 1222 cf.
1998 1192 2126 1221 Passow.
2147 1193 2178 1221 in

224 1230 295 1260 Lex.
313 1231 381 1267 Gr„
406 1230 457 1268 qui
481 1230 629 1270 πέταυρος
651 1243 667 1260 a
690 1233 842 1272 πέδαυρος
865 1234 978 1262 dictum
1004 1239 1103 1273 putat,
1127 1235 1206 1273 quod
1223 1235 1372 1264 Aeolicam
1395 1236 1520 1265 sormam
1544 1236 1693 1264 existimat
1716 1246 1773 1275 pro
1793 1245 1828 1263 eo
1851 1235 1932 1273 quod
1955 1240 1999 1263 est
2021 1235 2177 1274 μεῑὲωρος.

385 1272 608 1302 Peioritum.
653 1275 743 1303 Recte
765 1276 885 1304 Aeolice
909 1276 1019 1304 dictum
1044 1277 1085 1305 ait
1107 1279 1246 1315 πέτορες,
1269 1283 1407 1316 quatuor.
1431 1277 1533 1307 Scal.
1569 1279 1719 1307 Gallicum
1741 1278 1924 1307 vocabulum
1947 1278 2062 1306 faciunt
2085 1278 2179 1306 Varro

223 1312 294 1354 (ubi
318 1314 413 1344 Varro
435 1315 562 1352 dixerit,
586 1327 644 1345 non
667 1318 804 1359 reperio)
828 1319 1032 1354 Quintilianus
1055 1320 1097 1358 (Ι,
1120 1319 1163 1359 5.)
1186 1321 1299 1349 Gellius
1321 1320 1406 1359 (XV,
1429 1320 1503 1359 30.).
1527 1331 1693 1360 perperam.
1737 1321 1789 1349 Est
1812 1320 1888 1349 enim
1913 1320 2032 1350 aeolice
2056 1320 2179 1350 dictum.

223 1357 298 1385 Nam
321 1357 474 1386 Aeolicum
499 1358 621 1396 πέτορες
645 1366 788 1398 quatuor,
812 1366 841 1389 et
864 1362 899 1390 ab
924 1362 1021 1390 Aeolis
1045 1362 1116 1391 Osci
1137 1370 1237 1402 petora
1261 1373 1410 1401 accepere.
1442 1363 1479 1391 Et
1499 1363 1744 1399 Massiliensium,
1770 1374 1786 1391 a
1810 1363 1919 1401 quibus
1935 1363 2014 1392 Galli
2036 1363 2179 1400 didicere,

223 1399 366 1428 dialectus
395 1405 459 1428 erat
481 1401 616 1438 Aeolica,
656 1404 768 1442 quippe
797 1404 846 1441 qui
874 1410 1018 1433 venerant
1048 1415 1085 1433 ex
1108 1405 1223 1434 Phocea
1247 1406 1378 1434 Aeolidis
1405 1405 1491 1434 urbe.
1539 1406 1602 1434 Etsi
1631 1405 1766 1434 nonnulli
1794 1415 1858 1433 eam
1888 1405 1988 1434 Ioniae
2015 1406 2177 1434 vindicent.

223 1442 344 1471 Canibri
364 1442 454 1471 hodie
478 1443 584 1472 dicunt
603 1443 735 1484 pedvuar
757 1450 784 1474 et
808 1447 942 1475 Britanni
967 1447 1080 1476 Galliae
1100 1459 1201 1487 penar.
1231 1448 1322 1478 Duc.
1365 1448 1475 1477 Verum
1501 1453 1562 1484 est,
1600 1448 1748 1477 Gallicum
1777 1447 1957 1476 vocabulum
1980 1458 2042 1476 esse
2063 1449 2177 1487 petori-

223 1492 298 1522 tum,
335 1485 405 1513 licet
435 1485 576 1522 dubium,
613 1492 712 1516 utrum
736 1489 860 1517 Romani
884 1501 899 1518 a
924 1490 1017 1518 Gallis
1049 1490 1226 1528 acceperint.
1273 1490 1363 1526 Quod
1392 1490 1471 1519 enim
1493 1490 1587 1519 Latini
1615 1498 1758 1531 quatuor,
1794 1490 1902 1519 Graeci
1924 1495 1952 1519 et
1974 1490 2046 1519 Osci
2067 1490 2178 1528 πέτορα

221 1532 325 1566 petora
348 1527 528 1568 (τέσσαρα),
557 1529 589 1557 id
611 1530 690 1558 Galli
716 1530 844 1570 perluor,
879 1531 1048 1571 peclnodar,
1084 1532 1174 1560 Gothi
1192 1531 1319 1573 fidvor-,-
1356 1543 1431 1571 quae
1453 1533 1552 1561 onmia
1576 1533 1714 1562 nituntur
1736 1532 1841 1561 Iudico
1864 1533 2012 1562 vocabulo
2034 1532 2177 1570 tschatur,

221 1575 359 1608 quatuor.

385 1611 561 1642 Petimen.
606 1614 806 1643 Glossarium:
842 1614 978 1644 Petumen
1001 1614 1133 1654 κτήνους
1154 1616 1247 1652 ἕλκος.
1290 1617 1412 1645 Servius
1436 1616 1566 1645 Danielis
1590 1617 1683 1656 paulo
1706 1616 1807 1646 aliter:
1840 1615 1976 1646 Pleiades
1997 1618 2112 1656 signum
2134 1624 2176 1646 est

221 1660 288 1682 ante
306 1665 403 1693 genua
429 1655 538 1692 Tauri,
561 1655 642 1696 quod
661 1655 768 1686 Graeci
789 1653 868 1698 ὗβον
892 1657 1010 1695 dicunt,
1033 1657 1066 1687 id
1088 1666 1128 1687 est
1149 1659 1283 1698 petimen.
1322 1659 1430 1688 Mirum
1454 1664 1551 1688 autem
1575 1660 1710 1695 Festum,
1734 1664 1766 1687 ut
1788 1659 1928 1698 probaret
1949 1659 1980 1688 in
2003 1659 2089 1687 suilla
2112 1669 2176 1688 esse

220 1696 321 1724 nescio
351 1696 438 1734 quid,
476 1697 529 1726 niti
557 1698 729 1727 testimonio
752 1700 872 1736 Naevii,
913 1701 964 1738 qui
988 1701 1098 1730 dixerit
1118 1702 1255 1740 petimine
1273 1702 1406 1741 piscino,
1443 1712 1510 1730 cum
1533 1703 1691 1730 manifesto
1713 1702 1880 1740 intelligere
1901 1701 2058 1737 videatur,
2095 1701 2177 1740 quod

221 1739 351 1768 κλειδίον
373 1739 404 1767 in
426 1738 543 1768 thunno
567 1746 700 1770 vocatur.
725 1740 826 1773 Scal.
860 1743 1066 1783 Dalecampius
1091 1744 1128 1772 ad
1151 1744 1225 1773 Plin.
1249 1744 1300 1772 lib.
1313 1744 1351 1773 ΙΙ.
1375 1755 1399 1773 e.
1413 1746 1465 1777 37.
1490 1755 1550 1773 non
1572 1746 1709 1784 petimine
1728 1744 1860 1784 piscino,
1884 1744 1937 1773 sed
1958 1745 2095 1783 petimine
2105 1756 2177 1784 por-

223 1781 287 1809 cino
310 1781 398 1820 legit,
422 1780 504 1810 hunc
526 1783 603 1811 Festi
626 1783 726 1813 locum
749 1785 884 1814 laudans.
909 1785 962 1813 Da
972 1797 998 1816 c.
1037 1787 1090 1815 Est
1112 1790 1140 1814 et
1162 1786 1242 1825 apud
1266 1787 1395 1815 Nonium
1419 1788 1460 1826 (p.
1476 1789 1546 1818 160.
1572 1787 1674 1824 Merc.)
1697 1786 1797 1826 Petigo
1817 1797 1909 1825 genus
1929 1785 2033 1816 morbi.
2067 1785 2176 1819 Goth.

383 1822 540 1856 Pennas.
564 1825 623 1862 (Ad
647 1837 675 1864 p.
691 1828 770 1865 197.)
795 1828 868 1857 Vide
887 1826 1012 1858 Poesnis.
1035 1829 1121 1859 Ant.
1143 1829 1240 1868 Aug.
1287 1829 1384 1858 verba
1410 1829 1486 1858 Festi
1509 1830 1600 1869 paulo
1622 1829 1709 1858 aliter
1731 1828 1878 1858 Schedae:
1904 1827 2017 1858 Pennas
2038 1829 2177 1870 antiquos

220 1861 314 1902 fertur
329 1864 491 1905 appellasse
504 1878 612 1907 peenas
627 1879 668 1897 ex
684 1867 813 1906 Graeco,
837 1869 917 1910 quod
934 1869 982 1899 illi
997 1869 1112 1910 πετηνά
1130 1881 1180 1908 ea,
1203 1882 1279 1911 quae
1300 1879 1366 1900 sunt
1389 1871 1521 1901 volucria
1544 1871 1655 1902 dicant.
1687 1871 1758 1900 Item
1774 1870 1889 1900 easdem
1900 1882 2023 1912 pesnas,
2046 1878 2077 1900 ut
2094 1883 2175 1908 cops-

224 1914 286 1950 n‘{⁸·
319 1906 450 1945 Optime,
473 1907 585 1949 πτηνά,
612 1909 744 1951 πετηνά,
768 1912 887 1942 Aeolice
904 1912 1029 1951 πτὲννα,
1051 1914 1124 1943 eliso
1147 1926 1162 1943 τ
1181 1925 1286 1954 penna.
1325 1915 1383 1943 Sed
1406 1915 1487 1943 unde
1506 1913 1626 1953 pecua?
1648 1915 1692 1943 Ex
1705 1915 1821 1942 Graeco
1839 1911 1979 1953 πετηνά.)
2002 1915 2047 1942 An
2062 1910 2174 1954 πετηνά

225 1945 297 1974 81150
317 1959 336 1985 η
357 1949 464 1987 πετνά,
494 1964 509 1982 τ
531 1957 644 1981 mutato
667 1954 698 1982 in
722 1967 756 1991 n,
784 1953 893 1993 πεκνοὲ,
924 1965 1033 1994 peona,
1063 1955 1175 1996 pedna,
1206 1956 1328 1996 penna?
1357 1957 1447 1986 Dae.
1491 1956 1541 1985 Sic
1564 1956 1732 1994 dusmosus,
1762 1956 1921 1994 dumosus,
1947 1966 2055 1996 posno,
2083 1967 2175 1996 pono,

223 1997 347 2026 poesna,
379 2002 492 2030 poena,
525 2006 650 2032 caesna,
688 2007 777 2026 caena
800 2003 856 2026 cet.
900 1998 950 2026 Sic
973 1999 1062 2028 immo
1086 1999 1265 2038 particulam
1288 2010 1344 2038 pro
1366 2000 1440 2028 ismo
1464 1998 1590 2036 dictam,
1628 2000 1709 2038 quod
1733 2011 1749 2029 a
1772 1999 1865 2039 stirpe
1892 1998 2091 2038 pronominali
2114 1999 2125 2028 i
2146 2003 2175 2029 et

226 2029 346 2077 {yllabat
360 2043 437 2079 Spin,
464 2047 542 2074 smo,
572 2047 647 2076 quae
670 2048 758 2079 saepe
782 2041 811 2069 in
834 2041 1062 2080 pronominibus
1084 2042 1189 2070 tertiae
1211 2052 1356 2080 personae
1378 2042 1487 2070 Indicis
1511 2042 1690 2081 apponitur,
1720 2046 1819 2071 ortum
1842 2052 1904 2070 esse
1926 2041 2056 2071 ostendit
2077 2042 2173 2081 Bopp.

225 2071 299 2099 uber
322 2083 415 2111 emige
438 2077 781 2111 Demonstrativstamme
805 2088 874 2112 cett.
897 2087 1026 2122 pag.2l.
1052 2084 1103 2122 qui
1126 2089 1279 2123 praeterea
1303 2085 1432 2113 conferri
1455 2084 1538 2113 iubet
1559 2084 1647 2114 haec:
1679 2085 1787 2114 tasmai
1808 2085 1926 2113 Sanscr.
1947 2083 2030 2121 huic,
2062 2091 2173 2113 tamma

227 2113 332 2152 Gom-i
358 2117 434 2144 “smi
455 2120 570 2149 Sanscr-
594 2122 683 2162 ε’μμί
706 2129 735 2153 et
758 2126 835 2163 εἶμί
859 2127 982 2161 Graec.;
1005 2124 1111 2164 ὄίσμες,
1135 2124 1245 2164 ἄμμες,
1267 2124 1374 2166 ὕσμες,
1397 2125 1493 2167 ὔμμες
1515 2131 1573 2156 cet.

389 2156 526 2206 l’ictor.
548 2163 603 2201 (Ad
621 2175 648 2203 p.
662 2166 744 2205 197.)
768 2169 844 2197 Sunt
865 2167 915 2197 hic
937 2169 1079 2197 nonnulla
1103 2169 1258 2206 mendosa,
1282 2180 1357 2208 quae
1380 2180 1441 2198 non
1463 2169 1550 2198 facile
1568 2169 1719 2198 emendari
1734 2173 1870 2208 possunt.
1885 2168 1970 2198 Ant.
1987 2167 2084 2207 Aug.
2113 2168 2171 2198 Le-

221 2196 354 2247 gendum·
373 2207 484 2238 pictum
501 2213 519 2230 a
533 2215 563 2232 se
578 2209 685 2245 γραῦν,
709 2214 737 2237 et
761 2221 824 2239 cum
846 2210 1004 2240 versiculos
1025 2210 1066 2240 ad
1087 2210 1120 2239 id
1142 2211 1240 2240 retulit
1262 2219 1288 2241 et
1310 2213 1420 2252 ineptia
1440 2213 1509 2252 pari
1529 2219 1556 2241 et
1578 2210 1689 2241 nullius
1707 2218 1862 2251 praetexto
1885 2212 2008 2241 nomine.
2046 2211 2120 2240 Nam
2139 2208 2172 2242 τὸ

221 2247 369 2289 praet-oris
390 2241 502 2272 frustra
525 2248 676 2277 emendare
700 2257 863 2287 conantur,
894 2264 960 2282 cum
985 2254 1145 2282 conflatum
1168 2255 1207 2283 sit
1230 2265 1266 2283 ex
1289 2255 1424 2293 sequenti
1446 2265 1531 2284 voce.
1567 2255 1673 2292 Itaque
1695 2254 1864 2283 delendum.
1893 2252 1996 2283 Scal.
2037 2254 2076 2282 Ut.
2096 2253 2171 2283 illud

223 2289 326 2353 ἒῖιιίἷι,
350 2283 428 2330 quod
451 2285 480 2314 in
503 2285 632 2334 schedis,
655 2291 764 2322 nullius
784 2295 871 2332 pretii
892 2301 1047 2335 praetexto
1069 2298 1199 2326 nomine.
1234 2297 1379 2326 Versiculi
1403 2308 1418 2325 a
1434 2297 1540 2327 Verrio
1563 2297 1686 2326 adducti
1707 2297 1747 2326 ita
1770 2296 1887 2336 legendi
1910 2301 1939 2326 et
1962 2295 2168 2335 distinguendi.

270 2334 287 2352 n
324 2334 400 2354 enim
422 2337 545 2356 senam:

355 2379 357 2383 “
842 2377 920 2407 Nam
944 2380 1017 2420 quid
1037 2380 1120 2410 motii
1133 2380 1278 2421 facturus
1298 2382 1359 2410 risu
1381 2380 1504 2422 denique

842 2418 884 2448 Νἰ
903 2423 1001 2459 pictor
1010 2424 1084 2463 fieri
1104 2422 1181 2461 uolt,
1209 2424 1263 2464 qui
1283 2424 1344 2453 risu
1364 2431 1482 2454 mortuu
1504 2427 1548 2453 ἐξ.
