2263 2668
204 170 278 205 582
632 164 980 200 COMMENTARII
1006 165 1054 197 IN
1080 163 1223 198 PAULI
1250 164 1448 199 DIACONI
1473 165 1731 200 EXCERPTA

367 262 587 292 Promissus.
634 259 730 286 Gloss.
754 258 874 296 Cyrill.:
903 255 1080 297 προβάλλω,
1101 258 1262 297 promitto‚·
1292 257 1376 286 item:
1405 258 1588 297 προπέμπω,
1609 259 1768 299 promitto,·
1797 260 1884 288 item:
1909 260 2090 299 καθειμένος
2112 261 2158 292 ἐπὶ

205 306 340 347 γενείου,
361 304 534 344 promissus,
556 302 759 341 promissaque
783 299 883 329 barba.
923 300 1027 338 virgil.
1051 301 1082 328 in
1105 301 1207 330 Bucol.
1232 301 1329 340 (vill,
1353 299 1427 339 36).
1450 301 1538 331 Dac.
1578 302 1651 330 Vide
1674 301 1733 331 Pro
1757 306 1786 330 et
1810 301 1998 332 Praemissus.
2032 301 2137 334 Goth.

367 354 611 383 Promiscam.
658 352 680 380 Λ
704 353 810 380 misceo
834 352 938 380 dixere
961 352 1069 380 miscus
1087 356 1116 380 et
1130 352 1272 388 misenus,
1292 352 1458 391 promiscus
1474 357 1502 381 et
1515 354 1709 392 promiscuus.
1742 353 1767 381 A
1786 353 1950 392 promiscas
1970 355 2157 392 promiscam.

207 400 301 428 Plaut.
324 396 427 427 Pseud.
446 398 476 427 4.
503 406 528 423 v.
551 395 621 434 (tv,
645 395 680 430 5,
708 396 787 432 11.):

785 444 822 473 Ut
845 455 909 473 mea
932 443 1047 473 laetitia
1070 443 1163 473 laetus
1182 446 1362 485 promiscam
1385 446 1446 474 siet.

207 490 317 519 Varro:

784 528 882 559 Cetera
904 529 1085 569 promiscam
1108 528 1201 558 voluit
1225 530 1392 559 communia
1416 529 1524 559 haberi.

206 584 349 613 Dicebant
372 588 399 612 et
419 583 572 622 promisce.
617 581 712 609 Plaut.
736 581 822 610 Persa
847 591 922 610 vers.
947 580 1000 609 ult.
1023 580 1076 616 (V,
1101 583 1136 618 2,
1161 584 1240 619 62,):

783 631 931 661 Promis-ce
953 631 1031 660 hunc
1051 630 1118 661 volo
1142 631 1302 672 ludificari.

206 687 262 715 Da
273 698 296 716 c.
335 684 502 714 Promiscue
523 694 578 722 pro
602 682 807 722 promissione.
835 681 936 712 Goth.
983 682 1160 720 Intelligitur
1183 692 1221 710 ex
1244 691 1378 710 sermone
1401 682 1566 719 Sanscrito,
1599 682 1649 720 qui
1672 682 1735 711 fieri
1758 684 1905 722 potuerit,
1938 689 1969 713 ut
1992 689 2020 713 et
2041 686 2159 724 promi-

206 740 292 758 scuus
315 734 343 757 et
363 728 527 766 promiscus
550 727 710 754 diceretur.
752 725 835 767 Illifr
857 731 899 753 est
923 726 1060 762 miscere,
1093 731 1121 754 et
1143 726 1265 767 mici-as,
1297 735 1333 759 a,
1357 735 1424 761 am,
1449 725 1577 761 mixtus,
1602 726 1791 754 adiectivum.
1839 727 1933 764 Igitur
1956 737 1993 756 ex
2015 728 2159 766 syllaba-

208 783 273 813 cras
295 772 405 799 factum
430 774 473 797 est
496 780 596 805 sevus,
622 773 650 797 et
673 768 840 796 semivocali
864 769 951 806 plane
976 768 1105 801 abiecta,
1128 780 1209 804 scus,
1235 776 1325 805 quare
1349 772 1377 795 et
1397 769 1561 806 promiscus
1584 772 1612 796 et
1633 770 1817 807 promiscuus
1840 770 1951 798 dictum
1976 780 2039 799 esse
2062 769 2159 798 credi-

205 814 263 842 bile
287 818 338 842 est.
370 812 418 840 Sic
442 824 456 840 r
477 812 507 839 iu
530 812 541 840 i
564 811 680 840 transiit
704 811 734 839 in
758 821 806 838 vv.
826 809 913 847 baro,
939 809 1068 847 baiulus,
1093 809 1209 846 baiulo,
1234 819 1309 848 quae
1332 809 1518 838 descendunt
1540 821 1556 838 a
1578 811 1679 838 radice
1703 812 1849 840 Sanscrita
1873 812 1953 850 bhri,
1977 813 2056 849 sero,
2081 813 2159 843 unde

207 855 328 891 ὂΙιανας,
353 865 438 883 onus.
480 854 628 882 Adverbia
653 854 682 882 in
705 865 767 889 am,
794 858 825 881 ut
843 854 1040 891 promiscam,
1061 854 1227 892 protinam,
1251 852 1322 888 alia,
1347 853 1483 891 proxime
1506 853 1690 892 respondent
1713 855 1869 883 Sanscritis
1892 855 1923 883 in
1945 866 2010 892 am,
2035 855 2070 883 de
2094 855 2160 894 qui-

206 899 261 927 bus
284 899 352 927 vide
374 898 469 936 Bopp.
492 896 521 924 in
542 897 685 935 Lehrgeb.
710 896 764 924 der
783 895 1110 935 Sauscrita-Sprache
1135 897 1203 933 Reg.
1221 897 1292 926 603.
1317 894 1361 935 2).

370 939 626 969 Promonstra.
673 939 697 967 A
721 949 792 977 pr0,
815 938 845 966 id
870 943 913 967 est
933 950 1005 977 prae
1026 943 1054 967 et
1075 949 1184 968 monet).
1230 937 1318 966 Dac-

372 980 600 1011 Primordia.
647 982 774 1010 Glossis:
802 978 919 1020 α’παρχή
942 981 1057 1021 γένους.
1106 979 1208 1009 Goth.

370 1023 629 1063 Promulgari.
675 1023 851 1052 Addendum
876 1028 951 1052 esset
973 1031 1128 1063 antequam
1152 1022 1356 1061 accipiantur,
1380 1020 1427 1050 vel
1438 1020 1591 1062 ferantur.
1622 1023 1725 1061 Neque
1749 1023 1824 1052 enim
1850 1023 1887 1051 de
1902 1023 2016 1061 legibus
2033 1024 2160 1062 acceptis

205 1070 262 1097 iam
287 1078 301 1096 a
325 1068 438 1106 populo
462 1066 491 1094 id
515 1072 594 1095 recte
617 1067 736 1095 dicitur.
769 1067 827 1094 Sed
851 1077 917 1094 cuin
940 1067 1116 1094 trinundino
1140 1065 1186 1094 die
1210 1065 1380 1103 propositae
1403 1070 1483 1099 sunt,
1508 1070 1632 1104 totoque
1649 1066 1698 1094 illo
1716 1071 1859 1104 tempore,
1883 1071 2040 1105 antequam
2056 1067 2159 1095 suffra-

207 1116 306 1149 gatum
331 1110 377 1138 sit.
402 1110 489 1139 Ant.
513 1109 610 1149 Aug.
648 1109 739 1144 Quasi
760 1108 942 1148 provulgari.
977 1109 1165 1137 Becmannus
1183 1119 1197 1135 a
1217 1108 1331 1136 Graeco
1354 1107 1546 1147 προμολογέω
1570 1119 1585 1136 a
1608 1108 1666 1148 πρὸ
1690 1108 1763 1146 ἐμοῦ
1786 1114 1813 1137 et
1836 1107 1933 1148 λόγος.
1970 1109 2028 1137 Alii
2051 1120 2067 1137 a
2090 1106 2161 1147 μύλ-

206 1157 282 1190 λειν,
307 1153 387 1191 quod
410 1157 452 1180 est
475 1162 526 1180 ore
549 1153 695 1187 indicare,
726 1156 799 1180 teste
823 1151 985 1181 Eustathio.
1027 1152 1085 1180 Sed
1107 1152 1224 1179 Festum
1247 1160 1364 1188 sequor.
1388 1150 1476 1179 Dac.
1515 1151 1642 1180 Glossis:
1673 1150 1861 1190 Promulgat‚
1886 1155 2058 1190 νομοθετεῖ,
2082 1163 2161 1191 προ-

205 1197 337 1236 χειρίζει,
359 1195 502 1230 θεσπίζει.
537 1195 608 1223 Inde
631 1194 829 1234 promulgatio
854 1195 882 1222 in
906 1195 924 1224 l.
944 1196 988 1225 13.
1013 1196 1036 1231 β,
1051 1197 1079 1225 2.
1095 1194 1124 1222 ff.
1148 1194 1183 1222 de
1208 1203 1308 1222 excuS.
1332 1198 1474 1222 tutorum.
1511 1194 1647 1222 Ceterum
1672 1194 1793 1232 proprie
1817 1194 1999 1232 promulgari
2022 1194 2162 1223 diceban·

207 1245 257 1268 tur
280 1239 372 1276 leges,
404 1247 471 1270 cuin
494 1237 624 1276 primum
648 1238 678 1265 in
702 1238 809 1275 vulgus
834 1237 1013 1272 edebantur,
1046 1242 1078 1265 ut
1103 1237 1167 1272 hie,
1200 1241 1228 1265 et
1251 1246 1318 1264 cum
1341 1236 1425 1264 trinis
1450 1236 1589 1264 nundinis
1612 1237 1740 1274 scriptae
1763 1238 2008 1275 proponebantur
2031 1237 2161 1276 publice,

206 1287 239 1310 ut
262 1282 317 1318 legi
342 1285 462 1320 possent
486 1280 521 1308 ab
545 1281 596 1316 iis,
634 1280 685 1318 qui
708 1281 738 1308 in
763 1280 864 1308 urbem
889 1290 903 1308 e
926 1279 1045 1308 rusticis
1068 1279 1205 1308 tribubus
1229 1289 1262 1306 ac
1284 1279 1454 1316 municipiis
1479 1279 1652 1315 veniebaut3
1690 1285 1792 1318 postea
1816 1279 1989 1308 ferebantur
2011 1285 2039 1308 et
2061 1281 2089 1308 in
2115 1290 2161 1308 aes

206 1324 425 1353 incidebantur.
449 1323 553 1351 Cicero
570 1326 596 1354 1.
613 1327 641 1350 et
657 1324 687 1353 5.
715 1324 818 1353 Aulon.
843 1322 930 1359 (Phil.
947 1323 974 1358 I,
1002 1324 1049 1352 10.
1076 1323 1116 1357 V,
1141 1333 1165 1350 c.
1181 1324 1215 1357 3,
1239 1320 1281 1360 7.)
1304 1332 1359 1360 pro
1384 1322 1490 1349 Flacco
1514 1326 1543 1350 et.
1564 1322 1615 1351 ΙΙΙ.
1638 1322 1674 1350 de
1693 1322 1790 1358 Legib.
1811 1322 1847 1358 (c.
1861 1322 1890 1352 4.
1908 1327 1936 1350 et
1952 1324 2022 1359 19.).
2055 1320 2159 1352 Goth.

207 1368 298 1396 Recte
328 1366 448 1394 videtur
478 1370 608 1393 statuere
633 1365 798 1393 Doederlin.
823 1366 892 1403 Syn.
916 1366 977 1393 Lat.
1003 1369 1072 1393 tom.
1087 1365 1136 1393 IV.
1160 1374 1225 1402 pag.
1242 1365 1311 1394 149.
1336 1364 1388 1402 qui
1415 1362 1603 1402 promulgare
1626 1369 1655 1393 et
1674 1363 1851 1402 provulgat-e
1879 1364 2010 1392 eiusdem
2040 1364 2160 1401 originis

207 1410 299 1438 verba
323 1419 384 1437 esse
409 1413 517 1437 censet.
555 1407 664 1436 Eodem
689 1408 767 1436 enim
789 1408 878 1436 modo
902 1418 938 1436 ex
961 1417 989 1437 V.
1013 1408 1101 1445 μέρος
1121 1418 1205 1446 pars,
1229 1417 1266 1435 ex
1288 1416 1317 1435 v.
1341 1413 1471 1441 tremere,
1495 1405 1639 1445 trepidus,
1664 1417 1701 1434 ex
1726 1416 1752 1433 v.
1773 1409 1878 1443 Μοῖρα
1899 1405 2010 1443 Parca,
2035 1417 2071 1435 ex
2090 1408 2159 1435 San-

208 1453 300 1481 serito
325 1450 465 1486 bubulas,
498 1451 613 1479 Graeco
637 1448 746 1486 πολύς,
777 1449 901 1485 multus,
936 1460 973 1478 ex
996 1460 1025 1479 V.
1051 1449 1142 1478 bellus
1166 1449 1264 1485 (unde
1287 1450 1408 1489 βελτίων
1431 1449 1586 1487 βέλτερος)
1608 1448 1725 1477 meltom
1749 1448 1805 1487 (cf,
1829 1449 1904 1477 Fest.
1929 1449 1983 1477 sub
2006 1449 2034 1477 h.
2054 1449 2099 1488 v.)
2124 1459 2160 1478 ex

209 1494 357 1523 Sanscrito
384 1493 533 1521 blzuuanas
562 1492 737 1530 lzumanus,·
773 1493 814 1520 sic
834 1491 941 1532 globus
964 1497 992 1521 et
1013 1491 1130 1531 glomus
1153 1492 1266 1528 affinia,
1305 1489 1401 1527 ὕπνος
1424 1496 1453 1520 et
1475 1501 1610 1527 somnus,
1648 1493 1764 1519 Sanscr.
1787 1502 1937 1530 swapnas,
1978 1491 2084 1530 σεμνός
2106 1502 2160 1530 pro

210 1535 335 1577 σεβνός,
360 1546 375 1563 a
401 1535 555 1574 σέβεσθαι,
582 1541 610 1563 et
633 1535 723 1563 multa
749 1536 815 1563 alia.

376 1576 585 1607 Promulco.
630 1577 703 1605 Mihi
727 1577 834 1606 mirum
856 1576 993 1611 videtur,
1024 1576 1181 1614 promulco
1204 1575 1282 1604 trahi
1304 1585 1428 1612 navem,
1454 1585 1522 1603 cum
1544 1575 1574 1603 id
1600 1575 1714 1603 Graeco
1737 1574 1830 1602 verbo
1853 1575 1985 1603 remulco
2009 1576 2055 1613 agi
2079 1575 2162 1604 dica-

210 1627 259 1651 tur
281 1618 363 1661 παροὶ
385 1619 418 1651 τὸ
441 1621 630 1660 ῥυμουλκεῐν.
661 1618 763 1648 Scal.
807 1620 839 1648 In
863 1619 963 1647 verbis
986 1619 1063 1647 Festi
1087 1629 1142 1657 pro
1165 1618 1292 1657 scaphae
1319 1618 1437 1657 quidum
1462 1618 1646 1647 substituunt
1667 1617 1788 1656 scapha.
1829 1618 1963 1647 Pessime.
2002 1618 2076 1647 Vide
2098 1617 2161 1647 Re-

210 1663 316 1694 mulco.
341 1663 427 1692 Dac.
474 1663 602 1691 Glossis:
625 1659 809 1701 χαμουλκός,
834 1660 944 1690 trahae.
995 1660 1099 1690 Goth.

375 1704 462 1733 Prin
474 1704 623 1744 cipalis.
668 1705 772 1733 Portae
795 1705 825 1732 iu
850 1704 954 1732 vasu-is
978 1709 1126 1741 quatuor.
1160 1703 1195 1731 ad
1220 1703 1457 1741 unumquodque
1479 1703 1556 1732 latus
1580 1712 1646 1730 una.
1690 1702 1771 1731 Inter
1802 1711 1851 1731 eas
1880 1703 1974 1741 prima
2003 1702 2163 1740 praetoria,

213 1759 288 1786 quae
309 1748 406 1777 vicina
430 1752 457 1776 et
481 1758 494 1775 n
519 1752 602 1785 tergo
625 1748 779 1786 praetoris.
821 1748 900 1775 Duae
923 1746 1059 1775 laterales
1084 1751 1112 1775 et
1136 1746 1290 1784 proximae
1315 1751 1418 1784 portae
1440 1743 1635 1785 principales,
1665 1744 1704 1773 ita
1729 1745 1842 1782 dictae,
1875 1745 1955 1784 quod
1978 1745 2019 1773 ibi
2041 1744 2165 1774 tendant

214 1792 363 1829 principes
387 1791 521 1826 ordines,
546 1791 642 1828 capita
667 1795 695 1818 et
718 1791 818 1828 apices
843 1794 1024 1823 castrorum,
1049 1794 1082 1817 ut
1104 1789 1235 1824 tribuni,
1258 1789 1416 1827 praefecti,
1441 1789 1588 1827 primique
1613 1788 1836 1822 centurionum3
1863 1793 1968 1826 quarta
1991 1786 2164 1824 decumana,

216 1843 231 1860 a
253 1833 424 1861 cohortibus
447 1833 569 1861 decimis
592 1833 631 1861 ibi
653 1832 853 1861 tendentibus.
900 1832 940 1860 Ea
963 1832 1102 1870 opposita
1133 1836 1177 1860 est
1207 1833 1375 1869 praetoriae
1398 1837 1425 1860 et
1448 1840 1550 1859 aversa
1574 1830 1610 1859 ab
1634 1830 1727 1859 hoste.
1772 1830 1883 1860 Eadem
1905 1830 2071 1870 quaestoria
2094 1830 2164 1859 olim

218 1875 303 1903 dicta.
328 1876 411 1904 Dac.
456 1874 637 1915 Principalis
659 1882 822 1904 castrorum
843 1882 951 1915 porta,
976 1885 1051 1912 quae
1075 1879 1102 1903 et
1121 1875 1272 1913 principia
1292 1874 1323 1903 iu
1345 1874 1364 1903 l.
1379 1877 1428 1905 12.
1450 1874 1482 1902 in
1504 1874 1525 1902 s.
1547 1873 1577 1902 ff.
1601 1873 1637 1902 de
1660 1884 1694 1903 re
1715 1873 1854 1902 militari:
1882 1873 1901 1901 l.
1925 1873 1978 1904 ult.
1996 1872 2066 1902 Cod.
2090 1883 2165 1911 quae

218 1917 258 1945 sit
279 1918 362 1955 longa
385 1918 567 1947 consuetudo
591 1919 609 1946 l.
626 1921 653 1949 1.
679 1917 750 1947 Cod.
776 1918 811 1946 (le
834 1917 990 1947 veteranis.
1039 1915 1143 1945 Goth.

380 1959 703 1989 Praenominibus.
749 1960 823 1988 Vide
847 1961 880 1989 A.
900 1960 1029 1988 Gellium
1051 1960 1103 1987 lib.
1117 1959 1166 1988 VI.
1184 1969 1248 1997 cap.
1263 1961 1292 1989 7.
1318 1958 1469 1988 Plutarch.
1491 1958 1591 1988 Probl.
1617 1957 1763 1997 (Quaesit.
1781 1958 1865 1986 Rom.
1881 1956 1945 1996 30.)
1969 1962 1999 1986 et
2021 1967 2111 1996 supra
2134 1958 2164 1986 in

219 1999 355 2030 Praebia.
378 2000 423 2029 Fu
434 2001 475 2031 lv.
504 2003 579 2032 Urs.
626 2003 772 2031 Valerius:
796 2002 1001 2043 Antiquarum
1022 2001 1176 2031 mulierum
1189 2001 1346 2043 frequenti
1367 2002 1397 2031 in
1419 2014 1473 2030 usu
1492 2002 1684 2040 praenomina
1696 2000 1839 2041 fuerunt,
1864 1998 1998 2036 Rutilia,
2024 1997 2164 2037 Gneselia,

220 2041 396 2075 Roslocilla,
427 2043 584 2082 Murcula,
614 2044 712 2073 Burro
737 2056 755 2073 a
779 2044 877 2074 colore
907 2043 1007 2083 dictem
1046 2045 1103 2074 ista
1122 2045 1316 2083 praenomina
1338 2055 1357 2072 a
1379 2043 1514 2074 virilibus
1543 2051 1640 2073 tracta
1667 2050 1748 2080 sunt,
1782 2040 1871 2079 Gaia,
1904 2041 2019 2079 Lucia,
2047 2041 2165 2080 Publia,

220 2085 370 2114 Numerio.
415 2085 470 2112 Sed
492 2087 559 2114 vide
580 2088 731 2125 sigonium
754 2088 804 2118 lib.
818 2088 854 2117 11.
877 2088 1029 2116 Emendat.
1053 2097 1118 2125 cap.
1132 2087 1183 2118 35.
1228 2087 1320 2116 Dae.

386 2125 641 2165 Prymnesium.
686 2131 729 2159 lta
751 2130 828 2159 forte
850 2130 994 2168 legendus
1017 2129 1064 2157 hic
1086 2130 1180 2158 locus.
1224 2128 1431 2167 Prymnesium
1453 2128 1532 2157 funis
1555 2128 1709 2164 nauticus,
1743 2137 1804 2165 quo
1827 2127 1910 2156 navis
1934 2127 1972 2156 ad
1995 2127 2096 2166 palum
2116 2137 2166 2155 re-

220 2169 348 2207 ligatur,
372 2177 457 2206 quein
480 2170 528 2197 alii
551 2172 698 2200 tonsillam
722 2173 835 2204 dicunt.
860 2171 962 2201 Fulv.
991 2172 1065 2201 Urs.
1111 2171 1299 2212 Prymnesius
1318 2171 1422 2211 palus,
1450 2169 1640 2211 πρυμνήσιος
1661 2181 1677 2199 a
1699 2168 1836 2209 πρύμνα,
1865 2169 1993 2208 puppis,
2016 2169 2096 2208 quod
2119 2170 2166 2198 su-

221 2211 268 2240 nis
292 2221 343 2250 per
366 2210 491 2249 puppim
513 2211 549 2239 ad
572 2222 636 2240 eum
659 2214 846 2252 deligaretur.
891 2215 981 2243 Funis
1004 2215 1066 2253 ipse
1089 2216 1177 2243 etiam
1202 2213 1407 2254 πρυμνήσιον,
1442 2214 1645 2252 prymnesium
1673 2212 1839 2243 dicebatur.
1884 2212 2007 2241 Fulvius
2033 2212 2165 2247 Ursinus,

223 2264 291 2282 cum
315 2253 407 2281 nollet
429 2252 530 2290 palum
553 2253 634 2281 illum
657 2258 859 2293 prymnesium
882 2257 959 2294 dici,
981 2257 1032 2285 sed
1057 2263 1171 2287 tantum
1194 2257 1312 2294 sunem,
1337 2257 1435 2285 locum
1458 2257 1606 2294 integrum
1627 2256 1669 2284 sic
1690 2255 1839 2284 mutabat:
1861 2254 2063 2295 Prymnesium
2073 2252 2164 2293 funis

224 2297 373 2330 nauticus,
405 2305 462 2334 quo
486 2295 568 2323 navis
591 2294 630 2322 ad
650 2297 751 2334 palum
773 2298 929 2338 religatur,
959 2311 1041 2339 quem
1064 2299 1118 2329 alii
1139 2298 1292 2329 tonsillam
1315 2298 1426 2330 dicunt.
1464 2299 1522 2328 Sed
1544 2299 1666 2328 frustra.
1695 2298 1785 2327 Dac.
1829 2297 1888 2326 Alii
1910 2296 2086 2333 Primesius,
2115 2295 2163 2324 alii

225 2338 423 2378 Prymnesius,
447 2337 510 2365 aliis
531 2335 729 2366 Primnesium.
762 2340 836 2369 Vide
857 2342 932 2370 infra
957 2341 1103 2371 Tonsilla.
1151 2341 1256 2372 Goth.

390 2378 457 2408 Pro
467 2379 556 2408 cari.
600 2379 623 2407 A
640 2381 743 2417 προίξ,
767 2381 834 2418 doe,
857 2383 982 2419 donum,
1006 2384 1115 2422 stipes,
1138 2386 1273 2423 προΐσσω
1291 2388 1375 2422 peto,
1397 2394 1517 2413 manum
1539 2383 1683 2419 extendo,
1706 2381 1776 2411 inde
1795 2392 1920 2420 procor,
1942 2389 2064 2409 uxorem
2082 2384 2162 2417 peto,

226 2422 295 2451 inde
319 2427 345 2450 et
366 2422 496 2460 precari,
526 2427 558 2450 ut
580 2432 634 2460 pro
656 2420 788 2460 Apollo,
813 2424 922 2461 Apelle
945 2430 1001 2454 etc.
1039 2426 1062 2453 A
1084 2427 1204 2464 procari
1226 2427 1396 2455 meretrices
1417 2426 1515 2455 dictae
1535 2436 1684 2464 procaces.
1719 2426 1841 2454 Servius
1858 2424 1881 2453 1.
1905 2425 1974 2452 Aen.
2000 2422 2161 2460 (pag-214.
