2263 2668
775 97 1009 132 EXEMPLA
1041 95 1408 137 ELOCUTIONUM.
1987 105 2061 139 221

105 192 292 237 Contiguus
317 190 398 225 huic
424 189 481 225 rei.
506 186 601 236 Virg.
627 190 710 224 Aen.
734 188 825 226 X.²²:
850 191 956 225 Hunc
978 189 1038 224 ubi
1061 192 1264 237 contiguum
1286 194 1415 228 missae
1437 195 1590 230 credidit
1614 197 1747 232 hastae.

105 244 247 278 Confert
273 243 343 277 hoc
373 254 450 276 cum
476 242 547 276 illo.
586 241 656 275 Cic.
681 242 714 275 in
742 240 944 276 Pisone1n²³z
981 242 1125 288 Confer,
1159 244 1190 276 si
1220 245 1347 285 audes,
1375 246 1570 283 absentiam
1595 253 1693 283 tuam
1719 260 1798 283 cum
1829 259 1920 283 mea.
1955 247 2049 283 Con-

204 295 269 327 fert
292 294 361 328 hoc
380 294 438 328 illi.
460 294 554 337 Virg.
575 294 657 329 Aen.
683 291 805 328 X11.²⁴:
827 294 909 328 Stat
931 293 1091 339 conferre
1112 305 1255 327 manum
1277 296 1429 333 Aeneae.

103 345 275 381 Conclusit
299 357 377 380 cum
401 345 470 380 illo.
497 344 567 378 Cic.
588 345 622 377 in
644 342 856 379 Siciliensi²⁵:
888 345 1015 379 Tecum
1041 350 1137 379 tuum
1165 347 1394 380 conclusisset.

103 398 291 433 Commune
312 397 382 431 hoc
406 401 454 429 est
475 396 558 428 inter
580 396 663 429 illos.
691 396 760 430 Cic.
786 397 818 429 in
842 393 978 431 sicit²⁶z
1018 396 1065 429 Ut
1084 397 1221 430 diceres
1240 398 1330 430 inter
1355 410 1412 432 eos
1435 400 1550 434 omnia
1579 412 1652 436 esse
1678 402 1882 436 communia.
1938 401 2044 435 Com-

205 460 306 482 mune
329 453 376 482 est
403 448 465 480 illis
491 447 570 481 hoc.
603 448 699 481 Idem
722 459 786 492 pro
808 443 982 482 Roscio²⁷.·
1013 447 1111 495 Quid
1140 452 1189 481 est
1212 449 1303 482 enim
1335 453 1410 483 tam
1440 462 1618 487 commune
1645 465 1750 498 quam
1776 454 1920 499 spiritus
1945 453 2043 494 vivis,

206 503 306 533 terra
329 499 499 532 mortuis?
1426 529 1429 531 ,

103 551 306 587 Coniunctus
338 562 415 584 cum
440 550 510 583 illo.
539 548 658 583 Cicero
681 549 713 582 in
735 545 945 584 Siciliensiffi:
983 548 1070 583 Cum
1101 549 1143 584 P.
1169 550 1214 585 R.
1239 551 1421 584 coniuncta
1443 557 1501 586 est.

205 597 351 636 Vlll.²⁹:
379 601 550 648 Quodque
573 600 619 634 ab
644 602 753 646 stirpe
768 601 869 647 soret
895 601 1046 646 geminis
1072 602 1270 636 coniunctus
1295 603 1443 637 Atridis.

102 653 289 689 Conversus
309 653 353 686 ad
379 659 413 686 te
433 664 497 697 pro
517 650 801 686 convertendus³⁰.
823 652 905 696 WCic.
933 664 997 698 pro
1025 653 1185 687 Plancio:
1227 654 1308 687 Non
1336 654 1456 688 dubito
1480 656 1559 701 quin
1583 658 1692 692 omnis
1721 667 1889 692 conversa
1925 653 2040 702 [504]

195 704 313 750 fuerit
340 705 534 738 multitudo.

103 755 270 791 Conlocat
292 755 325 787 in
348 757 419 790 illo.
454 756 524 790 Cic.
546 766 609 799 pro
630 751 804 789 Roscio³¹:
830 754 874 787 In
896 764 1002 787 curru
1025 754 1175 787 collocat
1197 754 1499 793 Automedontem.
1550 759 1713 795 Conlocat
1731 759 1788 793 illi.
1814 758 1911 792 Idem
1931 756 1964 789 in
1984 756 2043 788 Pi-

203 804 368 841 sonem³22
396 807 539 841 Homini
561 807 628 839 levi
650 810 682 839 et
702 806 813 839 subito
822 805 948 852 filiam
969 806 1161 839 collocavit.

101 858 266 894 Convenit-
289 858 322 891 in
349 859 455 892 illum.
489 858 560 893 Cic.
585 869 649 902 pro
670 854 878 891 Deiotar0³³:
919 857 1051 891 Tamen
1082 857 1122 890 id
1156 857 1384 891 maledictum
1412 859 1552 893 minime
1581 861 1616 893 in
1651 861 1750 895 illam
1781 863 1934 894 aetatem
1962 869 2043 893 con-

203 910 346 944 veniret.

102 961 301 1006 Congruunt
323 962 371 994 illi
392 961 476 994 inter
499 972 543 995 se.
568 960 704 993 Terent.
730 955 900 992 Heaut.³⁴:
927 958 985 992 Ne
1009 970 1071 992 nos
1093 959 1182 992 inter
1203 971 1264 993 nos
1286 972 1484 1006 congruere
1503 962 1662 998 sentiant.

103 1012 208 1049 Citius
230 1013 296 1046 sive
320 1013 457 1046 celerius
481 1012 548 1045 hac
570 1023 615 1044 re.
639 1011 734 1056 Virg.
759 1012 842 1044 Aen.
862 1007 937 1044 1.³⁵:
971 1010 1020 1043 Et
1043 1011 1137 1044 dicto
1166 1012 1266 1045 citius
1295 1014 1434 1046 tumida
1466 1025 1621 1058 aequora
1646 1014 1780 1060 placat.
1814 1011 1883 1048 Sal.
1906 1005 2044 1046 Histfffi:

204 1064 275 1100 Illo
296 1065 397 1098 tertio
419 1074 535 1098 mense
552 1074 747 1109 pervenere
770 1063 807 1097 in
828 1062 979 1097 Pontum
1002 1063 1110 1096 multo
1132 1063 1280 1097 celerius
1303 1075 1366 1111 spe
1387 1065 1621 1099 Mithridatis.

1554 554 1756 590 Coniunctus
1770 555 1828 589 illi.
1843 555 1938 601 Virg.
1959 554 2043 587 Aen.

1048 1190 1090 1223 D.

101 1268 286 1314 Despectus
312 1266 395 1300 mihi
423 1271 480 1303 est.
507 1266 603 1312 Virg.
624 1262 794 1300 Bucol.³⁷:
824 1265 1021 1312 Despectus
1044 1266 1107 1300 tibi
1131 1277 1225 1308 sum,
1251 1277 1315 1301 nec
1338 1268 1398 1313 qui
1423 1269 1498 1305 sim.
1550 1269 1735 1315 Despectus
1764 1271 1812 1303 est
1840 1278 1860 1300 a
1879 1278 1943 1301 me.
1970 1263 2042 1298 Cic.

202 1320 236 1353 in
259 1316 463 1353 Pisonemffi:
489 1314 667 1364 Despecto
693 1329 717 1351 a
744 1319 912 1359 caeteris,
939 1330 963 1352 α
984 1329 1022 1352 se
1044 1319 1120 1364 ipso
1146 1318 1346 1364 desperato.

98 1429 236 1457 Duc-eres
253 1428 327 1459 cod.
353 1428 387 1459 A.
404 1428 442 1457 M.
465 1428 523 1457 Sed
545 1432 624 1457 recte
645 1426 759 1456 diceres
778 1427 850 1456 Cod.
865 1427 921 1457 Gu.
945 1443 987 1449 —
1007 1426 1052 1466 27)

99 1470 183 1499 Idem
200 1482 257 1510 pro
282 1472 373 1500 Rosc.
397 1474 447 1502 26.
470 1473 503 1500 A.
522 1471 561 1501 M.
581 1470 668 1509 Quid
679 1472 758 1498 enim
782 1476 824 1498 est
842 1471 913 1500 cod.
932 1470 988 1498 Gu.
1010 1470 1053 1501 Cf,

98 1512 148 1542 Fr.
171 1514 229 1543 Vil.
256 1514 327 1542 Otto
350 1514 380 1542 in
402 1514 481 1543 Edit.
504 1514 562 1542 Cic.
589 1515 669 1542 Cato.
696 1514 766 1542 Mai.
791 1514 929 1542 Excursu
947 1513 968 1540 I.
986 1523 1050 1550 pag.

99 1558 173 1588 222.
196 1566 257 1594 seq.
281 1573 322 1579 -—
352 1560 397 1591 28)
421 1557 531 1585 Locum
550 1567 612 1585 non
633 1556 779 1584 indicavit
803 1557 836 1586 A.
855 1556 891 1584 M.
921 1555 953 1584 In
979 1556 1051 1585 Cod.

101 1598 160 1627 Gu.
178 1598 300 1636 legitur:
327 1599 468 1637 Camper
483 1620 611 1629 .....
627 1600 789 1627 coniuncta
807 1604 849 1625 cst
867 1598 924 1635 (sic
943 1599 1052 1626 lacuna

97 1639 287 1680 significata).
315 1642 434 1679 Legitur
452 1641 483 1670 in
505 1641 590 1670 Verr.
607 1641 671 1672 Act.
689 1642 720 1669 ll.
738 1641 789 1670 lib.
806 1641 840 1670 H.
856 1643 906 1672 68.
928 1639 956 1680 §.
981 1643 1050 1672 163.

97 1682 150 1711 ubi
169 1688 229 1711 est:
250 1694 316 1712 cum
332 1684 447 1722 populo
464 1685 602 1712 Romano
623 1686 700 1713 coni.
724 1683 803 1722 quod
821 1683 960 1720 ostendit,
979 1683 1051 1720 quid

97 1724 154 1752 sibi
179 1726 251 1754 velit
277 1726 352 1754 iilud
377 1737 433 1765 per
456 1727 571 1755 Codicis
595 1727 673 1756 Gud.
709 1743 752 1748 —-
785 1724 831 1764 29)
859 1726 946 1764 lfirg.
974 1726 1050 1754 Aen.

102 1767 186 1796 VIII
212 1770 281 1799 130.
300 1769 333 1797 A.
353 1769 391 1797 M.
409 1769 458 1797 Ah
479 1770 571 1807 stirpe
589 1769 655 1797 dedi
678 1779 692 1797 e
714 1769 786 1797 Cod.
808 1770 864 1797 (αὐ.
885 1780 904 1796 a
923 1774 959 1796 st.
977 1768 1048 1796 cod.

97 1809 135 1837 A.
149 1809 281 1847 M.sores
298 1811 368 1840 Cod.
383 1814 416 1840 A.
432 1811 470 1840 Μ.
488 1813 667 1849 ssecteforet
683 1812 753 1840 cod.
769 1812 825 1839 Gu.
851 1826 891 1832 —-
913 1814 957 1844 30)
982 1811 1048 1838 Non

98 1851 213 1889 dubito,
236 1853 308 1891 quin
330 1854 485 1892 legendum
500 1855 536 1882 sit
553 1853 758 1884 Conversurus
775 1853 818 1881 ml
828 1859 855 1881 te
868 1863 926 1891 pro
941 1863 964 1880 c.
975 1853 1048 1880 Nam

97 1893 157 1922 hoc
173 1894 302 1923 voluisse
326 1897 443 1925 videtur
465 1897 616 1935 scriptor,
647 1907 844 1924 conversurus
862 1895 1048 1923 intransitive

97 1936 211 1965 dictum
232 1946 292 1965 esse
317 1937 369 1966 illo
392 1939 544 1967 Ciceronis
563 1939 640 1968 loco.
667 1939 788 1977 Legitur
809 1939 887 1966 enim
914 1937 974 1965 Cic.
993 1946 1047 1974 pro

97 1979 142 2009 Pl.
167 1981 216 2010 20·
259 1979 326 2007 Non
358 1979 480 2018 dubito,
517 1983 594 2020 quin
623 1983 720 2010 omnis
743 1981 787 2009 ad
812 1986 839 2008 te
866 1988 1047 2007 conversura

88 2021 192 2060 fuerit
217 2021 396 2058 multitado,
431 2023 480 2051 ubi
513 2024 564 2052 alii
597 2034 776 2052 conversura
809 2033 845 2049 se
872 2020 1047 2049 scribebant.

97 2063 134 2092 In
151 2064 286 2102 exemplo
303 2064 372 2093 Cod.
395 2065 429 2092 A.
444 2065 481 2094 M.
499 2066 621 2094 exhibet
645 2067 796 2101 conversi,-
818 2063 868 2092 sed
894 2062 964 2090 cod.
990 2063 1046 2089 Gu.

98 2116 220 2135 omne-⁹
245 2109 352 2133 εοηιιῆι
378 2109 410 2135 ιῖ.
435 2111 535 2146 s‘.1⁷i.
563 2107 661 2148 (sic);
687 2108 765 2136 unde
793 2110 873 2145 patet
903 2104 989 2132 etiam
1014 2104 1045 2131 in

97 2149 235 2187 exemplo
260 2148 416 2186 legendum
442 2159 641 2188 conversura,
663 2149 791 2178 librariis
815 2157 884 2175 vero
909 2145 1044 2174 fraudem

97 2191 201 2220 secisse
225 2190 398 2229 compendia
419 2192 594 2230 scripturae.
626 2208 668 2214 ·—-
696 2193 744 2228 31)
777 2188 966 2218 Memorabile
990 2193 1044 2223 est,

96 2233 278 2272 scripturam
301 2232 456 2268 conlocat,
482 2234 598 2262 sublata
622 2233 831 2262 assimilatione
849 2232 877 2259 in
900 2231 1042 2268 exemplis

96 2284 158 2304 non
184 2285 363 2313 comparere.
388 2275 490 2308 Recte;
522 2277 668 2304 vetustior
699 2274 776 2303 enim
802 2279 845 2302 est
863 2273 1042 2302 assimilatio.

96 2317 182 2346 Unus
204 2318 274 2348 Cod.
294 2319 350 2346 Gu.
364 2316 396 2344 iu
417 2317 509 2345 altero
531 2319 666 2356 exemplo
690 2316 808 2345 exhibet
830 2316 1041 2353 conlocavit,

96 2361 247 2391 mendose.
271 2360 352 2390 Idem
370 2370 428 2397 pro
449 2360 560 2388 Roscio
582 2361 633 2392 35.
657 2359 729 2390 Cod.
745 2359 779 2388 A.
795 2359 834 2389 M.
858 2359 958 2387 Auta
978 2369 1041 2386 me-

1096 1427 1217 1456 dentem
1238 1429 1309 1458 cod.
1331 1429 1367 1461 A.
1391 1429 1429 1460 M.
1451 1446 1494 1452 —
1521 1428 1567 1468 32)
1588 1430 1699 1459 Locum
1720 1440 1780 1458 non
1800 1425 1932 1457 enotavit
1951 1424 1984 1453 A.
2004 1422 2042 1451 M.

1096 1472 1173 1499 Orae
1204 1472 1359 1510 ascripsit,
1383 1473 1481 1501 locum
1504 1472 1598 1501 videri
1623 1473 1769 1510 pertinere
1790 1471 1827 1499 ad
1848 1471 2043 1506 fragmentum

1094 1514 1240 1552 principii
1266 1515 1410 1543 orationis
1434 1514 1496 1543 eius
1517 1519 1654 1553 quartum
1675 1515 1710 1542 ab
1732 1513 1858 1543 Asconio
1882 1514 2042 1540 servatum.

1095 1557 1153 1584 Sed
1179 1557 1213 1585 F.
1238 1557 1272 1586 V.
1295 1557 1413 1593 ottoni,
1441 1557 1540 1585 iuveni
1566 1557 1752 1589 doctissimo,
1789 1554 1897 1584 rectius
1921 1553 2043 1582 videtur

1092 1599 1177 1627 initio
1194 1599 1285 1627 totius
1303 1598 1443 1627 orationis
1459 1599 1676 1635 collocandum,
1699 1598 1912 1636 legendumque
1926 1595 2044 1634 filiam,

1093 1651 1150 1680 pro
1163 1642 1283 1679 filium,
1308 1641 1387 1679 quod
1410 1641 1486 1669 dedi.
1514 1640 1608 1669 Omne
1632 1646 1730 1669 autem
1748 1640 1824 1668 illud
1844 1640 2042 1676 fragmentum

1093 1684 1137 1712 sic
1158 1683 1345 1712 scribendum
1375 1682 1524 1710 existimat
1544 1683 1623 1711 idem
1649 1683 1738 1711 Otto:
1763 1681 1890 1710 Insuber
1911 1678 2040 1718 quidam

1082 1727 1172 1763 sitit,
1195 1725 1272 1752 idem
1294 1729 1441 1752 mercator
1461 1730 1487 1751 et
1505 1735 1627 1762 praeco.
1651 1725 1682 1753 Is
1705 1734 1800 1762 quum
1820 1723 1954 1751 Romam
1972 1730 2039 1748 cum

1083 1769 1158 1806 filia
1183 1769 1323 1803 venisset,
1348 1766 1562 1794 adolescentem
1575 1766 1703 1794 nobilem
1719 1766 1913 1801 Caesonium,
1935 1763 2040 1791 lzomb-
2089 1788 2094 1791 .

1091 1809 1344 1845 nisfizraclssimi
1352 1809 1468 1846 filium,
1485 1819 1581 1836 ausa-5
1595 1814 1638 1836 est
1655 1808 1817 1847 appellare.
1838 1807 1956 1844 Pisoni,
1979 1805 2040 1833 lio—

1092 1853 1167 1878 mini
1188 1851 1245 1877 levi
1260 1856 1285 1878 et
1302 1851 1418 1885 subito,
1431 1851 1539 1888 filiam
1557 1851 1727 1879 collocavit.
1753 1850 1838 1887 Quae
1852 1855 1895 1886 te,
1910 1849 2040 1877 belluam

1091 1903 1124 1921 ex
1144 1897 1245 1929 ule-ro,
1269 1904 1328 1921 non
1347 1893 1494 1921 hominem
1503 1893 1606 1930 fudit.
1631 1910 1674 1914 —
1694 1891 1740 1931 33)
1766 1892 1847 1921 Idem
1866 1903 1922 1931 pro
1937 1892 2038 1920 Deio·-

1090 1941 1158 1962 taro
1180 1937 1224 1965 10.
1242 1934 1277 1963 A.
1296 1935 1334 1963 M.
1352 1937 1502 1964 conveniet
1524 1936 1569 1964 ed.
1594 1935 1629 1964 A.
1653 1936 1692 1964 Μ.
1709 1936 1763 1964 Sed
1789 1935 1859 1972 Cod.
1882 1935 1936 1963 Gu.
1958 1937 2039 1962 recte

1089 1979 1260 2005 conueniret.
1282 1993 1324 1999 --
1344 1978 1390 2017 34)
1415 1978 1482 2006 Ter.
1506 1979 1620 2006 Heaut.
1644 1980 1674 2009 3.
1702 1981 1727 2009 l.
1750 1980 1799 2009 91.
1816 1977 1850 2006 A.
1868 1977 1906 2006 M.
1930 1991 1971 1998 -
1990 1974 2037 2010 35)

1094 2019 1229 2047 thtas
1250 2019 1358 2048 vitiose
1377 2031 1391 2049 e
1416 2021 1488 2049 Cod.
1505 2031 1559 2049 suo
1575 2021 1607 2048 in
1624 2020 1792 2049 elocutione
1815 2019 1934 2058 scripsit
1948 2018 1982 2046 A.
1999 2016 2037 2044 M.

1089 2061 1120 2088 in
1143 2062 1277 2100 exemplo
1303 2062 1384 2091 dedit
1403 2064 1513 2097 citius,
1537 2063 1785 2102 quemadmodum
1807 2061 1965 2099 utrobique
1985 2069 2035 2087 ex-

1087 2103 1168 2131 hibet
1187 2104 1257 2132 Cod.
1282 2104 1338 2134 Gu.
1366 2106 1450 2143 Vll-g.
1474 2105 1551 2135 Aen.
1576 2105 1600 2136 Ῑ.
1627 2107 1695 2137 142.
1720 2106 1752 2133 Α.
1776 2105 1813 2133 Μ.
1834 2120 1876 2126 -
1903 2102 1950 2143 36)
1974 2101 2036 2130 Sal·

1086 2147 1169 2176 Htst.
1195 2146 1280 2185 (Lib.
1304 2148 1430 2184 incert.)
1454 2151 1480 2179 1.
1512 2148 1546 2177 A.
1569 2148 1608 2176 M.
1630 2149 1777 2186 Fragmm.
1802 2147 1913 2175 incerta
1936 2155 1986 2173 nc.
2004 2146 2033 2174 4.

1088 2189 1168 2218 Gerl.
1192 2189 1323 2227 Uterque
1349 2190 1418 2218 Cod.
1449 2191 1506 2219 Illo
1530 2193 1617 2218 tertio
1645 2201 1683 2218 m.
1715 2190 1773 2218 Diu
1796 2192 1963 2217 correctum
1990 2189 2035 2213 est

1085 2229 1139 2258 Illi
1160 2236 1180 2259 t.
1203 2242 1241 2262 m.
1265 2248 1307 2253 -
1328 2232 1377 2271 37)
1398 2233 1483 2272 Vtrg.
1500 2233 1563 2263 Ecl.
1588 2231 1630 2261 Π.
1649 2235 1697 2264 19.
1715 2234 1749 2260 A.
1766 2231 1805 2260 Μ.
1823 2232 1898 2259 Tum
1914 2240 1949 2256 ne
1964 2228 2033 2266 quis

1084 2274 1141 2301 sim
1169 2273 1239 2302 Cod.
1266 2275 1324 2304 Gu.
1345 2289 1388 2296 —-
1408 2275 1456 2312 38)
1483 2275 1544 2304 Cic.
1563 2277 1595 2304 in
1609 2277 1749 2303 Pisonem
1768 2275 1817 2305 41.
1841 2272 1918 2301 A.M.
1944 2271 2033 2299 Cae·

1083 2317 1155 2343 teris
1183 2316 1253 2345 dedi
1281 2327 1296 2344 e
1317 2316 1387 2345 cod.
1417 2317 1474 2347 Gu.
1500 2317 1590 2357 Apud
1621 2317 1793 2346 Ciceronem
1819 2314 1939 2353 legitur:
1969 2312 2031 2339 Del-

1082 2364 1217 2397 spectam
1240 2369 1260 2388 a
1280 2361 1400 2398 ceteris,
1425 2370 1445 2388 α
1468 2366 1495 2389 te
1515 2362 1581 2400 ipsu
1599 2359 1800 2399 desperatum.
