2263 2668
529 158 594 191 DE
621 154 1010 192 SIGNIFICATIONE
1043 155 1327 213 VERBORUM.
1380 159 1525 193 LIBER
1551 158 1611 192 111.
1973 157 2044 191 381

92 251 151 280 Sed
174 261 228 289 pro
252 250 387 279 exercitu
410 250 511 279 nescio
535 261 572 279 an
595 251 738 289 exemplis
761 249 854 288 possit
875 248 995 277 firmari.
1029 248 1113 276 Tunc
1136 249 1212 278 enim
1236 249 1358 280 classem
1380 262 1505 281 numero
1528 249 1670 289 singulari
1693 248 1828 278 solebant
1850 249 1956 278 dicere.
1992 250 2045 279 Cui

91 294 135 323 rei
164 293 251 321 fidem
284 293 395 321 faciunt
420 293 564 330 isidorus,
602 294 715 322 Numae
738 293 786 321 lex
812 291 889 332 (vid.
913 291 987 321 Scal.
1010 291 1047 319 nd
1071 289 1181 321 Classis
1202 293 1402 334 procincta),
1443 294 1557 324 Gellius
1585 293 1632 334 (1,
1659 292 1727 330 11.)
1753 297 1781 321 et
1802 292 1864 330 ipse
1886 292 1991 320 Festus
2016 293 2045 321 in

93 335 202 366 Classis
220 336 384 376 procincta.
431 335 516 365 Dae.

256 376 424 406 Cloeliae
435 377 589 418 fossae.
630 378 738 407 Cluilia
762 378 840 406 fossa
862 375 924 404 Li'v.
938 375 958 405 l.
982 373 1074 415 (23.):
1101 375 1203 404 Castra
1227 375 1264 405 ab
1287 376 1357 406 urbe
1378 376 1460 407 haucl
1480 377 1548 418 plus
1570 378 1697 418 quinque
1718 375 1815 405 millia
1836 386 1974 415 passuum
1998 375 2045 405 lo-

92 427 178 456 cant,
199 418 291 462 fossa
315 420 508 449 circumdant.
552 420 645 449 Fossa
668 419 775 449 Cluilia
798 418 836 447 ab
860 418 973 447 nomine
997 416 1080 446 ducis
1099 429 1152 457 per
1173 418 1288 459 aliquoi
1312 420 1410 449 secula
1433 419 1583 461 appellata
1606 427 1663 457 est,
1692 417 1783 449 donec
1806 430 1870 448 cum
1893 430 1921 447 re
1943 430 2046 448 nomen

91 474 205 503 quoque
226 469 366 491 vetustate
387 461 521 492 abolevit.
567 462 602 492 In
625 463 669 491 his
695 463 799 492 castris
822 459 945 490 Cluilius
965 458 1107 489 Albanus
1129 472 1184 489 rex
1205 463 1338 491 moritur.
1384 463 1473 493 Dae.

257 511 450 543 Claudere.
502 514 697 543 Portumnum
727 512 874 552 portubus
903 521 1040 551 praeesse
1070 515 1153 540 notat
1182 513 1304 541 Servius
1334 512 1384 541 lib.
1399 513 1446 542 VI.
1470 515 1540 542 Aen.
1570 512 1631 553 (V,
1655 513 1745 550 241.)
1777 522 1813 541 ex
1841 512 1901 540 illis
1930 511 2045 550 Virgilii

91 554 240 584 versibus:

626 597 664 626 Et
684 605 771 637 pater
793 599 854 637 ipse
876 607 965 625 manu
988 606 1096 634 magna
1118 597 1299 626 Portumnus
1322 603 1431 626 euntem

626 639 766 679 Impulit:
808 639 862 668 illa
884 638 963 668 Noto
987 639 1074 667 citius
1095 637 1264 678 volucrique
1286 640 1397 678 sagitta

625 682 682 711 Ac]
706 690 810 712 terram
826 681 930 723 fugit,
962 688 987 710 et
1007 687 1095 720 portu
1118 693 1146 709 se
1168 680 1303 710 condidit
1326 679 1399 711 alto.

89 733 126 762 Et
151 732 243 762 Varro
267 733 316 761 lib.
329 733 363 761 V.
388 733 442 772 (De
466 733 495 762 L.
520 733 550 761 L.
574 735 688 771 p 201.
713 732 790 772 Sp.):
819 731 1038 768 Portumnalia‚
1063 731 1177 769 inquit,
1201 743 1220 760 α
1243 731 1420 767 Portumno,
1444 732 1491 760 cui
1513 742 1544 759 eo
1569 730 1614 760 die
1635 729 1719 759 aedes
1741 731 1772 759 in
1792 737 1880 769 portu
1909 729 2043 759 Tiberino

108 782 177 804 acta
200 783 225 803 et
239 776 339 813 feriae
361 776 520 805 institutae.
559 775 591 804 In
615 776 707 804 aereis
731 775 859 803 nummis
882 775 1007 803 Neronis
1032 779 1135 812 portus
1160 775 1305 803 Ostiensis
1329 774 1499 812 agnoscitur
1524 783 1590 801 cum
1613 772 1702 802 huius
1726 773 1773 801 dei
1795 773 1931 808 imagine.
1970 773 2044 801 Vide

91 818 168 846 Ovid
193 818 245 847 lib.
259 818 308 847 VI.
331 818 408 846 Fast.
430 817 541 856 (547.).
564 817 650 847 Ant.
672 818 765 857 Aug.
801 816 946 846 Clauzlere
967 825 993 845 et
1016 815 1118 845 clavis.
1150 817 1263 845 Claudo
1288 828 1303 845 a
1321 817 1428 845 Dorico
1453 813 1568 857 κλᾴζω,
1592 816 1683 844 clavis
1707 826 1722 843 a
1745 814 1828 856 κλᾴξ,
1851 815 1940 844 Dae.
1969 815 2044 844 Por·-

90 868 231 890 tumnum.
271 861 414 889 Portuum
438 861 519 888 deus.
560 861 594 889 Et
616 861 655 888 ita
679 860 851 898 legendum,
876 870 935 887 non
955 866 1118 899 portarum.
1165 860 1206 888 De
1229 860 1381 888 Melicerta
1403 858 1588 888 Athamantis
1611 858 1687 895 tilio,
1720 858 1772 896 qui
1793 858 1823 885 in
1847 858 2042 886 Portumnum

93 912 197 931 versus
221 908 278 939 est,
303 908 372 931 nota
395 903 501 933 fabula.
534 903 610 931 Vide
634 903 710 931 infra
733 902 915 931 Portumnus.
955 901 1075 930 Graecis
1100 901 1262 931 Palaemon
1285 902 1404 932 dicitur.
1439 901 1468 929 Is
1492 901 1596 929 clavim
1620 911 1708 929 manu
1729 900 1863 936 tenebat,
1887 900 1968 938 quod
1992 911 2042 928 no-

89 946 222 974 tandum.
260 945 315 974 Per
338 956 400 974 eam
424 950 521 974 autem
546 944 652 974 clavim
676 945 897 983 significabatur
920 949 948 973 et
971 944 1122 983 aperiendi
1147 950 1174 973 et
1197 945 1356 973 claudendi
1379 954 1442 973 esse
1467 949 1642 982 potestatem
1667 944 1781 978 datam,
1812 952 1904 980 eaque
1925 943 2042 982 saepius

88 998 151 1016 non
174 998 265 1016 manu
288 988 462 1022 tenebatur,
500 987 550 1016 sed
574 998 610 1015 ex
632 987 764 1016 humeris
787 987 988 1026 dependebat,
1028 986 1076 1025 qui
1107 997 1170 1016 mos
1198 987 1233 1015 ab
1261 987 1373 1016 ultimis
1404 997 1499 1025 usque
1525 985 1709 1024 temporibus
1733 985 1921 1023 repetendus.
1967 986 2042 1013 Deus

90 1030 166 1059 enim
188 1031 315 1069 loquens
338 1031 418 1069 apud
442 1031 547 1058 Isaiam
572 1040 636 1069 cap.
651 1034 700 1062 22.
725 1033 815 1061 v.22.
840 1031 875 1058 de
899 1028 1043 1058 Eliakim:
1081 1030 1142 1060 Καὶ
1170 1027 1258 1060 δώσω
1289 1028 1343 1068 τὴν
1373 1027 1465 1066 δόξαν
1487 1031 1584 1058 Δαυϊδ
1608 1026 1704 1067 αὐτῷ,
1739 1028 1788 1057 καὶ
1811 1025 1890 1065 ἄρξει
1913 1028 1961 1057 καὶ
1984 1024 2042 1057 ov’n

89 1073 167 1103 ἔσται
190 1070 206 1104 ὃ
229 1070 403 1113 ἀντιλέγων,
427 1073 477 1103 καὶ
501 1070 586 1103 δώσω
610 1070 692 1114 αὐτῷ
713 1070 767 1111 τήν
791 1074 891 1103 κλεῖδα
914 1073 1001 1102 οἴκου
1022 1073 1120 1102 Δαυ”ὶ“δ
1143 1072 1191 1102 ἐπὶ
1213 1075 1256 1112 τῷ
1278 1070 1348 1111 ὤμῳ
1373 1069 1484 1108 αὐτοῦ,
1509 1071 1559 1101 καὶ
1584 1068 1638 1101 οὐκ
1662 1069 1741 1101 ἔσται
1766 1068 1780 1100 ὀ
1804 1067 1971 1100 οἷπυκλείωυ
1992 1070 2041 1099 καὶ

88 1116 196 1146 κλείσει
218 1116 267 1146 καὶ
290 1113 346 1146 οὐκ
370 1116 449 1146 ἔσται
472 1112 487 1146 ὁ
512 1112 654 1156 ἅνοίγων.
700 1115 776 1144 Hinc
807 1115 904 1144 lucem
936 1114 1016 1155 capit
1043 1115 1119 1144 illud
1143 1115 1327 1156 Callymachi
1358 1114 1461 1154 hymn.
1487 1115 1517 1142 in
1542 1115 1677 1142 Cererem
1702 1123 1786 1141 versu
1802 1113 1852 1143 45.
1877 1112 1912 1140 de
1936 1113 2041 1141 Cerere

87 1159 119 1186 in
142 1158 301 1197 Nicippum
325 1169 481 1187 conversa:

707 1219 749 1224 -
794 1218 830 1223 —
877 1219 917 1224 —
962 1201 1059 1242 γένετο
1082 1202 1112 1233 δὲ
1133 1202 1211 1241 χειρί

625 1244 780 1284 Στέμματα
802 1245 851 1274 καὶ
874 1242 1009 1283 μᾶκωνα.
1042 1247 1235 1284 κατωμαδίαν
1259 1241 1288 1275 δ’
1312 1245 1356 1284 ἔχε
1379 1244 1494 1280 κλαῖδα,

89 1294 170 1333 quod
194 1295 371 1332 interpretes
398 1294 555 1332 hucusque
583 1294 686 1331 latuit,
725 1300 758 1323 ut
786 1295 892 1324 abhinc
922 1296 979 1324 iam
1004 1301 1135 1334 quatuor
1156 1297 1239 1324 annis
1263 1296 1343 1335 apud
1367 1294 1557 1323 Theocritum
1580 1292 1764 1321 notabamus.
1796 1290 1880 1320 Dae.
1927 1288 2038 1319 Clavim

88 1338 216 1366 clavum.
242 1337 323 1365 Idem
338 1337 408 1365 Iano
424 1337 544 1373 tribuit,
566 1342 599 1364 ut
616 1337 723 1366 clavim
741 1343 838 1366 teneat
856 1338 972 1366 Alricus
990 1339 1068 1366 libro
1087 1339 1122 1367 de
1140 1339 1325 1378 imaginibus.
1350 1338 1425 1367 Vide
1441 1335 1602 1366 Alexandr.
1621 1335 1656 1363 ab
1673 1335 1757 1363 Alex.
1771 1336 1799 1364 1.
1816 1344 1839 1360 c.
1856 1333 1901 1365 14.
1930 1331 2037 1361 Goth.

254 1386 409 1418 Clavim.
454 1388 547 1416 Uxori
569 1388 693 1417 intranti
717 1389 806 1417 limen
830 1389 887 1417 viri
910 1389 1008 1417 claves
1032 1389 1245 1427 tradebantur,
1273 1400 1332 1418 non
1359 1394 1489 1424 tantum,
1512 1393 1545 1416 ut
1569 1397 1602 1415 eo
1628 1386 1799 1414 facilitatem
1823 1388 1928 1422 partus
1947 1382 2038 1421 signi-

85 1431 223 1468 ficarent,
246 1430 296 1460 sed
319 1436 352 1459 ut
376 1431 566 1460 ostenderent
589 1432 669 1459 viros
694 1441 821 1460 uxorum
844 1432 911 1460 fidei
935 1442 997 1460 sese
1023 1433 1222 1469 committere,
1247 1432 1404 1470 omniaque
1428 1441 1530 1460 earum
1553 1429 1707 1457 custodiae
1728 1427 1877 1455 mandare.
1912 1426 2038 1454 Eaedem

86 1475 173 1502 etiam
202 1474 300 1502 claves
330 1474 537 1502 adimebantur
567 1474 684 1502 mulieri
713 1474 874 1503 divertenti
903 1479 931 1503 et
961 1475 1096 1511 exeunti,
1133 1475 1212 1504 unde
1235 1476 1264 1503 in
1288 1476 1343 1512 leg.
1356 1475 1421 1503 XIl.
1443 1474 1500 1502 tab.
1524 1471 1620 1502 claves
1643 1469 1775 1499 adimite.
1820 1469 1926 1497 Mulier
1949 1468 2037 1498 etiam

85 1517 224 1545 nuntium
243 1516 309 1544 viro
332 1517 484 1546 remittens
508 1517 607 1544 claves
629 1516 810 1548 remittebat.
837 1517 922 1546 Dae.
968 1517 1041 1546 Vide
1065 1518 1233 1547 Ciceronem
1251 1518 1288 1547 II.
1311 1516 1388 1546 Phil.
1411 1517 1501 1556 (28).
1527 1514 1662 1544 Ambros.
1684 1513 1777 1553 Epist.
1793 1512 1842 1543 65.
1868 1521 1925 1550 qua
1947 1510 1983 1540 de
2005 1520 2036 1539 re

85 1558 216 1587 diximus
239 1559 274 1586 ad
298 1559 318 1586 l.
332 1562 361 1590 2.
376 1559 405 1589 ff.
429 1559 466 1587 de
492 1558 601 1588 divort.
648 1557 751 1589 Goth.

253 1599 448 1630 Clausala.
493 1601 649 1639 Suspicor:
673 1612 759 1641 quam
787 1599 892 1629 Graeci
914 1603 1037 1631 κοῖλον
1058 1608 1181 1637 vocant,
1208 1612 1249 1630 ex
1271 1612 1328 1641 quo
1342 1600 1466 1643 facium
1490 1601 1674 1637 κολοφῶν.
1698 1595 1797 1628 Scal.
1834 1596 1955 1625 Graecis
1979 1597 2035 1626 καῖ-

85 1645 138 1673 λον
160 1643 281 1682 proprie
305 1648 348 1671 est
371 1653 439 1681 pars
462 1643 606 1671 orationis
628 1643 705 1672 inter
728 1644 801 1672 duas
823 1644 915 1671 lineas
940 1642 1006 1682 (—)
1031 1644 1210 1680 constricta,
1236 1644 1404 1672 absolutum
1428 1653 1545 1672 sensum
1569 1642 1732 1670 continens.
1776 1639 1859 1667 Unde
1883 1637 2036 1678 metapho-

85 1685 147 1712 rice
175 1695 230 1723 pro
260 1684 315 1712 fine
345 1686 452 1723 passim
483 1690 650 1724 usurpatur.
697 1686 764 1721 Quo
793 1696 880 1715 sensu
905 1686 1010 1714 Graeci
1036 1687 1141 1714 dicunt
1164 1689 1341 1724 κολοφῶνα,
1379 1686 1430 1715 sed
1455 1687 1563 1714 frustra
1589 1689 1632 1712 est
1655 1683 1777 1712 doctiss.
1801 1682 1947 1719 Scaliger,
1984 1681 2033 1719 qui

85 1727 203 1765 putavit
226 1738 242 1754 a
267 1729 363 1757 κῶλον
386 1728 495 1755 sactum
518 1731 675 1765 κολοφῶν,
710 1729 793 1765 quasi
817 1739 905 1765 vero,
938 1733 971 1757 ut
995 1728 1030 1756 de
1056 1728 1205 1767 scriptura
1227 1728 1301 1757 nihil
1326 1728 1440 1765 dicam,
1477 1726 1510 1758 τὸ
1533 1729 1629 1757 κῶλον
1653 1736 1707 1764 pro
1732 1724 1897 1764 colophone
1919 1723 2034 1762 uspiam

84 1770 208 1807 legatur.
252 1769 308 1797 Sed
333 1770 381 1798 adi
404 1770 576 1799 Strabonem
600 1770 663 1810 (lib.
676 1771 764 1807 xm,
790 1782 818 1809 p.
830 1770 932 1810 442),
968 1772 1018 1810 qui
1042 1776 1071 1800 te
1095 1771 1229 1807 docebit,
1263 1770 1335 1809 quid
1358 1772 1396 1800 sit
1419 1776 1447 1800 et
1469 1770 1547 1800 unde
1570 1769 1609 1797 sit
1635 1767 1796 1806 Colophon·
1842 1766 1916 1795 Vide
1942 1764 2034 1795 0⁰2⁰·

82 1811 170 1851 phon.
194 1811 281 1841 Dae.
327 1814 428 1841 Senec.
447 1813 542 1851 Ep.t,
568 1815 634 1843 11.:
662 1812 727 1841 Iam
752 1812 915 1843 clausulam
939 1812 1062 1853 epistola
1084 1814 1198 1852 poscit3
1221 1818 1249 1842 et
1271 1814 1331 1850 ΠΙ,
1355 1816 1423 1845 26.:
1442 1814 1537 1853 finire
1558 1813 1615 1840 iam
1639 1809 1772 1839 volebam
1794 1817 1820 1839 et
1842 1821 1945 1839 manus
1966 1819 2033 1848 spe-

84 1853 184 1884 ctabat
206 1852 247 1882 acl
270 1852 442 1884 clausulam.
476 1855 591 1883 Glossis
616 1856 749 1884 clausula
774 1853 880 1895 νόημα.
906 1854 1012 1885 Goth.
1050 1858 1282 1894 Κολοφῶνα,
1309 1857 1464 1895 περίοδοι,
1488 1855 1536 1883 alii
1559 1856 1666 1883 κῶλον.
1715 1851 1824 1880 Idem.

251 1903 425 1934 Clavata.
470 1905 651 1934 Vestimenta
675 1907 765 1935 clavis
789 1907 947 1946 purpureis
971 1906 1005 1934 ad
1030 1917 1111 1934 oram
1134 1911 1301 1945 praetexta,
1325 1916 1376 1934 seu
1399 1910 1460 1935 tota
1484 1904 1559 1933 facie
1582 1904 1730 1943 descripta
1748 1908 1776 1932 et
1793 1907 1929 1938 exarata,
1955 1911 2028 1939 quo-

82 1958 147 1977 rum
172 1947 227 1976 alia
251 1947 319 1976 latis
342 1947 433 1976 clavis
455 1953 642 1986 senatorum,
680 1949 734 1977 alia
759 1950 889 1988 angustis
914 1949 1007 1977 clavis
1031 1950 1162 1986 equitum
1188 1949 1311 1988 propria
1341 1949 1529 1978 notabantur.
1575 1947 1658 1975 Clavi
1687 1951 1785 1974 autem
1812 1945 1856 1974 illi
1885 1943 2029 1983 purpurei

81 1990 204 2028 figuram
230 2000 288 2018 non
312 1990 397 2018 aliam
422 1991 643 2030 exprimebant,
683 2002 770 2030 quam
794 1992 857 2020 veri
879 1992 964 2020 clavi.
1010 1991 1093 2019 Unde
1123 1996 1151 2020 et
1180 1993 1378 2020 nominantur.
1423 1991 1495 2019 Nam
1518 1987 1612 2027 ἥλους
1634 1989 1721 2018 etiam
1746 1987 1849 2021 Graeci
1872 1991 2026 2016 vocarunt.

82 2032 165 2061 Unde
189 2033 291 2071 ἔνηλος
313 2033 404 2061 vestis
425 2043 561 2071 purpura
584 2035 709 2062 clavata.
747 2035 841 2064 Closs.
865 2034 967 2062 clavus
991 2032 1137 2075 πορφύρᾳ
1166 2031 1335 2071 ὑφασμένη.
1369 2032 1456 2061 Dae.
1501 2032 1579 2060 Hinc
1610 2032 1760 2061 definitum
1791 2030 1891 2058 clavos
1920 2040 2026 2058 aureos

80 2076 128 2104 vel
150 2085 300 2114 purpurae
324 2074 567 2104 vestimentorum
592 2087 655 2105 esse
678 2076 765 2105 etiam
789 2088 848 2105 non
876 2081 1014 2104 consutos
1039 2077 1228 2107 vestimentis.
1252 2077 1271 2107 l.
1288 2079 1335 2108 19.
1360 2075 1425 2113 §.5.
1440 2074 1469 2104 ff.
1494 2074 1531 2103 de
1554 2085 1641 2112 auro;
1679 2073 1774 2102 multo
1801 2072 1891 2110 magis
1916 2082 2023 2100 conm-

81 2123 135 2148 tos.
159 2118 177 2146 l.
192 2120 241 2150 25.
267 2117 376 2154 §.1.ss'.
401 2118 437 2146 de
460 2128 542 2147 auro.
567 2117 672 2148 Goth.
717 2117 881 2148 Inter-texta
905 2119 1030 2146 intexta.
1075 2117 1181 2146 Idem.
1551 2139 1553 2142 Α

249 2158 384 2188 Clavus
411 2160 577 2189 annalis.
623 2161 681 2196 Qui
705 2161 842 2190 notandis
863 2170 1008 2189 annorum
1031 2161 1160 2188 numeris
1184 2160 1334 2198 figebatur.
1380 2159 1481 2188 Livius
1504 2158 1554 2190 lib.
1569 2158 1632 2188 VII.
1656 2162 1727 2188 sect.
1741 2159 1787 2189 8.:
1821 2158 1893 2186 Lex
1913 2164 2022 2186 vetusta

79 2210 135 2239 est,
157 2203 262 2242 priscis
285 2200 376 2231 literis
397 2202 544 2243 verbisque
566 2204 693 2241 scripta,
722 2211 767 2239 ut,
797 2205 847 2243 qui
869 2202 990 2232 Praetor
1012 2204 1164 2232 maximus
1186 2204 1238 2239 sit,
1263 2201 1365 2231 Idibus
1388 2200 1603 2241 Septembribus
1625 2199 1740 2230 clauum
1762 2207 1882 2239 pangat.
1929 2198 2022 2228 Fixus

73 2244 135 2285 fuit
159 2245 266 2274 dextro
292 2244 377 2274 lateri
400 2243 480 2273 aedis
504 2245 582 2274 Iovis
607 2244 672 2284 Opi⁴
698 2245 791 2274 Mam.
815 2257 846 2274 ea
870 2256 910 2274 ex
931 2253 1032 2284 porte,
1068 2257 1126 2285 qua
1149 2245 1301 2274 Minervae
1323 2244 1459 2278 templum
1486 2251 1535 2273 est.
1578 2242 1653 2271 Eum
1684 2241 1816 2279 clavum,
1846 2243 1916 2282 quia
1939 2252 2021 2269 rarae

75 2299 127 2327 per
148 2299 181 2316 ea
206 2295 334 2326 tempora
356 2286 456 2316 literae
478 2295 575 2323 erant,
600 2295 699 2316 notam
724 2289 834 2316 numeri
856 2298 998 2316 annorum
1012 2286 1113 2329 fuisse
1126 2287 1243 2327 flmnt,
1267 2299 1354 2327 eoque
1368 2287 1522 2316 Minervae
1545 2284 1652 2325 templo
1675 2284 1806 2314 dicatam
1833 2283 1932 2323 legem,
1956 2283 2008 2310 uia

77 2341 210 2359 numerus
229 2329 382 2360 Minervae
404 2331 547 2358 inventum
571 2331 618 2358 sit.
661 2328 805 2359 Volsiniis
828 2341 941 2370 quoque
963 2328 1063 2358 clavos
1085 2329 1195 2359 indices
1218 2331 1328 2358 numeri
1349 2340 1489 2358 annorum
1501 2329 1594 2368 βφος
1616 2329 1645 2356 in
1668 2325 1774 2367 templo
1789 2326 1912 2355 Nortiae
1934 2323 2014 2351 Etru-

76 2382 142 2401 scae
165 2371 234 2401 deae
256 2384 436 2411 comparere,
460 2371 584 2411 diligens
607 2371 710 2400 talium
733 2373 972 2402 monimentorum
997 2379 1100 2401 auctor
1117 2372 1236 2401 Cincius
1257 2372 1398 2413 affirmat.
1428 2371 1500 2399 ltem
1523 2370 1594 2399 alibi
1618 2370 1695 2410 (eod.
1713 2371 1779 2398 luco
1796 2369 1894 2407 paullo
1912 2362 2013 2404 post.):

76 2413 127 2444 Ab
151 2413 317 2445 consulibus
337 2422 438 2454 postea
460 2413 501 2442 ad
525 2413 698 2451 dictatores,
737 2416 807 2455 quia
830 2415 924 2443 maius
948 2415 1097 2453 imperium
1121 2422 1198 2452 erat,
1231 2414 1347 2444 solenne
1365 2412 1484 2455 figendi
1511 2412 1591 2443 clavi
1618 2411 1793 2441 translatum
1821 2416 1869 2438 est.
1913 2408 2013 2443 Neque
