2263 2668
233 111 308 146 284

237 206 428 248 adversum,
465 207 561 249 citra,
594 211 725 249 contra,
758 211 790 241 et
822 212 962 243 caetera.

1024 210 1153 245 Harum
1187 215 1354 257 quaedam
1387 220 1517 250 mutato
1558 221 1696 254 accentu
1728 215 1836 252 fiunt¹
1861 219 2028 258 adverbia.

975 115 1155 151 MAXIMI
1189 118 1438 157 VICTORINI

2090 225 2177 260 Nam

238 262 337 300 ante,
362 269 438 292 cum
465 260 558 303 gravi
585 264 723 293 accentu
747 261 1000 305 pronunciatur,
1026 265 1231 309 praepositio
1259 271 1324 310 est,
1352 271 1402 301 ut:

462 334 554 367 Ante
569 334 696 380 focum
718 336 749 370 si
764 335 895 382 frigus
922 338 987 371 erit
999 335 1020 371 ².

239 409 276 443 Si
303 414 410 443 autem
437 414 554 452 acuto,
582 411 640 444 fiet
666 412 861 446 adverbium
886 415 1059 459 temporis,
1086 421 1138 450 ut:

463 486 556 520 Ante
582 488 742 533 equidem
767 501 904 524 summa
931 491 977 524 de
998 502 1038 525 re
1059 494 1240 538 statuisse,
1267 495 1388 529 Latini
1401 492 1423 527 ³.

238 561 323 593 Item
343 565 426 606 post
451 565 654 609 praepositio
663 590 673 609 ,
700 577 776 600 cum
803 566 959 609 dicimus,
981 572 1063 613 post
1084 573 1246 616 tergum3
1272 583 1349 607 cum
1372 581 1451 605 vero
1471 570 1634 616 significat
1659 575 1792 617 postea,
1819 572 1856 606 fit
1879 573 2074 609 adverbium
2090 578 2177 610 tem-

241 613 332 656 poris
341 639 351 656 ,
386 619 440 647 ut:

468 690 661 725 Posthahm·
685 696 801 726 tamen
831 693 971 729 illorum
996 706 1077 729 mea
1101 697 1196 730 seria
1222 693 1334 730 zudo⁴.

242 765 372 799 Harum
399 767 563 810 quaedam
594 769 699 802 verbis
721 770 961 815 adiunguntur,
988 776 1024 805 ut
1039 784 1127 817 per,
1153 774 1214 813 ad,
1242 777 1357 814 trans,
1386 777 1483 816 ante,
1505 773 1653 814 circum,
1675 774 1780 817 inter,
1807 774 1865 815 ob,
1887 779 1977 820 post.
2029 775 2177 810 Dicimus

245 818 330 849 enim
356 817 526 863 perlegefi,
554 820 708 861 adverte,
735 823 927 864 transvehe‚
962 824 1106 865 antefer,
1141 825 1333 865 circumfer,
1361 825 1535 866 interveni,
1564 825 1694 866 obduc,
1721 830 1896 870 postpone.
1933 826 2093 860 Ablativis
2120 839 2179 861 ca-

244 869 330 901 sibus
357 870 595 914 adiunguntur:
629 883 670 912 a,
706 873 786 913 abs,
831 884 863 915 e,
900 886 960 917 cm,
995 876 1058 915 de,
1087 873 1188 920 111·0⁶,
1220 887 1321 921 prae.

243 920 324 952 fiunt
350 922 525 961 adverbia,
552 923 652 955 veluti
679 929 727 956 est
754 935 839 957 cum.

242 972 365 1007 amico.
420 970 577 1014 (ὶιιοῑίεε7
601 975 725 1016 verbo,
754 976 814 1008 erit
840 977 1052 1022 adverbium,
1086 983 1137 1011 ut:

474 1050 562 1085 Cum
587 1052 696 1093 veuit,
723 1049 887 1086 aulaeisss.

240 1097 302 1130 Et:

1374 876 1504 909 Harum
1537 876 1702 919 quaedam
1737 888 1849 920 aeque.
1881 882 2007 910 mutato
2040 883 2179 912 accentu

892 927 980 958 Nam
1006 927 1134 970 quoties
1162 929 1250 961 casui
1277 927 1438 972 iungitur,
1464 927 1667 973 praepositio
1695 932 1763 973 est,
1794 933 1830 961 ut
1856 939 1935 962 cum
1960 929 2066 973 duce,
2099 940 2178 963 cum

471 1151 559 1185 Cum
584 1153 695 1187 subito
721 1153 861 1188 Aeneas
884 1164 1053 1188 concursu
1074 1153 1266 1188 ascendere
1288 1153 1450 1201 mag7109.

241 1225 293 1257 Ex
319 1224 370 1257 his
396 1229 561 1269 quaedam
582 1230 677 1263 etiam
704 1231 811 1264 verbis
839 1231 1077 1276 adiunguntur,
1104 1236 1140 1264 ut
1166 1244 1208 1275 a,

242 1287 378 1317 amove,
411 1280 544 1324 abripe,
578 1282 747 1324 abstrahe,
787 1284 916 1324 emitte,
952 1294 1099 1327 expone,
1134 1283 1290 1326 detrahe,
1325 1284 1473 1328 produc,
1508 1284 1648 1328 praefer.

949 1334 1167 1377 Accusativo,
1196 1346 1272 1368 cum
1305 1335 1337 1367 in
1370 1336 1484 1369 locuni
1516 1335 1563 1368 ire
1589 1336 1642 1368 vel
1666 1335 1795 1368 mittere
1828 1334 1996 1379 significa-
2048 1331 2178 1380 [1954]

1161 1386 1199 1418 In
1230 1387 1529 1431 praepositionibus
1562 1387 1743 1420 casualibus
1769 1386 1854 1420 haec
1881 1396 2016 1429 quoque
2029 1381 2054 1402 ¹⁰
2080 1385 2179 1418 etiam

241 1327 406 1362 ablativis:
433 1331 485 1372 1⁸11,
512 1332 594 1374 sub,
620 1345 745 1378 super,
771 1334 897 1367 subter.

241 1390 330 1418 mus3
356 1382 448 1423 quod
475 1383 610 1426 quidem
644 1386 774 1429 plenius
802 1397 901 1430 supra
927 1386 1109 1419 docuimus.

243 1432 350 1464 verbis
378 1433 608 1478 adiunguntur.

334 1676 362 1712 1)
395 1679 473 1706 Sunt
509 1678 577 1710 adv.
610 1681 660 1710 Pe.
691 1680 810 1710 Putsch.
844 1681 933 1710 Recte
954 1683 1040 1720 fiunt
1072 1683 1125 1712 Go.
1154 1700 1195 1704 —

250 1714 286 1755 2)
311 1717 390 1755 Vin-g.
421 1721 483 1749 Ecl.
515 1723 550 1757 V,
578 1726 628 1754 70.
669 1740 712 1745 —
753 1723 782 1763 3)
823 1724 902 1761 Virg.
932 1725 1003 1753 Aen.
1030 1725 1086 1760 XI,
1123 1728 1194 1757 302.

253 1772 291 1778 —-
315 1758 347 1796 4)
372 1760 551 1791 Pus-[hahuit
574 1776 633 1793 non
655 1766 778 1793 illorum
801 1772 851 1796 etc.
879 1768 924 1795 Pe.
947 1767 1065 1798 Putsch.
1089 1768 1196 1795 Emen-

254 1799 344 1828 dandi
368 1802 443 1830 viam
471 1807 599 1834 Ostendit
626 1808 696 1839 (ἔα,
728 1808 757 1835 in
787 1819 844 1846 quo
869 1814 926 1837 est:
958 1809 1149 1838 Postlzuhut't
1174 1821 1194 1838 η

254 1842 376 1870 illorum
402 1847 590 1877 miseralmlo.
635 1850 754 1877 Scilicet
776 1857 786 1877 t
802 1862 823 1878 n
847 1857 888 1880 est
913 1857 1027 1888 tamen,
1058 1857 1085 1880 et
1108 1863 1194 1880 mon-

254 1890 350 1914 strum
370 1887 445 1916 illud
469 1890 667 1923 mz'.›·cr‹1lu'‹l0‚
693 1892 763 1929 quid
787 1894 839 1929 sit,
863 1904 948 1922 nemo
975 1895 1140 1931 ignorabit,
1167 1895 1192 1922 si

256 1928 304 1956 cui
323 1929 354 1956 in
379 1936 505 1958 mentem
530 1934 610 1961 venit
635 1934 716 1961 illius
737 1944 838 1962 versus
863 1937 1017 1974 Virgiliani
1040 1937 1102 1965 Eel.
1128 1937 1192 1974 VH,

255 1973 303 2002 17.
340 1987 380 1991 —
407 1972 435 2011 5)
460 1975 597 2012 l’srlezgo,
621 1975 743 2012 adsero,
767 1979 939 2012 tram-vello,
963 1981 1112 2016 antefero,
1135 1981 1193 2007 cir-

255 2014 403 2050 cumsem,
432 2017 609 2052 intervenio,
641 2019 772 2055 obduco,
804 2027 961 2057 [inaquam.
995 2022 1042 2051 Pe.
1072 2021 1192 2050 Putsch.

254 2055 314 2083 Cur
330 2055 517 2094 imperativus
535 2060 670 2088 maluerit
693 2062 924 2097 Grammaticus,
947 2074 1006 2091 nou
1030 2063 1122 2092 habeo
1141 2064 1193 2092 di-

254 2107 332 2133 cere3
357 2097 413 2126 hoc
435 2100 527 2128 solum
546 2101 650 2135 video,
674 2104 772 2140 paullo
796 2109 862 2141 post
888 2105 1075 2142 imperativus
1094 2106 1126 2134 in
1152 2106 1195 2134 si-

254 2139 317 2167 mili
334 2150 419 2169 causa
438 2152 599 2172 recurrere.
624 2145 758 2173 Ceterum
781 2146 854 2174 Cod.
880 2146 1042 2175 allum-tans
1062 2159 1116 2187 pro
1139 2148 1194 2176 ad-

254 2187 346 2218 verte,
377 2194 391 2210 a
413 2184 525 2222 syllaba
547 2192 686 2223 sequente
709 2188 806 2215 simili.
835 2204 876 2209 —-
912 2188 939 2226 6)
971 2191 1051 2227 Pro,
1085 2190 1120 2218 de
1146 2192 1192 2221 Pe.

253 2223 371 2253 Putsch.
393 2242 435 2248 -—·
460 2230 486 2262 7)
513 2228 638 2265 Quoties
660 2240 727 2257 cum
754 2230 835 2258 vel-bo
851 2231 900 2259 Pe.
916 2231 1036 2261 Putsch.
1056 2233 1192 2263 Ceterum

662 1437 809 1469 Dicimus
837 1437 923 1470 enim
948 1437 1049 1478 infer,
1077 1437 1253 1482 subtrahe,
1281 1439 1499 1484 subterpone,
1526 1438 1739 1482 superscribe-

242 1484 416 1516 tummodo
437 1484 715 1531 praeponimus¹¹,
743 1493 778 1521 ut
804 1500 878 1531 con,
904 1488 958 1533 di,
985 1499 1041 1531 re,
1068 1488 1142 1531 dis,
1168 1500 1224 1531 se,
1251 1500 1328 1532 am,
1356 1501 1386 1526 0.

1237 1231 1300 1274 ab,
1332 1232 1412 1274 abs,
1440 1243 1476 1274 e,
1503 1242 1565 1273 ex,
1592 1231 1648 1273 de,
1668 1242 1749 1277 pro,
1771 1242 1874 1277 prae.
1926 1230 2074 1264 Dicimus
2093 1231 2179 1265 enim

1703 1284 1879 1325 Quaedam
1913 1283 2104 1316 accusativis
2147 1288 2180 1316 et

1791 1437 1967 1479 Quaedam
1980 1436 2088 1469 verbis
2104 1441 2179 1469 tan-

1438 1490 1587 1525 Dicimus
1618 1490 1705 1523 enim
1731 1489 1904 1531 conduco,
1932 1487 2083 1530 dimitto,
2109 1487 2178 1521 ‹lis-

1238 1682 1309 1711 Cod.
1328 1683 1382 1712 Go.
1404 1683 1513 1722 ubique
1533 1684 1684 1722 quotient-9,
1707 1682 1786 1721 quod
1806 1681 1864 1710 iam
1883 1680 2061 1712 notavimus.
2082 1695 2125 1703 —
2149 1681 2178 1718 8)

1236 1726 1330 1753 Aulis
1355 1726 1409 1754 Go.
1427 1727 1473 1756 Pe,
1497 1727 1592 1754 Locus
1610 1731 1652 1754 est
1666 1725 1744 1763 Virg.
1760 1726 1824 1753 Aen
1844 1724 1869 1760 I,
1891 1727 1964 1756 701.
1986 1740 2029 1746 —
2047 1720 2077 1761 9)
2104 1721 2179 1750 Cum

1236 1768 1319 1795 subit
1332 1768 1407 1796 Aen.
1421 1779 1445 1797 c.
1461 1767 1618 1796 ascendere
1634 1768 1688 1798 Go.
1706 1769 1752 1796 Pe.
1768 1765 1885 1795 Putsch.
1903 1766 1961 1794 Sed
1980 1764 2099 1803 antiqua
2113 1775 2178 1793 ma-

1236 1820 1292 1838 nus
1315 1810 1346 1837 in
1370 1811 1416 1840 Pe.
1440 1811 1572 1839 correxit
1589 1810 1690 1838 subito
1716 1814 1745 1838 et
1766 1807 1912 1837 accedere.
1939 1807 2060 1836 Retinui
2081 1812 2180 1835 tamen

1237 1852 1409 1888 ascendere,
1433 1853 1539 1891 quippe
1564 1852 1633 1880 satis
1659 1851 1922 1886 accommodatum,
1939 1855 1973 1878 ut
1994 1861 2049 1889 pro
2072 1849 2179 1878 lectio-

1234 1895 1280 1922 nis
1300 1895 1440 1923 varietate
1464 1895 1543 1933 apud
1567 1894 1724 1932 Virgilium
1744 1892 1847 1922 haberi
1874 1892 1979 1931 possit.
2002 1892 2080 1929 Virg.
2103 1892 2177 1922 Aen.

1233 1937 1257 1974 I,
1278 1938 1349 1968 513.
1375 1953 1417 1958 —
1441 1937 1484 1975 10)
1504 1938 1628 1975 Quoque
1645 1936 1745 1965 addidi
1762 1946 1777 1965 e
1799 1935 1868 1964 Cod.
1890 1935 1944 1963 Gn.
1958 1951 2000 1956 —
2025 1933 2069 1973 11)
2088 1933 2178 1962 Prae-

1229 1985 1390 2018 ponuntm·
1416 1980 1465 2008 Pe.
1496 1979 1612 2007 Putsch.
1644 1995 1682 2001 —
1716 1977 1760 2017 12)
1785 1979 1898 2016 Sepone
1924 1977 2093 2005 addendum
2121 1975 2178 2004 fuit

1236 2032 1273 2049 ex
1297 2022 1350 2050 Go.
1380 2038 1422 2043 —
1451 2020 1497 2061 13)
1521 2023 1545 2050 S
1567 2022 1614 2051 vel
1632 2022 1663 2058 f
1681 2021 1728 2050 Pe.
1749 2019 1868 2049 Putsch.
1895 2035 1937 2041 —-
1971 2020 2013 2054 14)
2038 2020 2080 2047 Et
2098 2018 2177 2046 talia

1236 2064 1356 2092 additur
1376 2064 1407 2091 in
1423 2064 1477 2092 Go.
1494 2080 1537 2085 —--
1560 2063 1605 2103 15)
1629 2065 1705 2092 Sunt
1720 2069 1822 2091 aulem
1838 2068 1894 2090 aut
1909 2062 1977 2091 laet.
1993 2061 2041 2089 Pe.
2055 2059 2175 2090 Putsch.

1237 2106 1311 2134 Tum
1333 2107 1473 2134 laetantis
1487 2112 1521 2134 ut
1543 2117 1587 2134 ιά
1612 2107 1666 2134 Go.
1694 2122 1735 2128 —
1765 2106 1811 2143 16)
1842 2106 1878 2133 Ut
1902 2104 1960 2132 lieu
1988 2104 2037 2133 Pe.
2057 2101 2176 2132 Putsch.

1244 2149 1281 2176 Ue
1296 2149 1337 2176 [ιε
1362 2149 1417 2178 Go.
1441 2150 1479 2177 Ut
1495 2160 1529 2177 eu
1554 2149 1596 2177 sic
1610 2158 1685 2179 corr.
1711 2148 1745 2176 ab
1768 2148 1889 2186 antiqua
1909 2155 2000 2175 manu
2015 2145 2048 2174 in
2065 2145 2114 2175 Pe.
2134 2159 2176 2167 —-

1234 2207 1277 2213 —-
1301 2190 1345 2230 17)
1370 2192 1406 2219 Ut
1431 2203 1464 2219 eu
1482 2192 1530 2220 Pe.
1549 2190 1670 2219 Putsch.
1695 2191 1783 2219 Recte
1795 2190 1854 2218 laea
1870 2190 1923 2220 Go.
1938 2193 2025 2226 atque
2038 2189 2080 2216 ita
2099 2196 2175 2217 corr.

1234 2233 1270 2262 ab
1285 2234 1407 2273 antiqua
1421 2244 1511 2263 manu
1525 2233 1556 2262 in
1570 2234 1618 2263 Pe.
1635 2250 1672 2256 —
1697 2234 1744 2272 18)
1767 2233 1834 2261 Aut
1848 2232 1980 2261 iurantis
1993 2231 2041 2260 Pe.
2057 2227 2173 2259 Putsch.
