2263 2668
228 935 423 982 appellandi
451 945 606 969 concessa
631 936 881 980 opportunitate
906 942 999 972 actae
1027 942 1140 981 sunto,
1185 943 1327 983 quantae
1354 939 1497 985 intelligi
1522 943 1659 984 possunt
1684 939 1866 982 maximae,
1903 951 2002 984 quaS‚
2038 950 2174 984 quaeso,

229 1005 367 1040 comiter
395 1009 427 1037 et
454 1003 607 1038 clementi
635 1004 742 1037 animo
771 1006 925 1050 excipias.

393 1138 506 1179 Quum
533 1149 612 1171 vero
638 1139 691 1171 Te
717 1141 860 1174 maxime
887 1146 1024 1176 auctore
1052 1146 1083 1175 et
1111 1142 1330 1186 deprecatore
1358 1142 1516 1176 effectum
1543 1143 1599 1182 sit,
1641 1145 1677 1175 ut
1701 1152 1806 1186 opera
1832 1152 1906 1175 mea
1932 1142 1966 1175 in
1992 1141 2174 1175 emendan-

227 1208 279 1241 dis
306 1206 553 1240 Grammaticae
578 1206 716 1239 Latinae
750 1210 940 1242 auctoribus
973 1209 1065 1243 haud
1100 1214 1224 1245 temere
1255 1211 1364 1256 posita
1396 1211 1563 1244 videretur
1596 1215 1628 1243 et
1658 1220 1859 1254 prosperum
1888 1210 2023 1244 tandem
2050 1210 2173 1244 exitum

225 1275 398 1313 habitura3
433 1285 500 1307 non
527 1274 585 1307 abs
611 1285 647 1308 re
673 1277 835 1320 putabam
864 1289 951 1319 esse,
989 1279 1015 1311 si
1042 1279 1120 1312 Tibi
1148 1290 1369 1324 exponerem,
1406 1279 1485 1323 quid
1512 1279 1578 1311 iam
1604 1289 1624 1310 a
1649 1289 1704 1311 me
1730 1282 1812 1311 esset
1838 1278 2050 1322 praestitum,
2087 1289 2173 1321 quae

224 1347 423 1390 praeparata
456 1347 578 1384 essent,
620 1354 706 1386 quae
737 1345 890 1378 absoluta
922 1352 955 1379 et
988 1347 1161 1389 confecta,
1206 1354 1241 1381 ut
1273 1349 1456 1381 fortunatus
1488 1346 1536 1380 rei
1569 1351 1743 1392 susceptae
1773 1346 1875 1378 exitus
1901 1346 2026 1390 sperari
2050 1351 2172 1390 posset.

224 1414 270 1446 Et
301 1413 447 1456 primum
479 1410 616 1455 quidem
649 1412 732 1446 scire
759 1413 811 1446 Te
839 1414 936 1455 volo,
980 1427 1034 1448 me
1061 1426 1137 1449 cum
1160 1416 1229 1449 hoc
1256 1416 1362 1449 altero
1390 1415 1693 1449 Grammaticorum
1719 1414 1889 1447 volumine
1915 1413 2008 1457 quod
2034 1413 2171 1446 Festum

225 1482 361 1525 eiusque
382 1479 638 1524 compilatorem
658 1480 813 1513 Paullum
840 1482 1000 1522 continet,
1036 1483 1131 1516 simul
1158 1485 1291 1517 tertium
1319 1484 1456 1529 prodire
1482 1483 1627 1525 iussisse,
1660 1482 1753 1526 quod
1781 1482 2016 1526 complectitur
2041 1480 2172 1523 Isidori,

224 1549 385 1595 Episcopi
405 1548 629 1593 Hispalensis,
656 1549 800 1594 origines
825 1550 893 1583 sive
914 1551 1206 1596 Etymologiarum
1235 1563 1337 1597 opus;
1364 1564 1465 1596 quam
1488 1563 1560 1586 rem
1588 1551 1635 1585 sic
1658 1550 1783 1584 institui
1808 1561 1875 1583 non
1900 1549 2008 1594 magis
2032 1552 2173 1594 propter

226 1618 412 1663 argumenti
445 1615 709 1660 similitudinem,
750 1628 852 1661 quum
880 1622 1019 1662 uterque
1045 1620 1187 1665 scriptor
1209 1621 1438 1654 Romanarum
1464 1631 1574 1654 rerum
1600 1619 1810 1663 antiquitates
1834 1617 2017 1663 praecipue
2042 1621 2172 1658 tractet,

226 1697 325 1729 quam
351 1690 532 1731 propterea
557 1685 650 1729 quod
678 1685 797 1718 auxilia
824 1686 867 1719 ad
890 1687 1053 1720 Isidorum
1081 1689 1196 1722 critica
1222 1694 1301 1723 tunc
1325 1690 1391 1722 iarn
1418 1689 1586 1722 habebam
1613 1692 1739 1733 parata.
1791 1687 1881 1720 Tum
1908 1687 2008 1729 scias,
2038 1691 2170 1720 secutu-

227 1765 299 1786 rum
326 1766 397 1787 esse
422 1754 575 1798 proxime
598 1754 782 1787 Van-onem
809 1753 855 1788 de
879 1754 1015 1801 Lingua
1041 1756 1176 1797 Latina,
1220 1757 1311 1791 cuius
1343 1758 1497 1801 reliquias
1531 1761 1687 1800 quartum
1716 1756 1813 1790 huius
1839 1754 1990 1799 corporis
2014 1755 2171 1788 volumen

229 1822 408 1855 continebit
434 1834 454 1854 a
472 1822 599 1867 Papio,
628 1822 769 1856 doctore
794 1823 1018 1867 Berolinensi‚
1053 1829 1199 1867 curatas,
1233 1827 1290 1870 qui
1315 1831 1347 1859 et
1373 1826 1444 1859 aliis
1466 1825 1510 1859 ad
1534 1837 1607 1859 eam
1635 1825 1814 1859 editionem
1836 1823 2048 1859 facultatibus
2074 1833 2169 1858 com-

229 1888 423 1922 mendabilis
450 1889 530 1931 fuit,
573 1895 606 1923 et
633 1891 770 1936 scriptas
796 1892 901 1925 edidit
923 1892 1144 1926 Varronianus
1170 1894 1326 1927 lectiones
1353 1906 1419 1927 non
1445 1895 1513 1928 sine
1539 1894 1782 1939 approbatione
1809 1897 1982 1937 exceptas,
2017 1896 2050 1925 et
2073 1903 2095 1924 a
2115 1902 2169 1926 me

228 1956 361 2000 accepit
382 1955 544 1990 Codicum
566 1958 744 2003 Lipsiensis
770 1963 803 1993 et
828 1960 979 1994 Gothani
1005 1961 1048 1994 ad
1078 1962 1235 1996 Varronis
1261 1963 1363 1996 libros
1390 1963 1496 1996 varias
1521 1962 1691 1997 lectiones,
1742 1961 1876 1995 Deinde
1895 1961 2046 1994 Varrone
2067 1960 2168 1993 abso-

228 2025 299 2058 luto
326 2034 401 2056 mea
427 2033 531 2066 opera
557 2026 634 2059 editi
661 2027 843 2071 prodibunt
868 2029 1039 2074 Sosipater
1066 2029 1234 2064 Charisius
1260 2037 1293 2065 et
1314 2031 1504 2065 Diomedes.
1559 2031 1604 2064 Et
1635 2030 1728 2074 quod
1758 2030 1801 2063 ad
1825 2029 2013 2064 charisium
2044 2027 2167 2067 attinet,

229 2091 343 2126 unicus
367 2095 492 2124 tantum
520 2092 587 2125 eius
613 2094 697 2128 liber
722 2098 964 2142 manuscriptus
990 2099 1140 2143 antiquus
1166 2099 1279 2133 adhuc
1305 2100 1485 2139 invenitur,
1512 2100 1569 2143 qui
1592 2103 1774 2133 asservatur
1794 2100 1827 2132 in
1847 2096 2052 2133 bibliotheca
2072 2094 2166 2140 regia

229 2158 469 2204 Neapolitana,
503 2159 610 2201 idem,
651 2173 692 2194 ex
717 2175 784 2206 quo
808 2166 933 2210 primus
957 2166 1146 2201 Charisium
1172 2168 1277 2202 edidit
1303 2169 1428 2203 Pierius
1454 2167 1643 2212 Cyminius3
1684 2167 1776 2203 cuius
1803 2167 2015 2202 collationem
2041 2175 2060 2196 a
2084 2162 2165 2197 Nie-

229 2227 351 2261 buhrio
386 2226 633 2272 diligentissime
665 2229 804 2273 factam,
849 2240 884 2266 ut
915 2234 988 2278 ipse
1019 2240 1095 2269 ante
1126 2241 1268 2270 mortem
1296 2237 1507 2281 promiserat,
1548 2237 1582 2270 in
1608 2247 1724 2271 manus
1749 2247 1841 2270 meas
1865 2232 2001 2268 tradidit
2024 2231 2162 2264 Ioannes

230 2293 431 2337 classenm,
475 2295 535 2328 Vir
562 2295 775 2330 Clarissimus.
826 2299 906 2333 Eius
941 2302 1125 2337 collationis
1158 2315 1226 2349 ope
1260 2305 1437 2339 innumeris
1469 2306 1502 2338 in
1527 2306 1611 2339 locis
1639 2305 1826 2345 emendari,
1862 2301 1954 2335 haud
1981 2296 2160 2333 admodum

230 2363 346 2408 augeri
370 2367 403 2395 et
428 2363 576 2408 suppleri
602 2363 723 2407 scripta
743 2364 883 2398 Charisii
908 2373 1072 2410 poterunt.
1124 2373 1282 2406 Diomedi
1309 2379 1419 2407 autem
1446 2374 1579 2418 insignis
1602 2372 1740 2417 contigit
1762 2371 1915 2407 felicitas,
1943 2372 1977 2400 ut
1997 2371 2059 2398 tres
2081 2364 2158 2403 eius,
