2263 2668
224 186 300 221 290
702 178 1094 216 PRAEFATIO
1138 180 1275 214 AN'r.
1322 181 1707 217 AUGUSTINI.

224 279 384 314 manibus
409 276 561 322 quotidie
587 277 729 317 teritur,
774 280 805 309 et
832 275 906 308 sine
939 286 1006 320 quo
1033 274 1250 308 humanioris
1277 276 1486 310 literaturae
1513 276 1700 310 candidati
1729 276 1780 309 ad
1808 275 2009 321 perfectam
2036 277 2173 312 Roma-

223 343 292 365 nae
319 328 534 374 antiquitatis
558 328 809 372 cognitionem,
837 337 928 371 quae
954 330 1031 359 sunt
1055 327 1141 359 iuris
1167 327 1275 360 nostri
1298 327 1528 369 itu-zmabula,
1556 328 1744 373 pervenire
1769 339 1837 361 non
1858 333 2013 373 possunt.
2040 335 2090 363 tot
2113 342 2174 364 ve-

224 383 350 416 tustatis
384 380 574 419 thesauros,
625 385 748 412 tantam
783 380 918 423 copiam
951 379 1115 411 bonarum
1149 390 1258 411 rerum
1295 379 1326 411 in
1360 379 1429 414 hoc
1462 381 1709 414 instructissimo
1742 391 1832 423 penu
1866 380 2071 414 reconditam
2105 394 2174 416 esse

225 434 421 477 intelligunt.
474 431 587 472 Quare
615 431 870 465 celeberrimum
897 430 1093 474 scriptorem
1120 430 1372 472 commendare,
1413 431 1482 465 hoc
1514 438 1599 465 esset
1627 432 1726 476 plane
1753 431 1911 472 laudare,
1948 443 2047 475 quem
2073 445 2173 467 nemo

226 487 399 528 vituperat.
453 483 531 516 Hoc
560 494 662 516 unuin
694 489 805 516 tamen
832 494 930 527 spero
959 481 1051 525 quod
1079 483 1207 515 tametsi
1235 482 1277 514 ad
1313 482 1380 514 eius
1416 483 1551 516 landem
1579 483 1662 516 nihil
1695 483 1775 516 addi
1802 494 1899 528 posse
1927 484 2174 527 praedicatione

224 536 398 570 hominum
426 534 614 575 videbatur,
653 541 764 568 tamen
791 546 857 567 non
884 534 1037 567 minimus
1063 534 1105 566 ad
1134 545 1207 566 eam
1236 534 1388 567 cumulus
1415 536 1587 569 accesserit
1613 547 1652 568 ex
1678 535 1864 579 patrocinio
1892 541 1966 576 tuo,
2010 537 2102 579 quod
2127 537 2175 570 illi

225 599 326 632 paru,
372 586 566 619 lomsns
602 587 828 627 Mounncr,
873 586 898 618 si
931 586 976 618 ita
1004 586 1063 618 tibi
1091 586 1241 628 videtur,
1284 591 1318 618 et
1351 586 1376 618 si
1405 588 1482 619 tanti
1517 587 1597 621 facis
1628 587 1931 620 lucubratiunculas
1959 594 2102 629 nostras,
2139 594 2176 621 ut

224 640 303 672 illae
329 650 395 671 non
421 643 547 671 tantuin
574 644 715 683 propter
741 639 849 683 ipsum
879 643 1048 671 auctorem
1077 638 1162 682 legi,
1200 649 1299 680 qnam
1326 644 1467 682 propter
1493 645 1542 675 te,
1585 640 1639 682 qui
1668 651 1722 672 eas
1749 639 1957 683 probaveris,
2002 650 2176 672 commen—

226 691 299 724 dari
325 690 460 734 possint.
514 690 673 724 Profecto
701 691 746 723 ita
773 690 944 734 intelligo,
972 690 1016 722 ita
1043 700 1161 733 spero,
1195 700 1257 722 nec
1283 701 1337 721 me
1364 690 1449 722 fallit
1475 691 1650 735 augurium
1679 703 1809 723 meum:
1843 702 1957 723 onmes
1984 692 2109 724 virtutis
2136 702 2176 725 ac

226 744 387 776 bonarum
416 742 585 775 literarum
613 749 792 783 amatores,
830 742 923 785 quod
951 752 1055 786 genus
1083 741 1255 773 hominum
1284 752 1351 785 ego
1379 742 1477 774 valde
1504 754 1659 781 veneror,
1704 744 1759 776 vix
1787 743 1882 775 aliter
1908 743 2052 775 animum
2080 754 2175 776 suum

225 794 433 834 inductum&
475 805 575 837 quani
607 795 696 827 bona
724 806 814 833 esse„
854 805 941 837 qnae
967 793 1026 826 tibi
1053 793 1218 834 dicamus,
1260 803 1335 826 cum
1364 794 1442 833 tibi,
1484 794 1614 827 homini
1639 795 1771 828 seilicet
1797 794 2028 839 gravissimo,
2072 798 2176 839 atque

226 845 518 890 eloquentissimo,
560 845 740 879 uberrima
781 846 965 878 literarum
999 845 1198 889 cognitione
1223 844 1505 887 instructissimo,
1547 857 1666 879 rerum
1700 849 1841 879 nostrae
1876 845 2022 879 Galliae
2048 846 2177 879 intelli—

225 897 448 942 gentissimo,
489 909 533 930 ac
566 901 614 931 tot
643 896 880 943 legationibus
906 896 969 930 sub
1002 901 1153 941 quatuor
1179 895 1326 940 regibus
1351 896 1562 941 felicissime
1578 897 1708 943 sancto
1742 898 1895 942 opellam
1930 903 2095 938 nostram,
2137 907 2177 930 ac

226 949 353 993 vigilias
380 949 545 993 placuisse
572 950 844 982 animadvertent.
897 949 1027 992 Accipe
1057 949 1157 993 igitur
1183 948 1248 980 inei
1276 947 1307 979 in
1337 954 1371 981 te
1398 949 1535 989 amoris,
1563 956 1662 993 atque
1689 950 1915 983 observantiae
1942 949 2083 994 pignus,
2110 959 2177 982 non

226 1000 311 1033 illud
338 1000 473 1044 quidem
501 1006 568 1033 tani
603 1002 809 1045 perfectum,
858 1005 893 1033 ut
920 1000 963 1033 ad
993 1001 1060 1033 eius
1088 1004 1317 1032 ornamentum
1345 1000 1428 1033 nihil
1456 1001 1535 1034 addi
1562 1002 1685 1046 possit:
1735 1007 1824 1035 certe
1852 1001 2030 1039 eiusmodi,
2071 1006 2107 1034 ut
2134 1001 2177 1034 de

227 1053 348 1084 amoris
373 1052 406 1084 in
436 1057 468 1085 te
499 1054 564 1085 mei
598 1054 786 1085 testimonio
821 1052 902 1086 nihil
937 1052 1067 1085 detrahi
1101 1063 1198 1096 posse
1231 1051 1389 1084 videatur.
1446 1053 1540 1087 Vale.
1594 1054 1724 1087 Abenni
1758 1054 1790 1085 in
1816 1064 1900 1098 agro
1936 1053 2176 1086 luliodunensi:

228 1115 274 1136 xi.
300 1104 377 1137 Kal.
405 1104 586 1140 Novembr.
615 1105 827 1139 clolonxxxv.

401 1415 1049 1471 ANTONII
1146 1414 2009 1471 AUGUSTINI

909 1522 1352 1556 PRAEFATIO
1417 1522 1501 1555 DE

686 1606 749 1649 M.
831 1605 1234 1648 VERRII
1308 1605 1718 1649 FLAccl

1169 1698 1246 1728 ΕΤ

525 1773 785 1828 SEX.
880 1773 1400 1829 POMPEI
1493 1773 1895 1829 FESTI

1015 1879 1408 1914 LIBRIS.

261 1974 394 2040 ffg‘isff‘xg
407 1960 502 2014 Sex.
532 1984 711 2028 Pompeius
738 1983 854 2016 Festus
881 1982 932 2015 his
955 1983 1069 2027 viginti
1095 1983 1204 2024 libris,
1232 1994 1316 2026 quos
1344 1983 1387 2016 de
1409 1983 1586 2016 verborum
1615 1983 1873 2027 significatione,
1900 1981 1969 2014 sive
1991 1980 2175 2024 priscorum

290 2028 373 2068 Cre-01.
409 2034 584 2067 verborum
607 2047 681 2068 cum
710 2035 872 2079 exemplis
899 2035 1079 2078 inscripsit,
1108 2035 1209 2067 libros
1238 2035 1345 2068 Verrii
1374 2035 1486 2068 Flacci
1522 2034 1669 2067 eiusdem
1703 2033 1890 2079 argumenti
1924 2033 1958 2065 in
1990 2032 2175 2065 breviorem

245 2077 548 2136 „gssfssilgf‘JTn‘a'n
578 2087 717 2131 redegit.
772 2086 916 2119 Abstulit
937 2087 1024 2119 enim
1053 2088 1152 2119 verba
1176 2088 1271 2119 nimis
1298 2086 1449 2129 antiqua,
1476 2087 1690 2119 intermortua
1711 2088 1796 2129 iam,
1824 2090 1856 2118 et
1871 2084 2015 2128 sepulta,
2045 2088 2079 2116 ut
2104 2082 2176 2126 ipse

278 2148 379 2176 fanum.
413 2133 543 2166 Verrius
569 2137 717 2179 dicebat,
751 2150 905 2182 quaeque
931 2138 1053 2171 nullius
1080 2144 1172 2171 erant
1195 2151 1286 2180 usus,
1326 2144 1358 2170 et
1385 2139 1603 2176 auctoritatis;
1637 2138 1782 2182 apertius
1809 2147 1944 2180 quoque
1981 2140 2013 2169 et
2046 2133 2175 2167 brevius

413 2183 456 2216 de
491 2186 612 2218 eisdem
647 2190 752 2222 verbis
784 2190 920 2223 tradidit
953 2190 1071 2222 minori
1106 2190 1275 2223 volumine
1308 2190 1471 2222 libroruin
1504 2190 1613 2234 prisca
1648 2190 1748 2223 verba
1780 2188 1978 2225 referend03
2023 2183 2174 2229 exempla

413 2236 510 2267 &23³¹ss
538 2236 568 2267 i¹¹
597 2239 665 2268 aliis
699 2241 786 2273 libris
812 2246 945 2285 reperta
978 2242 1149 2274 recensuit.
1216 2242 1356 2285 Saepius
1384 2248 1493 2274 autem
1530 2241 1635 2274 Verrii
1664 2252 1791 2274 errores
1818 2240 1958 2273 notavit:
1999 2243 2029 2271 et
2057 2247 2114 2270 cur
2138 2233 2172 2267 id

251 2305 290 2330 Ex
309 2286 554 2332 Charis-,faceress
590 2299 655 2319 non
682 2292 783 2323 minus
811 2293 910 2325 docte
938 2305 1070 2337 semper
1096 2293 1243 2325 reddidit
1270 2293 1440 2325 rationein.
1494 2293 1626 2326 Accidit
1653 2305 1732 2325 vero
1761 2292 1839 2326 huic
1866 2291 1970 2331 libro,
2006 2295 2040 2322 ut
2066 2285 2172 2320 multis

268 2341 310 2398 ιλὺΙ.
327 2341 352 2366 2.
370 2346 394 2367 et
413 2337 520 2369 modis
547 2338 588 2370 ab
616 2341 806 2382 antiquitate
832 2344 1029 2377 laederetur.
1085 2346 1170 2377 Nam
1192 2356 1300 2388 neque
1325 2345 1398 2387 quis
1425 2344 1482 2377 hic
1510 2344 1625 2377 Festus
1654 2344 1770 2383 fuerit,
1798 2354 1905 2386 neque
1928 2352 1995 2384 quo
2022 2345 2172 2381 tempore

251 2376 498 2435 Hb'gfwgghhaec
525 2389 708 2432 scripserit,
748 2394 913 2434 potuimus
944 2395 1096 2428 invenire.
1161 2397 1223 2429 vix
1255 2396 1354 2429 etiam
1383 2396 1557 2428 voluminis
1590 2395 1686 2429 huius
1714 2396 1824 2438 aliqua
1858 2394 1981 2426 mentio
2011 2388 2172 2433 reperitur

310 2448 360 2468 rur.
412 2439 443 2471 in
471 2440 627 2475 Charisii.
663 2448 694 2473 et
720 2442 883 2475 Macrobii
913 2457 996 2485 uno,
1036 2452 1135 2489 atque
1163 2448 1269 2480 altero
1296 2448 1390 2480 libro.
1451 2447 1604 2490 Cumque
1632 2447 1717 2479 liber
1742 2447 1812 2490 ipse
1843 2451 1931 2477 totus
1955 2447 2078 2474 extaret
2104 2439 2171 2473 Ca-
