2263 2668
517 140 581 174 DE
609 135 997 173 SIGNIFICATIONE
1025 137 1308 175 VERBORUM.
1368 139 1514 177 LIBER
1535 139 1609 174 XV.
1959 143 2035 178 623

87 233 196 272 Tangit
217 233 294 262 enim
316 232 417 270 fugam
438 231 526 269 Regis
549 242 563 260 e
586 231 715 260 comitio.
760 229 952 260 Plutarchus:
977 227 1077 260 ἄπεισι
1099 229 1220 272 φεύγων
1243 232 1271 269 ἐξ
1294 229 1415 272 οἷγορᾶς.
1461 231 1543 267 Quid
1564 231 1675 263 certius
1697 231 1755 264 hoc
1776 234 1968 267 testimonio?
1994 237 2032 266 At

86 277 213 308 Paulus:
253 274 380 314 Quando
403 285 458 303 rex
485 273 670 313 sacrificulus
693 272 800 302 divinis
822 271 905 302 rebus
924 271 1061 312 perfectis
1083 273 1113 301 in
1135 275 1285 304 comitium
1307 276 1392 305 venit.
1437 275 1514 311 Iino,
1546 274 1664 312 quando
1687 274 1776 304 rebus
1799 276 1908 308 divinis
1929 279 2032 317 perfe-

87 320 144 349 ctis
168 319 229 348 abit
252 328 267 346 e
290 317 426 351 comitio;
451 326 542 354 quare
566 316 629 344 eius
653 315 870 345 commentitiae
893 325 1013 345 caussae
1036 315 1065 343 in
1087 316 1246 346 ruderibus
1261 318 1339 345 Festi
1361 327 1397 346 ne
1419 317 1576 355 vestigium
1600 316 1719 355 quidem
1742 323 1873 357 apparet.
1904 319 1943 349 At
1959 321 2032 363 quid

88 363 173 391 aiunt
195 360 276 389 docti
298 360 376 389 viri'?
400 359 543 387 Ovidium
566 358 729 396 ignorasse,
753 358 823 397 quid
845 357 900 386 sibi
923 357 1031 387 vellent
1053 358 1120 386 illae
1143 360 1245 389 literae
1268 360 1438 397 singulares.
1475 359 1566 395 Quasi
1589 360 1632 388 sas
1656 360 1709 396 sit,
1733 360 1937 399 doctissimum
1960 373 2033 401 poe-

87 410 148 433 tam
164 404 317 441 ignorare,
341 402 421 440 quod
442 401 645 437 formularios,
668 401 827 439 leguleios,
850 400 999 438 litigantes
1024 410 1058 428 ac
1079 402 1217 431 minimos
1240 413 1374 441 quosque
1397 402 1434 431 de
1456 403 1537 431 faece
1554 402 1666 431 Numae
1690 403 1764 431 scire
1786 404 1930 443 oportuit.
1958 406 2032 435 Nam

76 447 126 483 *ds
147 445 302 484 Regifugio
324 445 421 483 ipsum
443 454 504 473 non
526 444 708 474 intellexisse
730 444 812 473 testis
835 443 891 472 erit
913 443 1054 482 ipsemet,
1083 445 1134 481 qui
1157 445 1192 473 de
1215 456 1248 475 eo
1271 446 1301 473 iu
1324 456 1421 473 mense
1442 445 1604 474 Februario
1627 449 1696 474 ante
1717 450 1906 477 tractaverat.
1929 445 2030 480 Scal.

87 489 124 518 In
147 488 247 518 verbis
267 488 346 515 Festi
369 487 524 525 legendum
548 487 706 516 comitiasit
728 487 746 516 i.
768 497 790 515 e.
813 486 1019 522 comiti-averit.
1067 486 1156 521 Quod
1181 492 1208 516 et
1230 488 1336 516 Fulvio
1362 488 1467 516 Ursino
1490 487 1578 517 etiam
1598 487 1707 526 placet.
1750 487 1823 517 Item
1840 487 1933 530 feriis
1954 501 2033 519 men-

87 526 195 567 struis}
229 530 298 568 quia
318 541 331 558 s
354 529 452 558 littera
481 531 536 559 τοῦ
560 529 713 557 menstruis
734 529 825 568 periit
846 533 968 567 propter
990 528 1133 557 initialem
1156 530 1236 558 illam
1260 542 1274 559 s
1297 532 1352 560 τοῦ
1373 531 1533 569 scripserat.
1576 530 1650 559 Item
1673 528 1826 559 edicuntur
1848 541 1902 570 pro
1925 529 2032 560 dicun·-

87 581 150 610 1ur‚
181 573 250 611 quia
272 583 286 600 e
310 582 376 600 cum
401 571 595 609 praecedente
618 583 632 599 e
654 573 706 601 τοῦ
728 583 791 610 rege
813 571 953 600 cohaesit.
997 571 1035 599 Et
1062 571 1102 599 ita
1126 582 1244 610 semper
1265 573 1359 601 Varro
1383 571 1444 613 (VI.
1467 582 1531 611 pag.
1546 572 1616 608 195.
1640 570 1722 612 Sp.):
1754 571 1828 601 Reae
1850 584 1915 602 cum
1930 572 2032 614 jerias

86 622 251 644 menstruas
273 615 358 643 nonis
380 613 546 643 Februariis
569 612 666 642 edicit.
710 614 784 643 Item
805 614 866 652 (VI.
889 623 953 652 pag.
967 616 1039 644 209.
1062 612 1140 653 Sp.):
1177 614 1295 644 Harum
1326 626 1419 644 rerum
1442 615 1562 654 vestigia
1584 622 1725 654 apparent
1746 615 1777 644 in
1799 616 1893 644 sacris
1915 614 2033 644 nonali-

87 656 141 686 bus
162 658 193 686 in
216 667 284 685 arce
305 655 385 696 quod
406 663 475 685 tunc
486 655 586 696 serias
604 656 717 695 primas
739 663 913 693 menstruas,
942 666 1016 696 quae
1028 655 1157 697 futurae
1178 665 1245 686 sunt
1266 668 1298 686 eo
1320 669 1429 694 mense,
1459 656 1531 686 Rex
1553 655 1649 687 edicit.
1672 657 1764 687 Dac.
1810 655 1898 695 Quod
1919 657 1946 685 si
1967 658 2033 697 quis

86 698 164 728 alius
184 710 239 738 pro
262 710 334 738 rege.
379 698 427 727 Ait
449 699 568 726 Festus:
600 699 623 726 si
647 699 713 736 quis
735 698 827 734 alius,
857 704 928 737 puta
951 699 1102 737 pontifex,
1127 710 1181 738 pro
1203 710 1271 737 rege
1294 700 1324 728 in
1347 700 1466 728 comitio
1489 699 1715 735 sacrificaverit,
1740 704 1812 728 tunc
1835 703 1931 728 totum
1954 698 2032 727 diem

85 742 194 771 fastum
218 751 289 770 esse.
331 741 388 770 Sed
414 751 481 769 cum
502 741 584 769 illius
606 740 665 769 diei
688 751 756 779 pars
779 742 910 770 anterior
931 741 1043 770 nefasta
1065 742 1168 779 fuerit,
1201 742 1251 780 qui
1273 742 1336 770 fieri
1360 747 1470 780 potest,
1504 746 1538 770 ut
1559 742 1635 778 alio,
1668 752 1722 781 pro
1744 751 1827 780 rege,
1857 741 1888 770 in
1911 741 2031 770 comitio

86 783 289 820 sacrificante,
326 793 395 821 pars
423 784 473 812 illa
502 783 577 821 diei,
615 793 690 821 quae
718 784 774 811 iam
806 784 918 813 nefasta
944 785 1040 823 elapsa
1065 789 1124 820 est,
1159 784 1260 813 eadem
1283 785 1390 813 iterum
1413 785 1488 813 fasta
1511 784 1570 812 sit?
1606 784 1659 812 Vel
1681 783 1740 812 hoc
1763 789 1843 812 certe
1864 784 2030 813 necessario

86 827 199 855 evincit
221 825 444 854 rescribendum
467 836 545 855 esse:
576 824 639 854 Hic
661 824 722 854 dies
745 833 821 855 totus
844 826 982 867 nefastus.
1019 826 1100 855 Nihil
1123 828 1242 856 certius.
1284 827 1344 855 Diei
1368 827 1447 855 illius
1470 837 1539 865 pars
1562 826 1709 864 posterior
1731 827 1805 855 fasta
1829 830 1891 854 erat
1913 826 1942 854 in
1965 835 2031 863 gra-

86 870 158 898 tiam
171 868 258 906 Regis
280 868 455 905 sacrificuli,
479 869 530 906 qui
552 868 582 896 in
607 868 726 896 comitio
749 869 869 897 fecerat.
901 868 959 897 Sed
980 869 1004 898 si
1027 869 1102 898 alius
1124 869 1153 897 in
1177 869 1296 898 comitio
1319 870 1451 906 fecisset,
1474 870 1535 898 dies
1558 869 1672 897 solidus
1695 869 1842 905 nefastus,
1866 867 1935 907 quia
1956 868 2033 897 nulli

87 911 138 940 alii
160 916 368 950 praeterquam
391 911 462 949 Regi
483 920 638 940 sacrorum
660 911 706 938 ius
729 911 807 940 illud
830 922 1004 940 concessum
1030 916 1108 946 erat,
1144 917 1178 941 ut
1200 922 1215 940 e
1239 912 1353 941 nefasto
1378 912 1488 940 fastum
1511 912 1608 939 faeere
1629 916 1737 949 posset.
1766 909 1872 939 Idem.
1914 909 2032 939 Divinis

86 952 170 982 rebus
195 952 335 993 perfectis
364 955 394 982 in
426 954 576 983 comitium
606 954 690 983 venit.
738 954 902 982 Dicendum
933 955 1030 992 potius
1059 955 1132 983 suit:
1170 953 1277 983 divinis
1299 953 1381 983 rebus
1400 954 1540 993 perfectis
1564 965 1578 981 e
1600 954 1717 982 comitio
1735 952 1826 992 fugit.
1868 953 1942 981 Nam
1962 962 2032 980 eum

84 996 152 1024 Rex
173 995 204 1024 iu
227 996 349 1024 comitio
372 1007 455 1025 sacra
478 997 606 1030 faceret,
644 997 736 1024 sacris
760 997 899 1035 perfectis
922 997 952 1024 in
977 997 1129 1026 comitium
1152 997 1194 1026 ire
1217 997 1266 1034 qui
1289 997 1456 1036 potuisset?
1491 997 1610 1024 Festum
1640 1006 1700 1024 non
1721 995 1867 1024 intellexit
1888 994 2031 1023 barbarus

85 1038 249 1067 mutilator-
273 1036 385 1069 Idem.
429 1037 555 1076 Quando
578 1037 658 1068 Rex.
698 1039 773 1066 Alii:
800 1038 927 1076 Quando
950 1038 1052 1077 herus-,-
1074 1039 1158 1068 male.
1200 1039 1284 1068 Adde
1306 1040 1382 1067 infra
1405 1038 1610 1076 Regifugium3
1636 1038 1797 1067 Varronem
1815 1037 1851 1067 V.
1874 1037 1912 1066 de
1932 1037 2030 1076 lingua

87 1080 151 1118 (VI.
175 1090 240 1120 pag.
253 1083 324 1111 208.
339 1091 421 1119 seqq.
444 1082 525 1119 Sp.),
548 1081 598 1109 ubi
621 1080 657 1108 de
680 1080 783 1109 diebus
806 1081 960 1109 hominum
983 1092 1070 1109 causa
1094 1081 1265 1110 constitutis
1287 1082 1393 1119 agitur.
1440 1080 1547 1110 Goth.

254 1121 412 1160 Quando
435 1131 591 1152 stercus.
635 1123 716 1152 Infra
740 1125 780 1160 (in
804 1123 946 1161 schedis):
980 1122 1106 1162 Quando
1127 1132 1236 1153 stercus
1256 1122 1402 1160 delatum,
1426 1123 1496 1164 fas:
1521 1120 1620 1151 eodem
1641 1120 1729 1151 modo
1751 1123 1781 1150 in
1800 1120 1892 1162 fastis
1913 1127 2032 1150 notatur

86 1163 166 1193 dies:
191 1165 242 1204 qui
264 1163 334 1193 talis
356 1173 396 1194 est
418 1172 448 1193 ut
471 1164 553 1194 aedis
571 1164 677 1193 Vestae
696 1174 836 1205 purgetur
857 1174 1022 1206 stercusque
1042 1167 1072 1194 in
1095 1165 1202 1196 clivum
1222 1165 1420 1205 Capitolinum
1444 1164 1601 1206 deferatur.
1622 1175 1686 1193 cum
1708 1163 1740 1193 id
1758 1163 1874 1204 factum
1896 1164 1947 1200 sit,
1970 1169 2031 1191 tum

85 1214 126 1235 est
149 1206 284 1235 Praetori
297 1206 366 1248 fas.
396 1206 495 1239 Scal.
537 1208 631 1236 Varro
653 1208 704 1236 lib.
720 1209 752 1237 V.
775 1209 812 1237 de
836 1210 868 1237 L.
887 1210 918 1237 L.
942 1209 1002 1247 (VI.
1027 1219 1092 1247 pag.
1105 1211 1178 1241 213.
1200 1207 1281 1247 Sp.):
1315 1207 1386 1237 Dies
1408 1209 1458 1248 qui
1479 1214 1600 1236 vocatur
1625 1205 1751 1245 Quando
1773 1213 1880 1234 stercus
1902 1203 2031 1234 delatum

81 1248 150 1289 fas,
187 1248 225 1277 ab
248 1259 280 1278 eo
302 1248 468 1289 appellatus
493 1248 573 1289 quod
594 1261 625 1279 eo
649 1248 696 1278 die
717 1261 757 1279 ex
779 1249 850 1279 aede
875 1250 982 1279 Vestae
1002 1258 1110 1280 stercus
1132 1251 1269 1280 everritur
1289 1257 1314 1279 ei
1334 1262 1386 1290 per
1410 1248 1606 1289 Capitolinum
1631 1248 1736 1278 clivum
1760 1249 1789 1277 in
1812 1246 1909 1277 locum
1932 1245 2031 1287 defer·-

86 1298 133 1320 tur
155 1298 272 1321 certum.
316 1292 413 1321 Huius
437 1292 496 1321 diei
519 1292 651 1321 meminit
674 1292 814 1330 Ovidius,
839 1293 889 1331 qui
911 1293 996 1321 illum
1017 1294 1110 1322 XVII.
1132 1293 1199 1322 Kal.
1221 1293 1276 1322 Iul.
1299 1302 1360 1321 esse
1381 1293 1455 1322 dicit
1475 1292 1527 1321 lib.
1540 1291 1590 1321 VI.
1611 1291 1723 1321 Fastor.
1746 1292 1856 1328 (711.):

623 1334 722 1362 Tertia
746 1346 811 1364 nox
832 1336 923 1364 veniet
946 1346 1005 1375 qua
1028 1342 1058 1363 tu
1080 1334 1202 1364 Dodoni
1227 1334 1342 1375 Thyene

665 1375 767 1406 Stabis
787 1376 937 1416 Agenorei
949 1377 1057 1419 ¹fronte
1079 1376 1206 1406 videnda
1229 1377 1319 1407 bovis.

618 1416 705 1448 Haec
729 1426 769 1448 est
791 1418 846 1448 illa
871 1418 948 1456 dies,
983 1430 1041 1460 qua
1065 1427 1095 1448 tu
1115 1421 1293 1460 purgamina
1319 1418 1436 1456 Vestae,

664 1460 765 1498 Tibri,
794 1473 846 1500 per·
867 1461 1007 1491 Etruscas
1030 1463 1060 1490 in
1081 1473 1163 1491 mare
1184 1463 1277 1491 mittis
1300 1473 1402 1502 aquas.
1990 1496 1996 1503 .

83 1501 161 1532 Vide
182 1502 261 1531 infra
284 1509 402 1532 stercus.
433 1501 524 1532 Dac.
559 1502 653 1532 XVII.
676 1504 743 1532 Kal.
766 1503 822 1532 Iul.
846 1503 875 1531 in
900 1504 1009 1540 Fasti53
1047 1504 1137 1532 habes
1166 1504 1289 1533 eandem
1312 1502 1584 1542 interpretationem
1607 1500 1685 1540 apud
1705 1500 1866 1528 varronem
1889 1503 1918 1527 et
1940 1497 2030 1528 Ovld.

83 1545 159 1574 Vide
183 1543 308 1574 Stercus.
332 1544 420 1573 Am.
440 1543 536 1582 Aug.
574 1546 663 1573 Recte
686 1546 826 1584 opinatur
848 1546 933 1574 Fulv.
956 1546 1081 1574 Ursinus
1103 1545 1153 1575 hic
1177 1546 1339 1575 desiderari
1362 1550 1489 1584 quatuor
1511 1545 1576 1573 illas
1598 1548 1683 1572 notas
1707 1543 1742 1578 Q.
1767 1543 1795 1571 S.
1818 1542 1851 1571 D.
1874 1540 1906 1569 F.
1929 1545 1957 1569 et
1978 1540 2031 1569 Fe-

83 1593 161 1616 stum
184 1587 357 1626 scripsisse:
384 1585 420 1623 Q
442 1585 473 1614 S.
494 1586 533 1616 D.
555 1586 586 1616 F.
615 1586 653 1615 Id
676 1594 717 1615 est
739 1586 858 1628 quando
881 1595 989 1617 stercus
1013 1586 1141 1616 delatum
1154 1587 1223 1630 fas.
1256 1588 1309 1616 Vel
1332 1589 1448 1626 potius:
1475 1585 1602 1625 Quando
1625 1593 1733 1615 stercus
1756 1583 1884 1614 delatum
1895 1581 1969 1623 fas,
1994 1580 2030 1621 Q.

83 1629 115 1659 S.
138 1629 176 1660 D.
200 1629 234 1658 F.
256 1627 354 1657 eodem
378 1626 467 1657 modo
489 1628 519 1656 in
534 1628 631 1669 fastis
654 1635 710 1660 etc.
753 1630 837 1659 Idem
861 1630 946 1659 etiam
970 1640 1026 1668 pro
1047 1629 1146 1659 alvum
1171 1630 1282 1669 optime
1305 1629 1432 1668 clivum5
1460 1629 1541 1667 quod
1563 1628 1708 1668 probatur
1730 1637 1767 1656 ex
1789 1627 1855 1655 loco
1879 1624 2029 1661 Varronis,

82 1681 171 1711 quem
194 1681 285 1710 supra
309 1670 467 1699 afferimus.
511 1670 566 1698 Da
577 1683 601 1700 c.

250 1712 486 1751 Quaestores.
510 1712 569 1752 (Ad
585 1724 615 1752 p.
628 1711 713 1749 220.)
738 1714 778 1742 De
792 1714 1007 1749 Quaestoribus
1030 1714 1140 1753 paricis
1163 1714 1225 1743 sive
1247 1713 1402 1753 parricidii
1422 1712 1491 1742 vide
1508 1711 1616 1741 Parioi.
1642 1711 1757 1740 Horum
1774 1709 1951 1740 mentionem
1966 1707 2029 1736 fieri

81 1756 113 1786 in
137 1755 295 1785 duodecim
317 1755 428 1784 tabulis
451 1756 555 1784 scribit
571 1756 750 1794 Pomponius
773 1756 828 1784 sub
851 1756 939 1785 titulo
964 1757 999 1785 de
1023 1756 1136 1794 origine
1159 1756 1240 1786 iuris.
1263 1756 1348 1785 Ant.
1362 1755 1456 1794 Aug.
1488 1755 1667 1790 Quaestores
1691 1753 1880 1789 creabantur,
1904 1751 1956 1790 qui
1978 1760 2028 1778 co-

80 1803 259 1838 gnoscerent
280 1799 316 1826 de
339 1798 427 1826 rebus
450 1798 641 1837 capitalibus,
668 1798 745 1827 unde
762 1804 789 1827 et
806 1799 986 1834 Quaestores
1004 1799 1131 1837 paricidi
1147 1799 1341 1838 appellantur.
1367 1795 1470 1828 Scal.
1503 1796 1659 1836 Ulpianus:
1683 1803 1709 1824 et
1725 1807 1743 1823 a
1756 1806 1858 1835 genere
1872 1790 2030 1839 quaerendi

82 1848 250 1882 quaestores
272 1841 358 1869 initio
382 1839 491 1876 dictos,
515 1848 541 1868 et
562 1839 664 1869 Iunius
686 1848 712 1869 et
738 1840 890 1870 Trebatius
911 1849 937 1870 et
958 1840 1116 1870 Fenestella
1138 1841 1277 1872 scribunt.
1321 1840 1409 1869 Initio
1432 1843 1529 1868 autem
1552 1839 1676 1878 proprie
1699 1837 1770 1866 dicti
1793 1843 1955 1876 quaestores
1976 1843 2027 1872 qul

82 1884 196 1912 aerario
214 1887 400 1922 praeessent,
424 1882 497 1911 dicti
522 1883 603 1920 quod
625 1883 819 1921 inquirendae
842 1889 870 1912 et
892 1883 1114 1913 conservandae
1136 1883 1278 1922 pecuniae
1300 1893 1403 1912 caussa
1426 1883 1517 1911 creati
1541 1885 1639 1918 erant,
1661 1885 1695 1909 ut
1717 1880 1758 1909 ait
1771 1879 1912 1917 Pompon.
1928 1877 2023 1915 leg.2.

81 1927 172 1963 §.22-
197 1926 234 1957 de
258 1925 371 1963 origine
394 1925 478 1955 iuris.
521 1925 593 1954 Inde
624 1930 725 1964 postea
756 1931 928 1964 quaestores
958 1936 1032 1965 quos
1062 1926 1170 1964 vulgo,
1208 1924 1256 1954 des
1278 1924 1469 1954 Lieutenams
1493 1922 1654 1954 Criminels.
1697 1922 1772 1952 Vide
1794 1919 1903 1950 Parioi.
1936 1916 2024 1946 Dac-

81 1966 247 1998 Parricidii
267 1966 462 2006 appellantur.
507 1968 589 1997 Adde
611 1978 702 2006 supra
723 1967 802 1997 Pari.
824 1968 844 1997 l.
858 1971 887 1999 2.
911 1970 986 2007 §.et
1009 1970 1088 2007 quia.
1110 1971 1159 2000 23.
1174 1968 1204 1997 ff.
1227 1967 1264 1997 de
1286 1967 1399 2005 origine
1422 1967 1505 1995 iuris.
1552 1964 1657 1994 Goth.
1954 2001 1961 2008 ,

248 2008 414 2047 Quando.
460 2010 563 2039 Verbis
579 2010 655 2039 Festi
672 2021 767 2049 pauca
785 2011 907 2048 desunt3
931 2011 984 2040 sed
1006 2011 1103 2040 omnia
1126 2011 1261 2049 exempla
1283 2010 1423 2039 videntur
1445 2009 1482 2038 ad
1505 2013 1622 2048 tempus
1643 2006 1799 2047 pertinere.
1821 2002 1900 2052 ‘Ideo
1922 2010 2023 2038 miror,

81 2051 162 2082 unde
185 2051 293 2081 Paulus
317 2052 464 2091 epitomen
487 2053 666 2088 confecerit,
696 2053 751 2081 nisi
772 2054 924 2082 meliorem
947 2054 1073 2090 librum,
1103 2053 1183 2091 quod
1206 2063 1242 2081 ex
1266 2053 1330 2082 aliis
1353 2062 1514 2091 cognosco,
1543 2050 1689 2079 habuerit.
1732 2047 1830 2076 Plautl
1851 2054 1955 2074 versus
1976 2053 2024 2073 ΥΘ-

80 2095 178 2123 fertur
202 2105 238 2123 ex
263 2094 474 2123 Menaechmis:
508 2094 594 2132 Ideo,
624 2095 694 2135 quia
714 2106 859 2133 mensam,
887 2094 1006 2136 quando
1028 2093 1097 2132 edo,
1127 2093 1267 2134 detergeo.
1288 2095 1375 2125 Ant.
1399 2094 1494 2135 Aug.
1538 2092 1680 2131 Exempla
1702 2089 1799 2120 Plauti
1821 2097 1898 2128 quae
1920 2087 2023 2125 Festus

81 2136 220 2174 adducit,
245 2137 332 2175 plane
357 2138 540 2167 contrarium
564 2137 709 2176 probant,
734 2148 824 2175 quare
848 2138 967 2167 omnino
989 2137 1075 2167 aliter
1097 2137 1255 2175 legendum
1278 2142 1335 2175 est,
1360 2147 1480 2176 nempe:
1507 2133 1650 2175 Quando,
1673 2144 1739 2163 cum
1759 2131 1847 2173 gravi
1867 2140 1936 2159 voce
1954 2138 2022 2169 pro-

79 2180 255 2216 nunciatur,
291 2180 440 2218 significat
468 2181 616 2219 quoniam.
663 2179 766 2209 Acuta
794 2191 859 2210 vero
881 2188 922 2209 est
945 2181 1080 2220 temporis
1102 2178 1287 2216 adverbium,
1326 2187 1357 2208 ut
1378 2177 1503 2208 Plautus
1524 2179 1554 2207 in
1576 2174 1792 2212 Menaechmis,
1823 2177 1878 2221 etc.
1923 2172 2021 2208 Neque

81 2221 158 2251 enim
180 2221 211 2250 in
233 2221 332 2250 verbis
351 2222 445 2250 Plauti
460 2221 491 2252 τὸ
507 2220 626 2261 quando
649 2221 795 2259 significat
817 2223 972 2262 quoniam,
995 2222 1046 2251 sed
1070 2233 1157 2262 quum
1175 2227 1231 2251 etc.
1263 2220 1344 2251 Nihil
1368 2221 1485 2250 certius.
1520 2218 1608 2256 Quod
1630 2218 1670 2248 ait
1692 2222 1790 2246 autem
1810 2216 1913 2244 ultima
1935 2215 2018 2242 acuta

79 2264 129 2292 vel
150 2264 249 2301 gravi,
272 2263 340 2292 vide
361 2268 461 2293 notata
483 2265 514 2292 in
537 2262 676 2300 lustrum,
699 2275 781 2304 ergo,
804 2263 901 2295 modo.
926 2264 1015 2295 Dae.
1055 2263 1091 2293 In
1110 2263 1282 2294 duodecimo
1300 2263 1425 2304 quidem.
1458 2262 1547 2299 Quod
1569 2260 1610 2289 ait
1631 2260 1734 2294 Festus
1757 2258 1882 2290 Ennium
1903 2257 1934 2284 in
1950 2250 2015 2281 ΧΠ·

79 2305 184 2335 Annal.
208 2304 324 2346 quande
347 2307 448 2335 ultima
471 2307 568 2335 littera
591 2318 604 2335 e
625 2306 757 2345 posuisse
779 2316 833 2345 pro
857 2306 991 2347 quando,
1020 2306 1052 2335 id
1074 2309 1104 2336 in
1128 2307 1241 2336 incerto
1265 2312 1322 2344 est,
1352 2317 1418 2336 cum
1441 2304 1562 2344 perierit
1582 2303 1666 2332 locus
1689 2302 1757 2339 ille,
1783 2300 1861 2329 unde
1883 2298 1939 2343 ho‘f
1960 2293 2015 2341 Fe·-

81 2353 146 2378 atus
172 2347 309 2378 adduxit.
354 2349 409 2377 Ubi
437 2353 551 2378 tantum
578 2349 687 2387 legitur
714 2348 831 2389 quande
853 2371 1025 2379 ......
1051 2349 1177 2390 quamde
1203 2360 1260 2389 pro
1290 2359 1377 2388 quam
1400 2349 1534 2377 fortasse.
1578 2346 1698 2375 Certum
1723 2349 1819 2374 tamen
1842 2345 1885 2369 est
1905 2337 2016 2365 d¹x¹⁸⁵⁰

81 2396 197 2421 veteres
219 2390 335 2431 quande
356 2402 411 2430 pro
434 2390 570 2431 quando,
601 2396 634 2421 ut
656 2403 770 2422 numere
791 2402 847 2431 pro
869 2402 997 2422 numero.
1021 2390 1107 2422 Dae.
1153 2392 1247 2424 Plaut.
1269 2391 1346 2422 Men.
1361 2391 1390 2429 Ι,
1414 2393 1446 2428 1,
1467 2392 1499 2422 2.
1523 2388 1628 2419 Pseud.
1643 2388 1673 2426 1,
1695 2389 1731 2423 3,
1752 2384 1802 2417 25-
1843 2377 1966 2420 Quand‘
1987 2381 2014 2407 ²²
