2263 2668
528 93 591 127 DE
618 94 1006 130 SIGNIFICATIONE
1032 96 1315 131 VERBORUM.
1372 98 1515 134 LIBER
1541 102 1566 136 Ι.

83 183 237 233 Affatim
258 185 383 219 dictum
401 183 424 203 ³¹
451 198 470 218 a
494 188 594 232 copia
616 188 743 222 fatendi
757 185 799 230 ³²,
826 190 894 223 sive
915 189 1129 223 abundanter.

449 287 532 321 Bibz'
553 289 618 322 tus'z
632 286 667 324 ³³.

1975 108 2020 141 11

1182 191 1295 224 Livius
1303 203 1311 224 :

1479 242 1620 291 ‘Zffastm
1643 247 1701 279 edi

183 338 358 371 Terentius
385 337 528 386 qff‘atim
555 340 635 373 dixit
656 352 719 384 pro
741 351 800 381 eo,
827 340 919 383 quod
944 344 991 373 est
1016 340 1060 373 ad
1083 340 1317 374 lassitudinem.

83 390 237 424 Amenta
253 387 296 431 ³⁴,
324 390 461 433 quibus,
489 396 525 424 ut
545 392 626 424 mitti
649 392 788 436 possint,
815 392 997 425 vinciuntur
1013 387 1038 408 ³⁵
1061 391 1187 433 iacula,
1215 394 1280 425 sive
1308 391 1475 425 solearum
1500 394 1588 434 lora;
1616 408 1655 429 ex
1679 398 1829 441 Graeco,
1857 401 1948 443 quod
1971 406 2017 435 est

183 440 335 486 ἅμματα
354 437 379 457 ³⁶

386 466 394 482 ,
423 442 468 475 sic
485 439 510 459 3⁷
531 443 701 488 appellata
715 440 756 483 ³³,
784 443 836 476 vel
859 443 934 486 quia
955 447 1104 487 aptantes
1127 455 1166 476 ea
1193 444 1236 476 ad
1260 448 1408 476 mentum
1430 444 1561 479 trahant
1576 443 1610 482 3⁹.

83 492 283 539 Attegrare
301 488 328 508 ⁴⁰
349 499 395 525 est
415 493 526 526 vinum
551 495 583 527 in
615 494 779 528 sacrificiis
804 506 940 540 augere.
979 494 1150 539 Integrare
1173 496 1260 528 enim
1283 500 1316 528 et
1339 499 1506 540 attegrare
1526 494 1549 514 ⁴¹
1572 499 1676 532 minus
1705 498 1847 542 factum,
1874 506 1922 535 est
1937 499 1963 520 ⁴¹²
1984 503 2015 536 in

183 549 301 577 statum
315 539 340 560 ⁴3
365 545 528 589 redigere.

84 596 253 629 Attritum
268 591 293 611 ‘¹⁴
313 599 345 626 et
366 596 475 628 tritum
499 607 538 629 ex
563 595 696 628 Graeco
720 595 907 637 descendit,
936 596 1012 639 quia
1036 596 1081 628 illi
1106 600 1230 628 vestem
1254 596 1362 628 tritam
1392 596 1549 642 τρίβωνα
1574 600 1746 643 appellant
1760 595 1795 633 ⁴¹⁵.

83 648 262 680 Attestata
292 646 485 680 dicebantur
506 644 530 664 ⁴⁶
559 647 694 691 fulgura
706 644 749 688 ⁴⁷,
777 659 862 691 quae
882 648 999 681 iterato
1013 644 1038 664 ‘¹⁸
1062 648 1205 688 fiebant,
1234 647 1389 681 videlicet
1414 648 1688 693 significationem
1706 648 1730 669 ‘²⁹
1756 651 1906 696 priorum
1928 658 2012 687 atte-

182 698 307 731 stantia.

83 748 315 783 Attibernalis
329 745 354 766 5⁰
373 747 543 781 habitator
566 749 742 782 continuae
767 749 941 789 tabernae,
968 749 1060 792 quod
1083 760 1188 793 genus
1214 749 1374 782 domicilii
1397 749 1650 792 antiquissimum
1670 753 1828 786 Romanis
1844 753 1941 788 fuisse
1960 761 2010 788 te-

183 801 334 834 stimonio
356 806 429 832 sunt
450 806 578 833 exterae
596 797 620 817 ⁵¹
640 806 774 844 gentes,
802 812 886 843 quae
916 800 1028 834 adhuc
1057 801 1210 833 tabulatis
1231 800 1381 833 habitant
1408 801 1584 841 aedificii53
1611 804 1698 837 unde
1719 806 1818 838 etiam
1842 810 1929 839 tecta
1953 818 2010 840 ca·-

182 852 334 891 strensia,
361 852 512 895 quamvis
533 852 676 896 pellibus
705 857 943 897 contegantur,
969 852 1184 886 tabernacula
1204 857 1314 884 tamen
1340 852 1502 887 dicuntur.

82 903 192 937 Attae
218 904 444 948 appellantur,
470 904 527 946 qui
557 908 695 947 propter
720 904 833 936 vitium
865 915 997 937 crurum
1024 909 1079 936 aut
1105 903 1231 948 pedum
1258 904 1379 948 plantis
1402 904 1549 937 insistunt
1563 901 1588 921 5²
1619 910 1651 938 et
1677 906 1838 951 attingunt
1855 902 1880 923 ⁵³
1904 909 2010 953 magis

182 960 302 988 terram
321 952 363 995 ⁵⁴,
390 966 489 998 quam
503 952 527 972 ⁵5
553 955 738 995 ambulant,
765 955 855 998 quod
882 967 1069 1000 cognomen
1092 956 1249 997 Quinctio
1271 960 1393 1000 poetae
1413 955 1573 988 adhaesit.

83 1006 206 1039 Altam
221 1003 247 1023 ⁵⁶
269 1017 331 1051 pro
355 1006 536 1039 reverentia
560 1006 627 1038 seni
653 1006 789 1040 cuilibet
804 1003 828 1024 ⁵⁷
852 1007 1010 1050 dicimus,
1038 1008 1129 1051 quasi
1154 1018 1228 1040 eum
1251 1007 1303 1040 avi
1322 1007 1454 1040 nomine
1474 1008 1690 1051 appellemus.

83 1057 237 1103 Adagia
260 1059 303 1091 ad
329 1058 495 1102 agendum
520 1062 607 1101 apta.

84 1108 225 1143 Adasia
247 1110 314 1142 ovis
336 1109 447 1142 vetula
470 1109 607 1142 recentis
629 1113 750 1153 partus.

82 1160 277 1206 Abrogare
296 1161 460 1193 infirmare
476 1157 509 1192 ⁵³.

83 1211 145 1245 Ad
163 1218 219 1245 aut
235 1213 372 1256 proprie
392 1222 566 1255 personam
589 1209 771 1254 significat,
799 1213 850 1241 ut:
878 1219 917 1242 eo
939 1209 990 1242 ad
1003 1209 1227 1254 Pompeium5
1253 1214 1308 1243 aut
1331 1210 1461 1253 locum,
1488 1215 1538 1242 ut:
1566 1209 1638 1242 abit
1652 1205 1676 1226 ⁵⁹
1701 1208 1751 1241 ad
1774 1207 1957 1242 theatrum.

82 1263 194 1308 Apud
215 1268 360 1296 mutuam
384 1263 451 1296 loci
475 1268 506 1295 et
523 1273 685 1306 personae
703 1260 967 1294 coniunctionem
991 1260 1192 1294 demonstrat
1207 1258 1248 1303 ⁶⁰,
1271 1266 1306 1294 ut
1320 1273 1422 1305 quum
1438 1261 1593 1302 dicimus,
1615 1270 1718 1293 coeno
1735 1260 1835 1304 apud
1849 1261 2008 1294 amicum.

82 1314 131 1347 At
151 1314 370 1347 differentiam
393 1326 502 1347 rerum
528 1313 711 1358 significat,
738 1317 774 1345 ut
798 1323 875 1345 cum
897 1312 1050 1345 dicimus:
1079 1313 1197 1358 Scipio
1222 1317 1270 1346 est
1294 1313 1460 1354 bellator,
1483 1317 1521 1345 at
1541 1312 1691 1346 Marcus
1717 1311 1805 1345 Cato
1827 1316 1953 1346 orator.

81 1366 264 1399 Addicere
284 1372 330 1399 est
347 1366 485 1411 proprie
505 1362 530 1383 ‘⁵¹
552 1365 642 1398 idem
667 1364 779 1397 dicere
803 1368 836 1397 et
863 1365 1054 1409 approbare
1075 1364 1237 1404 dicend03
1263 1365 1342 1398 alias
1366 1365 1537 1398 addicere
1559 1364 1717 1397 damnare
1740 1367 1797 1396 est.

80 1473 190 1505 aptata
205 1467 246 1499 Μ.
290 1470 361 1496 min.
380 1467 442 1496 div.
459 1473 531 1505 apia
547 1467 578 1495 L.
596 1468 623 1494 S.
667 1466 753 1504 Vulg.
777 1467 847 1494 min.
868 1471 942 1504 apta
957 1465 1021 1495 dlv.
1065 1465 1244 1505 Adtegrare.
1275 1483 1315 1488 —
1342 1468 1386 1501 41)
1410 1471 1435 1493 et
1459 1465 1620 1504 altegrare]
1644 1475 1699 1493 om.
1716 1465 1746 1493 L.
1769 1479 1810 1486 —
1841 1462 1886 1501 42)
1908 1465 2009 1491 minus

80 1524 123 1532 ο-
144 1510 191 1547 Ξ6)
212 1511 295 1538 Vasa
314 1521 430 1549 quoque
449 1512 481 1537 in
499 1521 550 1545 ea,
575 1509 686 1548 quibus·
699 1508 866 1536 sacerdotes
883 1514 1023 1544 utuntur,
1061 1509 1198 1545 facturn,
1222 1508 1275 1547 est]
1299 1515 1340 1537 est
1358 1510 1459 1536 minus
1472 1509 1601 1545 factum
1622 1508 1654 1536 L.
1677 1524 1718 1528 -——
1740 1506 1786 1543 43)
1802 1504 1926 1544 statum]
1946 1511 2006 1533 sta-

81 1552 241 1580 andam-ia
257 1554 462 1592 appellantur]
483 1553 530 1580 Sic
544 1552 623 1589 vulg.
646 1551 780 1579 'I'urbant
796 1551 920 1579 multum
936 1550 1022 1580 codd.
1066 1556 1164 1579 tutum
1176 1552 1213 1580 M.
1231 1553 1258 1579 S.
1281 1568 1322 1574 --
1355 1554 1402 1586 44)
1420 1550 1587 1588 Attritum]
1613 1550 1662 1578 Sic
1688 1550 1743 1577 Gu.
1768 1551 1797 1579 2.
1841 1548 1925 1586 Vulg.
1941 1547 2008 1576 Ad-

85 1594 169 1622 Va-5a
185 1606 298 1634 quoque
315 1596 424 1634 quibus¹
441 1597 472 1623 in
490 1605 524 1623 ea
545 1593 714 1622 sacerdotes
727 1599 857 1621 utuntur
872 1594 902 1621 L.
948 1604 1023 1621 vasa
1066 1596 1180 1622 tritum.
1215 1609 1255 1615 —
1294 1592 1341 1633 45)
1372 1595 1475 1621 tritam
1504 1593 1634 1631 τρίβωνα
1663 1589 1836 1630 appellant]
1866 1590 1913 1618 Sic
1935 1590 2008 1620 scri-

82 1646 201 1675 quoque
215 1649 322 1675 aenea,
347 1638 456 1676 quibus
469 1637 613 1665 antlabar
627 1637 831 1675 appellantur,
855 1636 1024 1664 sacerdotes

82 1684 212 1707 utuntur
234 1681 266 1709 B.
318 1680 429 1719 quibus·
453 1679 598 1708 anclabra
622 1679 826 1717 appellantur,
857 1678 1024 1715 Sacerdotes

81 1727 221 1751 utuntur.
245 1723 300 1751 Gu.
324 1726 350 1754 1.
377 1733 422 1760 pr.
473 1733 565 1750 aenea
594 1732 650 1760 pro
674 1723 705 1750 in
730 1733 765 1749 ea
790 1722 909 1760 scripsit
938 1722 1023 1758 Scal„

81 1764 161 1802 quod
176 1765 298 1794 sortasse
319 1765 417 1793 verius
438 1770 497 1802 est,
520 1765 571 1794 sed
593 1774 683 1802 quum
703 1765 805 1802 optimi
825 1765 912 1793 codd.
938 1766 969 1792 1311
990 1775 1024 1791 ea

81 1805 222 1844 habeant,
244 1808 324 1836 nolui
342 1812 464 1837 mutare.
488 1823 529 1829 ——
550 1810 594 1840 27)
611 1806 854 1845 Ancunulentae]
875 1807 923 1835 Sic
940 1807 972 1836 Β.
994 1808 1022 1834 S.

81 1849 298 1878 anculunenlae
322 1851 359 1879 M.
393 1851 447 1878 Gn.
471 1853 499 1882 2.
551 1850 778 1878 uncumulentae
805 1859 849 1888 pr.
900 1860 1024 1877 aeumu-

82 1890 177 1921 lentae
195 1893 250 1921 Gu.
273 1895 299 1923 1.
344 1893 429 1930 Vulg.
447 1893 631 1922 anczclentae.
677 1892 741 1920 Vid.
765 1892 867 1929 Scalig.
898 1908 940 1912 —
977 1893 1021 1928 23)

81 1935 245 1973 menstruo]
265 1936 296 1961 in
315 1940 464 1962 menstruo
480 1935 512 1963 B.
534 1951 575 1956 —
598 1937 644 1969 29)
663 1933 867 1973 appellantur]
890 1933 1023 1971 appella-

81 1976 192 2004 bantur
206 1979 237 2005 B.
260 1993 302 1998 ——
330 1975 530 2016 30)A1seria]
552 1978 671 2015 Affiwia
695 1978 723 2005 [1.
753 1992 796 1997 ——-
823 1978 870 2012 31)
891 1973 1020 2014 dictum]

81 2025 123 2047 est
148 2019 214 2049 add.
231 2021 262 2049 B.
286 2035 326 2040 —
349 2019 539 2057 32)s‹1temli]
558 2021 605 2048 Sic
622 2019 652 2047 B.
673 2019 710 2048 M.
733 2019 788 2047 Gu.
805 2021 832 2050 2.
849 2028 893 2055 pr.
934 2017 1019 2054 vulg.

76 2061 181 2098 fandi.
206 2079 248 2084 —
269 2064 315 2096 33)
337 2062 411 2100 [ιω-ι’]
436 2062 500 2089 luxi
517 2063 547 2091 B.
590 2062 716 2097 Versus,
736 2061 786 2099 qui
807 2064 874 2088 sunt
891 2059 1022 2087 Saturni-

80 2104 127 2139 ni,
151 2104 275 2133 distinxi
305 2104 341 2132 ad
370 2104 527 2133 Hermanni
556 2103 727 2132 sententiam
749 2104 780 2131 in
806 2103 897 2130 Elem.
923 2102 1020 2129 Doctr.

80 2146 163 2175 Metr.
188 2158 215 2186 p.
233 2148 302 2179 625.
324 2162 366 2167 —
394 2148 438 2183 34)
461 2146 604 2184 Amenta]
621 2146 782 2174 Ammenta
799 2145 829 2171 B.
845 2154 890 2182 pr.
916 2160 951 2164 —
977 2145 1021 2181 35)

81 2189 270 2228 vmcinntur]
287 2190 425 2216 vinciunt
442 2195 475 2217 ut
491 2191 547 2217 iac.
563 2199 608 2227 pr.
633 2204 672 2209 -·
698 2188 744 2224 36)
761 2185 899 2225 ἅμματα]
917 2191 1021 2213 amata

82 2232 140 2261 Gu.
155 2236 182 2264 2.
213 2233 279 2260 Om.
301 2232 331 2260 L.
350 2241 395 2270 pr.
417 2247 459 2252 —-
482 2229 529 2271 37)
548 2232 603 2268 sic]
627 2240 684 2258 om.
704 2230 735 2257 L.
758 2245 798 2250 —
820 2227 865 2267 38)
884 2228 1021 2266 appella-

80 2274 127 2314 ta]
149 2281 189 2302 est
209 2275 276 2303 add.
295 2275 325 2302 L.
343 2291 378 2295 -
404 2275 450 2308 59)
467 2272 605 2311 trahant]
622 2273 670 2300 Sic
684 2273 713 2301 L.
728 2271 765 2299 M.
783 2271 837 2299 Gu.
848 2273 873 2301 1.
884 2274 912 2302 2.
937 2271 1020 2308 Vulg.

80 2317 216 2346 trallunt.
235 2333 276 2339 —
297 2318 342 2350 40)
361 2315 533 2354 Attegrare]
550 2317 597 2344 Sic
615 2315 671 2342 Gu.
684 2317 712 2346 2.
754 2313 859 2351 Ategr.
874 2313 905 2342 Β.
936 2313 1020 2351 Vulg.

1065 1636 1111 1674 psi
1133 1637 1170 1664 de
1190 1635 1378 1671 coniectura,
1402 1645 1493 1673 quum
1514 1636 1545 1662 in
1569 1634 1607 1663 M.
1631 1634 1686 1662 Gu.
1706 1636 1732 1664 1.
1749 1636 1777 1665 2.
1799 1632 1836 1661 sit
1859 1633 2005 1661 tribanus.

1066 1679 1217 1707 tribonam
1232 1677 1422 1717 appellabant
1438 1678 1469 1706 Β.
1515 1678 1624 1704 trivion
1644 1682 1670 1704 et
1686 1676 1838 1703 triuonion
1854 1676 2008 1714 appellant

1067 1720 1102 1748 id
1114 1727 1156 1749 est
1177 1723 1263 1750 vestis
1283 1721 1392 1747 attrita
1409 1725 1435 1746 et
1455 1719 1556 1747 lacera
1575 1719 1608 1748 L.
1652 1724 1758 1747 vestem
1777 1719 1883 1746 tritam
1905 1718 2008 1757 appel-

1066 1764 1133 1791 lant
1153 1775 1197 1803 pr.
1221 1763 1325 1791 omissa
1347 1771 1374 1789 v.
1392 1762 1513 1790 Graeca.
1541 1779 1583 1783 —
1611 1759 1656 1800 46)
1678 1759 1872 1799 dicebantur]
1903 1760 2008 1788 dicun-

1067 1811 1118 1833 tur
1131 1807 1165 1834 B.
1190 1821 1230 1826 —
1253 1807 1296 1841 47)
1304 1803 1455 1842 fulgura]
1465 1804 1595 1843 fulgora
1610 1803 1649 1832 M.
1676 1803 1731 1832 Gu.
1746 1806 1775 1835 2.
1790 1819 1832 1824 —-
1853 1804 1900 1838 48)
1918 1804 2007 1830 itera-

1067 1848 1110 1886 to]
1133 1850 1164 1875 in
1180 1848 1295 1875 theatro
1318 1857 1362 1885 pr.
1395 1863 1430 1867 —-
1460 1849 1506 1882 49)
1528 1845 1792 1885 signficatc'onem]
1811 1845 2007 1883 sam-ficatio-

1064 1901 1128 1917 nem
1146 1891 1179 1919 L.
1208 1906 1250 1911 —-
1280 1891 1324 1927 50)
1348 1888 1511 1925 Altibern]
1539 1887 1695 1917 Adtibern.
1716 1889 1748 1917 B.
1770 1888 1808 1916 M.
1853 1886 2006 1925 adthbern.

1066 1933 1120 1960 Gu.
1144 1934 1170 1962 1.
1202 1930 1422 1959 Adtubernalis
1436 1932 1464 1962 S.
1481 1947 1522 1953 -—
1543 1928 1593 1971 51)
1611 1930 1733 1969 exterae]
1757 1935 1890 1957 externae
1912 1930 1944 1961 B.
1965 1946 2005 1952 —

1065 1973 1108 2011 522)
1131 1973 1296 2012 insistunt]
1319 1975 1465 2001 insisteret
1481 1974 1513 2001 B.
1541 1989 1584 1995 —-
1611 1973 1657 2013 53)
1680 1972 1847 2011 attingunt]
1870 1974 2005 2012 alligant

1064 2017 1093 2043 L.
1113 2016 1145 2044 B.
1159 2033 1201 2037 —
1222 2018 1266 2051 54)
1275 2017 1393 2055 terram]
1409 2016 1454 2044 ad
1467 2022 1577 2044 terram
1593 2016 1624 2044 L.
1646 2033 1688 2037 —
1709 2014 1756 2054 55)
1775 2015 1880 2054 quam]
1897 2026 2006 2054 quam—

1065 2069 1157 2096 quam
1172 2058 1323 2087 ambulent
1338 2059 1371 2087 B.
1396 2076 1431 2080 ——-
1463 2058 1508 2097 56)
1526 2057 1647 2096 Atiam]
1672 2058 1719 2087 Sic
1734 2058 1764 2086 L.
1780 2059 1807 2086 S.
1850 2057 1950 2086 Attim
1973 2059 2005 2086 B.

1065 2102 1120 2129 Gu.
1146 2104 1172 2132 1.
1215 2101 1300 2139 Vulg.
1325 2102 1430 2138 Attin,
1462 2102 1542 2140 quod
1563 2101 1648 2129 facile
1668 2112 1684 2130 a
1710 2100 1837 2130 librariis
1862 2100 2006 2130 confundi

1063 2144 1162 2182 potuit
1185 2153 1250 2172 cum
1274 2143 1336 2172 illo.
1387 2143 1450 2172 Vid.
1474 2144 1548 2173 Scal.
1573 2149 1684 2172 notam.
1721 2161 1755 2165 —
1790 2144 1839 2181 57)
1867 2142 2005 2181 cuilibet]

1065 2186 1194 2224 quolibet
1228 2186 1261 2215 B.
1321 2187 1457 2216 Fortasse
1498 2187 1643 2225 scriptum
1679 2187 1735 2215 suit
1777 2186 1930 2225 quoilibet.
1966 2200 2003 2206 --

1063 2232 1111 2264 53)
1140 2229 1308 2267 infirmare]
1339 2228 1373 2256 id
1397 2235 1439 2258 est
1469 2231 1525 2267 ins:
1552 2230 1587 2258 Β.
1623 2245 1663 2251 --
1704 2226 1751 2268 59)
1783 2228 1864 2266 abit]
1895 2228 1942 2255 Sic
1972 2227 2003 2254 L.

1065 2272 1120 2299 Gu.
1137 2274 1163 2303 1.
1181 2274 1208 2303 2.
1240 2271 1325 2309 Vulg.
1345 2271 1383 2300 ab
1403 2273 1449 2301 iit.
1474 2288 1512 2294 --
1543 2274 1589 2309 60)
1613 2270 1815 2309 demonstrat]
1836 2271 1882 2298 Sic
1903 2270 1957 2298 Gu.
1973 2270 2002 2299 2·

1065 2313 1149 2352 Vulg.
1169 2314 1331 2353 signficat.
1353 2331 1394 2336 —
1423 2313 1468 2354 61)
1492 2320 1533 2342 est
1546 2314 1673 2353 propa]
1694 2325 1796 2353 propr.
1819 2318 1858 2340 est
1878 2312 1907 2339 L.

1531 2358 1562 2391 B
1579 2359 1598 2382 *
