2263 2668
535 100 626 133 ARS
652 101 716 133 DE
742 99 931 134 NOMINE
957 99 1023 132 ET
1048 98 1222 133 VERBO.
1283 100 1425 134 SEGM.
1453 100 1511 133 lV.
1922 101 1997 135 339

54 195 133 228 Hoc
151 194 261 236 filum,
297 194 333 226 hi
359 194 408 226 fili
435 198 467 226 et
493 193 579 227 haec
605 190 706 228 filaffl.
757 194 870 226 Idem:
907 192 1128 239 [Traxerunt
1155 194 1237 226 torti
1263 194 1411 238 magica
1438 194 1613 239 vertigine
1626 193 1715 240 fili]
1746 194 1825 228 Hoc
1852 195 1995 235 coelum,

54 246 92 279 hi
116 241 253 284 coeli²⁰3
287 246 355 279 hoc
381 246 510 290 Argos,
547 245 583 277 hi
608 246 703 290 Argi.

219 295 252 329 6.
305 298 342 330 In
376 297 498 341 plurali
531 308 669 329 numero
704 301 830 329 mutant
862 295 1118 328 declinationem
1152 295 1248 328 haec.
1307 296 1387 329 Hoc
1419 297 1572 340 iugerum
1605 296 1638 328 in
1670 296 1826 341 singulari
1858 307 1996 330 numero

55 347 222 381 secundae
249 349 475 382 declinationis
502 353 567 388 est,
603 349 634 381 in
661 349 784 393 plurali
810 348 941 387 tertiae,
977 359 1052 379 nam
1080 348 1260 391 genitivum
1288 347 1410 379 horum
1438 348 1609 392 iugerum,
1644 348 1792 380 dativum
1819 352 1851 381 et
1877 349 1998 381 ablati—

53 395 166 432 vum²¹
194 399 244 432 his
272 406 304 433 et
331 401 372 432 ab
399 399 450 432 his
477 400 645 444 iugeribus
669 401 758 432 facit.
810 400 856 432 Et
881 410 954 439 vas,
991 398 1083 441 quod
1110 399 1225 431 tertiae
1249 403 1296 431 est
1323 396 1582 432 declinationis²²
1608 400 1639 431 in
1667 400 1821 444 singulari
1848 411 1997 441 numer0,

54 451 88 484 in
112 451 234 495 plurali
259 452 441 493 secundae,
484 462 558 483 nam
594 452 778 495 genitivum
811 450 933 482 horum
965 461 1136 492 vasorum,
1178 451 1326 482 dativum
1362 456 1394 483 et
1421 451 1600 484 ablativum
1628 450 1680 483 his
1708 457 1742 483 et
1767 452 1810 484 ab
1836 450 1888 483 his
1914 451 1997 484 vasis

55 501 238 536 dicimus²³.
296 504 408 536 Pauca
441 508 513 534 sunt
545 503 673 546 primae
707 502 933 536 declinationis
957 502 1107 542 nomina,
1150 513 1236 544 quae
1263 506 1377 534 contra
1404 503 1554 547 regulam
1582 502 1728 534 dativum
1757 507 1790 534 et
1815 502 1997 535 ablativum

55 555 183 588 numeri
207 555 346 599 pluralis
371 555 403 586 in
431 553 493 586 bus
519 555 680 597 syllabam
714 555 861 595 mittunt,
905 553 1140 586 discernendae
1172 554 1396 597 ambiguitatis
1429 565 1521 586 sexus
1532 551 1555 570 ²⁴
1582 564 1699 594 causa,
1740 553 1792 585 his
1819 558 1851 585 et
1876 554 1919 586 ab
1946 554 1998 586 his

57 606 200 647 deabus,
227 606 374 646 filiabus,
401 606 571 648 mulabus,
601 607 765 649 equabus,
793 605 989 646 libertabus,
1017 606 1172 647 natabus,
1200 601 1443 645 dominabusffi,
1477 605 1639 643 asinabus3
1677 616 1761 648 quae
1789 616 1808 636 a
1834 605 1908 637 viris
1934 617 1997 649 pe-

57 658 125 690 ritis
149 663 306 701 usurpata
332 662 415 691 sunt.
442 677 493 682 —--

221 707 254 741 7.
307 709 404 742 Haec
430 714 519 747 sunt,
561 720 647 751 quae
674 709 706 741 in
734 713 874 751 utroque
901 719 1039 741 numero
1068 719 1135 739 non
1162 707 1340 739 admittunt
1366 707 1637 748 declinationem,
1671 717 1813 749 quorum
1840 705 1905 738 alia
1932 706 1998 738 sin-

55 760 232 804 gulariter,
267 760 330 792 alia
357 761 530 804 pluraliter
556 757 712 792 ῐ·(ιι]ῐιιιιι“-’6
737 760 950 792 declinantur.
1003 760 1150 792 Deorum
1178 760 1316 803 propria
1343 759 1493 799 nomina,
1526 754 1712 797 heroum²⁷,
1748 758 1998 797 elementorum,

56 811 248 852 fluminum,
275 812 454 852 montium,
482 812 691 856 singulariter
717 812 875 844 duntaxat
902 811 1114 844 declinantur.
1168 811 1253 843 Item
1280 811 1426 851 urbium,
1459 811 1519 842 nisi
1546 822 1631 853 quae
1656 814 1772 842 natura
1793 804 1999 853 pluraliter²⁹

57 862 256 903 efferuntur,
290 869 324 895 ut
347 863 518 904 Athenae,
554 863 717 902 Thebae,
753 863 896 904 Cumae,
931 863 1114 906 Mycenae,
1150 862 1343 901 Atellanae,
1380 862 1576 902 Graviscae,
1605 857 1849 900 Crustumeriw,
1878 859 1998 902 cosae,

55 915 157 959 Arpi,
191 915 339 955 Puteoli,
377 914 480 948 Ostia.
534 915 618 947 Item
645 915 827 953 metallica,
869 926 956 958 quae
983 915 1091 947 omnia
1118 918 1192 947 sunt
1219 913 1383 947 secundae
1411 913 1637 947 declinationis
1665 917 1697 945 et
1724 911 1854 956 generis
1880 911 1997 952 neutri,

56 971 93 999 ut
119 966 187 1000 hoc
215 978 348 1005 aurum,
376 972 568 1011 argentum,
596 967 738 1005 ferrum,
765 967 961 1010 plumbum,
989 971 1136 998 stannum
1147 962 1188 1004 ³⁰3
1216 970 1357 1009 excepto
1385 977 1452 998 uno
1480 976 1558 1002 aes,
1585 964 1676 1007 quod
1701 964 1846 996 eiusdem
1870 962 2000 1007 generis

57 1022 122 1059 est,
154 1017 212 1050 sed
239 1019 328 1050 iuxta
354 1019 513 1050 rationem
541 1018 627 1050 tertii
654 1018 776 1050 ordinis
803 1018 1107 1061 monosyllaborum
1118 1014 1141 1033 ³¹
1163 1022 1228 1050 tres
1255 1029 1347 1051 casus
1374 1017 1407 1049 in
1433 1016 1556 1061 plurali
1580 1026 1718 1048 numero
1747 1015 1904 1055 admittit,
1937 1024 2000 1046 no-

57 1069 268 1110 minativum,
313 1070 532 1102 accusativum
561 1074 594 1101 et
619 1070 824 1103 vocativum:
866 1069 934 1102 hoc
961 1081 1015 1102 aes
1041 1075 1074 1102 et
1100 1069 1185 1102 haec
1210 1081 1296 1102 aera.
1348 1069 1433 1101 Item
1460 1067 1554 1101 arida
1579 1068 1631 1100 vel
1657 1066 1800 1109 liquida,
1844 1076 1929 1108 quae
1957 1064 1998 1097 ad

57 1132 245 1154 mensuram
271 1121 446 1164 pondusve
473 1117 702 1163 1·eferuntur³²,
747 1125 782 1153 ut
809 1121 968 1161 triticum,
1009 1120 1195 1162 hordeum,
1238 1121 1456 1162 frumentum,
1495 1120 1563 1160 far,
1600 1120 1686 1157 lens,
1722 1118 1825 1158 cicer,
1861 1116 2000 1157 milium,

59 1184 191 1213 ervum,
225 1169 347 1211 faba³³,
385 1173 513 1211 oleum,
553 1173 681 1213 vinum,
722 1173 807 1211 mel,
849 1173 919 1214 lac,
962 1173 1122 1214 mulsum,
1158 1173 1343 1212 defrutum,
1378 1173 1493 1207 muria.
1547 1171 1599 1203 Ex
1625 1170 1676 1202 his
1703 1169 1805 1202 multa
1831 1163 2000 1208 veteres³⁴,

58 1224 231 1257 autoritate
266 1224 418 1256 licentiae
453 1224 648 1268 largientes,
695 1224 871 1268 pluraliter
913 1225 1116 1267 extulerunt,
1165 1224 1255 1257 haec
1288 1224 1441 1265 hordea,
1486 1222 1621 1268 sarra,
1669 1221 1794 1263 mella,
1845 1218 2001 1264 defruta,

57 1276 148 1309 vina.
216 1275 311 1308 Haec
338 1276 436 1308 etiam
469 1287 546 1309 usus
580 1276 715 1319 recipit3
765 1288 841 1308 nam
875 1276 957 1309 υἱηα
994 1276 1085 1309 Clziu
1118 1272 1289 1309 dicimus³⁵
1326 1281 1359 1309 et
1391 1275 1498 1308 mella
1532 1273 1664 1307 Attica.
1725 1272 1829 1304 Prae-
1868 1268 1998 1316 [1708]

58 1395 120 1422 sola
136 1395 166 1424 P.
184 1394 313 1425 exhibet.
339 1396 408 1424 Hoc
418 1395 528 1434 filum,
546 1395 602 1433 fili
618 1396 731 1433 astla,
754 1395 810 1424 Ῐιοσ
826 1396 956 1432 coelum,
977 1395 1011 1423 lu]

57 1438 131 1465 coeli
148 1439 254 1465 omisso
273 1439 409 1476 exemplo
428 1438 504 1468 Gud.
549 1439 741 1476 Ilm-filum,
765 1439 878 1477 lzifili:
909 1444 1010 1466 traxe-

58 1485 129 1508 runt
148 1481 180 1508 in
201 1486 264 1508 arle
286 1483 408 1519 magica
426 1492 452 1509 ι’.
465 1482 500 1518 f,
518 1487 542 1508 et
559 1481 705 1519 lzuecfilu
728 1481 874 1509 dicantus·
889 1481 925 1510 V.
941 1482 1008 1510 Asc.

59 1522 95 1550 In
111 1528 176 1550 arte
190 1525 312 1561 magica
329 1524 414 1552 etiam
432 1524 520 1552 Goth.
564 1524 677 1552 Verba:
701 1530 726 1552 el
742 1524 816 1551 llaec
824 1525 887 1562 sila
904 1524 1009 1552 ‹licun-

59 1570 110 1593 ίαν
126 1565 214 1593 etiam
228 1565 258 1593 in
276 1565 364 1594 Goth.
383 1567 509 1604 repetita
523 1567 730 1602 inveniuntur,
762 1577 835 1605 quae
850 1577 958 1595 vereor
976 1577 1010 1595 ne

60 1608 119 1636 sint
139 1608 175 1635 ad
193 1607 411 1636 similitudinem
432 1609 564 1646 priorum
583 1610 753 1646 regularum
770 1609 829 1638 huc
847 1621 862 1637 a
879 1609 1009 1638 librariis

59 1651 177 1678 inserta.
220 1651 315 1678 Locus
333 1656 376 1678 est
395 1652 501 1680 Lucan.
516 1652 617 1681 Phars.
634 1653 691 1688 Vl,
716 1654 785 1683 460.
809 1668 851 1673 -—
873 1656 917 1685 CO)
941 1653 1011 1679 Iloc

60 1692 187 1727 coelum,
211 1693 261 1720 lu'c
275 1694 364 1728 cocll3
387 1701 573 1723 accesserunt
587 1695 660 1723 haec
678 1705 712 1723 ex
727 1696 782 1722 Gu.
796 1710 838 1716 —
852 1698 897 1729 21)
915 1695 1010 1722 Abla.

61 1737 160 1763 tivum
183 1736 220 1763 ιἰι
242 1735 309 1763 hus
333 1736 387 1764 (ἆυ.
417 1753 459 1758 -
489 1740 532 1771 22)
557 1738 782 1766 Dec-linationis
805 1737 948 1765 insertum
975 1747 1011 1765 ex

62 1777 118 1806 Gu.
145 1793 188 1799 —
216 1781 261 1815 23)
284 1779 449 1806 Declmanz
474 1789 527 1817 pro
553 1790 581 1809 v.
603 1781 734 1807 dicimus
754 1779 874 1808 exhibet
893 1782 947 1808 (ἆυ.
969 1795 1012 1801 --

60 1822 106 1854 24)
129 1819 353 1858 Ambigut'iuli-s·
368 1823 400 1850 .ι”.
417 1832 501 1849 sexu-5¹
516 1833 611 1850 cau-m
628 1823 660 1850 V.
675 1824 742 1851 Asc.
761 1823 790 1850 P.
812 1823 1013 1861 Ambigaita-

61 1863 102 1889 ἰὼ·
119 1873 214 1890 causa
229 1864 380 1892 sexusGu.
402 1865 628 1901 Ambagruilatzls·
642 1876 729 1893 sexus
744 1876 839 1892 calesu
851 1866 895 1893 Go
909 1888 915 1900 ,
931 1864 1011 1902 quod

63 1904 208 1933 dedimus.
230 1921 272 1926 —-
294 1907 542 1939 25)J)0m1'nalncs
558 1909 668 1936 inserui
685 1918 721 1936 ex
740 1908 803 1943 Gn.,
821 1907 871 1936 ubi
889 1907 947 1935 hoc
964 1917 1013 1935 or·-

62 1947 144 1976 dine:
168 1946 476 1985 duublcS,filiubus‚
499 1951 666 1985 natsmbus,
692 1951 890 1985 dominabus,
914 1950 1012 1976 mulu-

62 1989 133 2024 bus,
163 1990 314 2027 equabus,
348 1992 510 2028 asinabus,
546 1994 720 2022 libertabus.
767 1993 799 2021 In
826 1994 880 2021 (1¹0.
906 1992 1012 2019 desunt

61 2032 210 2068 natabus,
240 2033 394 2060 (asinabus.
425 2049 466 2054 —
494 2037 538 2067 26)
567 2036 644 2064 slll'u
671 2036 870 2071 singulariter
893 2039 1012 2061 lantum

61 2075 127 2103 alia
146 2076 230 2113 plur.
255 2074 328 2103 ‹la-l.
352 2076 407 2105 Gu.
432 2076 464 2104 V.
487 2077 553 2105 Asc.
597 2080 674 2106 Alia
703 2081 780 2115 sing.
804 2082 920 2104 lunlum
947 2077 1012 2103 ulia

58 2117 144 2155 plur.
164 2123 282 2145 [mitum
299 2118 369 2153 Go.‚
392 2119 441 2146 sed
464 2126 614 2158 expuncto
637 2121 728 2148 altero
747 2126 875 2147 tunium.
899 2134 939 2140 —
965 2121 1010 2152 Υ)

61 2161 196 2187 Heroum
221 2164 288 2198 post
312 2170 338 2189 v.
355 2162 519 2197 fluminum
545 2163 639 2191 alieno
664 2164 728 2190 loco
748 2162 878 2189 inserunt
893 2161 925 2188 V.
944 2160 1011 2188 Asc.

63 2203 95 2231 P.
115 2208 196 2231 recte
218 2212 270 2229 suo
295 2203 363 2229 loco
387 2203 493 2238 legitur
514 2205 541 2232 in
561 2207 615 2233 Gn.
634 2206 703 2238 Gru,
728 2205 756 2231 in
775 2214 835 2241 quo
854 2203 1011 2241 posteriori

61 2250 118 2274 est:
150 2255 260 2274 eorum.
291 2260 332 2265 —
362 2248 406 2275 Rb)
438 2246 630 2274 Autumnus
651 2248 816 2285 stluralrlm'
841 2246 872 2273 V.
890 2246 958 2274 Asc.
980 2246 1010 2273 Ρ.

63 2288 258 2316 Naturaliter
276 2287 350 2314 [alic
366 2287 411 2324 esti
429 2298 484 2315 om.
502 2289 530 2315 in
548 2299 621 2327 supp
649 2300 725 2327 quae
742 2290 796 2316 Uo.
843 2288 947 2315 Veram
968 2288 1011 2315 le-

62 2331 189 2358 ctionem
211 2329 356 2368 praestitit
375 2331 430 2357 Gu.
461 2346 501 2351 —
529 2335 576 2367 ΞΗ)
604 2333 772 2358 (iruuixwe
786 2332 852 2359 Asc.
878 2332 1010 2358 (je-ams-

62 2383 113 2400 sae
131 2373 165 2402 V.
180 2388 221 2394 —
241 2373 432 2400 Crustumius
450 2372 481 2399 V.
499 2374 566 2402 Asc.
581 2374 627 2409 P.⁷
651 2374 728 2411 quod
753 2383 857 2402 nomen
874 2383 929 2401 oni.
947 2374 1012 2410 Gu.‚

1053 1395 1102 1423 ubi
1119 1395 1174 1423 ista
1194 1395 1290 1423 omnia
1306 1395 1427 1424 turbato
1443 1395 1547 1424 ordine
1563 1395 1604 1423 sic
1625 1394 1763 1431 leguntur
1779 1396 1846 1431 post
1861 1400 1889 1419 v.
1906 1389 2000 1418 decli-

1052 1444 1186 1466 nantur:
1210 1439 1283 1466 Jlfm
1300 1439 1468 1474 metallica,
1492 1449 1567 1476 quae
1583 1439 1684 1465 onmia
1700 1441 1769 1463 sum
1787 1433 1933 1462 secundae
1947 1432 2000 1461 de-

1053 1482 1227 1509 clinationis
1243 1487 1267 1508 ει
1283 1492 1349 1519 gen..
1364 1482 1471 1515 neutri,
1494 1487 1526 1508 ut
1541 1481 1598 1509 lzoc
1613 1490 1733 1515 aarum,
1746 1479 1880 1515 serrum,
1896 1476 2001 1514 plum-

1053 1524 1140 1559 bum,
1164 1530 1318 1562 stagnum.
1341 1534 1418 1561 quae
1438 1529 1553 1551 natura
1570 1522 1736 1560 pluraliter
1757 1520 1935 1559 efferuntur,
1966 1523 2001 1545 ut

1052 1567 1205 1603 Athenae,
1230 1565 1357 1601 Cumae,
1386 1566 1513 1601 Thebae,
1535 1566 1685 1602 Mycenae.
1728 1565 1859 1601 Excepto
1877 1571 1937 1589 uno
1951 1571 2002 1588 aes

1053 1615 1106 1639 cet.
1133 1610 1216 1637 Clare
1233 1609 1378 1647 scriptum
1390 1608 1577 1635 Crustumeri
1593 1606 1711 1635 exbibet
1727 1606 1789 1642 Go.,
1807 1604 1888 1643 quod
1900 1604 2001 1632 Gram-

1053 1652 1158 1680 maiico
1174 1651 1362 1680 reddendum
1379 1651 1443 1678 fuir.
1466 1650 1510 1679 Cf.
1522 1650 1602 1686 Virg.
1619 1649 1689 1677 Aen.
1706 1648 1773 1683 VH,
1796 1649 1868 1678 631.
1896 1646 2001 1674 Forma

1057 1695 1251 1722 Cras-[umiae
1268 1703 1325 1721 nou
1340 1694 1371 1720 in
1389 1702 1445 1719 usu
1461 1693 1533 1727 suit,
1556 1691 1607 1719 sed
1625 1691 1862 1719 Crustumerium
1879 1692 1908 1715 et
1927 1688 2001 1715 Cra-

1053 1738 1210 1766 stumerz'a,
1255 1737 1299 1764 Ex
1320 1735 1402 1762 Livio
1419 1734 1448 1769 I,
1480 1737 1509 1766 9.
1529 1734 1651 1762 affertur
1671 1732 1902 1774 Crustumium,
1919 1729 2001 1767 quod

1055 1781 1152 1817 ipsum
1181 1788 1299 1811 vercor,
1328 1786 1364 1804 ne
1392 1781 1488 1804 ortum
1510 1777 1548 1804 sit
1572 1786 1608 1803 ex
1629 1776 1794 1813 scripturae
1816 1771 1999 1810 compendio.

1055 1824 1129 1850 Tum
1149 1821 1241 1858 Carpi
1258 1819 1332 1847 male
1348 1820 1376 1846 in
1394 1819 1426 1849 V.
1437 1819 1505 1847 Asc.
1520 1819 1552 1847 P.
1586 1818 1694 1846 Verum
1711 1814 1840 1844 ostendit
1855 1815 1925 1851 Go.,
1950 1813 1999 1842 ubi

1056 1865 1111 1892 sic:
1139 1864 1247 1898 Casae,
1269 1863 1348 1900 Arp
1359 1863 1433 1897 iae,
1456 1860 1636 1889 Potheoliae.
1655 1875 1697 1881 -—
1718 1861 1764 1892 30)
1779 1860 1931 1896 Stagnum
1944 1856 2000 1884 Gu.

1057 1908 1112 1934 Go.
1136 1921 1174 1926 —-
1201 1907 1245 1938 31)
1270 1905 1386 1942 Monesi
1395 1904 1568 1931 llabarum
1585 1903 1640 1930 Gu.
1655 1901 1689 1931 V.
1707 1901 1772 1929 Asc.
1816 1899 1920 1928 Paullo
1934 1903 2000 1927 ante

1057 1959 1111 1986 pro
1132 1946 1185 1974 scd
1207 1946 1327 1975 exhibet
1346 1952 1372 1974 et
1392 1949 1419 1974 st
1438 1947 1491 1974 Go.
1523 1963 1560 1968 —-
1593 1948 1638 1979 32)
1661 1942 1787 1972 Pondus
1807 1953 1840 1970 ve
1851 1943 2001 1979 seruntur

1057 1993 1113 2018 (iu.
1144 2006 1185 2011 —
1213 1992 1261 2025 33)
1284 1989 1353 2018 Voc.
1367 1989 1447 2026 faba
1462 1999 1518 2019 om.
1535 1989 1569 2017 V.
1585 1987 1671 2023 Asc.‚
1698 1986 1727 2014 in
1748 1986 1803 2014 fine
1818 1985 1928 2013 adiecit
1945 1984 2000 2011 Gu.

1056 2037 1124 2073 post
1139 2042 1167 2060 v.
1183 2034 1299 2068 muria,
1328 2041 1413 2070 quam
1433 2032 1511 2060 idem
1528 2031 1667 2068 scriptam
1682 2028 1772 2056 habet
1788 2028 1923 2063 murina,
1947 2026 1999 2054 Go.

1056 2077 1162 2104 tum-iu.
1207 2075 1275 2103 Post
1298 2084 1325 2102 V.
1339 2075 1398 2102 mel
1417 2075 1556 2112 ignorant
1576 2074 1625 2101 lac
1645 2072 1699 2100 Go.
1716 2071 1750 2099 V.
1769 2071 1834 2099 Asc.
1851 2070 1879 2098 P.
1899 2068 1999 2097 addidi

1057 2128 1091 2145 ex
1109 2118 1164 2145 Gu.
1207 2117 1241 2145 V.
1257 2116 1412 2154 defrutum
1434 2122 1462 2145 et
1478 2117 1554 2145 infra
1571 2115 1695 2153 (left-ula
1715 2114 1771 2142 Gu.
1788 2123 1848 2141 non
1864 2110 1998 2145 exhibet3

1056 2160 1130 2188 infra
1144 2161 1303 2196 frumenta
1320 2160 1423 2187 adiicit
1442 2159 1500 2188 hoc
1514 2159 1632 2187 ordine:
1651 2158 1765 2194 surra,
1795 2154 1899 2191 ordea,
1919 2154 1995 2190 fru-

1055 2208 1169 2238 mmm,
1191 2203 1296 2237 mella,
1325 2203 1408 2231 vina.
1437 2219 1479 2224 --
1509 2204 1553 2235 34)
1576 2202 1624 2229 Ex
1642 2200 1691 2227 lli-5·
1708 2199 1807 2226 mulla
1822 2197 1999 2225 auctoritate

1055 2246 1190 2273 lic-culiae
1211 2245 1392 2282 largienter
1412 2246 1455 2284 pl.
1475 2245 1529 2273 Gu.
1552 2254 1609 2272 om.
1629 2248 1744 2272 veteres,
1787 2241 1861 2269 Tum
1884 2237 1998 2266 extule-

1056 2293 1124 2316 sunl
1146 2293 1177 2315 ut
1195 2287 1307 2315 hordea
1324 2288 1376 2315 Go.
1395 2300 1414 2315 e.
1432 2289 1571 2324 ntjitzrra
1588 2285 1678 2314 ordea
1694 2285 1752 2313 Gn.
1781 2299 1819 2304 --
1848 2279 1893 2319 35)
1918 2280 1998 2325 Nam

1055 2332 1129 2359 vinu
1147 2331 1207 2358 Cou
1225 2330 1356 2357 dicimus
1372 2336 1398 2358 et
1413 2331 1560 2358 Illassica.
1576 2329 1612 2357 V.
1628 2328 1695 2356 Asc.
1713 2327 1742 2356 P.
1789 2325 1869 2353 Nam
1894 2330 1996 2368 ulna-

1056 2375 1115 2401 tia
1133 2373 1262 2401 dicimus
1277 2378 1303 2400 et
1321 2374 1518 2401 mua-tatia.
1554 2370 1675 2400 Praeter
1690 2370 1742 2397 Go.
1784 2368 1865 2394 Nam
1884 2373 1954 2391 ίίηα
1968 2365 1993 2387 ‘¹2

1473 2423 1583 2457 Uu*
