2263 2668
232 189 307 225 492
661 183 1005 219 COMMENTARII
1031 186 1078 220 IN
1105 185 1247 220 PAULI
1274 184 1470 220 DIACONI
1496 184 1753 220 EXCERPTA

394 278 564 310 Mancini
587 275 719 317 tifata.
763 275 900 306 Mancini
914 275 1008 317 fana.
1042 277 1133 307 Vetus
1157 278 1264 316 editio,
1288 278 1424 307 Mancini
1449 276 1562 318 Tifata.
1600 278 1700 314 Quare
1722 288 1792 317 ergo
1815 282 1962 307 mutatum
1985 280 2048 309 est?
2075 280 2181 322 Tifata

232 329 301 354 sunt
323 322 428 353 iliceto.
462 322 504 349 Ita
528 329 596 357 ergo
619 320 650 346 in
674 328 741 346 suas
764 318 864 355 sedes,
890 320 970 348 unde
992 321 1021 349 vi
1045 320 1157 350 deiecta
1183 327 1246 351 erat
1269 321 1341 350 haec
1364 330 1441 357 vox,
1464 321 1578 349 restitui
1600 321 1695 350 iubeo.
1719 320 1818 351 Scal.
1851 320 1929 350 Haec
1952 327 2049 351 autem
2074 329 2181 363 poten-

233 372 295 403 tes,
321 366 424 394 domos
448 363 574 391 maxime
598 360 855 390 commendabant.
900 362 1003 392 Horat.
1028 363 1084 393 Od.
1104 366 1151 395 10.
1175 365 1224 392 lib.
1239 364 1287 392 111.
1311 363 1354 401 (v.
1367 363 1425 401 5.):

850 410 952 442 Audis
975 424 1033 453 quo
1056 415 1176 453 strepitu
1199 416 1302 450 ianua,
1330 423 1387 453 quo
1410 424 1508 442 nemus

849 453 929 483 Inter
948 454 1055 494 pulcra
1077 456 1163 486 situm
1187 464 1262 487 tecta
1287 456 1426 495 remugiat

852 496 886 525 V
882 497 963 527 entis.

230 549 322 583 Quem
352 547 451 576 locum
482 547 592 576 utinam
624 557 659 575 ne
689 547 832 585 attigisset
860 548 907 576 vir
937 548 1170 587 elegantissimus
1192 551 1264 579 Tan.
1287 549 1355 577 Fab.
1386 548 1438 587 qui
1463 549 1687 579 rescribendum
1713 560 1773 578 esse
1796 549 1949 578 contendit
1971 550 2050 590 queis
2073 560 2180 581 nemus.

227 591 338 629 Nempe
360 591 439 629 queis
459 591 557 618 ventis.
603 590 675 618 Nam
699 591 742 618 sic
764 590 823 618 loci
847 596 986 620 venustas
1010 593 1105 631 perit,
1140 598 1168 622 et
1192 598 1276 621 sonat
1305 592 1417 630 aliquid
1443 591 1523 629 quod
1546 593 1676 621 eruditas
1700 603 1786 621 aures
1809 593 1959 623 vulnerat.
2002 592 2097 621 Huius
2119 593 2180 622 loci

228 632 296 670 ἑξῆς
318 638 398 660 erat:
436 631 536 660 Audis
564 643 621 671 quo
650 633 770 672 strepitu.
798 634 903 669 ianua,
941 645 998 673 quo
1026 636 1145 674 strepitu
1175 647 1273 664 nemus
1301 634 1442 673 remugiat
1464 635 1563 664 ventis.
1608 635 1652 663 lia
1675 641 1708 663 ut
1729 636 1849 674 strepitu
1872 640 1901 663 et
1924 636 2065 674 remugiat
2086 636 2179 664 ventis

227 679 399 713 repetuntur
423 671 482 704 ἀπὸ
507 677 623 705 κοινοῦ.
670 677 766 713 Atque
789 676 820 704 id
844 686 896 711 ego
921 676 1039 714 quidem
1063 687 1097 706 eo
1121 678 1248 706 libenter
1272 682 1300 706 et
1324 677 1457 705 studiose
1481 687 1602 714 moneo,
1635 682 1666 706 ut
1691 689 1706 706 a
1730 688 1788 715 quo
1812 677 1921 706 vulnus
1944 678 1979 705 ab
2002 677 2104 707 eodem
2126 688 2178 706 re-

228 717 356 746 medium
382 722 467 745 etiam
491 717 626 745 videatur
650 718 781 748 allatum.
827 718 904 746 Nihil
927 719 1004 747 enim
1028 719 1059 747 in
1082 719 1163 749 hisce
1187 721 1294 749 litteris
1318 719 1541 748 delicatioribus
1565 731 1701 759 possum,
1740 720 1765 748 si
1788 730 1909 759 possum
1932 721 2061 758 aliquid,
2094 720 2177 759 quod

228 770 287 788 non
313 761 377 787 viro
403 759 445 786 illi
469 759 639 787 acutissimo
665 761 778 798 meique
801 761 1001 789 amantissimo
1025 768 1178 802 acceptum
1202 763 1304 791 debeat
1326 762 1440 793 referri.
1486 761 1573 791 Dae.

388 800 607 830 Mamercus.
661 805 682 830 A
716 803 854 832 Mamerte
888 803 1067 841 Mamercus,
1109 810 1141 833 ut
1169 817 1184 833 a
1214 806 1304 833 Marte
1328 805 1456 833 Marcus.
1501 804 1573 833 Inde
1597 805 1761 833 Mamercus
1790 805 1930 834 Aemilius
1957 805 2100 835 Dictator.
2135 804 2175 833 M.

228 843 367 872 Aemilius
391 843 565 872 Mamercus.
605 844 633 873 L.
657 845 798 874 Aemilius
822 846 986 874 Mamercus
1010 847 1073 876 Cos.
1101 847 1187 876 Dac.
1220 845 1394 886 Appellant.
1433 847 1550 876 Dicunt.
1597 846 1703 876 Goth.

386 885 534 925 Mamph
545 884 615 915 ula.
661 888 722 925 Ego
751 889 811 916 scio
841 889 869 916 in
892 888 1093 918 Hebraeorum
1121 890 1337 918 commentariis
1360 888 1518 928 Mamphul
1539 900 1601 918 esse
1625 890 1790 928 mancipem
1813 889 2025 928 pistrinorum,
2061 887 2174 927 depra—

227 931 323 955 vatum
348 938 363 954 a
388 928 503 957 Graeco
527 926 716 968 μονοπώλης.
760 931 859 968 Neque
881 931 1003 969 dubito,
1034 933 1105 970 quin
1130 931 1300 972 Mamphula
1323 932 1353 960 in
1376 932 1516 960 traduces
1540 933 1680 971 Syriacae
1703 932 1819 970 linguae
1842 943 1878 961 ex
1901 931 2025 961 matrice
2048 931 2174 960 Graecia

224 974 384 1008 propagata
409 971 454 999 sit.
499 971 548 999 Sic
571 972 601 999 in
627 973 744 1001 Daniele
766 973 966 1003 vetustissimo
994 976 1140 1013 scriptore
1165 976 1311 1004 Graecum
1336 979 1379 1003 est
1403 975 1556 1013 psanterin
1580 986 1635 1015 pro
1658 975 1819 1014 psalterio;
1851 975 1894 1003 sic
1914 975 1945 1003 in
1968 974 2172 1013 Paralipome-

223 1012 285 1046 nis,
309 1021 360 1041 seu
384 1012 541 1042 Chronicis
567 1013 715 1054 Rhapsod.
740 1014 821 1054 παρὰ
847 1015 879 1046 τὸ
904 1016 1068 1055 ῥαψωδεῑν.
1115 1019 1222 1046 Versus
1246 1017 1364 1046 Lucillii
1388 1017 1428 1045 ita
1450 1017 1553 1055 legito:

756 1058 908 1095 Pistricem
932 1065 1063 1095 validam
1087 1069 1113 1096 si
1135 1069 1245 1097 nummi
1267 1066 1503 1108 suppeditabunt,

755 1107 866 1137 Addas
887 1108 1067 1148 empleuron,
1094 1110 1277 1150 mamphulas
1300 1121 1374 1151 quae
1396 1112 1471 1140 sciat
1495 1122 1600 1140 omnes.

221 1155 285 1183 Non
300 1155 395 1184 solum
412 1156 541 1185 validam
557 1157 640 1193 dico,
664 1158 716 1186 sed
740 1159 820 1197 quod
844 1160 936 1197 magis
960 1164 1019 1195 est,
1046 1161 1220 1199 ἕμπλευρον.
1242 1160 1341 1190 Scal.
1375 1160 1568 1201 Mamplzula‚
1591 1171 1681 1200 genus
1704 1161 1803 1202 operis
1827 1161 1952 1200 pistorii.
1985 1160 2093 1189 Versus
2111 1160 2171 1189 Lu-

221 1197 296 1226 cilii:
319 1196 471 1227 Pistricem
488 1205 543 1228 etc.
574 1200 639 1228 Hoc
657 1205 714 1229 est:
739 1200 773 1229 Si
795 1203 906 1230 nummi
927 1201 1153 1242 suppeditabunt
1172 1205 1320 1243 pistricem
1344 1203 1493 1240 validam,
1516 1205 1575 1233 imo
1598 1211 1624 1232 et
1645 1203 1726 1244 quod
1748 1205 1841 1243 magis
1856 1211 1896 1232 est
1913 1203 2079 1243 ἕμπλευρον
2095 1213 2170 1243 quae

219 1240 296 1269 sciat
313 1241 504 1279 omnigene-’ris
520 1241 704 1282 mamphulas
721 1242 854 1281 condire,
877 1245 996 1286 efficere.
1027 1245 1113 1273 Hunc
1136 1247 1233 1275 locum
1250 1247 1356 1275 Lucilii
1379 1247 1528 1275 intellexit
1545 1247 1639 1275 Varro
1658 1247 1709 1276 lib.
1722 1247 1771 1276 lV.
1791 1247 1826 1275 de
1846 1247 1876 1275 L.
1896 1247 1926 1276 L.
1943 1243 1986 1286 (p.
2002 1246 2070 1278 140.
2086 1242 2169 1286 Sp.)=

219 1280 293 1310 Inde
304 1283 400 1321 pistor
415 1281 461 1312 vel
474 1282 587 1313 Lucilii
607 1285 734 1323 pistrina
757 1293 783 1314 et
804 1288 924 1325 pistrioe.
957 1287 1042 1315 Nunc
1064 1289 1138 1317 illud
1163 1290 1313 1327 negotium
1338 1290 1471 1324 facessit,
1495 1300 1601 1328 nempe
1620 1291 1699 1327 quod
1717 1300 1731 1317 e
1748 1290 1851 1318 Verrio
1867 1289 1939 1317 dicit
1956 1289 2058 1317 Festus
2075 1298 2169 1316 mam-

215 1322 338 1363 phulam
357 1324 466 1353 dictam
486 1325 565 1365 quod
588 1326 706 1355 decidat
727 1328 758 1356 r’n
781 1328 937 1365 carbones,
961 1335 988 1358 et
1010 1341 1078 1359 sanc
1100 1332 1269 1360 verisimilis
1288 1332 1437 1360 Francisci
1461 1332 1537 1360 Iunii
1562 1332 1730 1360 coniectura
1755 1332 1805 1370 qui
1828 1337 1930 1360 censet
1952 1341 2014 1360 esse
2037 1342 2053 1360 a
2075 1329 2168 1359 verbo

218 1365 341 1405 Naplzal
358 1367 376 1396 i.
393 1378 418 1397 e.
438 1368 553 1398 cadere.
583 1370 684 1408 Neque
707 1370 742 1398 ab
765 1380 800 1399 eo
824 1371 973 1401 dimovere
993 1372 1082 1402 debet
1099 1375 1246 1412 Scaliger,
1269 1375 1319 1412 qui
1337 1379 1437 1403 censet
1454 1373 1652 1412 Mamphulam
1676 1375 1705 1402 in
1723 1374 1926 1403 Hebraeorum
1950 1371 2168 1403 commentariis

219 1418 282 1437 esse
305 1411 472 1448 mancipem
497 1412 707 1450 pistrinorum,
731 1423 765 1441 ac
789 1418 820 1442 ut
843 1414 933 1442 multa
957 1415 1011 1443 alia
1037 1417 1171 1454 Syriaca,
1196 1417 1235 1444 ita
1259 1415 1317 1444 hoc
1341 1428 1356 1445 a
1381 1417 1495 1445 Graeco
1519 1416 1599 1444 fonte
1623 1417 1723 1445 venire
1747 1422 1817 1455 puta
1842 1427 1857 1444 a
1880 1413 2076 1455 μονοπώλης,
2099 1424 2165 1443 nam

219 1456 331 1479 certum
353 1457 397 1480 est
420 1453 619 1493 Mamphulam
642 1453 690 1482 hic
714 1455 828 1484 Lucilio
851 1467 908 1485 non
933 1457 1101 1496 pistricem,
1125 1459 1176 1487 sed
1200 1469 1276 1498 opus
1300 1459 1454 1498 pistorium
1478 1458 1654 1496 significare.
1700 1459 1868 1495 Praeterea,
1893 1463 1926 1487 ut
1949 1457 2059 1497 optime
2082 1457 2164 1486 Voss.

218 1503 275 1521 non
298 1494 496 1533 pistrinorum
518 1496 680 1532 duntaxat,
714 1497 765 1526 sed
787 1499 874 1527 etiam
898 1500 1024 1528 aliorum
1048 1507 1131 1529 erant
1153 1501 1325 1540 monopolia
1349 1502 1482 1539 adeoque
1505 1501 1534 1529 in
1559 1501 1757 1529 Hebraeorum
1781 1501 1998 1530 commentariis
2021 1499 2165 1539 mancipi-

218 1535 272 1563 bus
295 1537 489 1575 pistrinorum
513 1549 528 1567 a
551 1539 676 1578 pistorio
700 1539 756 1568 hoc
780 1551 868 1580 opere
892 1542 1070 1581 mamphulis
1093 1554 1198 1572 nomen
1222 1544 1312 1572 fuisse
1335 1544 1426 1582 magis
1449 1543 1608 1572 verisimile
1630 1548 1682 1572 est.
1708 1543 1797 1573 Dac.
1837 1543 1999 1573 Pistricem.
2037 1542 2104 1571 Dixi
2126 1541 2164 1570 ad

218 1577 380 1608 Varronem
405 1581 454 1610 lib.
466 1581 515 1609 IV.
541 1582 572 1617 (l.
592 1583 630 1618 c.)
658 1581 781 1611 Valida.
813 1584 955 1615 Validam.
986 1584 1106 1614 Addas.
1139 1586 1224 1614 Nunc
1247 1586 1365 1615 addam.
1397 1586 1466 1614 Vel:
1490 1586 1525 1614 ad
1550 1586 1681 1614 classem.
1728 1584 1833 1616 Goth.

378 1629 585 1671 Municeps.
631 1632 745 1661 Vereor
770 1644 806 1663 ne
834 1635 992 1673 legendum
1015 1636 1065 1664 sit:
1103 1634 1192 1672 Item,
1226 1647 1309 1677 quem
1332 1636 1523 1675 municipium
1546 1647 1564 1664 a
1586 1637 1720 1664 servitute
1742 1634 1885 1664 liberavit.
1928 1635 2021 1664 Varro
2043 1635 2082 1664 de
2104 1635 2163 1664 La·-

218 1670 278 1698 tino
301 1682 435 1701 sermone
458 1673 507 1703 lib.
521 1674 584 1702 VII.
609 1674 687 1713 (pag.
701 1678 771 1707 100.
796 1676 841 1706 ed.
865 1676 936 1716 St.):
967 1676 1001 1706 Ῐη
1023 1677 1080 1707 hoc
1100 1679 1163 1718 ipso
1188 1677 1330 1718 analogia
1354 1689 1412 1707 non
1434 1686 1491 1708 est:
1524 1677 1605 1719 quod
1626 1677 1682 1706 alii
1705 1679 1824 1707 nomina
1847 1676 1952 1706 habent
1974 1676 2012 1706 ab
2035 1675 2162 1716 oppidis,

219 1711 271 1740 alii
292 1722 342 1742 aut
365 1726 423 1743 non
445 1715 566 1753 habent,
594 1725 644 1745 aut
668 1728 741 1753 non,
771 1720 815 1747 uti
837 1718 954 1757 debent,
982 1719 1107 1759 haben15
1135 1720 1242 1750 habent
1261 1720 1392 1761 plerique
1413 1719 1543 1749 libertini
1563 1733 1582 1750 a
1604 1721 1763 1760 municipio
1785 1721 1964 1748 manumissi.
1989 1718 2091 1750 Scal.
2128 1719 2165 1749 A

219 1764 329 1784 munere
350 1757 493 1796 capiendo
516 1760 672 1799 municeps.
709 1760 865 1801 Municipii
887 1762 962 1791 liber
986 1763 1075 1799 civis,
1099 1764 1178 1792 unde
1201 1764 1230 1792 in
1255 1764 1365 1794 Gloss.:
1394 1763 1563 1803 Municeps,
1585 1764 1715 1801 πολίτης.
1753 1761 1824 1791 Item
1848 1763 1899 1802 qui
1918 1773 1958 1791 ex
1980 1760 2042 1792 alio
2060 1773 2164 1801 genere

219 1794 378 1834 hominum,
402 1800 432 1828 id
456 1805 514 1838 est,
538 1802 636 1840 quivis
659 1801 748 1832 homo
771 1804 834 1834 sive
856 1805 886 1833 in
909 1805 1093 1844 municipiis,
1120 1806 1181 1835 sive
1204 1806 1274 1834 alibi
1297 1811 1401 1842 natus,
1430 1806 1520 1834 modo
1544 1806 1593 1844 qui
1616 1815 1723 1834 munus
1744 1805 1864 1834 functus
1887 1805 1933 1833 sit.
1957 1804 2042 1834 Dan.
2089 1802 2162 1834 Item

220 1838 268 1874 ‘7¹¹²'
286 1839 319 1884 ξπ
339 1842 506 1882 municipio.
536 1844 662 1883 Legebat
684 1846 830 1885 Scaliger:
854 1846 925 1877 Item
948 1859 1030 1888 quem
1054 1849 1243 1888 municipium
1266 1860 1285 1878 a
1307 1849 1441 1877 servitute
1462 1847 1616 1887 liberavi15
1639 1858 1676 1877 ex
1699 1848 1834 1877 Varrone
1856 1847 1907 1876 lib.
1920 1847 1983 1876 VH.
2012 1846 2102 1875 Vides
2126 1847 2161 1875 li-

220 1877 347 1908 bertinos
370 1892 384 1910 a
407 1886 568 1925 municipio
592 1889 801 1927 manumissos,
825 1890 877 1928 qui
899 1895 1002 1930 postea
1025 1892 1186 1930 municipes
1209 1891 1293 1921 dieti.
1322 1891 1381 1919 Sed
1404 1895 1432 1919 et
1454 1891 1545 1919 altera
1561 1891 1640 1919 Festi
1664 1891 1754 1920 lectio
1776 1889 1895 1920 defendi
1918 1894 2024 1929 potest.
2045 1887 2158 1920 Idem.

222 1917 290 1947 Item
313 1926 467 1964 municipes
489 1929 540 1968 qui
561 1940 601 1958 εει·
623 1928 662 1959 al.
687 1929 772 1961 Civit.
817 1933 1048 1972 Municipiorum
1072 1933 1132 1962 duo
1155 1934 1238 1963 fuere
1260 1944 1382 1972 genera:
1421 1936 1551 1972 primum
1574 1944 1676 1962 eorum
1700 1934 1751 1972 qui
1774 1943 1810 1962 ex
1833 1932 2003 1971 municipiis
2026 1931 2063 1960 ad
2086 1930 2160 1960 civi-

220 1965 308 1990 tatem
333 1965 411 1995 Rom.
434 1969 565 2007 admissi,
605 1973 736 2002 muneris
760 1979 875 2004 tantum
898 1975 1050 2005 honorarii
1074 1977 1214 2005 Romanis
1238 1977 1399 2016 participes
1421 1975 1546 2012 fiebant,
1583 1976 1644 2004 sine
1666 1976 1799 2013 suffragii
1819 1975 1900 2013 iure3
1936 1974 1995 2003 hoc
2018 1979 2076 2011 est,
2108 1973 2160 2012 qui

218 2007 332 2051 lautu-¹1¹
355 2005 475 2056 hon'ofssis
497 2022 583 2042 causa
605 2015 635 2043 in
657 2016 806 2046 civitatem
831 2019 914 2048 Rom.
938 2019 1089 2047 venientes
1111 2019 1235 2056 gradum
1266 2020 1395 2058 aliquem
1425 2018 1578 2057 dignitatis
1607 2019 1879 2057 consequebantur,
1918 2022 1951 2047 ut
1970 2018 2050 2046 cives
2072 2017 2158 2047 Rom·

218 2055 276 2073 non
300 2056 329 2074 in
353 2051 485 2100 auxiliis,
506 2060 539 2082 ut
560 2057 647 2093 socii,
671 2059 840 2089 militarent.
874 2061 958 2099 lique
981 2061 1042 2090 suis
1064 2061 1178 2099 legibus
1203 2062 1350 2092 vivebant.
1374 2061 1448 2091 Gell.
1473 2061 1523 2089 lib.
1536 2061 1616 2090 XVI.
1640 2063 1786 2100 cap.13.:
1808 2061 1973 2099 BIunicipes
1993 2066 2060 2089 sunt
2082 2059 2158 2088 cives

218 2085 305 2116 Rom·
328 2099 368 2117 ‘x
390 2095 554 2132 municipiis
582 2110 633 2127 suo
661 2101 722 2129 iure
747 2109 773 2130 et
802 2102 914 2141 legibus
942 2104 1002 2132 suis
1028 2111 1151 2141 utentes,
1188 2106 1314 2133 muneris
1337 2111 1448 2133 tantum
1472 2115 1536 2133 cum
1556 2115 1624 2143 pop.
1648 2102 1738 2132 Rom.
1761 2102 1912 2132 honorarii
1930 2101 2106 2142 participes,
2137 2111 2155 2129 a

218 2140 274 2168 9¹⁴⁰
297 2141 411 2160 munere
433 2137 604 2172 capessendo
626 2142 768 2180 appellati
788 2144 937 2183 videntur,
961 2145 1050 2175 nullis
1072 2145 1143 2175 aliis
1165 2146 1397 2183 necessitatibus,
1422 2158 1512 2186 neque
1533 2145 1596 2175 ulla
1615 2144 1720 2186 populi
1741 2144 1831 2174 Rom.
1854 2144 1915 2185 lege
1936 2144 2065 2180 astricti,
2088 2154 2155 2173 cum

217 2175 509 2223 ”““‘If⁴⁰m,p⁰pu{us
529 2189 624 2209 eorum
642 2183 756 2222 fundus
774 2186 877 2227 factus
898 2196 977 2217 esset.
1016 2189 1149 2218 Alterum
1173 2194 1270 2218 autem
1293 2188 1524 2229 municipiorum
1546 2198 1639 2226 genus
1662 2198 1764 2217 eorum
1787 2193 1849 2216 erat
1870 2187 1978 2226 quibus
2001 2196 2068 2215 cum
2091 2185 2154 2214 suf-

215 2212 300 2251 fragn
322 2215 430 2262 {anone
453 2223 557 2247 Clvltas
580 2227 623 2250 est
645 2225 728 2262 data,
765 2229 805 2256 ita
834 2234 869 2258 ut
898 2230 957 2259 suis
986 2231 1100 2269 legibus
1128 2232 1248 2271 spoliati
1270 2231 1410 2261 Romanis
1439 2231 1681 2268 astringerentur.
1726 2230 1761 2259 Hi
1788 2231 1885 2259 omnia
1909 2230 1974 2258 iura
1997 2227 2153 2265 habebant,

215 2265 289 2304 quae
312 2267 389 2285 elves
414 2259 496 2308 uom.
519 2269 645 2301 excepto
667 2267 731 2296 iure
752 2270 904 2302 domicilii.
935 2273 995 2302 Hos
1016 2273 1156 2312 intelligit
1178 2275 1255 2303 infra
1279 2275 1387 2303 Paulus
1411 2284 1478 2302 cum
1499 2273 1619 2302 scribit:
1640 2272 1717 2302 Alio
1739 2271 1827 2303 modo
1850 2284 1915 2303 cum
1937 2271 1971 2301 id
1988 2283 2079 2312 genus
2100 2270 2152 2300 lao-

212 2308 322 2345 mznum
345 2298 495 2348 definitur,
512 2315 652 2350 ‘quorum
670 2310 781 2353 ‘civitas
809 2314 941 2342 universa
969 2316 999 2343 in
1022 2317 1167 2346 civitatem
1190 2315 1278 2346 Rom.
1301 2317 1392 2354 venit,
1427 2323 1457 2345 ut
1480 2316 1615 2352 Aricini,
1651 2314 1791 2352 Caerites,
1828 2315 1986 2354 Anagnini
2007 2319 2062 2343 etc.
2104 2311 2151 2341 A!

213 2338 399 2388 Serv-filius.
435 2345 570 2374 Servium
593 2348 756 2386 Sulpicium
787 2353 877 2382 filium
906 2357 1076 2394 intelligunt
1105 2360 1162 2387 viri
1186 2360 1275 2389 docti,
1316 2360 1375 2388 Sed
1399 2359 1427 2387 in
1452 2357 1568 2387 schedis
1590 2358 1734 2397 scriptum
1758 2362 1802 2387 est
1825 2356 1974 2387 Servilius.
2017 2356 2101 2383 Forte
2124 2353 2148 2382 5⁸

212 2380 241 2409 P.
263 2383 405 2412 Servilius
428 2396 534 2423 augur,
559 2399 645 2426 quem
669 2392 697 2418 in
721 2392 831 2422 stellam
856 2397 957 2426 laudat
981 2400 1094 2428 Festus.
1118 2401 1204 2430 Dae.
1246 2402 1407 2440 Municeps.
1445 2403 1582 2439 Πολίτης.
1623 2400 1707 2429 Adde
1731 2400 1750 2430 l.
1767 2404 1793 2431 1.
1818 2402 1841 2437 §.
1865 2399 1894 2429 ff.
1919 2399 1956 2427 ad
1978 2397 2148 2435 Municipa-

211 2422 275 2453 lem.
301 2423 406 2456 Goth.
443 2426 513 2457 Item
536 2431 588 2470 qui
609 2432 638 2461 in
660 2434 819 2473 municipio
842 2447 860 2464 a
881 2441 1013 2468 servitute
1035 2453 1063 2469 se
1086 2441 1228 2472 liberavit.
1265 2444 1336 2472 Item
1359 2454 1447 2481 quem
1470 2443 1667 2482 municipium
1689 2453 1706 2471 a
1729 2442 1874 2471 servitute
1895 2440 2041 2469 liberavit.
2075 2438 2146 2468 Nam
