2263 2668
227 128 301 165 242

328 219 532 267 praesentia
558 228 625 251 non
659 214 801 250 habere.
853 214 892 247 In
916 226 1071 259 praesens
1100 227 1165 261 pro
1193 217 1238 250 ad
1267 228 1432 262 praesens,
1459 216 1581 251 salust.
1611 217 1734 251 Histor.
1760 215 1849 253 IV.¹:

1003 120 1229 156 ABUSIANI
1254 122 1396 157 MESSI

1905 218 2001 266 Quos
2023 219 2057 254 in
2072 231 2185 266 prae-

337 283 415 306 sens
437 271 541 304 modo
566 268 651 301 satis
667 271 808 300 cautum
825 265 965 312 suerat.
991 266 1088 301 Idem
1111 269 1235 309 Hister.
1260 269 1335 304 lV.:
1367 268 1464 316 Quid
1486 268 1533 302 ab
1557 269 1627 303 illis
1656 270 1722 303 nisi
1749 270 1869 304 dolum
1893 271 1928 304 in
1949 282 2124 317 praesens
2152 276 2185 306 et

333 327 460 369 postea
490 320 617 353 bellum
643 322 859 364 exspectans.

236 378 399 411 Idoneum
421 374 519 405 factu.
547 371 665 403 Salust.
693 371 777 403 Hist.
801 366 895 404 111.²:
921 368 1054 403 Manus
1067 369 1214 416 serr-eas
1236 375 1269 404 et
1301 372 1376 404 alia
1400 370 1544 404 adnexu
1566 371 1693 405 idonea
1711 371 1862 407 iniicere.

237 428 361 463 Insulto
384 424 467 458 solo.
490 422 584 467 virg.
610 418 706 456 IV.³:
733 422 900 466 Equitum
927 422 1078 455 docuere
1099 421 1162 455 sub
1191 423 1301 456 armis
1327 423 1504 456 Insultare
1527 423 1608 456 solo.
1636 424 1759 456 Insulto
1783 425 1899 456 solum.
1921 422 2056 457 Terent.
2081 423 2184 459 Eum:

338 476 448 509 Fores
475 474 595 519 aperis
616 472 825 519 fortunatus
846 471 928 506 Nae
951 477 988 506 tu
1009 473 1096 506 istas
1111 473 1207 519 faxo
1232 474 1387 508 calcibus
1408 484 1517 518 saepe
1539 474 1720 508 insultabis
1734 474 1891 520 flustra.

238 528 343 564 Incidi
370 528 403 559 in
429 526 521 559 illam
549 537 629 559 rem.
657 524 727 558 Cic.
756 525 904 569 Philipp.
922 521 986 559 11¹:
1012 523 1115 570 Quae
1138 525 1198 558 ille
1220 526 1254 559 in
1284 537 1344 558 aes
1365 525 1496 558 incidit.
1527 525 1625 558 Idem
1652 526 1684 558 in
1710 526 1837 559 eadem.
1863 526 1913 558 Et
1936 526 1972 559 in
1994 536 2056 559 aes
2078 525 2186 559 incidi

340 577 516 618 iubebitis.
545 577 670 617 credo,
696 577 761 609 illa
788 577 958 621 legitima.

1010 576 1049 609 ln
1072 576 1130 609 illa
1156 588 1202 610 re.
1227 577 1298 610 cic.
1323 573 1440 621 Reip.⁵
1462 588 1539 610 cum
1563 577 1607 610 de
1632 577 1863 622 Sardanapalo
1895 577 2039 610 diceret:
2066 587 2110 610 ea
2132 577 2185 610 in—

345 630 417 664 cidi
438 629 534 662 iussit
557 630 591 662 in
616 628 722 661 busto.
749 628 844 661 Idem
868 629 902 661 in
925 625 1116 661 Pisonemssz
1144 627 1188 661 In
1212 639 1251 662 co
1275 629 1392 673 elogio
1421 629 1532 673 quod,
1564 632 1598 661 te
1624 630 1779 671 consule,
1807 630 1842 663 in
1869 628 2056 674 sepulchro
2079 628 2183 674 Reip.

344 682 488 715 incisum
519 684 578 715 est.

242 734 446 768 lncuriosum
473 733 514 764 ab
542 731 601 764 illa
624 727 689 764 re⁷.
722 730 841 764 Salust.
865 730 951 763 Hist.
974 729 1051 763 lV.:
1078 728 1338 775 Infi·equentem
1362 729 1546 762 stationem
1569 734 1725 764 nostram
1746 731 2023 776 incuriosamque
2043 733 2118 764 tam
2138 728 2186 763 ab

347 784 466 818 armis.

243 838 281 870 ln
305 836 374 869 dies
392 846 454 879 pro
477 833 636 877 quotidie.
663 832 733 867 Cic..
756 833 790 865 in
813 832 886 865 Cat.
904 828 964 866 LE:
990 831 1122 865 Crescit
1147 831 1182 864 in
1204 831 1279 865 dies
1302 831 1460 877 singulos
1488 832 1636 866 hostium
1661 843 1834 866 numerus.
1861 832 1929 866 Sal.
1950 827 2061 876 Iug.⁹:
2088 830 2186 864 Fru—

344 890 494 919 mentum
514 885 657 930 publice
678 885 802 917 datum
821 884 993 926 vendere,
1016 894 1148 928 panem
1173 884 1208 916 in
1231 883 1306 916 dics
1328 884 1491 918 mercari.

1544 884 1582 916 In
1607 883 1715 923 diem,
1748 884 1781 916 id
1805 888 1852 916 est
1874 883 1906 915 in
1933 884 2088 916 futurum.
2114 882 2186 915 Te-

344 942 427 973 rent.
447 938 532 970 Eun.
545 933 584 970 ¹⁰:
612 936 686 970 Sed
709 936 744 968 in
772 936 865 968 diem
891 935 1003 975 istud,
1030 935 1224 974 Parmeno,
1252 938 1302 967 est
1321 935 1484 980 sortasse
1513 936 1607 980 quod
1625 935 1808 971 minitaris.
1835 935 1907 968 Cic.
1932 945 1995 979 pro
2017 934 2134 967 Coelio
2145 929 2186 966 ¹¹:

351 988 384 1022 Ο
399 989 462 1022 Dii
483 988 715 1028 immortales,
744 997 806 1020 cur
827 987 861 1020 in
885 986 1049 1019 maximis
1067 985 1256 1020 sceleribus
1279 990 1340 1019 aut
1362 987 1548 1020 comzivetis
1568 987 1761 1029 interdum,
1788 990 1849 1019 aut
1864 985 2062 1031 praesentis
2073 984 2186 1030 frau-

349 1041 405 1073 dis
423 1051 558 1084 poenas
584 1040 618 1073 in
651 1039 743 1072 diem
764 1038 951 1071 reservatis
961 1035 985 1075 ,⁹4

244 1092 390 1126 Incertus
414 1087 542 1124 illius12.
575 1091 692 1124 Salust.
717 1090 801 1122 Hist.
824 1090 900 1122 HL:
934 1088 1111 1122 Perculsis
1138 1092 1171 1122 et
1197 1087 1306 1121 animi
1329 1088 1469 1122 incertis
1491 1089 1716 1124 succurritur.
1743 1089 1878 1124 Terent.
1909 1083 2084 1133 Hecyr.¹³:
2118 1085 2187 1119 Fe-

347 1144 410 1183 cit,
435 1143 542 1175 animi
568 1147 605 1175 ut
626 1143 776 1175 incerlus
791 1140 904 1186 soret.

245 1195 379 1228 Incessit
401 1194 464 1226 illis
486 1194 569 1226 illud
579 1190 613 1229 Η.
643 1193 711 1228 Sal.
740 1193 823 1225 Hist.
846 1192 905 1227 11.:
931 1191 1059 1225 Terror
1086 1189 1239 1224 hostibus
1263 1201 1306 1223 ex
1314 1189 1461 1237 fiducia
1484 1191 1538 1225 sui
1564 1191 1708 1226 incessit.
1731 1191 1906 1226 Incessitur
1926 1190 1986 1223 illa
2007 1201 2070 1223 res.
2091 1189 2186 1234 Virg.

348 1247 430 1279 Aen.
457 1245 547 1278 XIL:
575 1244 705 1278 Incessi
730 1255 856 1276 muros.

246 1296 379 1339 Inquies
405 1293 533 1332 iltius¹⁵.
562 1295 680 1329 Salust.
697 1295 871 1330 Hist.1V.:
898 1293 938 1328 L.
965 1292 1109 1326 Hostius
1131 1292 1332 1331 Dasianus.
1359 1292 1492 1337 inquies
1518 1294 1636 1327 animi.

247 1348 388 1381 Inferior
413 1348 483 1381 tibi.
510 1347 579 1381 Sat.
605 1348 689 1382 Hist.
715 1343 805 1381 11.¹⁰:
837 1346 898 1379 Vir
920 1345 1046 1391 gravis
1072 1348 1104 1378 et
1129 1345 1228 1378 nulla
1254 1347 1332 1377 arte
1359 1345 1522 1390 cuiquam
1548 1345 1702 1391 inferior.

337 1491 367 1528 1)
391 1491 512 1520 Salustii
533 1492 618 1521 locus
647 1490 818 1529 fragmentis
843 1489 924 1517 illius
949 1498 1052 1517 recens
1077 1487 1199 1517 accedit.

252 1534 419 1572 Legendum
446 1536 568 1563 sortasse
601 1535 697 1572 Quis
717 1535 748 1560 in
767 1542 910 1571 praesens
929 1536 982 1559 cet.
1010 1532 1143 1559 Alterum
1168 1531 1200 1558 in

252 1576 311 1605 hoe
334 1577 459 1605 articulo
488 1577 682 1615 fragmentum
711 1576 882 1612 evulgatum
913 1578 956 1602 est
980 1574 1144 1611 legiturque
1169 1573 1200 1600 in

255 1619 377 1656 epistola
395 1619 573 1647 Mithridatis
594 1619 630 1647 ad
653 1619 801 1653 Arsacem⁷
831 1617 882 1644 ubi
907 1621 951 1644 est
980 1622 1136 1653 exspectas.
1159 1631 1200 1638 --

256 1664 284 1693 52>
306 1660 446 1688 [demeum
462 1663 531 1698 fact
542 1672 586 1689 us
620 1661 690 1689 cod.
714 1660 770 1687 Gu.
790 1659 846 1686 Sed
869 1658 974 1686 ultima
994 1659 1089 1687 littera
1108 1669 1123 1686 a
1142 1669 1201 1686 no-

258 1703 334 1729 mine
363 1704 424 1732 Sal.
448 1703 508 1731 huc
539 1704 684 1733 traducta.
716 1703 792 1730 'suin
818 1701 888 1728 Cod.
922 1700 1053 1728 adnexa
1082 1700 1200 1737 idonea,

260 1744 339 1781 quud
365 1744 449 1771 facile
474 1745 530 1772 snit
552 1746 588 1773 ad
606 1745 819 1782 corrigendum.
843 1743 935 1771 Etiam
960 1743 1010 1771 hic
1032 1743 1114 1771 locus
1138 1744 1201 1771 sra—

260 1785 385 1823 gmentis
400 1786 459 1814 Sal.
479 1787 600 1814 aceedit.
623 1803 664 1808 --
689 1785 808 1826 aqva-g.
828 1786 933 1822 Georg.
955 1785 1005 1821 III,
1025 1788 1091 1816 116.
1106 1786 1201 1813 Locus

260 1828 378 1857 Terent.
403 1832 461 1863 est,
491 1828 626 1856 Eunuch.
650 1829 693 1863 11,
724 1830 773 1859 64.
805 1828 879 1858 cod.
904 1828 960 1857 Gu.
994 1827 1127 1855 exhibet:
1157 1829 1202 1856 Ne

261 1870 325 1897 tut
348 1870 431 1899 istas.
450 1886 489 1890 —
519 1872 546 1903 4)
573 1870 632 1899 Cic,
653 1870 759 1908 Philip.
775 1870 802 1906 I,
825 1873 855 1905 7,
880 1873 927 1902 16.
951 1868 987 1897 In
1011 1880 1072 1898 eos
1094 1869 1202 1898 incidit

263 1911 333 1941 Cod.
360 1912 413 1941 Gu.
437 1912 498 1941 Cic.
517 1912 592 1940 Phil.
616 1912 638 1948 I,
663 1915 709 1943 10.
733 1914 782 1943 26.
807 1911 841 1939 Ῑιι
868 1924 924 1939 eos
941 1912 1010 1941 Cod.
1029 1913 1084 1942 Gu.
1104 1928 1146 1933 -·-
1174 1913 1202 1951 5)

266 1954 328 1982 Cic.
351 1955 437 1991 Hesp.
466 1954 530 1982 Non
556 1954 662 1991 legitur
686 1954 717 1982 in
739 1953 891 1982 hodiernis
913 1955 1028 1982 excusis
1047 1955 1152 1984 libror.
1168 1954 1204 1983 de

262 1996 335 2034 Rep.
363 1995 413 2024 hic
435 1996 525 2026 locus.
549 1997 657 2025 Similis
686 2001 729 2024 est
755 1996 790 2024 de
814 1996 883 2034 Rep.
912 1997 960 2025 Ill.
985 1997 1117 2034 fragmini.
1146 1997 1203 2028 inc.

263 2038 320 2066 Sed
341 2038 495 2074 legendum
517 2039 638 2067 sortasse
658 2039 738 2077 apud
757 2039 885 2066 Graium.
914 2040 972 2067 Cic.
1003 2040 1087 2069 Tasc.
1110 2041 1204 2078 Βίῳ.

262 2080 337 2109 Nam
359 2080 444 2108 Tusc.
467 2080 507 2116 V,
529 2082 585 2116 35,
610 2084 677 2112 101.
701 2081 820 2118 legitur:
843 2078 887 2108 Ex
906 2091 963 2117 quo
992 2081 1205 2120 Sardanapali

263 2138 304 2144 —
328 2133 409 2150 error
423 2124 613 2161 agnoscitur,
637 2124 690 2160 (jai
710 2123 834 2150 insci-ibi
849 2123 940 2149 iussit
956 2124 987 2150 in
1003 2123 1097 2155 busto,
1119 2125 1204 2153 Unde

263 2164 455 2201 intelligitur,
477 2165 582 2193 verba:
607 2175 673 2192 cum
687 2164 721 2192 tle
736 2165 947 2202 Sardanapalo
964 2165 1079 2202 diceret,
1099 2167 1204 2195 Gram-

263 2207 362 2234 matici
383 2216 460 2242 esse,
483 2217 543 2235 non
567 2207 726 2236 Ciceronis.
752 2224 790 2228 —-
819 2205 847 2244 6)
873 2206 934 2235 Cic.
949 2207 979 2234 ίη
996 2208 1134 2236 Pisonem
1152 2212 1202 2241 29,

264 2249 298 2276 A.
322 2249 359 2279 M.
378 2249 496 2277 Scilicet
518 2249 553 2277 ab
572 2248 630 2277 hoc
649 2250 716 2277 inde
735 2249 802 2277 loco
819 2249 934 2277 demum
956 2249 1052 2286 pergit
1075 2251 1145 2279 eod.
1169 2252 1202 2282 A.

262 2290 312 2327 M„
323 2291 362 2319 ita
375 2295 409 2319 ut
425 2296 492 2330 post
506 2301 533 2320 v.
550 2292 693 2319 bellaturi
711 2289 763 2332 (cs,
773 2301 860 2329 supra
876 2296 927 2319 art.
944 2289 981 2318 In
997 2291 1122 2330 tempu-r)
1139 2298 1202 2322 sta-

260 2333 316 2361 tim
332 2338 473 2372 sequatur
491 2343 567 2362 novo
582 2334 727 2361 articulo:
750 2332 850 2362 Iaculi·
866 2334 898 2360 ιἰι
913 2333 975 2360 illo.
1002 2333 1061 2361 Cic.
1086 2336 1118 2362 in
1138 2337 1200 2363 Pi-

260 2386 322 2404 son.
339 2393 381 2398 —
403 2376 544 2415 Sepulcro
570 2376 641 2406 Cod.
666 2377 721 2406 Gu.
748 2391 789 2398 ·--
810 2375 839 2412 7)
864 2375 1051 2404 lucardo-mm
1071 2386 1099 2406 a.
1115 2378 1134 2405 ι’.
1159 2388 1198 2406 rc.

1243 1486 1346 1516 Omnis
1361 1486 1410 1516 hic
1426 1488 1570 1517 articulus
1587 1498 1653 1517 cuin
1670 1487 1805 1526 exemplo
1822 1486 1903 1515 deest
1919 1486 1998 1524 apud
2014 1485 2046 1514 A.
2066 1485 2103 1516 M.
2127 1485 2189 1513 Lo*

1244 1540 1294 1558 cus
1316 1530 1433 1558 Salustii
1448 1531 1484 1559 ad
1502 1532 1647 1569 Fragmm.
1667 1531 1728 1559 eius
1744 1540 1847 1558 recens
1866 1529 1988 1558 accedit.
2011 1544 2053 1550 —-
2067 1531 2097 1564 8)
2107 1527 2189 1556 Idem.

1244 1574 1276 1600 in
1299 1572 1366 1601 Cat.
1391 1575 1414 1601 I.
1431 1577 1460 1605 ἢ.
1485 1573 1517 1603 A.
1540 1574 1578 1602 M.
1600 1590 1643 1595 —
1664 1575 1694 1612 9)
1722 1573 1785 1601 Sal.
1810 1573 1879 1610 lag.
1899 1573 1950 1604 48.
1973 1572 2005 1600 A.
2020 1571 2060 1600 Μ.
2085 1571 2115 1598 C.
2137 1570 2188 1602 44.

1244 1615 1310 1643 edd.
1341 1616 1422 1643 Cort.
1455 1616 1532 1646 Gerl.
1556 1616 1671 1644 Verba:
1713 1616 1911 1643 [iumentum
1933 1614 2056 1652 publice
2081 1612 2189 1641 datum

1244 1656 1366 1685 vendere
1382 1658 1489 1686 desunt
1509 1658 1589 1696 apud
1608 1658 1641 1688 A.
1659 1659 1696 1686 M.
1718 1674 1760 1679 -—-
1784 1657 1826 1696 10)
1846 1657 2022 1695 Exemplum
2044 1655 2188 1684 eTerent.

1243 1699 1369 1737 petitum
1391 1700 1471 1728 deest
1497 1701 1576 1738 apud
1599 1702 1633 1728 A.
1649 1701 1688 1730 M.
1714 1701 1807 1728 Locus
1824 1705 1867 1728 est
1884 1699 2000 1728 Terent.
2013 1699 2088 1727 Eun.
2104 1697 2137 1734 V,
2154 1699 2187 1734 6,

1246 1743 1294 1773 19.
1310 1742 1359 1769 ubi
1376 1747 1442 1780 post
1465 1742 1629 1770 Bcntleiuin
1649 1743 1748 1770 editur
1771 1744 1898 1771 mittare-
1921 1757 1963 1764 —
1985 1740 2031 1778 11)
2057 1739 2188 1778 Ciapm

1247 1784 1344 1812 Coelio
1361 1787 1410 1815 24.
1433 1786 1466 1813 A.
1483 1785 1520 1814 M.
1539 1785 1650 1813 Verba:
1673 1786 1705 1812 in
1719 1786 1861 1812 maximis
1879 1783 2036 1811 sceleribus
2047 1787 2103 1810 aut
2117 1792 2189 1810 con-

1244 1827 1352 1854 niueas
1375 1827 1527 1854 interdum
1551 1833 1607 1854 aut
1629 1827 1833 1855 desiderantur
1853 1826 1932 1864 apud
1953 1825 1986 1854 Α.
2002 1825 2039 1855 M.
2065 1841 2105 1847 -—-
2144 1822 2188 1864 12)

1244 1869 1340 1896 Locus
1369 1869 1488 1897 Salustii
1514 1870 1593 1898 deest
1619 1869 1698 1908 apud
1728 1870 1759 1897 A.
1785 1868 1823 1896 M.
1850 1869 2059 1906 Fragmentum
2086 1876 2188 1896 recens

1246 1911 1353 1939 editur.
1367 1926 1410 1932 -—·
1434 1911 1476 1950 13)
1506 1914 1565 1942 Ter.
1580 1913 1672 1949 IIecy.
1688 1914 1715 1942 1.
1733 1914 1760 1943 2.
1779 1913 1829 1943 46.
1848 1911 1879 1942 Α.
1892 1911 1931 1940 Μ.
1955 1926 1996 1933 —-
2016 1909 2063 1947 14)
2085 1909 2188 1937 Omnis

1246 1952 1297 1981 hic
1312 1954 1454 1982 articulus
1471 1964 1538 1982 cum
1553 1954 1668 1982 duobus
1683 1953 1826 1991 exemplis
1842 1953 1922 1981 deest
1936 1952 2063 1991 apud'A.
2079 1952 2119 1981 M.
2133 1951 2188 1980 Fc-

1248 1995 1339 2023 ducia
1354 1998 1440 2023 suis
1456 1997 1527 2025 Cod.
1552 1995 1607 2026 Gu.
1632 1995 1813 2033 Fragmentis
1827 1995 1939 2024 ascribe
1957 1995 2066 2024 locum.
2090 1993 2187 2023 Inces-

1248 2039 1328 2066 sitm·
1349 2039 1406 2066 illa
1436 2050 1471 2066 re
1495 2039 1566 2067 Cod.
1592 2039 1650 2068 Gu.
1680 2038 1759 2075 Virg.
1781 2038 1855 2067 Aen.
1885 2037 1951 2074 ΧΠ,
1971 2039 2044 2070 596.
2072 2052 2115 2059 —·
2143 2039 2187 2070 15)

1245 2081 1342 2109 Etiam
1363 2080 1413 2109 hic
1433 2081 1575 2110 articulus
1600 2081 1680 2109 deest
1700 2081 1780 2118 apud
1801 2080 1838 2110 A.
1859 2080 1897 2109 M.
1919 2080 2017 2108 Locus
2045 2079 2104 2108 Sal.
2125 2079 2187 2108 sra-

1247 2123 1372 2160 gmentis
1390 2124 1520 2154 accedat.
1546 2124 1691 2151 Hostibus
1714 2123 1786 2151 Cod.
1810 2123 1868 2152 Gu.
1891 2138 1933 2144 —-
1956 2120 2001 2162 16)
2023 2122 2085 2152 Sal.
2101 2122 2185 2150 fflst.

1246 2167 1290 2195 ΙΙ.
1307 2167 1334 2197 5.
1358 2166 1393 2196 A.
1410 2166 1448 2194 Μ.
1471 2167 1613 2204 Fragmm.
1637 2166 1673 2202 lt,
1697 2168 1746 2197 32.
1768 2165 1848 2194 Idem
1869 2165 1954 2194 locus
1978 2164 2063 2193 citari
2089 2163 2186 2192 credi-

1246 2212 1295 2236 tur
1315 2218 1331 2235 a
1352 2208 1466 2246 Nonio,
1498 2210 1547 2237 ubi
1572 2213 1670 2237 tamen
1692 2208 1766 2236 haec
1790 2212 1922 2236 tantum:
1950 2208 1992 2235 Et
2007 2207 2185 2235 continetur

1243 2252 1368 2288 gracile,
1392 2260 1430 2279 cx
1455 2251 1562 2289 quibus
1585 2251 1720 2280 fecerunt
1742 2260 1810 2278 cum
1833 2254 1935 2278 nostro
1961 2249 2183 2286 coniungentes:

1245 2295 1295 2321 Ea
1315 2295 1498 2322 continentia
1519 2295 1567 2322 vir
1588 2295 1697 2332 gravi-5·
1720 2298 1747 2320 et
1766 2293 1856 2321 nulla
1880 2297 1944 2319 arte
1969 2293 2113 2329 cuiquam
2135 2289 2183 2316 in-

1233 2336 1343 2371 ferior.
1366 2351 1408 2358 -
1438 2335 1480 2375 17)
1506 2337 1591 2365 Deest
1615 2336 1758 2364 articulus
1781 2334 1859 2373 apud
1886 2334 1922 2364 A.
1941 2333 1980 2361 M.
2003 2334 2096 2361 Locus
2115 2329 2182 2358 Ter.

1242 2381 1294 2413 est,
1316 2377 1408 2407 Andr.
1430 2378 1464 2416 V,
1485 2379 1515 2417 5,
1535 2380 1566 2412 5.
1588 2394 1630 2402 -
1662 2377 1705 2418 18)
1729 2377 1811 2407 Idem
1842 2376 1908 2406 Cat.
1929 2378 1958 2406 2.
1992 2374 2026 2403 A.
2047 2373 2086 2403 M.
2107 2371 2181 2400 Alio
