2263 2668
247 156 321 192 456
673 143 1014 181 COMMENTARII
1040 143 1089 176 IN
1113 143 1257 177 PAULI
1283 144 1479 179 DIACONI
1504 145 1754 181 EXCERPTA

268 258 294 279 ie
315 246 467 285 legendum
490 251 569 277 esse,
592 239 647 268 nisi
670 239 745 267 forte
767 237 878 276 ipsippe
899 235 972 264 nihil
995 236 1031 264 sit
1054 235 1150 273 aliud,
1173 237 1228 266 nisi
1250 237 1342 266 forma
1366 247 1402 265 ex
1424 237 1476 266 illo
1499 238 1603 277 ipsipie
1624 242 1774 277 corrupta.
1807 239 1943 269 Ceterum
1966 243 2058 272 codd,
2082 247 2175 273 nostri

245 263 279 321 ipn
301 291 425 320 lectione
447 284 562 323 Ipsippe
585 280 771 310 consentiunt
793 288 911 315 omnes,
935 277 986 306 sed
1010 277 1098 306 Goth.
1121 279 1195 310 Scal.
1220 281 1288 309 Dae.
1311 278 1408 318 Jpsipe
1430 279 1580 309 exhibent.

410 326 495 356 Icir.
542 324 583 352 Ab
606 323 727 361 antiquo
749 322 822 350 icere
844 325 1008 359 percutere.
1045 320 1138 349 Plaut.
1164 323 1299 362 (Trucul.
1312 322 1354 357 ΙΙ,
1376 325 1413 358 7,
1436 321 1519 360 41.):
1545 322 1603 351 leit
1613 321 1726 363 femur.
1752 321 1838 352 Dac.
1876 325 1988 353 Nonius
2011 326 2088 366 (pag,
2104 329 2174 360 125.

249 374 347 412 Merc.)
370 372 399 399 in
424 367 489 396 Icit.
515 364 618 396 Goth.
663 363 833 404 Respondet
856 363 1004 392 Sanscrita
1027 363 1115 392 radix
1136 364 1165 393 fh
1189 364 1275 401 (ich),
1299 364 1335 392 de
1358 374 1414 402 qua
1437 364 1505 392 vide
1527 365 1620 402 Bopp.
1645 365 1675 393 in
1699 364 1840 402 glossario
1863 377 1926 405 pag.
1940 369 1991 399 33,

408 408 449 438 In
460 410 582 448 sipere.
628 407 701 436 Vide
725 405 827 446 Supai.
849 405 935 434 Ant.
959 405 1052 445 Aug.
1097 407 1169 444 Lege
1192 412 1223 435 ut
1244 408 1274 435 in
1297 406 1349 436 aL:
1381 405 1508 446 Insipere
1520 406 1692 447 far-inulam
1715 407 1809 435 iacere
1827 408 1927 447 pullis.
1971 409 2057 439 Duc.

409 449 568 480 Irnclla.
612 449 826 478 Diminutivum
851 448 885 475 ab
908 447 1024 484 hirnea,
1048 448 1128 486 quod
1151 454 1194 478 est
1215 448 1322 477 vinarii
1346 448 1421 476 vasis
1445 458 1545 485 genuS.
1567 448 1656 478 Dac.
1694 449 1795 478 Forte:
1821 450 1934 480 urnula.
1984 450 2090 481 Goth.

409 492 475 522 Ibi.
520 494 561 521 Eo
582 493 664 528 loco,
689 490 811 526 ibidem,
836 490 938 518 eodem
961 490 1045 525 loco,
1068 491 1134 520 loco
1157 492 1214 520 iam
1239 491 1398 528 designem.
1443 490 1531 519 Dac.

408 533 623 575 Ipsullices.
668 534 745 562 Alibi
768 542 919 561 monemus
941 533 1094 570 legendum
1118 532 1275 573 Ipsiplices.
1315 533 1404 561 Cuius
1426 533 1588 562 sententiae
1611 533 1709 562 adhuc
1732 543 1778 562 me
1800 544 1860 562 non
1882 535 2022 572 poenitet.
2059 537 2175 566 Glossa-

246 584 336 613 rium:
372 576 523 618 Ipsiplices
556 574 741 607 αὐτόπῑυκτα
770 573 875 612 φύλλα.
905 573 1007 605 Scal.
1054 576 1091 604 Et
1112 574 1265 615 Ipsillices.
1309 575 1455 604 Lamellae
1484 576 1666 605 necessariae
1695 576 1862 613 sacrificiis,
1900 587 2032 616 quaeque
2055 579 2091 607 ad
2114 590 2175 608 rem

246 624 377 654 divinam
401 621 541 649 dicuntur
562 620 689 648 maxime
711 619 853 647 conferre.
891 617 956 646 Alio
981 618 1096 647 nomine
1118 617 1249 646 subsilles
1273 617 1377 646 dictae.
1414 617 1488 646 Vide
1511 617 1651 647 subsilles.
1689 619 1881 647 Doctissimus
1904 619 2023 649 Vossius
2047 622 2176 660 suspica-

245 674 294 697 tur
314 663 516 701 imagunculas
539 663 644 698 fuisse,
679 662 761 700 queis
784 661 859 697 magi
883 660 912 688 in
935 661 1083 689 amatoriis
1106 660 1257 688 sacrificiis
1279 660 1450 696 utebantur,
1490 666 1523 688 ut
1545 670 1626 697 eum,
1663 671 1750 699 quem
1773 661 1960 699 referebant,
1992 663 2023 691 in
2046 675 2176 693 amorem

246 709 425 749 pellicerent.
463 705 507 732 Ab
531 706 576 744 ips
599 709 628 733 et
650 703 730 734 illim.
773 703 899 732 Pessime
923 708 1019 731 autem
1042 704 1184 741 Scaliger,
1216 703 1265 741 qui
1288 703 1405 741 legebat
1427 702 1581 742 ipsiplices.
1621 704 1693 732 Nam
1717 704 1837 733 omnino
1860 704 1940 733 aliud
1963 711 2031 734 sunt
2054 706 2175 746 ipsipli-

246 764 299 782 ces.
323 750 410 778 Dac.
455 748 498 776 Cs.
524 747 619 776 Vossii
643 747 770 785 Etymol.
794 746 846 774 sub
872 755 898 773 v.
922 755 986 783 pag.
999 747 1069 777 269.

400 796 566 827 Ironicla.
611 798 684 836 Lege
708 796 800 826 Itonis
821 796 866 824 vel
891 794 997 824 Itonia.
1041 796 1153 826 callim.
1176 796 1205 824 in
1230 796 1364 825 Cererem
1389 794 1430 836 (v.
1443 796 1493 827 75.
1509 794 1599 835 seq.):

810 842 927 877 τΗνθου
945 843 1107 882 Ἰτωνιᾶδος
1130 859 1180 886 μιν
1202 844 1364 886 Ἀθηναίας
1387 843 1437 877 ἐπ’
1461 843 1555 877 ἄεθλα

812 887 984 928 Ὀρμενίδαι
1005 889 1166 924 καλέοντες.

244 945 298 974 Ubi
318 942 432 972 Schol.:
463 937 544 971 Ἰτῶν
566 938 652 976 πόλις
677 939 852 975 Θεσσαλίας,
884 939 959 969 ἔνθα
981 943 1098 979 τιμᾶται
1115 936 1239 978 Ἀθηνᾶ.
1283 940 1343 967 lmo
1367 939 1453 968 etiam
1476 944 1506 968 et
1529 938 1647 968 Itonida
1670 946 1750 969 recte
1772 941 1829 978 legi
1850 946 1962 980 potest:
1995 943 2036 971 sic
2060 942 2175 974 cassida

244 993 271 1016 et
294 987 403 1021 cassi53
428 981 586 1022 chlamyda
610 988 638 1011 et
659 981 804 1021 chlamys;
831 980 985 1010 Tritonida
1003 987 1031 1011 et
1048 983 1193 1018 Tritonis;
1220 980 1379 1019 Colchida,
1406 981 1538 1020 Colclzis5
1562 980 1669 1018 Elida,
1693 981 1757 1012 Elis
1780 988 1808 1011 et
1830 989 1966 1013 sexcenta
1989 986 2054 1016 alia.
2086 986 2174 1016 Dac.

404 1025 562 1064 Irpices.
607 1025 749 1054 Videatur
773 1024 866 1052 Varro
895 1024 943 1054 lib.
957 1025 1003 1054 1V.
1027 1025 1063 1053 de
1087 1025 1116 1053 L.
1136 1025 1166 1053 L.
1189 1025 1256 1064 (hb.
1271 1025 1304 1054 V.
1328 1035 1392 1063 pag.
1408 1026 1477 1056 138.
1501 1022 1577 1063 Sp.).
1609 1023 1692 1053 Ant.
1715 1025 1807 1064 Aug.
1852 1027 1971 1055 Servius
1996 1028 2122 1057 Danielis
2144 1030 2174 1057 in

242 1071 334 1100 illud:
369 1068 572 1107 7⁷imineasque
594 1067 684 1096 trahit
706 1067 804 1096 cratis.
829 1066 919 1104 (Virg.
944 1067 995 1096 Ge.
1011 1068 1042 1105 I,
1065 1069 1136 1105 95.).
1175 1067 1220 1096 Ad
1243 1077 1396 1104 agrorum,
1426 1067 1540 1105 inquit,
1568 1067 1678 1095 scilicet
1702 1069 1959 1106 exaequationem,
1988 1081 2075 1108 quam
2098 1071 2176 1110 Irpi-

242 1125 305 1143 cem
328 1111 433 1141 rustici
455 1115 573 1138 vocant.
608 1110 679 1138 Vide
703 1110 896 1138 Coniectanea
919 1114 1017 1138 nostra
1041 1113 1116 1148 (pag.
1131 1110 1203 1143 58).
1227 1108 1328 1138 Scal.
1367 1110 1439 1138 Cato
1464 1114 1550 1137 vocat
1573 1110 1684 1148 urpices
1708 1109 1756 1148 (de
1778 1121 1808 1139 re
1830 1116 1904 1140 rust.
1925 1111 2000 1152 10.)‚
2024 1113 2085 1142 sive
2108 1113 2175 1142 liar-

239 1157 328 1196 pices.
366 1155 417 1182 Est
439 1158 535 1181 autem
558 1164 573 1181 a
596 1153 708 1181 Graeco
732 1150 845 1192 ἅρπαξ,
870 1148 1005 1192 ἁρπαγή,
1030 1153 1096 1190 quia
1120 1152 1223 1181 herbas
1247 1150 1386 1191 ἁρπάζει,
1408 1152 1495 1190 rapit.
1534 1151 1667 1190 Euripid.
1691 1152 1824 1192 (Cyclop.
1841 1156 1918 1192 33.):

859 1203 978 1242 Σαίρειν
1002 1204 1108 1244 σιδηρῇ
1130 1202 1198 1243 τῇδέ
1220 1200 1253 1241 μ’
1277 1200 1396 1245 ἇρπάγῃ
1419 1199 1539 1242 δομοῦς.

242 1258 315 1287 Male
337 1257 431 1286 Varro
455 1266 470 1284 a
493 1254 640 1294 serpendo
662 1254 724 1284 Lib.
737 1254 785 1284 IV.
808 1253 844 1282 de
866 1254 899 1283 L.
920 1254 966 1283 L.:
990 1252 1099 1293 Irpices
1121 1252 1220 1293 regula
1243 1265 1307 1282 cum
1329 1252 1462 1292 pluribus
1485 1252 1631 1289 dentibus,
1655 1265 1741 1293 quam
1763 1253 1862 1283 itidem
1885 1262 1916 1283 ut
1936 1253 2100 1294 plaustrum
2123 1256 2175 1286 bo-

241 1312 287 1329 ves
314 1299 448 1334 trahunt,
486 1305 516 1326 ui
545 1304 661 1334 eruant,
699 1308 773 1336 quae
799 1297 828 1324 in
857 1302 933 1324 terra
960 1304 1025 1325 sunt
1055 1296 1149 1334 (bene
1172 1296 1303 1334 Scaliger
1325 1296 1471 1335 serpunt)
1502 1296 1637 1335 sir-pices,
1673 1303 1774 1335 postca
1796 1309 1810 1325 s
1833 1295 1939 1326 detrita
1960 1308 1978 1326 a
2001 1296 2175 1337 quibusdam

242 1341 322 1371 dicti.
367 1341 454 1370 Dac.

404 1381 536 1421 Irpini.
580 1381 732 1410 Videndus
755 1381 862 1410 Strabo
885 1382 914 1410 in
938 1381 994 1410 fine
1016 1383 1077 1414 l.5.
1101 1380 1181 1422 (pag.
1195 1381 1267 1414 250.
1290 1379 1344 1421 C.).
1367 1379 1467 1409 Fulv.
1495 1380 1572 1410 Urs.
1603 1380 1681 1408 Gens
1704 1381 1878 1409 Samnitium
1902 1393 1917 1410 a
1934 1382 2018 1420 Lupo
2042 1381 2175 1410 coloniae

242 1427 373 1455 ductore.
418 1425 490 1452 Nam
511 1424 616 1463 lupum
638 1423 737 1462 Irpum
761 1424 873 1454 dicunt.
914 1425 1034 1453 Servius
1052 1425 1103 1454 IX.
1125 1425 1247 1453 Aeneid.
1272 1421 1345 1464 (XI,
1369 1424 1440 1454 785.
1465 1433 1529 1461 pag.
1542 1424 1611 1454 683.
1636 1421 1739 1462 Dan.):
1776 1422 1853 1462 Lupi
1875 1422 2050 1452 Sabinorum
2074 1422 2176 1463 lingua

240 1470 298 1508 irpi
319 1474 469 1497 vocantur.
501 1467 607 1496 Strabo
629 1467 649 1497 l.
663 1466 697 1494 V.
723 1465 799 1504 (pag.
810 1467 882 1498 250.
906 1466 964 1506 C.):
984 1464 1070 1506 Ἑξῆς
1092 1464 1122 1498 δ’
1143 1467 1218 1498 εἰσὶν
1241 1466 1362 1505 ἷρπηνοὶ
1384 1462 1412 1495 κ’
1433 1462 1518 1495 αὐτοὶ
1542 1466 1702 1501 Σαυνῖται,
1725 1463 1858 1504 τοῦνομα
1881 1462 1908 1496 δ’
1933 1465 2018 1504 ἔσχον
2041 1464 2099 1496 ἀπὸ
2122 1470 2176 1496 τοῦ

240 1508 432 1550 ἡγησαμένου
455 1506 547 1539 λύκου
568 1512 622 1548 τῆς
641 1505 797 1544 ἀποικίας·
828 1507 916 1548 ἱρπὸν
938 1507 994 1550 γὰρ
1018 1512 1163 1540 καλοῦσιν
1186 1510 1217 1540 οἱ
1236 1509 1380 1538 Σαυνῖται
1401 1505 1454 1537 τὸν
1475 1506 1576 1537 λύκον.
1621 1507 1677 1536 Sed
1702 1517 1716 1536 e
1739 1508 1861 1536 Graecia
1884 1508 2010 1537 nmtuati
2033 1513 2101 1537 sunt
2123 1519 2176 1537 vo-

241 1563 303 1581 cem
325 1554 418 1591 irpum
442 1553 594 1580 Samnites.
630 1548 744 1590 ’Ἅρπος
766 1551 843 1580 enim
866 1561 927 1580 vox
949 1552 1068 1590 antiqua
1092 1552 1220 1587 Graeca,
1251 1561 1326 1588 quae
1348 1550 1453 1588 lupum
1477 1549 1662 1587 significabat
1683 1561 1698 1578 a
1722 1550 1898 1588 rapacitate,
1928 1561 1996 1579 nam
2020 1548 2105 1587 ἅρπαι
2127 1562 2175 1580 rs-

241 1596 306 1634 pio,
329 1594 396 1623 inde
419 1598 448 1622 et
470 1592 549 1632 ἅρπη
573 1594 680 1622 milvus
704 1594 765 1621 avis
787 1603 882 1631 rapax
905 1594 1013 1622 Latinis
1038 1593 1167 1632 Hirpus‚
1190 1598 1224 1621 ut
1246 1590 1360 1631 ἅρπαξ,
1383 1591 1505 1629 Ιιίνρεω,
1529 1592 1569 1619 ita
1593 1596 1622 1620 et
1643 1592 1788 1621 Samnites
1811 1597 1965 1621 vocarunt.
2003 1593 2123 1622 Salmas.
2145 1595 2175 1622 in

241 1638 332 1666 Solin.
371 1636 448 1664 Nota
469 1637 586 1665 interim
608 1637 710 1674 lupum
735 1635 868 1664 coloniae
890 1635 1054 1664 ductorem.
1099 1636 1148 1664 Sic
1169 1636 1288 1664 Battum
1317 1644 1427 1663 corvus
1456 1633 1542 1662 duxit
1563 1634 1594 1661 in
1618 1634 1749 1672 Libyam.
1793 1635 1840 1663 Sic
1864 1635 1938 1663 alios
1963 1635 2086 1673 multos,
2119 1646 2176 1674 qua

241 1679 385 1715 volucres,
415 1689 471 1717 qua
485 1678 583 1720 ferae.
606 1678 659 1706 Da
669 1689 694 1707 c.
737 1677 859 1712 Nescio,
893 1679 972 1707 unde
997 1679 1118 1707 nacerio
1142 1678 1179 1707 de
1201 1687 1275 1706 voce
1298 1674 1395 1715 ἅρπος
1417 1681 1549 1711 constet3
1584 1676 1719 1714 equidem
1742 1676 1817 1705 nihil
1840 1677 2024 1706 auctoritatis
2046 1672 2175 1715 invenio,

244 1732 331 1759 quare
353 1721 503 1760 suspicor,
527 1721 679 1749 Dacerium
702 1720 778 1748 male
801 1721 950 1758 accepisse
969 1721 1064 1750 Vossii
1087 1721 1194 1757 verba,
1220 1720 1271 1758 qui
1293 1731 1315 1748 s.
1335 1729 1363 1747 v.
1387 1717 1496 1757 Irpices
1518 1719 1560 1747 sic
1582 1718 1686 1747 habet:
1709 1718 1789 1747 Nam
1812 1718 1850 1747 ab
1874 1717 1980 1758 ἕρπω
2003 1721 2022 1749 i.
2040 1731 2062 1749 e.
2084 1721 2176 1759 rapio,

244 1762 379 1802 ἅρπος,
417 1762 492 1792 uncle
512 1763 621 1802 hirpus.
669 1763 801 1801 Apparet
824 1763 959 1792 Vossium
983 1774 1043 1792 non
1066 1763 1224 1792 somniasse
1246 1772 1349 1790 vocem
1372 1758 1485 1800 ἅρπας,
1523 1761 1573 1789 sed
1596 1771 1658 1789 eam
1682 1761 1871 1800 supposuisse
1892 1767 2023 1799 tantum,
2053 1767 2086 1791 ut
2107 1762 2177 1792 inde

245 1805 340 1843 hir-pus
364 1806 519 1834 derivaret.
565 1806 699 1834 Ceterum
723 1805 803 1833 haud
826 1805 915 1833 dubie
936 1807 1029 1845 irpus,
1060 1806 1107 1834 vel
1130 1811 1164 1834 ut
1187 1804 1264 1844 apud
1285 1804 1420 1833 Servium
1442 1804 1471 1831 in
1496 1803 1581 1834 codd.
1605 1809 1648 1832 est
1671 1803 1785 1843 hirpus,
1815 1815 1874 1832 non
1897 1805 1932 1833 ab
1956 1802 2058 1843 ἅρπω,
2081 1802 2177 1842 ἁρπά-

248 1850 300 1882 ζω,
338 1849 387 1876 sed
413 1859 428 1876 a
452 1848 601 1877 communi
624 1847 686 1887 lupi
707 1849 826 1876 nomine
849 1848 1050 1877 derivandum.
1096 1848 1167 1876 Nam
1192 1847 1417 1886 componendae
1440 1850 1508 1874 sunt
1531 1845 1585 1874 hae
1607 1846 1732 1874 formae:
1770 1845 1826 1875 wlk
1847 1845 1919 1875 welk
1940 1847 2036 1883 Slav.‚
2066 1848 2175 1886 irp(us)

248 1889 358 1923 Sabin.7
388 1888 504 1929 zvolp(is)
529 1891 607 1927 [.at.‚
635 1889 716 1930 wolf
731 1890 845 1926 Germ„
876 1889 966 1926 λύκος
990 1892 1109 1926 Graec.,
1144 1889 1253 1929 lup(us)
1279 1890 1339 1917 Lat.
1383 1888 1533 1917 Habemus
1555 1888 1646 1926 igitur
1667 1899 1785 1917 rursum
1809 1889 1958 1918 solennem
1981 1889 2060 1918 illam
2082 1899 2176 1918 voca—

251 1929 318 1957 lium
340 1930 565 1961 demutationem
587 1944 618 1969 e,
643 1933 670 1968 i,
694 1943 726 1969 o,
750 1945 784 1969 u,
808 1943 897 1971 quam
918 1939 979 1962 tam
1002 1943 1089 1972 saepe
1111 1932 1369 1971 deprehendimus.

408 1972 511 2012 Ignis
537 1975 679 2004 Vestae.
722 1975 924 2004 Tertullianus
945 1976 975 2004 in
998 1976 1075 2004 libro
1098 1976 1134 2004 de
1157 1974 1354 2013 poenitentia:
1397 1971 1477 2011 Quid
1505 1971 1589 2002 illum
1618 1972 1786 2002 thesaurum'
1808 1973 1884 2012 ignis
1906 1974 2014 2002 aeterni
2033 1974 2176 2003 aestima-

250 2023 327 2047 mus,
363 2023 424 2041 cum
444 2015 607 2053 fumariola
629 2015 770 2056 quaedam
795 2019 854 2046 eius
875 2017 947 2046 tales
968 2019 1043 2047 ictus
1065 2019 1261 2057 flammarum
1283 2016 1419 2045 suscitent
1441 2020 1496 2044 etc.
1542 2016 1599 2044 Pro
1623 2014 1763 2044 terebrare
1785 2015 1813 2043 in
1837 2016 2012 2054 quibusdam
2036 2015 2176 2045 editioni-

250 2054 303 2081 bus
326 2054 431 2090 legitur
451 2057 602 2088 verberare.
647 2060 704 2088 Sed
732 2059 872 2089 terebrare
900 2071 1056 2098 possumus
1085 2061 1116 2088 in
1140 2070 1193 2088 suo
1216 2060 1283 2087 loco
1308 2058 1439 2097 quietum
1462 2068 1524 2086 esse
1546 2057 1656 2086 iubere.
1699 2058 1869 2096 Simplicius
1892 2059 1922 2086 in
1944 2058 1994 2086 ΙΙΙ.
2019 2058 2055 2087 de
2078 2059 2182 2096 coelor

247 2093 319 2125 'Ami
342 2094 433 2130 ξύλων
456 2097 483 2126 ὸὲ
505 2102 563 2138 πῦρ
585 2099 776 2140 ἐκβάλλουσι,
798 2100 927 2142 θάτερον
949 2106 1007 2133 τῶν
1029 2101 1125 2140 ξύλων
1148 2100 1188 2137 ὥς
1208 2101 1341 2141 τέρετρον
1364 2100 1394 2131 ἒν
1417 2100 1533 2139 θατέρῳ
1554 2100 1806 2139 περιστρέφοντες.
1836 2100 1979 2139 Hesyclm
2001 2097 2176 2140 Ἀχᾶλκευτα

252 2136 383 2174 syrii-rava
406 2135 439 2166 ’ῑᾶ
467 2139 578 2178 Φρύγια
601 2147 714 2181 πυρεῖα.
757 2148 918 2183 Σοφοκλῆς
941 2145 972 2176 ἓν
997 2149 1083 2176 Φινεῖ
1105 2144 1237 2183 δευτέρῳ.
1263 2141 1361 2172 Scal.
1406 2143 1490 2171 Hunc
1512 2143 1607 2171 Numa
1630 2144 1742 2181 primus
1765 2143 1908 2178 instituit,
1933 2148 1966 2172 ut
1988 2143 2024 2171 ad
2046 2142 2176 2172 simula-

251 2191 330 2208 crum
354 2180 461 2217 ignium
485 2181 643 2211 coelestium
656 2187 784 2223 flamma
807 2186 949 2226 vigilaret.
992 2189 1106 2217 Florus.
1147 2186 1261 2222 Quodsi
1284 2185 1460 2223 negligentia
1486 2186 1632 2214 extinctus
1655 2185 1758 2221 fuerit,
1793 2185 1828 2213 ab
1852 2186 1909 2214 alio
1931 2185 1990 2223 igni
2013 2186 2175 2214 accendere

252 2232 309 2249 non
332 2222 454 2257 licebat,
487 2223 540 2250 nisi
564 2233 615 2260 eo,
653 2237 736 2262 quem
759 2229 887 2257 tabulam
912 2230 1004 2259 felicis
1027 2230 1093 2266 (alii
1113 2230 1225 2266 facilis)
1248 2228 1385 2257 materiae
1408 2228 1584 2256 terebrando
1606 2229 1690 2265 virgo
1712 2233 1891 2265 susceperat.
1936 2228 2011 2256 Plin.
2032 2227 2172 2257 lib.XVI.

254 2274 319 2301 CUP·
333 2266 398 2294 40.:
427 2265 539 2292 Terilur
561 2276 625 2303 ergo
648 2265 756 2305 lignum
779 2269 874 2309 ligno,
897 2272 1046 2313 ignemque
1068 2273 1196 2311 concipit
1217 2272 1336 2308 attritu,
1358 2271 1521 2309 excipiente
1542 2271 1664 2298 materia
1684 2268 1764 2298 aridi
1781 2269 1913 2310 fomitis,
1935 2268 2086 2311 facillimo
2105 2280 2173 2298 oon-

254 2312 344 2343 σεΡΨ·
390 2304 449 2334 S‘d
470 2305 544 2334 ”ihil
565 2306 648 2334 ‘dem
668 2314 875 2349 praestamus,
908 2326 980 2354 quae
1004 2322 1128 2351 teratur,
1157 2313 1259 2349 lauro,
1283 2323 1357 2353 quae
1377 2320 1460 2341 ierat.
1503 2311 1650 2341 Probatur·
1670 2319 1696 2340 et
1717 2313 1784 2340 vitis
1806 2310 1961 2348 silvestris,
1987 2310 2062 2347 alia,
2085 2321 2171 2350 quam

254 2346 390 2376 labrusca
411 2348 521 2386 etipsa
542 2347 641 2376 ederae
663 2349 749 2378 modo
772 2352 900 2382 arborem
930 2356 1079 2387 scandens.
1125 2357 1204 2384 {dem
1234 2356 1321 2384 eiiam
1351 2365 1431 2383 nunc
1463 2355 1573 2383 alieubi
1603 2354 1730 2383 factitari
1758 2355 1875 2390 legitur.
1919 2354 1951 2382 In
1978 2353 2074 2381 verbis
2096 2352 2171 2381 Festi

255 2399 310 2428 pro
332 2388 462 2418 tabulam
485 2390 612 2428 Scaliger
633 2391 745 2428 legebat
775 2392 928 2425 clavulam.
973 2399 1110 2427 Clavulas
1140 2399 1217 2426 enim
1246 2398 1382 2426 dicebant
1408 2397 1474 2426 illas
1495 2397 1642 2435 lignorum
1666 2396 1835 2431 scissiones,
1872 2401 1905 2424 ut
1927 2405 1963 2424 ex
1982 2395 2023 2423 rei
2047 2394 2171 2423 rusticae
