2263 2668
374 157 449 192 250
997 157 1137 194 SEXTI
1161 159 1360 195 POMPEI!
1386 161 1525 196 FESTI

371 252 462 285 sitis
496 251 535 283 in
572 249 841 283 deditionem
877 251 1099 296 accipitur.
1166 253 1310 288 Statae
1344 254 1494 288 Matris
1528 255 1740 289 simulacrum
1772 255 1806 288 in
1835 255 1927 290 Foro
1962 258 2146 301 colebatur,

214 306 346 347 ·f.cot1u-
369 308 547 348 postquam
574 301 610 333 id
637 301 839 335 collastravit
850 303 875 343 ⁸¹,
919 314 960 336 ne
993 304 1122 348 lapides
1152 305 1231 351 igne
1257 311 1569 351 corrumperentur,
1613 307 1670 350 qui
1696 306 1858 351 plurimus
1883 308 1930 341 ibi
1956 310 2058 344 fiebat
2083 322 2146 344 no-

230 345 323 366 ⁵¹m⁷¹t
368 359 485 387 cturno
510 356 685 397 tempore,
728 363 851 399 magna
877 365 953 398 pars
979 356 1099 400 populi
1125 357 1158 390 in
1186 369 1260 391 suos
1286 356 1436 401 quiquel
1464 359 1554 392 vicos
1581 358 1776 391 rettulerunt
1802 358 1870 392 eius
1897 359 1982 394 deae
2007 363 2145 396 cultum.

365 403 645 448 stalagmium
670 415 777 449 genus
802 406 965 439 inaurium
991 407 1122 441 videtur
1147 409 1334 454 significare
1357 409 1521 444 Caecilius
1547 410 1579 443 in
1606 409 1747 453 Carine,
1783 421 1859 444 cum
1888 411 1951 444 ait:

473 455 575 488 Tum
602 466 650 488 ex
676 467 776 490 aure
803 456 889 490 eius
916 458 1185 504 stalagmium
1212 461 1326 494 domi
1351 460 1504 497 habeo.

364 505 582 547 Stolidus,
615 506 745 541 stultus.
798 508 922 542 Ennius
949 509 1034 543 1.1.:

213 564 248 587 ·f.
271 562 337 588 soliti
467 558 567 591 Nam
593 557 630 591 vi
657 558 942 605 depugnare2
966 572 1060 597 sues
1087 562 1240 597 stolidi
1266 563 1428 597 solidi*
1451 569 1554 598 sunt.

364 614 400 642 et
425 609 459 642 in
484 608 698 643 Alexandro:

465 660 686 694 Hominem
714 661 931 706 appellat,
957 662 1085 708 quia³
1113 665 1263 699 lascivi
1289 665 1446 699 stolide
1473 677 1554 700 non
1581 666 1814 711 intellegit.

366 717 400 745 et
417 711 583 746 Caecilius
608 712 642 745 in
660 713 952 757 Hypobolimaeo:

230 765 264 789 ·s.
283 763 334 789 illic
467 764 545 797 Abi
571 763 672 799 hinc
699 769 740 798 tu
766 765 945 807 stolide,
987 766 1081 800 illi*
1109 773 1151 800 ”t
1177 767 1256 800 tibi
1283 768 1339 801 Sit
1364 768 1513 813 pater?

194 810 227 833 ’¹2
257 808 398 847 Andro·et
424 814 456 847 in
476 814 714 850 Andronico*:

194 852 356 912 ,ago'ss‘ss‘ssiun
467 866 539 900 sed
568 878 647 912 ego
674 866 881 908 stolidus,
923 868 1189 914 gratulatum
1217 880 1278 902 me
1306 868 1565 914 oporteat*4
1591 870 1716 914 prius.

529 917 631 964 Stup
642 929 727 951 rum
754 929 817 963 pro
845 919 1049 964 turpitudine
1076 921 1228 964 antiquos
1255 920 1372 955 dixisse
1398 927 1540 966 apparet
1566 922 1600 954 in
1620 921 1716 955 Nelei
1743 921 1907 955 carmine:

469 968 615 1011 foede,
656 975 891 1014 stupreque
917 972 1109 1017 castigor
1136 972 1308 1007 cotidie.

366 1023 398 1051 et
418 1018 452 1052 in
472 1020 566 1066 Appi
588 1021 772 1055 sententiis:
801 1022 872 1065 qui
899 1023 1023 1056 animi
1078 1048 1084 1055 .
1139 1051 1146 1057 .
1200 1049 1207 1057 .
1261 1029 1504 1069 compotem
1533 1035 1638 1065 esse,
1667 1023 1820 1067 nequid
1846 1022 2035 1067 fraudis,
2061 1029 2145 1058 stu-

365 1071 517 1115 prique
544 1073 711 1107 ferocia
738 1073 888 1117 pariat.
939 1074 1100 1108 Naevius:

467 1122 519 1158 Se
552 1135 681 1168 seque
714 1123 742 1157 ii
776 1126 922 1169 perire
955 1127 1177 1160 mavolunt
1217 1126 1393 1168 ibidem,
1446 1138 1568 1171 quam
1610 1137 1700 1161 cum
1735 1131 1884 1171 stupro
1920 1125 2061 1160 redire
2093 1126 2144 1159 ad

573 1187 668 1211 suos
694 1177 931 1221 popularis.

365 1225 463 1258 item:

468 1276 538 1310 Sin
565 1277 666 1323 illos
692 1278 894 1315 deserant
929 1279 1189 1314 fortissimos
1221 1280 1355 1322 viros,
1408 1292 1603 1329 magnum
1634 1286 1825 1326 stuprum
1855 1279 2021 1326 populo
2046 1279 2144 1313 fieri

192 1337 352 1372 'f.pergetis.
571 1330 792 1375 pergentis
807 1331 829 1365 *.

362 1377 469 1422 Stup
477 1390 571 1423 pam
599 1380 703 1414 linum
731 1382 921 1427 impolitum
945 1381 1118 1428 appellant
1140 1382 1263 1417 Graeci
1284 1382 1387 1415 Dorii.
1439 1383 1565 1416 Stura
1591 1383 1715 1417 flumen
1738 1382 1771 1415 in
1794 1392 1879 1427 agro
1907 1381 2064 1415 Laurenti
2086 1385 2145 1423 est,

363 1429 456 1473 quod
484 1430 620 1474 quidam
646 1428 669 1482 Η
690 1433 844 1467 Asturam
868 1437 1003 1466 vocant.
1059 1431 1230 1467 Suber⁵
1258 1433 1384 1476 arbor,
1418 1446 1458 1468 ac
1482 1435 1643 1477 suberies,
1670 1445 1742 1480 qua
1761 1432 1935 1468 natabant
1956 1433 1992 1467 in
2033 1431 2143 1482 [126]

193 1490 226 1515 ϊ.
250 1487 354 1514 thermis
363 1479 486 1514 thermi
497 1482 519 1514 *.
559 1482 698 1517 Steril
706 1495 765 1518 em
780 1483 797 1506 ⁶
819 1485 1001 1519 mulierem
1023 1486 1267 1531 appellabant,
1294 1497 1394 1529 quam
1414 1486 1548 1520 Graeci
1568 1489 1714 1534 στεῖραν
1734 1485 1873 1525 dicum
1898 1496 1984 1530 quae
2005 1496 2074 1520 1¹⁰ss
2094 1484 2145 1519 Οἰ-

192 1541 225 1565 ·f.
244 1539 356 1574 concipit
363 1532 438 1577 pit*
458 1544 575 1568 semen
591 1536 760 1582 genitale.
801 1536 1025 1583 Seplasia,
1052 1541 1108 1569 aut
1124 1537 1339 1582 Seplasiam,
1366 1536 1426 1571 ubi
1442 1541 1658 1585 unguentum
1676 1537 1928 1571 memorabatur
1939 1537 2147 1583 pretiosum,

364 1583 578 1630 Pomponius
601 1586 634 1619 in
657 1587 848 1632 Adelphis.-
901 1587 1025 1621 Dite
1051 1588 1252 1634 perdant
1286 1588 1418 1622 inferi
1445 1588 1654 1636 Antipho,
1697 1588 1801 1635 quia
1827 1587 1942 1623 unde
1967 1588 2048 1623 hoc
2073 1598 2144 1622 uu—

363 1641 571 1681 guentum
599 1638 665 1680 sit,
697 1640 900 1682 quaeris:
926 1639 1053 1684 atqui
1079 1639 1276 1684 lepidum
1302 1639 1412 1673 unde
1440 1644 1723 1686 unguentum,
1750 1639 1912 1673 nisiex
1932 1638 2145 1685 Seplasia

194 1692 227 1717 Ὗ.
243 1691 435 1724 Quirini,est.
487 1687 729 1722 Stultorum
753 1690 916 1736 feriae
948 1690 1222 1735 appellabantur
1244 1691 1452 1733 Quirinalia,
1497 1693 1557 1737 qui
1583 1695 1659 1725 erat
1686 1692 1762 1725 dies
1777 1690 1897 1737 festus
1916 1691 1984 1733 Qui
2009 1691 2108 1736 primi
2120 1694 2144 1731 *,

364 1738 459 1781 quod
493 1750 532 1772 eo
566 1740 625 1773 die
656 1740 803 1787 Quirino
836 1742 1029 1775 sacrificant
1053 1742 1093 1780 ii,
1137 1743 1196 1787 qui
1227 1743 1372 1776 solemni
1403 1743 1464 1776 die
1494 1747 1559 1777 aut
1583 1755 1650 1776 non
1677 1746 1860 1788 potuerunt
1885 1752 1961 1776 rem
1987 1742 2145 1776 divinam

356 1788 499 1835 facere,
533 1796 590 1825 aut
615 1792 865 1837 ignoraverunt
889 1804 1032 1827 suorum
1059 1793 1281 1828 fornacalium
1304 1805 1489 1829 sacrorum
1515 1795 1625 1837 diem,
1659 1794 1940 1838 commissumque
1959 1794 2146 1840 piaculum

368 1841 558 1886 expiabant
584 1855 708 1877 morae.
743 1849 845 1890 atque
870 1845 965 1890 quod
989 1845 1062 1879 suis
1087 1856 1154 1880 non
1170 1844 1356 1891 fecerant,
1399 1847 1520 1890 quibus
1545 1845 1815 1891 permittebatur
1835 1845 1962 1892 serii-«3,
2003 1855 2148 1882 sacrm

358 1890 558 1936 faciebant.
613 1895 807 1930 Sanctum
823 1895 840 1917 ⁷
867 1896 918 1930 ait
943 1896 1014 1930 dici
1039 1895 1178 1942 Opilius
1202 1897 1382 1941 Aurelius,
1424 1898 1518 1942 quod
1544 1909 1609 1934 nec
1633 1909 1778 1933 sacrum
1805 1901 1876 1942 est,
1907 1907 1972 1932 nec
1993 1897 2147 1943 religio-

368 1954 457 1977 sum.
511 1946 555 1980 At
574 1946 690 1982 Aelius
710 1946 818 1990 Stilo,
845 1948 940 1993 quod
962 1952 1146 1993 utrumque
1173 1959 1247 1984 esee
1272 1949 1441 1993 videatur,
1468 1954 1502 1985 et
1525 1961 1670 1984 sacrum
1690 1950 1841 1991 scilicet,
1868 1952 1901 1985 et
1927 1948 2143 1995 religiosum.

201 1987 234 2013 'f-
252 1990 359 2048 ditium-
369 1993 520 2038 plerique
546 2002 675 2041 autem,
703 2000 797 2044 quod
824 2000 869 2041 ei,
896 2000 955 2044 qui
981 1999 1021 2033 id
1046 2000 1207 2041 violavit,
1234 2011 1346 2045 poena
1372 2001 1426 2043 sit,
1460 2003 1607 2036 multave
1631 2001 1792 2041 sanem,-
1825 2012 1861 2035 se
1886 2001 2054 2047 ponetur*
2079 2010 2145 2045 pro

217 2058 250 2082 ϊ,
269 2054 471 2091 quiquesacro
497 2051 640 2082 tantum.
698 2050 802 2085 Unde
827 2056 862 2084 et
886 2052 1011 2085 sanctio
1037 2052 1131 2087 dicta
1157 2052 1297 2097 legum.-
1337 2057 1464 2088 sancta
1490 2053 1572 2089 item
1599 2059 1632 2086 et
1657 2053 1807 2098 rog-atie:
1848 2052 1931 2096 qui‘
1952 2051 2147 2095 contionem

371 2097 530 2138 Υθξῑῑυὶῑ,
569 2099 625 2132 Τι’.
642 2101 693 2144 pl.
736 2103 969 2146 sanqualis
996 2103 1084 2138 avis
1109 2104 1327 2148 appellatur,
1363 2115 1456 2149 quae
1481 2105 1516 2138 in
1543 2105 1785 2140 commentariis
1811 2102 2032 2150 auguralibus
2056 2102 2142 2138 ossi·-

458 2184 482 2221 l)
515 2189 641 2225 quisque
670 2192 743 2222 Ven.
765 2195 812 2222 Sc.
841 2209 883 2215 —
927 2198 955 2231 2)
990 2194 1065 2223 Vidi
1094 2206 1234 2234 pugnare
1277 2196 1382 2235 ctum]
1407 2196 1559 2226 Videndus
1582 2196 1752 2226 Macrobius
1773 2197 1806 2225 in
1822 2195 2038 2235 Saturnalibus,
2061 2193 2140 2224 unde

374 2225 446 2273 Ven.
470 2227 516 2254 Sc.
544 2229 601 2257 Sed
623 2233 652 2259 in
675 2243 764 2272 marg.
787 2240 949 2274 testantur,
971 2237 1006 2266 V.
1018 2238 1052 2265 C.
1075 2237 1236 2267 exhibere:
1277 2237 1351 2266 haec
1381 2240 1518 2279 suppleta
1547 2244 1624 2270 sunt.
1670 2239 1748 2269 Urs.
1779 2255 1822 2261 —
1858 2237 1888 2277 8)
1919 2234 2138 2274 Saccomoruae]

372 2266 442 2295 mdc
458 2278 608 2308 pugnare.
630 2287 670 2294 —
694 2274 723 2313 3)
743 2277 831 2315 Quid
850 2279 880 2306 in
899 2279 935 2307 V.
949 2279 980 2308 C.
1002 2289 1065 2309 esse
1087 2285 1236 2309 testantur
1277 2281 1411 2310 Isidorus
1447 2282 1500 2312 lib.
1527 2285 1574 2314 17.
1604 2292 1668 2321 cap.
1692 2284 1720 2314 7.
1770 2283 1969 2321 Sycomorus,
2006 2279 2080 2308 fleus
2109 2281 2139 2306 et

373 2309 446 2339 ven·
462 2311 510 2358 3⁶·-
527 2327 573 2359 -ζ
590 2314 618 2347 4)
633 2314 792 2352 Oportebat
809 2330 899 2359 marg.
916 2320 990 2352 Ven.
1003 2324 1048 2351 Sc.
1064 2337 1106 2344 —-
1129 2323 1159 2361 5)
1174 2324 1235 2351 Sa·
1277 2333 1378 2353 morus
1412 2329 1482 2353 sunt
1514 2325 1626 2357 Graeca
1658 2324 1787 2354 nomina.
1823 2323 1854 2353 in
1883 2322 2010 2361 vulgatis
2042 2325 2136 2350 tamen

371 2351 446 2391 ber-J
468 2351 544 2381 Vide
564 2364 595 2382 m
619 2356 761 2389 Saberies,
784 2361 858 2391 Urs.
879 2379 916 2384 —-
940 2362 968 2401 6)
979 2365 1138 2404 sterilem]
1156 2365 1236 2394 Ver-
1278 2367 1375 2404 sicut,
1402 2378 1458 2406 pro
1472 2367 1560 2406 ficus
1581 2371 1722 2406 corrupte
1744 2367 1888 2405 seriptum
1912 2369 1964 2397 est·
1994 2363 2073 2393 [fr-⁹·
2095 2378 2136 2383 ’-

372 2395 443 2442 b.¹¹¹.¹¹
466 2402 557 2444 clpt't,
598 2398 678 2435 quod
705 2404 747 2427 est
777 2402 808 2429 in
832 2404 994 2443 exemplari
1024 2412 1120 2444 potest
1152 2407 1233 2444 ferri,
1278 2410 1306 2446 9)
1331 2409 1484 2447 Sacrem.]
1515 2411 1588 2438 Cato
1618 2410 1759 2438 adversus
1789 2408 1825 2444 Q.
1847 2406 2009 2436 Minucium
2038 2403 2136 2432 Ther-

372 2447 396 2465 ⁵¹
420 2437 451 2465 ¹d
476 2448 586 2477 mamss
622 2449 709 2478 quam
740 2445 880 2481 concipit.
927 2447 975 2474 Ur
985 2457 1007 2474 S·
1032 2465 1067 2469 —
1101 2452 1129 2485 7)
1153 2451 1234 2477 ›San-
1279 2460 1358 2479 mum
1382 2451 1491 2480 citatur
1513 2452 1542 2480 in
1565 2451 1623 2480 hoc
1646 2452 1826 2489 fragmento,
1859 2454 1897 2478 *ut
1917 2457 1953 2477 ex
1981 2447 2045 2476 eiu·
2063 2446 2135 2475 reli—
