2263 2668
240 137 316 172 316
634 138 800 172 ASPERI
827 135 1039 170 IUNIORIS
1067 135 1382 171 GRAMMATICI
1409 137 1512 172 ARS.
1564 136 1707 170 SEGM.
1730 137 1788 172 XI.

243 232 307 265 sic:
350 231 551 275 composite,
589 230 763 272 requisite,
804 229 957 271 disiecte,
995 229 1181 264 constricte.
1239 231 1335 263 Aliae
1363 231 1498 263 omnino
1525 230 1596 263 aliis
1621 230 1770 275 partibus
1797 231 1952 265 orationis
1978 243 2092 266 carcre
2117 244 2184 267 non

243 287 397 328 possunt,
424 288 460 315 ut
486 293 581 321 eum,
609 281 708 326 apud
717 277 738 324 ¹,
761 292 890 326 penes;
923 292 1031 324 neque
1057 282 1127 314 aliis
1154 293 1254 325 quam
1281 282 1409 315 casibus
1435 282 1632 326 iunguntur,
1659 282 1695 314 id
1719 286 1785 324 est,
1812 283 1953 325 nomini,
1981 285 2183 328 pronomini,

244 335 436 378 participio,
464 337 513 365 ut:
541 343 619 364 cum
641 332 823 373 Cicerone,
852 344 931 365 cum
953 333 1030 376 illo,
1058 344 1136 366 cum
1159 330 1334 372 delecto²‚·
1361 333 1461 378 apud
1485 333 1704 375 Ciceronem,
1734 333 1834 377 apud
1854 334 1971 378 illum,
1997 336 2097 380 apud
2118 336 2183 369 de-

246 382 411 423 lectum³;
441 394 548 428 penes
579 384 796 426 Ciceronem,
828 395 938 428 penes
963 384 1076 427 illum,
1111 395 1223 429 penes
1249 381 1454 419 delectam&
1508 384 1715 418 Conveniunt
1736 389 1846 417 autem
1872 385 1938 418 hae
1965 391 2021 418 aut
2046 398 2184 421 accusa-

244 438 317 469 tivis
327 433 348 475 ⁵,
376 439 430 467 aut
457 435 604 467 ablativis
630 436 768 470 casibus.
820 436 916 468 Aliae
942 435 1104 480 separari,
1135 441 1191 468 aut
1216 436 1308 480 iungi
1334 440 1486 479 possunt,
1513 441 1549 468 ut
1574 436 1654 475 sub,
1683 437 1734 479 in,
1762 447 1813 470 ex.
1867 435 2089 480 Separantur⁶
2114 439 2184 473 hoc

245 487 366 520 modo:
399 485 463 519 sub
489 490 618 525 monte,
652 497 696 519 ex
720 490 850 530 monte,
878 487 913 519 in
938 490 1060 520 monte.
1114 487 1352 533 Adiunguntur
1377 488 1440 521 sic:
1472 486 1674 529 subscribit,
1701 488 1828 533 inrepit
1838 483 1860 531 ⁷,
1888 489 2052 521 excurrit.

863 579 946 613 De

409 646 596 680 Interiectio
621 652 668 681 est
690 660 768 693 pars
791 649 945 681 orationis
968 648 1124 682 affectum
1149 649 1247 681 animi
1271 648 1477 692 significanS,
1506 653 1561 681 aut
1581 647 1797 693 indignantis,
1824 653 1859 682 ut
1881 646 1964 689 he¹³‚·
1988 654 2042 682 aut
2063 649 2184 683 timen—

245 699 302 738 tis,
328 702 364 730 ut
386 697 464 738 hm}
495 704 551 731 aut
577 700 797 741 recordantis,
822 706 857 732 ut
878 701 977 740 luem,-
1002 706 1058 732 aut
1084 700 1244 733 silentium
1272 701 1486 745 iniungentis,
1514 705 1549 732 ut
1570 695 1641 739 sl⁰;
1667 705 1723 732 aut
1747 697 1979 744 inmutantisw,
2006 706 2043 734 ut
2064 705 2102 734 at
2128 705 2184 740 at,-

246 754 302 782 aut
329 749 533 791 admirantis,
567 756 602 783 ut
623 762 766 796 papam
799 756 854 784 aut
879 751 1104 796 prohibentis,
1132 757 1167 784 ut
1194 748 1293 789 11]t¹¹‚·
1324 756 1379 784 aut
1405 747 1680 795 conquerentis¹²,
1707 755 1741 784 ut
1768 752 1836 792 Ῐια,·
1862 757 1918 786 aut
1944 753 2122 797 gementis,
2148 757 2184 786 ut

246 801 294 843 oi,
321 798 438 841 uae¹²³,·
473 807 529 835 aut
554 803 760 845 refectionis,
792 808 829 836 ut
854 814 964 843 evaae‚·
998 809 1054 837 aut
1079 803 1216 837 ridentis
1228 799 1260 845 ¹⁴,
1287 808 1323 836 ut
1344 802 1497 836 bombax
1507 799 1539 845 ¹⁵,
1568 801 1658 836 babo
1669 800 1703 843 ¹⁶,
1730 814 1788 837 va.

1008 579 1564 614 Interiectione.

330 920 355 955 1)
377 919 465 958 Aput
486 919 540 949 Go.
563 935 605 941 —
626 919 654 960 Ξ)
681 921 758 950 Cum
780 921 895 949 electa
913 921 968 950 Go.

245 966 291 988 cto
312 961 382 990 Asc.
400 962 429 991 P.
455 978 490 982 -—
515 963 545 998 3)
567 961 654 1001 Aput
675 963 818 992 dilectum
834 965 887 992 Go.
931 963 1026 1002 Apud
1047 964 1192 992 delectum

243 1004 311 1032 Asc.
327 1004 355 1032 P.
376 1020 419 1025 —
440 1005 467 1038 4)
490 1006 584 1033 Penes
605 1006 727 1034 electum
750 1008 804 1035 Go.
846 1008 940 1035 Penes
961 1005 1105 1034 delectum
1125 1009 1192 1036 Asc.

243 1046 276 1075 P.
298 1063 339 1067 —
361 1050 388 1080 5)
411 1048 598 1076 Acczcsativo
620 1048 688 1079 Asc.
704 1050 734 1078 P.
777 1049 884 1077 Statim
902 1054 955 1077 aut
971 1050 1108 1077 ablativo
1125 1051 1191 1078 Asc.

245 1088 277 1119 P.
304 1104 346 1110 —
374 1089 403 1126 6)
428 1092 576 1128 Separant
597 1091 627 1121 P.
645 1092 735 1121 solus.
780 1093 968 1130 Separanlur
989 1092 1044 1122 Go.
1061 1092 1126 1120 Asc.
1151 1107 1192 1113 —-

1019 922 1094 950 Cum
1111 920 1191 949 dele—
1235 923 1280 958 οἱ,
1306 933 1372 949 nae.
1404 922 1447 952 Cf.
1467 931 1540 959 quae
1556 921 1658 949 notavi
1673 920 1709 948 ad
1726 919 1832 951 Donat,
1845 920 1887 955 ΙΙ,
1912 922 1959 952 17.
1977 924 2038 948 not.
2049 922 2097 952 36.
2127 920 2183 948 Ce-

1234 968 1330 993 terum
1349 964 1419 993 cod.
1435 965 1487 993 Go.
1501 964 1532 992 P.
1548 963 1612 993 Asc.
1644 965 1709 998 voi,
1735 974 1797 992 vae.
1847 963 1910 991 Vae
1925 967 2022 990 autem
2039 971 2184 1000 nusquam

1236 1012 1280 1035 est
1304 1007 1459 1045 gementis,
1488 1006 1540 1035 sed
1562 1006 1743 1044 indignantis
1766 1010 1796 1034 et
1817 1005 1893 1033 mala
1914 1005 2114 1043 imprecantis.
2142 1021 2184 1027 —

1237 1051 1279 1082 14)
1304 1049 1463 1078 Irridentis
1479 1050 1544 1079 Asc.
1561 1050 1592 1079 P.
1616 1064 1657 1070 —
1681 1050 1724 1087 15)
1747 1050 1843 1085 Bom,
1866 1047 1925 1076 bax
1938 1048 2007 1077 Asc.
2023 1047 2055 1077 P.
2097 1047 2185 1076 Haud

1236 1092 1325 1120 dubie
1343 1103 1400 1120 una
1417 1102 1491 1120 voce
1505 1091 1710 1128 scribendum,
1734 1091 1815 1129 quod
1831 1091 1897 1120 feci.
1915 1106 1959 1113 —
1981 1091 2024 1124 16)
2046 1092 2115 1127 Ba,
2137 1089 2184 1126 ho,

244 1132 275 1164 7)
299 1131 412 1170 Inrepit
428 1133 481 1162 Go.
507 1134 612 1171 irrepit
633 1134 699 1163 Asc.
716 1135 746 1164 P.
774 1151 816 1157 --
846 1138 872 1168 8)
897 1135 966 1162 Ilae
989 1135 1053 1164 Asc.
1069 1136 1101 1163 P·
1145 1135 1194 1163 Ile

247 1172 301 1202 Go.
323 1174 424 1213 Neque
439 1175 474 1203 lie
488 1185 583 1214 neque
598 1176 656 1204 liae
667 1177 846 1214 indignantis
861 1176 1096 1205 interiectionem
1114 1177 1194 1215 quis·

247 1225 334 1253 quam
351 1217 615 1247 Grammaticorum
632 1221 777 1257 agnoscit,
808 1224 988 1258 quapropter
1004 1219 1191 1248 scribendum

247 1259 411 1287 censuerim
434 1272 496 1290 vae.
527 1277 568 1282 —
597 1263 625 1295 9)
659 1262 696 1290 Ut
717 1263 768 1290 ist
788 1263 842 1290 Go.
864 1279 906 1285 —-
938 1265 981 1296 10)
1006 1263 1192 1291 Inmutantis

246 1299 286 1327 ita
304 1301 357 1330 Go.
395 1304 467 1330 Ίιιηι.
482 1309 559 1331 atlat
576 1304 631 1333 Go.
651 1321 694 1326 —
719 1306 761 1343 11)
786 1305 837 1333 Ali
852 1305 892 1332 ali
907 1304 977 1334 Asc.
993 1306 1022 1336 P.
1058 1306 1192 1333 Alterum

247 1342 287 1370 alt
300 1343 381 1371 abest
394 1345 424 1372 in
440 1346 494 1373 (ἑο.
526 1347 583 1374 Sed
599 1347 722 1375 sortasse
735 1347 776 1374 [ιιι
791 1347 990 1376 scribendum.
1004 1364 1047 1369 —
1060 1351 1103 1380 12)
1120 1346 1194 1376 Con-

248 1388 407 1422 querentis
428 1394 506 1417 recte
523 1390 587 1416 Asc.
603 1390 675 1419 sola.
723 1390 933 1429 Conquirentis
951 1391 1005 1418 Go.
1024 1391 1055 1420 P.
1100 1391 1193 1419 Inter-

246 1426 335 1456 iectio
351 1428 476 1459 sortasse
491 1430 645 1460 scribenda
660 1432 709 1461 αΙι.
728 1449 770 1455 —
793 1436 836 1467 13)
855 1432 1049 1462 scribendum
1066 1434 1123 1461 oiei
1136 1443 1193 1473 pro

1235 1145 1298 1163 vua
1318 1136 1372 1165 Go.
1389 1135 1455 1163 Asc.
1471 1136 1500 1163 P.
1544 1134 1740 1163 scribendum
1762 1138 1805 1162 est
1826 1133 1936 1171 babae,
1967 1132 2038 1162 vali.
2061 1148 2104 1154 ·—
2124 1133 2184 1161 Iam

1235 1178 1334 1205 statim
1351 1179 1487 1216 sequitur
1501 1177 1531 1205 in
1549 1177 1620 1205 Cod.
1631 1177 1686 1206 Go.
1703 1181 1849 1205 tractatus
1865 1175 1965 1204 brevis
1983 1185 2049 1203 cum
2064 1173 2121 1203 hac
2136 1175 2184 1203 in-

1235 1220 1397 1258 scriptione
1410 1220 1587 1249 Declinacio
1604 1219 1699 1256 verbi,
1722 1219 1804 1247 nulla
1819 1223 1887 1247 ante
1902 1217 1981 1246 finiti
1996 1216 2101 1256 Asperi
2115 1221 2185 1246 nota

1235 1263 1409 1300 significata.
1455 1262 1522 1298 Quo
1543 1266 1675 1290 tractatu
1700 1271 1775 1300 quae
1796 1261 1989 1290 continentur
2003 1261 2044 1289 ita
2061 1269 2184 1298 prorsus

1234 1310 1305 1333 sunt
1327 1306 1424 1334 futilia
1446 1315 1479 1333 ac
1493 1305 1604 1333 nullius
1620 1304 1725 1343 pretii,
1755 1309 1790 1332 ut
1804 1305 1839 1332 ab
1857 1304 1971 1341 Aspero
1985 1303 2184 1331 Grammatico

1235 1348 1368 1387 prosecta
1390 1358 1451 1377 esse
1472 1352 1632 1386 nequeant,
1665 1347 1724 1375 imo
1743 1348 1796 1375 vix
1817 1346 1882 1374 sani
1904 1345 2032 1375 hominis
2053 1355 2113 1374 esse
2133 1345 2183 1374 vi-

1236 1390 1372 1419 deantur.
1417 1391 1607 1429 Quapropter
1623 1389 1785 1418 omittenda
1802 1388 1914 1419 censui.
