2263 2668
390 174 463 208 276
1011 170 1151 205 SEXTI
1176 172 1376 207 POMPEII
1401 173 1540 207 FESTl

236 266 289 292 ἀί·
310 264 380 290 aliud
391 262 631 301 Tributoruml
658 264 899 304 conlationem,
926 275 1029 307 quom
1055 264 1095 298 sit
1120 265 1185 298 alia
1210 265 1243 298 in
1270 266 1398 311 capite,
1425 266 1534 300 illud*
1561 277 1601 299 ex
1628 277 1744 308 censu,
1781 266 1900 301 dicitur
1925 270 2024 303 etiam
2051 270 2164 314 quod—

391 319 468 351 dam
495 315 722 356 temerarium,
767 320 803 348 ut
828 320 904 360 post
931 315 1062 349 Urbem
1089 328 1108 348 a
1141 317 1247 350 Gallis
1281 323 1414 362 captam
1449 318 1619 352 conlatum
1654 322 1720 359 est,
1752 319 1830 362 quia
1864 321 2023 363 proximis
2055 319 2164 355 XV.2

221 371 254 395 ‘fl
275 368 479 404 populusannis
506 378 620 400 census
641 367 750 400 alius*
777 378 843 399 non
871 371 950 402 erat.
1003 367 1086 401 Item
1113 367 1205 401 bello
1232 369 1359 402 Punico
1385 369 1532 403 secundo
1554 369 1602 403 M.
1632 369 1765 402 Valerio
1791 369 1957 412 Laevino,
1983 372 2032 405 M.
2061 372 2165 407 Clau-

220 422 268 446 ·al.
288 419 381 454 potuit,
391 420 447 452 dio
474 418 641 451 Marcello
670 429 736 450 cos.
763 429 866 461 quom
895 424 928 450 et
954 418 1112 461 Senatus,
1150 425 1183 452 et
1209 420 1356 464 populus
1382 421 1414 453 in
1441 421 1621 459 aerarium,
1650 420 1743 464 quod
1770 420 1887 454 habuit
1899 422 1923 463 *‚
1952 422 2079 459 detulit.

552 467 895 513 Tentipellium3
922 470 1074 503 Artorius
1103 475 1200 516 putat
1227 483 1294 504 esse
1322 472 1574 506 calciamentum
1600 472 1778 516 ferratum,
1823 483 1891 516 quo
1917 473 2025 518 pelles
2050 480 2163 509 exten—

221 524 270 546 ’σὺ
291 521 380 545 Primo.
390 521 527 561 duntur,
572 518 749 564 indeque4
770 521 944 554 Afranium
971 517 992 570 Η
1016 521 1132 555 dixisse
1158 523 1191 554 in
1212 523 1378 557 Promo*:
2056 524 2162 573 [192]

496 572 573 605 Pro
603 573 794 605 manibus
822 572 953 606 credo
980 573 1142 606 habere
1170 585 1249 618 ego
1276 574 1376 607 illos
1403 574 1703 618 tentipellium.

391 623 550 656 Titinium
578 624 622 655 ait
646 624 780 657 Verrius
808 624 1009 665 existimare,
1051 625 1085 657 id
1119 625 1396 658 medicamentum
1431 637 1517 667 esse,
1559 636 1626 669 quo
1653 637 1758 671 rugae
1784 625 2016 667 extendantur,
2061 638 2163 671 quom

392 675 498 708 dicat:

494 725 805 769 Tentipellium
831 726 1068 768 inducitur,
1109 739 1240 772 rugae
1267 729 1304 760 in
1335 740 1404 762 ore
1432 728 1726 762 extenduntur.

391 788 493 820 quom
517 777 573 810 ille
600 778 772 824 τροπικῶς
798 777 923 810 dixerit.
977 779 1158 823 Tignum
1187 791 1251 812 non
1279 780 1386 813 solum
1413 779 1445 812 in
1472 780 1648 820 aedificiis,
1683 790 1750 823 quo
1778 783 1927 821 utuntur,
1961 780 2163 824 appellatur,

390 828 448 861 sed
477 828 573 861 etiam
600 829 632 861 in
659 828 776 868 vineis,
806 835 840 861 ut
867 835 914 862 est
939 830 972 862 in
997 830 1091 863 Xll.:
1126 831 1308 876 Tignum
1336 832 1518 865 iunctum
1547 831 1743 871 aedibus,
1775 831 1969 871 vineave,
1998 835 2039 864 et
2065 842 2163 865 con-

236 878 264 899 ’f
290 876 529 923 ⁰³P¹¹¹⁰capit*
554 892 602 913 ne
628 881 793 914 solvito.
847 880 956 913 Tela
982 882 1117 926 proprie
1144 881 1210 916 dici
1236 883 1389 916 videntur
1416 895 1472 923 ea,
1507 894 1593 926 quae
1620 882 1754 915 missilia
1781 887 1864 915 sunt.
1892 892 1931 914 ex
1953 881 2086 915 Graeco
2113 883 2163 915 vi—

390 931 511 965 delicet
541 932 698 964 translato
734 942 848 964 eorum
882 932 1033 975 nomine,
1079 933 1233 976 quoniam
1270 934 1318 966 illi
1345 931 1501 981 τηλόθεν
1528 934 1623 967 missa
1651 934 1782 974 dicunt,
1828 944 1914 976 quae
1940 944 2000 966 nos
2026 934 2161 969 eminus.

390 983 473 1016 sicut
499 994 588 1015 arma
616 995 674 1021 ea,
717 994 803 1025 quae
829 983 872 1015 ab
899 983 1044 1016 humeris
1076 985 1300 1028 dependentia
1328 987 1507 1019 retinentur
1534 986 1700 1026 manibus,
1747 985 1905 1028 quoniam
1932 985 2068 1028 quidem
2095 996 2161 1019 non

391 1033 495 1066 minus
519 1034 552 1066 in
579 1035 673 1066 nobis
700 1046 773 1067 eam
800 1040 928 1078 partem
956 1037 1104 1080 corporis
1131 1048 1259 1069 armum
1286 1038 1397 1071 vocari
1427 1037 1676 1070 existimandum
1705 1042 1772 1077 est,
1813 1047 1913 1080 quam
1968 1062 1974 1068 .
2029 1065 2036 1072 .
2092 1063 2099 1069 .
2154 1064 2160 1069 .

452 1085 662 1130 Tigillum
688 1086 870 1120 Sororium.
925 1085 1046 1121 Vici5
1068 1089 1232 1132 appellari
1259 1089 1420 1133 incipiunt
1447 1100 1487 1122 ex
1514 1089 1620 1133 agris,
1657 1089 1713 1132 qui
1739 1088 1786 1120 ibi
1813 1087 1905 1121 villas
1932 1098 1998 1120 non
2024 1087 2162 1129 habent,

391 1144 425 1169 ut
445 1136 568 1177 Marsi,
609 1143 665 1170 aut
687 1137 827 1182 Peligni.
855 1138 913 1170 sed
941 1150 979 1170 ex
1007 1139 1085 1172 vicis
1110 1140 1231 1183 partim
1258 1140 1384 1173 habent
1410 1152 1514 1185 remp.
1542 1145 1574 1173 et
1600 1141 1648 1173 ius
1676 1140 1811 1181 dicitur,
1846 1139 1967 1183 partim
1994 1139 2076 1172 nihil
2102 1151 2162 1173 eo-

218 1185 379 1211 'ul.haben-
389 1199 480 1229 rum,
516 1195 547 1220 et
573 1193 682 1221 tamen
709 1189 753 1221 ibi
781 1189 946 1222 nundinae
974 1195 1141 1234 aguntur*
1163 1192 1290 1236 negotii
1316 1192 1456 1237 gerendi
1483 1203 1600 1232 causa,
1636 1196 1669 1225 et
1694 1191 1842 1236 magistri
1868 1191 1950 1232 vici,
1982 1190 2062 1224 item
2088 1203 2161 1224 ma·-

286 1224 328 1244 tur
389 1239 480 1284 gistri
509 1237 611 1282 paci6
633 1241 805 1282 quotannis
832 1241 921 1273 fiunt.
950 1242 1074 1283 altero,
1102 1254 1178 1276 cum
1204 1243 1239 1276 id
1266 1255 1371 1288 genus
1398 1243 1627 1277 aedificiorum
1655 1242 1829 1283 definitur,
1856 1254 1943 1286 quae
1963 1243 2162 1276 continentia

390 1297 463 1322 sunt
490 1290 539 1322 his
566 1292 694 1334 opidis,
736 1303 822 1335 quae
848 1292 1032 1333 itineribus,
1077 1294 1333 1339 regionibusque
1360 1295 1530 1327 distributa
1557 1295 1641 1327 inter
1667 1306 1701 1327 se
1728 1294 1866 1335 distant,
1908 1294 2162 1338 nominibusque

391 1341 599 1374 dissimilibus
626 1343 818 1376 discriminis
845 1355 942 1376 causa
970 1351 1043 1377 sunt
1071 1345 1250 1390 dispartita.
1285 1347 1400 1387 tertio,
1445 1357 1520 1379 cum
1547 1346 1581 1378 id
1609 1357 1715 1390 genus
1741 1345 1970 1379 aedificiorum
1994 1344 2160 1387 definitur,

391 1404 476 1435 quae
503 1394 534 1425 in
562 1394 692 1438 oppido
719 1395 830 1438 prim,
865 1395 898 1427 id
925 1401 990 1436 est,
1025 1396 1057 1428 in
1085 1408 1143 1429 suo
1170 1398 1309 1440 quisque
1335 1398 1413 1431 loco
1441 1398 1580 1442 proprio
1608 1397 1651 1429 ita
1679 1397 1851 1438 aedificat,
1878 1401 1914 1429 ut
1939 1396 1971 1429 in
1998 1407 2038 1429 eo
2066 1396 2161 1430 aedi-

392 1444 467 1477 ficio
502 1446 653 1489 pervium
686 1446 742 1485 sit,
786 1458 854 1489 quo
887 1447 1001 1480 itinere
1036 1447 1240 1482 habitatores
1274 1449 1318 1481 ad
1352 1461 1444 1482 suam
1469 1450 1605 1492 quisque
1631 1448 1869 1481 habitationem
1896 1447 2021 1481 habeat
2045 1459 2158 1482 acces-

391 1508 482 1535 sum,
525 1497 582 1538 qui
617 1508 682 1529 non
716 1497 869 1530 dicuntur
896 1499 1001 1532 vicani
1028 1500 1111 1533 sicut
1138 1500 1190 1540 hi,
1239 1501 1296 1544 qui
1322 1506 1378 1533 aut
1404 1501 1436 1533 in
1463 1501 1583 1545 oppidi
1610 1501 1706 1541 vicis,
1749 1504 1806 1532 aut
1830 1499 1885 1540 hi,
1929 1500 1987 1542 qui
2012 1499 2046 1532 in
2072 1500 2161 1544 agris

387 1553 479 1585 sunt,
511 1549 615 1581 vicani
642 1549 861 1592 appellantur.

552 1599 680 1643 Viget
706 1600 832 1633 dictum
860 1600 989 1633 videtur
1016 1613 1034 1633 a
1062 1603 1091 1635 vi
1119 1603 1270 1647 agendo,
1316 1602 1375 1635 sed
1403 1614 1469 1635 non
1496 1603 1527 1635 vi
1551 1599 1571 1651 Η
1593 1601 1731 1647 agendis
1758 1600 1999 1644 hostilibusque
2051 1600 2159 1648 [193]

534 1662 647 1684 verum
673 1650 742 1691 his,
772 1663 857 1694 quae
881 1652 994 1685 celer*
1231 1653 1395 1687 concitato
1423 1655 1534 1687 animo
1561 1654 1604 1686 ad
1633 1655 1754 1686 bonam
1782 1653 1916 1697 frugem
1941 1657 1997 1685 ten
2008 1656 2036 1670 **
2088 1680 2097 1689 .

1135 1705 1351 1752 voisgram
1386 1717 1519 1747 avem,
1567 1717 1651 1748 quae
1677 1716 1711 1737 se
1737 1705 1839 1737 vellit.
1891 1705 2045 1749 Augures
2071 1703 2160 1737 hanc

1249 1782 1255 1790 .
1310 1782 1317 1789 .
1553 1752 1945 1801 Vigintiqliinque⁷
1969 1766 2096 1800 poenas
2127 1756 2160 1788 in

1135 1806 1386 1841 victimamfl
1409 1808 1525 1841 Aelius
1545 1808 1630 1842 Stilo
1656 1808 1700 1840 ait
1728 1819 1796 1841 esse
1822 1807 1979 1848 vitulum,
2020 1807 2066 1840 ob
2092 1807 2160 1840 eius

218 1644 245 1667 Ὗ.
263 1643 380 1669 celeriter
388 1649 485 1682 rebus

220 1678 258 1701 ''s.
273 1678 380 1703 tendunt
497 1674 505 1689 ⁹

219 1713 234 1742 †
247 1714 279 1736 al.
299 1713 397 1738 seulfi--
576 1728 583 1734 ·
638 1728 644 1734 ·
700 1727 707 1734 ·
762 1728 768 1734 ·
823 1729 829 1735 ·

270 1751 331 1771 ΜΨ
392 1752 532 1784 eandem
568 1753 772 1786 fucillantem
786 1756 804 1792 †
833 1755 1005 1797 appellant

390 1803 463 1835 Xll.
491 1804 653 1847 significat
682 1805 946 1850 vigintiquinque
978 1818 1072 1841 asses.

479 1936 503 1974 1)
526 1939 748 1978 Trllmtorum]
778 1939 895 1978 Opinor
916 1940 947 1968 in
967 1941 1128 1980 exemplari
1155 1942 1256 1979 fuisse,
1299 1941 1510 1981 aedzficiorum
1533 1941 1691 1981 difinitur,
1716 1953 1793 1981 quae
1815 1942 1998 1970 continentia
2019 1946 2091 1970 sunt
2110 1941 2160 1970 Ιιιε

396 1988 499 2005 censu-9
516 1982 660 2018 populus,
677 1986 705 2010 et
720 1981 827 2010 deinde
850 1982 973 2011 verbnm
989 1985 1103 2022 pvplzcs
1123 1985 1153 2012 in
1171 1985 1256 2012 alius
1297 1985 1437 2023 oppidi-9,
1477 1996 1556 2024 quae
1584 1985 1759 2022 itineribus,
1788 1984 2018 2023 regionibusque
2051 1983 2159 2012 discri-

396 2025 547 2052 mutatum,
582 2029 684 2052 extant
717 2024 854 2053 lectionis
890 2026 1028 2064 antiquae
1062 2027 1184 2064 vestigia
1223 2028 1254 2055 in

396 2060 516 2089 schedis.
548 2065 627 2095 Urs.
650 2082 690 2088 —
709 2068 737 2103 ff)
761 2069 894 2105 quinque
915 2078 1006 2105 marg.
1030 2069 1103 2098 Ven.
1126 2071 1254 2098 Scal.-—

395 2102 424 2136 5)
452 2102 688 2148 Tefztcpellium]
720 2109 851 2148 Indeque
879 2121 933 2149 pro
958 2110 1051 2147 idem,
1088 2112 1191 2141 melius
1223 2113 1253 2141 in

396 2142 520 2172 schedis.
562 2148 637 2178 Urs.
665 2166 705 2170 —
734 2150 764 2188 4)
788 2151 866 2180 idem
886 2153 1022 2190 Λζβὶτιηίυ
1047 2154 1118 2183 Ven.
1144 2155 1190 2183 Sc.
1213 2171 1253 2176 —-

395 2187 422 2219 5)
452 2186 560 2225 ViciS.]
594 2190 625 2217 ln
651 2191 767 2221 schedis
787 2194 899 2232 integra
929 2196 1020 2224 lectio
1044 2195 1186 2235 habetur,
1225 2202 1253 2226 et

398 2228 560 2273 emendata.
604 2232 674 2260 Nam
693 2237 782 2271 paci,
811 2238 932 2275 antiqua
954 2239 1100 2267 scribendi
1128 2250 1251 2268 consue-

397 2269 500 2297 tudine
536 2271 644 2300 dictum
674 2282 717 2302 est
751 2287 805 2314 pro
838 2281 924 2318 pagi.
963 2291 1053 2320 supra
1085 2282 1114 2310 in
1149 2283 1254 2312 OrcuS.

397 2311 451 2339 Per
481 2322 508 2346 c,
537 2313 650 2351 inquit,
687 2316 799 2346 litterae
829 2321 969 2358 formam,
1006 2323 1199 2354 nihilominus
1228 2336 1253 2353 c·

398 2355 591 2392 usurpabant.
621 2361 649 2384 et
679 2357 707 2384 in
739 2360 873 2391 columna
899 2364 987 2392 Duilii
1009 2367 1253 2396 MAGISTRA-

401 2395 483 2424 TOS
512 2399 657 2436 reperitur
686 2404 712 2427 et
741 2401 963 2436 LECIONES.
1009 2408 1133 2446 Reliqua
1165 2411 1252 2438 etiam

396 2439 590 2469 emendatiora
622 2441 651 2469 in
679 2440 809 2472 schedis:
852 2447 973 2485 Altero,
1013 2459 1081 2477 cum
1104 2451 1139 2479 id
1156 2463 1253 2489 genu-s·

1297 2029 1390 2056 minis
1412 2039 1509 2056 eausa
1530 2033 1600 2056 sunt
1622 2027 1798 2066 dispartita.
1829 2032 1857 2056 et
1878 2026 1908 2055 in
1937 2026 2013 2062 fine,
2052 2028 2085 2054 in
2106 2037 2159 2065 op-

1291 2069 1364 2108 pidi
1386 2072 1479 2106 vicis,
1503 2076 1533 2099 et
1556 2072 1676 2107 vicani,
1704 2075 1828 2108 utroque
1850 2070 1917 2099 loco
1938 2068 2050 2097 habent
2071 2068 2158 2097 sche-

1299 2112 1365 2141 dae.
1384 2129 1421 2134 —
1445 2112 1476 2153 6)
1496 2114 1639 2150 magistri
1654 2115 1809 2151 paucique
1825 2112 1895 2141 Ven.
1918 2111 1965 2139 Sc.
1988 2121 2056 2140 cum
2075 2112 2157 2150 signo

1297 2155 1429 2184 lacunae.
1443 2157 1524 2194 pagi
1538 2156 1568 2183 in
1585 2166 1676 2192 marg.
1691 2155 1764 2184 Ven.
1775 2157 1822 2183 Sc.
1841 2170 1881 2176 —
1901 2155 1933 2191 7)
1945 2154 2157 2192 Viginthuin—

1297 2197 1375 2237 quen]
1390 2198 1521 2236 Agellius
1542 2198 1592 2227 lib.
1602 2200 1650 2230 20.
1665 2208 1730 2236 cap.
1743 2203 1781 2227 l.:
1804 2197 1834 2225 Si
1849 2195 1958 2225 iniuria
1974 2195 2059 2225 alteri
2072 2195 2156 2232 faxit,

1294 2240 1532 2279 vigintiquinque
1555 2241 1629 2269 aeris
1653 2250 1766 2279 poenae
1788 2244 1886 2268 sunto.
1912 2237 1970 2268 Sed
1991 2238 2064 2267 aeris
2083 2241 2155 2277 puto

1298 2283 1457 2312 adiectum.
1483 2283 1555 2312 Vide
1567 2283 1696 2311 Plinium
1710 2283 1758 2311 lib.
1778 2285 1825 2314 16.
1841 2292 1906 2321 cap.
1924 2283 1952 2312 1.
1974 2280 2049 2310 Ure.
2068 2295 2104 2302 -
2125 2277 2154 2318 8)

1302 2325 1488 2364 Victimam]
1511 2326 1544 2354 In
1558 2325 1673 2354 schedis
1688 2329 1748 2363 est,
1770 2325 1804 2352 ob
1825 2324 1923 2352 hostes
1936 2324 2033 2351 victos
2044 2331 2100 2368 pro
2112 2319 2157 2348 ad

1296 2367 1395 2395 hostes
1413 2370 1523 2404 υίοιυε,
1547 2378 1639 2406 parva
1660 2368 1831 2397 mutatione.
1854 2375 1921 2395 nam
1941 2363 2153 2402 Augustimana

1297 2411 1462 2439 emendatio
1484 2411 1571 2439 nimis
1598 2410 1679 2438 abest
1701 2411 1736 2437 ab
1764 2409 1884 2448 antiqua
1915 2407 2073 2444 scriptura.
2097 2415 2152 2443 pro

1295 2454 1397 2480 vinctu
1409 2453 1439 2482 in
1455 2452 1571 2482 schedis
1586 2457 1638 2490 est,
1653 2453 1743 2481 vieta.
1754 2456 1786 2480 ut
1799 2451 1923 2479 fortasse
1936 2450 2011 2477 vitta
2023 2446 2150 2476 scriben-
