2263 2668
361 189 434 222 24⁰
982 183 1122 217 SEXTI
1149 183 1349 219 POMPEn
1376 185 1514 219 FESTI

188 284 463 327 ·f.aliacom—piu11t.
492 280 578 311 haec
606 281 717 310 autem
744 276 812 309 duo
846 275 1055 310 desciverunt
1081 277 1124 310 ab
1150 289 1208 319 ea,
1250 284 1283 310 ut
1312 279 1378 311 alta
1406 278 1612 322 compium*‚
1653 289 1740 322 quae
1773 291 1839 313 non
1867 281 1944 315 ideo
1970 284 2137 319 infirmare

230 323 304 357 ‘’¹¹¹¹“
359 334 480 366 debent
506 333 736 374 praeceptum.

523 381 706 414 Scurrae
740 377 944 412 vocabulum
981 377 1116 413 Verrius
1151 381 1352 426 ineptissime
1386 387 1442 415 aut
1465 392 1505 414 ex
1532 381 1667 415 Graeco
1694 386 1837 416 tractum
1870 383 1930 425 ait,
1965 387 2057 429 quod
2090 392 2138 422 est

362 431 588 477 schypoazain
600 429 625 472 1,
663 435 721 464 aut
747 442 767 463 a
794 429 986 473 sequend0‚
1020 431 1073 464 cui
1099 434 1207 477 magis
1240 433 1439 473 adsentitur,
1477 432 1570 476 quod
1598 440 1631 466 et
1657 434 1822 469 tenuiores
1847 435 2000 470 fortunae
2025 439 2138 473 homi-

363 497 437 525 nes,
464 489 496 517 et
523 483 623 517 ceteri
650 483 791 526 alioqui,
819 482 875 525 qui
902 481 1038 515 honoris
1064 484 1173 528 gratia
1201 491 1479 528 prosequerentur
1504 485 1717 529 quempiam,
1744 497 1811 519 non
1834 488 2051 531 antecedere,
2077 491 2137 524 sed

362 536 454 579 sequi
481 535 543 568 sint
568 534 665 567 soliti.
693 535 771 578 quia
796 533 954 566 videlicet
981 533 1072 567 dicat
1096 536 1260 570 Lucilius:

466 586 703 619 Cornelius
731 586 768 620 P.
796 590 941 618 noster
967 585 1197 631 Scipiadas
1225 587 1362 627 dicto,
1397 592 1657 631 tempusque
1683 589 1904 633 intorquet
1929 590 1968 622 in
2001 590 2137 635 ipsum

465 639 543 679 oti,
572 642 612 670 et
639 636 839 679 deliciis,
864 636 952 670 luci
980 637 1180 681 effictae,
1206 645 1331 682 atque
1359 638 1550 674 cinaedo,

465 696 504 722 et
530 689 746 723 sectatori
767 688 876 720 adeo
902 688 985 733 ipsi
1011 700 1100 732 suo,
1127 701 1208 733 quo
1236 690 1398 724 rectius
1427 689 1559 723 dicas.

464 741 559 773 lbat
586 740 704 773 forte
732 740 916 783 domum,
943 743 1159 784 sequimur
1182 742 1325 783 multi,
1353 746 1482 785 atque
1505 742 1766 785 frequentes,

362 804 438 826 cum
465 797 596 826 secutos
622 791 727 825 videri
753 791 854 833 velit,
883 792 928 824 ob
950 803 1065 826 eorum
1091 793 1215 838 iurgia,
1242 804 1308 826 non
1335 794 1379 826 ob
1406 792 1580 826 adsuetum
1605 793 1763 829 officium.
1780 790 1801 842 Η

526 843 675 883 Secus,
708 843 846 887 Valgius
872 848 968 888 putat
994 856 1034 878 ex
1062 845 1214 889 Graeco,
1248 845 1341 889 quod
1371 850 1438 886 est,
1475 842 1554 883 ἑκοῖς
1579 844 1716 879 dictum.
1745 845 1887 878 absurde
1915 845 2004 879 scili·
2034 845 2137 892 [105]

362 900 424 928 cet.
452 895 617 939 significat
644 894 729 927 enim
757 899 872 939 aperte
899 895 1010 938 aliter,
1038 898 1198 941 exemplis
1224 897 1372 930 omnium
1399 896 1489 938 fere,
1516 897 1573 939 qui
1599 908 1674 929 eam
1695 907 1812 931 vocem
1839 902 2007 942 usurpant.
2050 898 2139 931 Sti-

189 951 223 975 Ὗ.
235 950 270 979 id,
283 948 455 991 quodpem
483 958 553 980 esse
580 957 751 979 nummum
779 946 963 991 signatum,
990 948 1175 981 testimonio
1203 954 1251 982 est
1279 953 1312 982 et
1333 947 1376 981 de
1405 959 1445 981 eo
1475 948 1588 992 quae*
1616 948 1713 980 datur
1739 949 1939 994 stipendium
1966 949 2079 990 militi,
2106 954 2139 983 et

360 1010 438 1032 cum
465 997 648 1043 spondetur
673 998 834 1041 pecunia,
869 998 963 1042 quod
996 1001 1147 1044 stipulari
1180 1000 1310 1035 dicitur.
1371 999 1578 1033 Sobrinus
1614 1004 1679 1040 est,
1724 1006 1758 1033 ut
1793 1001 1837 1034 ait
1865 1000 1994 1034 Gallius
2021 1000 2138 1034 Aelius

362 1050 463 1094 patris
491 1051 557 1083 mei
584 1049 772 1083 consobrini
798 1050 905 1091 filius,
940 1054 972 1082 et
998 1052 1110 1084 matris
1137 1064 1232 1085 meae
1259 1052 1476 1085 consobrinae
1512 1051 1608 1085 filius.
1645 1051 1768 1085 femina
1803 1052 1919 1085 iisdem
1953 1052 1997 1085 de
2034 1052 2139 1085 causis

187 1103 220 1126 ’ῑ-
247 1101 350 1127 sobrino
361 1102 511 1146 appellat
536 1101 691 1142 fratrem,
719 1105 751 1134 et
775 1100 909 1134 fratrem
931 1103 1134 1145 patruelem,
1163 1110 1195 1137 et
1217 1103 1470 1145 consobrinum,
1509 1108 1542 1135 et
1577 1103 1714 1147 propius
1749 1104 1946 1138 consobrino
1959 1105 1982 1145 *,
2018 1109 2050 1136 et
2082 1115 2139 1137 so-

360 1153 466 1187 brina.
492 1153 596 1185 iidem
623 1152 747 1197 gradus
773 1152 805 1185 in
833 1153 966 1186 sobrina
993 1166 1127 1198 quoque
1154 1160 1236 1189 sunt.
1291 1155 1513 1188 Sororium
1543 1154 1737 1199 tigillum
1771 1156 1961 1200 appellatur
1992 1154 2059 1189 hac
2095 1155 2139 1189 de

206 1203 239 1262 ’ἓ
258 1201 334 1263 ἓθὲὲῖ
362 1215 468 1239 causa.
497 1215 538 1237 ex
564 1204 784 1238 conventione
811 1204 905 1237 Tulli
931 1205 1053 1238 Hostili
1080 1207 1188 1252 regis,
1215 1212 1248 1240 et
1274 1207 1374 1239 Metti
1400 1206 1541 1239 Fufitii*
1577 1206 1670 1240 ducis
1697 1207 1924 1249 Albanorum,
1951 1206 2139 1252 Trigemini

187 1272 221 1296 -f,
240 1245 351 1297 ἓῃῖῑζῑῑῑ
362 1256 515 1297 Horatii,
543 1260 576 1288 et
603 1255 730 1289 Curatii
746 1256 759 1271 *
793 1267 869 1289 cum
896 1256 1122 1300 dimicassent,
1158 1264 1193 1291 ut
1218 1259 1359 1291 victores
1385 1262 1579 1301 sequeretur
1604 1258 1798 1302 imperium,
1832 1263 1865 1292 et
1891 1259 2049 1292 Horatius
2075 1269 2139 1291 no-

361 1313 426 1341 ster
454 1312 702 1351 exsuperasset,
729 1308 902 1351 victorque
929 1308 1067 1342 domum
1092 1315 1328 1352 reverteretur,
1356 1310 1455 1342 obvia
1481 1320 1594 1350 soror,
1628 1310 1765 1354 cognita
1792 1315 1899 1343 morte
1925 1310 2056 1354 sponsi,
2090 1310 2139 1343 sui

360 1359 468 1392 fratris
494 1370 595 1392 manu
623 1358 741 1400 occisi,
776 1363 924 1392 aversata
952 1366 1000 1394 est
1027 1362 1095 1394 eius
1130 1363 1299 1404 osculum,
1341 1373 1409 1404 quo
1436 1361 1569 1394 nomine
1595 1361 1753 1394 Horatius
1786 1361 1951 1395 interfecit
1985 1373 2068 1394 eam.
2107 1366 2140 1394 et

188 1417 221 1444 Ὗ,
244 1415 563 1454 scelerisquamquam
594 1422 614 1443 a
639 1415 735 1454 patre
761 1411 931 1444 absolutus
964 1413 1106 1446 sceleri*
1135 1419 1222 1454 erat,
1264 1418 1433 1447 accusatus
1467 1417 1580 1445 tamen
1615 1412 1773 1456 parricidi
1801 1412 1892 1457 apud
1927 1412 2138 1456 Duumviros,

360 1462 601 1506 damnatusque
633 1463 829 1506 provocavit
862 1463 905 1495 ad
938 1465 1105 1509 populum
1141 1465 1231 1498 cuius
1257 1465 1380 1498 iudicio
1416 1464 1539 1505 victor,
1581 1463 1649 1496 duo
1676 1464 1786 1509 tigilla
1813 1463 1910 1497 tertio
1938 1464 2138 1509 superiecto,

360 1526 448 1557 quae
474 1518 573 1558 pater
601 1513 670 1546 eius
698 1514 927 1557 constituerat,
955 1517 1046 1549 velut
1073 1517 1133 1549 sub
1155 1517 1272 1561 iugum
1299 1516 1413 1549 missus
1440 1515 1545 1557 subit,
1569 1516 1834 1560 consecratisque
1856 1515 1902 1548 ibi
1930 1516 1993 1548 aris
2019 1516 2139 1549 Iunoni

361 1566 535 1606 Sororiae,
564 1570 596 1598 et
622 1565 703 1597 Iano
731 1564 896 1608 Curiatio,
934 1567 1088 1600 liberatus
1122 1568 1213 1601 omni
1239 1568 1337 1601 noxia
1370 1567 1503 1600 sceleris
1535 1572 1583 1599 est
1616 1567 1762 1612 auguriis
1797 1567 2070 1611 adprobantibus.
2099 1578 2139 1601 ex

190 1621 429 1661 *telon-ortamque
467 1617 631 1649 sororium
671 1616 708 1649 id
740 1616 887 1661 tigillum
924 1624 972 1651 est
1003 1619 1222 1664 appellatum.
1291 1617 1527 1652 Sororiae*
1560 1630 1726 1651 mammae
1753 1618 1906 1652 dicuntur
1937 1619 2138 1663 puellarum,

362 1680 439 1703 cum
464 1668 611 1713 primum
638 1673 842 1710 tumescunt,
870 1674 906 1702 ut
931 1670 1147 1705 fraterculare
1174 1681 1366 1715 puerorum.
1419 1669 1556 1702 Plautus
1583 1666 1651 1718 inl}
1668 1669 1866 1703 Fribolaria.
1897 1673 1999 1703 tunc
2032 1669 2138 1716 [1⁰6]

361 1718 652 1753 sororiabant
686 1720 884 1764 papillae
914 1722 1166 1766 primulum,
1212 1722 1289 1756 sed
1327 1721 1447 1755 illud
1480 1721 1598 1754 volui
1631 1721 1802 1763 dicere,
1838 1720 2140 1767 fratercula—

363 1771 476 1805 bant.
505 1771 610 1816 quid
637 1782 743 1815 opus
770 1776 831 1804 est
853 1774 1002 1807 verbis
1028 1774 1191 1808 multis.
1235 1773 1458 1818 Surregit
1487 1777 1525 1805 et
1551 1778 1692 1806 sortus
1720 1773 1848 1818 antiqui
1869 1772 2049 1817 ponebant
2069 1784 2140 1818 pro

362 1823 530 1864 surrexit,
558 1828 590 1855 et
618 1823 685 1856 eius
710 1823 909 1868 participio,
941 1826 1042 1870 quasi
1063 1826 1107 1859 sit
1127 1829 1324 1866 surrectus,
1355 1824 1476 1869 quibus
1502 1824 1542 1857 L.
1569 1825 1711 1858 Livillus
1733 1824 1943 1870 frequenter
1975 1835 2057 1857 usus
2083 1829 2139 1858 est.

229 1871 262 1897 ‘s·
280 1871 327 1897 Dei
363 1874 467 1907 Sors
491 1879 524 1907 et
544 1875 797 1919 patrimonium
820 1875 1013 1923 siguificat,
1040 1877 1130 1911 unde
1157 1880 1332 1911 consortes
1357 1876 1525 1916 dicimu33
1552 1880 1585 1908 et
1612 1876 1719 1909 Deis*
1745 1887 1962 1920 responsum‚·
1989 1879 2022 1908 et
2048 1876 2141 1920 quod

366 1926 485 1969 cuique
512 1925 633 1959 accidit
665 1926 698 1958 iu
725 1927 911 1961 sortiendo.
965 1928 995 1962 S
1005 1939 1188 1962 oracum
1225 1928 1376 1969 dicitur,
1417 1939 1485 1971 quo
1519 1931 1717 1961 ornamenta
1743 1931 1936 1972 portantur
1960 1928 2141 1961 scaenico-

366 1986 447 2008 rum.
500 1977 639 2010 Plautus
659 1978 693 2010 in
715 1978 848 2012 Persa:

468 2027 681 2061 librorum
708 2030 910 2063 iccillum
934 2031 1113 2075 plenum
1139 2041 1344 2064 soracum
1369 2029 1518 2063 habeo.

531 2079 732 2114 Sobrium
759 2081 869 2115 vicum
896 2082 1029 2115 dictum
1047 2086 1176 2128 putant
1195 2082 1352 2116 Cloatius
1375 2086 1407 2115 et
1434 2082 1565 2123 Aelius,
1591 2081 1684 2125 quod
1708 2082 1743 2115 in
1771 2092 1810 2115 eo
1835 2081 1951 2114 nullus
1970 2079 2141 2113 tabernae

373 2126 465 2158 locus
491 2137 596 2170 neque
629 2142 805 2176 cauponae
827 2132 954 2179 fuerit.
990 2134 1061 2176 alii,
1102 2134 1196 2177 quod
1229 2135 1261 2167 in
1295 2145 1336 2167 eo
1364 2133 1543 2167 Mercurio
1575 2145 1642 2166 non
1669 2133 1779 2174 lacte,
1815 2133 1880 2167 sed
1905 2132 1981 2165 vino
2008 2132 2139 2165 solitum

459 2245 484 2280 l)
513 2253 529 2272 ‘3
538 2256 555 2273 κ
564 2256 582 2273 ὐ
593 2257 608 2284 Q
619 2258 633 2275 ⁰
645 2244 662 2274 ἆ
674 2249 711 2282 ζα
722 2259 731 2276 ί
740 2259 757 2277 ν
789 2249 860 2278 Ven-
884 2260 951 2281 σκυ
961 2263 976 2291 ρ
987 2263 1002 2281 ο
1012 2249 1031 2281 α’
1042 2252 1078 2288 ζε
1088 2264 1123 2282 ιν
1155 2252 1232 2281 Scal.
1277 2251 1313 2281 de
1337 2250 1516 2290 philosopho
1541 2250 1669 2289 quodam
1681 2273 1689 2287 ,
1728 2250 1779 2289 qui
1800 2251 1918 2279 natione
1949 2251 2042 2289 Syrus
2071 2258 2138 2278 cum

372 2285 508 2313 F⁰rt⁸⁵⁵e
538 2286 593 2323 leg·
625 2286 793 2326 σκῑρῑᾶζέιν-
829 2308 870 2313 -
913 2292 943 2333 2)
966 2295 1112 2323 Graecum
1136 2305 1232 2324 voca·
1276 2299 1378 2332 esset,
1419 2304 1457 2323 ne
1484 2303 1519 2323 eo
1548 2293 1667 2322 nomine
1702 2293 1777 2322 male
1809 2293 1944 2330 audiret,
1994 2296 2028 2320 ut
2059 2290 2136 2329 Syri,

373 2327 478 2356 bu¹¹¹¹¹¹
501 2328 537 2357 ⁸b
560 2329 669 2356 Urs'mo
693 2332 862 2368 appositum
881 2335 1009 2366 videtur.
1055 2337 1140 2366 Deest
1154 2337 1233 2366 enim
1277 2337 1389 2373 Varro,
1415 2336 1476 2365 sive
1490 2336 1565 2365 alius
1581 2336 1719 2374 Scyrium
1741 2336 1825 2365 illum
1840 2335 1964 2365 dixerat.
1986 2333 2045 2362 huc
2058 2331 2136 2362 enim

373 2371 405 2397 5¹¹
431 2370 504 2401 ven·
534 2371 612 2400 5⁰³¹·
648 2386 687 2392 -“
730 2371 758 2409 3)
788 2375 929 2416 Surum]
972 2378 1046 2407 Vide
1075 2390 1166 2419 supra
1200 2380 1230 2407 in
1275 2379 1426 2418 pertinent
1449 2379 1563 2408 Graeca
1589 2379 1681 2407 verba
1702 2375 1841 2418 σκύριον,
1876 2376 1928 2407 καὶ
1949 2373 2003 2406 οὐκ
2026 2374 2065 2405 ἔτι
2084 2370 2136 2404 σύ-

374 2409 556 2442 Gr‘brifflm·
585 2429 626 2435 -·
669 2411 699 2451 4)
731 2414 898 2457 ⁴5⁰}r⁴ium.]
935 2419 1088 2455 Quantum
1125 2423 1155 2451 in
1185 2421 1232 2450 his
1276 2434 1352 2461 ριον.
1406 2422 1447 2450 De
1469 2431 1502 2450 eo
1532 2425 1631 2452 autem
1656 2421 1851 2459 compositum
1881 2419 2006 2453 librum,
2042 2425 2076 2445 ea
2098 2415 2136 2445 do

373 2455 501 2484 tenebris
539 2455 640 2486 videre
673 2464 851 2494 possumus,
904 2461 1007 2498 agebat
1044 2462 1093 2492 hic
1126 2465 1232 2493 Festus
1277 2474 1365 2492 causa
1388 2460 1513 2502 σκύριον
1529 2463 1707 2501 inscriptum
1726 2472 1799 2492 esse.
1844 2459 2051 2497 Quaerendum
2066 2457 2135 2498 phi-
