2263 2668
750 133 982 170 EXEMPLA
1019 131 1394 170 ELOCUTIONUM.

1971 137 2046 173 263

95 226 239 261 Securus
261 224 360 259 huius
382 225 438 260 rei.
468 224 563 271 Virg.
589 224 675 260 Aen.
707 226 833 263 VIL¹⁸=
868 228 993 264 Securi
1013 228 1145 274 pelagi
1167 232 1271 273 atque
1293 229 1371 264 mei.

94 278 211 312 Siccus
237 277 303 311 hac
329 289 375 311 re.
404 277 500 323 Virg.
531 278 615 311 Aen.
642 276 784 314 V111.¹⁹:
810 281 859 314 Et
883 281 1013 315 siccum
1039 280 1214 325 sanguine
1239 284 1375 324 guttur.

95 329 200 363 Sacer
225 329 300 362 Deo
327 330 387 362 illi.
414 329 507 374 Virg.
531 330 614 363 Aen.
629 328 754 365 xl1.²⁰:
788 332 895 366 Forte
919 342 1024 366 sacer
1048 331 1172 364 Fauno
1189 330 1295 376 foliis
1322 332 1472 365 oleaster
1495 333 1639 367 amaris.

95 381 229 427 Sparge
253 381 337 414 illud
347 377 382 415 ²¹.
418 381 513 426 Virg.
540 381 642 415 Buc.:
677 382 837 430 Sparge,
863 384 1008 427 marite,
1033 393 1150 418 nuces.
1177 383 1311 429 Sparge
1333 383 1394 416 illo
1414 383 1508 419 illud.
1538 384 1608 418 Cic.
1629 395 1693 430 pro
1714 383 1863 419 Cluent.:
1894 383 2043 418 Guttam

198 433 363 478 aspergit
388 432 469 465 huic
496 431 608 465 bulbo.

95 483 212 518 Sentio
239 484 284 517 de
310 490 343 517 te
364 484 466 519 bona.
498 483 571 520 Cic.
599 485 634 517 in
649 484 746 520 Catil.
772 483 883 521 111.²²:
923 485 994 533 Qui
1019 485 1136 519 omnia
1168 485 1215 519 de
1240 485 1331 531 Rep.
1353 478 1551 531 praeclara
1578 491 1683 533 atque
1710 487 1867 534 egregia
1894 487 2045 521 sentiret.

198 535 292 569 Sensi
317 535 441 569 crimen
468 545 509 568 ex
534 532 638 572 il10²³.
675 536 747 572 Cic.
772 549 837 583 pro
862 538 964 583 Syn:
991 537 1147 571 Addidit
1180 548 1237 571 me
1263 537 1396 571 idcirco
1431 549 1511 572 mea
1537 539 1625 585 lege¹
1652 550 1696 573 ex
1721 540 1782 573 illo
1808 538 1943 573 ambitu
1967 550 2045 572 sen-

197 587 291 620 sisse.

92 654 213 688 Statuo
240 654 336 687 illum
362 654 473 699 capite
497 655 531 688 in
550 658 673 688 terram
682 652 717 689 ²⁸.
750 656 887 694 Terent.
909 656 1062 703 Adelph.

196 717 292 739 mum
318 706 353 739 in
379 709 515 739 terram
536 710 739 743 statuerem.

1073 669 1082 691 :
1115 656 1310 691 Sublimem
1340 657 1496 691 medium
1521 657 1721 705 abriperem
1752 662 1784 692 et
1819 659 1936 704 capite
1964 658 2044 704 pri-

94 775 272 820 Spectatus
298 774 341 807 ab
368 771 516 810 aetate²⁵.
542 775 638 820 Virg.
661 777 744 810 Aen.
761 777 836 810 1X.:
861 775 959 811 Neve
985 777 1077 811 haec
1101 777 1228 810 nostris
1248 781 1448 822 spectentur
1472 776 1517 810 ab
1540 778 1649 814 annis.

94 826 216 860 Sancio
239 831 418 871 peccatum
435 824 646 871 supplicioffi.
673 828 744 862 Cic.
773 840 836 873 pro
864 829 976 873 Sylla:
1002 828 1086 862 Noli
1108 828 1369 862 observantiam
1398 829 1537 862 sancire
1554 840 1681 874 poena.

93 878 214 911 Sitiens
240 879 326 910 illius
353 878 409 911 rei.
439 878 510 912 Cic.
537 890 602 923 pro
629 876 773 924 Sylla²²2
800 880 980 914 Sitieutem
1007 892 1063 914 me
1088 880 1225 914 virtutis
1251 884 1342 914 tuae.

94 929 166 963 Sub
191 930 399 974 praepositio
424 927 636 975 geminatam.
666 931 763 965 Idem
793 931 837 966 de
868 937 1026 977 praetura
1055 933 1198 966 urbana:
1240 931 1314 966 Sub
1341 931 1528 977 imperium
1554 931 1596 967 P.
1622 931 1668 964 R.
1701 930 1934 975 ditionemque
1964 928 2046 963 sub—

197 981 317 1014 iunxit.

94 1032 254 1067 Subsedit
277 1033 371 1065 illam
392 1043 473 1066 rem.
501 1032 596 1077 Virg.
614 1032 698 1067 Aen.
711 1029 819 1070 X1.²⁹:
844 1033 1035 1069 Devictam
1061 1034 1187 1068 Asiam
1212 1033 1369 1068 subsedit
1395 1034 1548 1070 adulter.
1577 1033 1735 1067 Subsedit
1756 1033 1823 1067 hac
1845 1027 1922 1066 re³⁰.
1949 1031 2045 1064 Idem

196 1083 337 1118 Aeneid.
371 1084 431 1117 V.:
470 1083 657 1129 Galeaque
685 1084 759 1118 ima
792 1085 949 1120 subsedit
980 1087 1135 1121 Acestes.

197 1135 466 1170 Subsedendum
492 1135 611 1181 aliquo
636 1136 672 1169 in
698 1136 774 1171 loco
799 1137 937 1172 Miloni.

1196 1086 1355 1120 Subsedit
1392 1086 1426 1120 in
1451 1086 1522 1121 hoc
1553 1085 1643 1120 loco.
1678 1085 1747 1120 Cic.
1771 1096 1834 1130 pro
1863 1078 2044 1118 Milone³¹:

1053 1239 1098 1274 T.

92 1323 206 1357 Tenus
229 1321 296 1355 hac
321 1333 368 1358 re.
403 1322 498 1368 Virg.
529 1323 614 1358 Aen.
634 1319 726 1357 n.³²:
767 1325 905 1370 Capulo
931 1329 1038 1359 tenus.
1066 1325 1163 1359 Idem
1192 1325 1276 1360 Aen.
1302 1325 1380 1360 ΙΙΙ-ε
1405 1324 1508 1359 Pube
1532 1329 1640 1360 tenus.
1676 1324 1748 1359 Cic.
1774 1334 1838 1368 pro
1869 1321 2046 1355 Deiotaro:

201 1373 320 1408 Tauro
346 1377 445 1408 tenus
469 1385 629 1421 regnare
654 1376 776 1410 iussus.
803 1377 918 1412 Tenus
940 1377 1038 1412 huius
1060 1374 1151 1411 rei³³.
1178 1377 1274 1424 Virg.
1292 1377 1421 1424 Georg.
1433 1378 1513 1412 HL:
1539 1377 1589 1411 Et
1615 1388 1757 1411 crurum
1779 1380 1875 1409 tenus
1891 1384 1914 1407 α
1937 1369 2044 1419 [546]

91 1508 126 1538 A.
142 1508 182 1538 M.
211 1510 360 1548 Tegaeum
383 1509 454 1538 Cod.
479 1509 538 1539 Gu.
566 1511 730 1549 Tegeaeum
752 1511 832 1551 apud
858 1512 940 1551 Virg.
966 1513 1051 1552 quod

91 1551 242 1590 rescripsi.
264 1568 307 1573 —
336 1553 382 1590 1⁵)
407 1553 493 1581 Deest
514 1552 564 1581 hic
585 1554 727 1583 articulus
750 1556 829 1594 apud
852 1555 887 1587 A.
904 1557 945 1585 M.
969 1556 1049 1594 Virg.

93 1594 201 1632 Georg.
230 1593 279 1626 111.
306 1596 375 1626 167.
397 1595 448 1623 ubi
473 1600 517 1624 est
540 1594 659 1624 Cervtct
681 1597 825 1627 subnecte.
857 1615 899 1620 —
930 1597 974 1638 16)
991 1599 1049 1628 Hic

92 1646 210 1674 quoque
225 1636 368 1665 articulus
385 1637 467 1666 deest
488 1638 569 1677 apud
586 1639 620 1670 A.
638 1639 675 1670 M.
702 1640 794 1669 Locus
813 1645 857 1670 est
873 1641 955 1679 Vir-g.
977 1641 1047 1671 Aen.

90 1679 140 1715 Ill,
153 1680 205 1711 36.
222 1679 271 1707 ubi
292 1681 379 1707 visus
393 1680 500 1710 editur.
525 1697 563 1702 —
588 1682 634 1720 17)
658 1683 734 1710 Rem
757 1683 838 1712 deest
852 1683 883 1711 in
899 1683 971 1713 cod.
992 1685 1047 1714 Gu.

90 1719 175 1749 Idem
199 1722 249 1750 Ge.
267 1723 307 1751 II.
330 1723 401 1754 384.
418 1724 452 1753 A.
472 1722 510 1751 M.
538 1723 639 1752 Utro-5·
655 1726 794 1754 mendose
810 1726 918 1764 legitur
932 1727 963 1754 in
975 1727 1047 1756 cod.

90 1764 126 1793 A.
151 1764 188 1792 Μ.
209 1779 252 1786 -
277 1767 317 1799 18)
341 1765 400 1793 1ἰεί
418 1766 499 1794 deest
520 1766 551 1794 in
569 1767 642 1797 Cod.
663 1767 744 1796 Idem
766 1769 844 1798 Aen.
875 1767 948 1799 VII.
972 1771 1045 1802 304.

90 1805 126 1834 A.
147 1806 185 1834 M.
202 1806 305 1845 Atque
321 1809 378 1835 mei
392 1808 494 1836 addidi
511 1818 526 1836 e
541 1809 614 1838 cod.
635 1810 692 1840 Gu.
714 1811 765 1839 ubi
784 1817 876 1850 atque
897 1811 982 1839 mihi.
1005 1828 1046 1835 -—-

91 1849 136 1884 19)
159 1849 265 1876 Siccus
288 1849 348 1878 Ιιαι·
369 1851 440 1880 Cod.
462 1851 496 1881 A.
521 1851 560 1881 Μ.
583 1853 691 1881 omisso
717 1863 749 1883 v.
771 1865 810 1884 re.
843 1853 926 1883 Idem
954 1854 1044 1883 VIII.

91 1891 163 1920 261.
186 1890 223 1920 A.
245 1891 282 1919 Μ.
307 1909 342 1914 -
377 1891 425 1933 20)
448 1894 516 1922 Deo
539 1894 649 1923 omittit
669 1895 740 1927 cod.
762 1897 796 1925 A.
816 1896 854 1925 M.
880 1897 960 1925 Idem
975 1896 1042 1932 XII,

90 1933 162 1963 766.
179 1933 303 1961 Amoris
319 1934 391 1963 Cod.
414 1936 448 1966 A.
462 1936 500 1966 M.
523 1953 566 1958 —
586 1938 635 1975 21)
657 1938 814 1968 Proximae
836 1939 911 1967 duae
929 1939 1043 1967 sormu-

89 1973 136 2002 lae
163 1974 371 2006 desiderantur
397 1977 430 2006 in
457 1978 528 2007 cod.
556 1979 591 2007 A.
613 1980 651 2008 M.
673 1980 754 2018 Virg.
783 1982 856 2011 Buc.
885 1981 963 2017 vm,
991 1982 1042 2011 30-

90 2016 187 2045 Locus
210 2017 269 2047 Cic.
291 2023 334 2046 est
355 2025 428 2049 orat.
453 2030 508 2059 pro
531 2021 647 2052 Cluent.
663 2033 687 2053 c,
706 2026 756 2056 26,
771 2027 822 2055 71.
845 2039 887 2045 —-
908 2021 954 2060 232)
980 2023 1041 2051 Cic·

89 2061 124 2087 in
148 2058 213 2089 Cat.
238 2061 296 2088 III.
320 2063 349 2092 2.
375 2062 409 2090 A.
427 2063 464 2090 M.
491 2063 584 2102 Quod
605 2067 708 2093 omnia
735 2066 806 2094 cod.
831 2066 865 2094 A.
890 2065 928 2092 Μ.
952 2065 1041 2092 Recte

92 2102 156 2140 Qui
169 2103 273 2130 omnia
291 2102 363 2132 Cod.
381 2104 436 2132 Gu.
453 2115 520 2133 cum
534 2106 601 2135 edd.
618 2108 678 2136 Cic.
701 2124 744 2128 —
765 2107 811 2145 23)
836 2107 912 2135 Haec
928 2107 1040 2134 sormu-

88 2144 117 2173 la
141 2154 209 2173 cum
230 2145 367 2183 exemplo
386 2157 440 2174 suo
463 2147 544 2176 deest
569 2148 599 2176 in
621 2149 692 2177 eod.
723 2149 757 2178 A.
780 2149 817 2177 M.
840 2150 936 2176 Locus
958 2149 1041 2176 Cice-

88 2187 171 2216 ronis
193 2191 235 2215 cst
250 2191 323 2216 orat.
347 2198 401 2226 pro
422 2189 545 2218 Plancio
562 2200 587 2219 c.
608 2193 658 2227 34,
682 2193 733 2223 83.
757 2192 807 2219 ubi
830 2191 950 2228 legitur:
974 2201 1041 2218 mea

89 2229 153 2267 lege
170 2230 273 2257 exa-ilio
293 2231 438 2259 sanxisse.
462 2232 518 2260 Sed
539 2233 619 2262 conf.
635 2234 829 2261 Garatonium
847 2233 926 2271 apud
942 2234 1040 2261 Wun-

88 2271 190 2300 derum
208 2272 246 2300 ad
259 2271 342 2300 hunc
358 2273 418 2303 Cic.
436 2273 541 2302 locum.
563 2290 605 2297 —
627 2272 673 2314 24)
690 2277 796 2303 Statue
815 2277 846 2303 in
862 2276 950 2303 illam
966 2275 1039 2305 cod.

87 2314 122 2343 A.
139 2314 177 2344 M.
203 2315 264 2343 Ter.
288 2314 376 2345 Adel.
400 2319 429 2348 3.
445 2319 473 2347 2.
492 2319 540 2348 18.
555 2316 589 2346 Α.
610 2317 650 2345 Μ.
665 2317 844 2346 Sublimen
863 2318 934 2346 cod.
956 2318 1037 2347 Α.Μ.

89 2372 128 2378 —
161 2359 207 2391 25)
229 2357 308 2385 Haec
331 2367 449 2396 quoque
475 2358 602 2387 formula
625 2369 695 2387 cum
724 2360 860 2400 exemplo
883 2371 937 2389 suo
957 2360 1040 2389 deest

89 2398 122 2428 in
144 2399 216 2430 Cod.
241 2401 275 2429 A.
297 2399 338 2430 M.
361 2400 439 2440 Virg.
463 2401 536 2429 Aen.
553 2400 607 2438 lx,
632 2401 705 2433 235.
728 2418 770 2426 ——·
799 2402 845 2442 26)
868 2403 963 2432 Etiam
987 2403 1037 2432 hic

1094 1512 1240 1543 articulus
1263 1513 1345 1542 deest
1367 1512 1446 1553 apud
1460 1512 1495 1541 A.
1518 1512 1557 1541 Μ.
1580 1513 1676 1541 Locus
1694 1510 1755 1540 Cic.
1775 1514 1819 1539 est
1844 1519 1899 1548 pro
1920 1505 2043 1537 Plancio

1096 1559 1146 1593 19,
1168 1559 1217 1588 47.
1244 1572 1286 1578 —
1319 1555 1365 1594 27)
1389 1557 1518 1584 Siciens
1536 1554 1592 1583 hac
1614 1555 1762 1593 scriptura
1787 1552 1947 1590 utrobique
1970 1549 2042 1578 cod.

1092 1600 1127 1627 A.
1142 1599 1180 1627 M.
1196 1599 1255 1627 Rei
1267 1598 1368 1627 addidi
1392 1608 1406 1626 e
1428 1597 1498 1627 Cod.
1523 1598 1580 1626 Gu.
1601 1597 1675 1625 Tum
1701 1596 1762 1625 Cic.
1785 1606 1844 1634 pro
1866 1594 1952 1632 Sylla
1969 1591 2041 1622 Cod.

1091 1646 1235 1680 uterque,
1258 1641 1309 1669 sed
1323 1640 1474 1669 indicante
1491 1639 1567 1667 Maio
1584 1639 1667 1668 locus
1682 1638 1790 1677 legitur
1808 1638 1838 1666 in
1863 1641 1936 1665 orat.
1953 1635 2041 1663 Plan-

1091 1684 1175 1712 ciana
1199 1694 1224 1712 c.
1246 1684 1274 1714 5.
1298 1699 1340 1705 -
1360 1686 1406 1716 28)
1428 1681 1498 1709 voe.
1516 1682 1705 1720 praepositio
1729 1680 1829 1709 addidi
1852 1689 1866 1707 e
1887 1678 1958 1706 cod.
1982 1677 2039 1705 Gu.

1091 1726 1173 1755 Idem
1186 1725 1221 1753 de
1233 1724 1383 1754 Praetura
1396 1723 1517 1751 urbana
1538 1727 1587 1756 21.
1603 1724 1639 1753 A.
1652 1724 1690 1753 M.
1711 1723 1772 1752 Cic.
1789 1721 1825 1750 cle
1841 1721 1916 1759 Imp.
1932 1721 2039 1756 Pomp.

1090 1769 1163 1799 Cod.
1180 1769 1237 1796 Gu.
1259 1767 1368 1795 Similis
1384 1766 1510 1795 formula
1528 1776 1614 1805 saepe
1633 1766 1714 1804 apud
1734 1765 1906 1793 Ciceronem
1920 1762 2038 1799 legitur,

1089 1815 1270 1849 quapropter
1284 1809 1424 1837 credibile
1439 1813 1492 1845 est,
1506 1808 1739 1837 Grammaticum
1757 1806 1898 1836 memoria
1918 1805 2037 1851 falsufn,

1087 1853 1192 1881 citasse
1210 1862 1246 1880 ex
1265 1851 1438 1887 Maniliana,
1462 1851 1542 1889 quod
1562 1861 1599 1879 ex
1618 1851 1810 1880 Verrinarum
1833 1850 1900 1878 Act.
1923 1848 1958 1876 u.
1982 1847 2033 1874 hb.

1088 1898 1113 1925 1.
1138 1894 1290 1922 citandum
1312 1898 1383 1923 erat.
1404 1894 1477 1922 Nam
1496 1894 1600 1931 Angeli
1615 1893 1684 1922 Maii
1697 1894 1877 1933 epitomator
1891 1890 1972 1919 haud
1983 1890 2035 1914 in-

1085 1937 1192 1965 doctus
1214 1936 1250 1965 de
1274 1946 1326 1965 suo
1346 1940 1475 1965 mutasse
1499 1936 1620 1965 videtur
1643 1936 1704 1965 loci
1727 1940 1836 1965 notam.
1859 1935 1959 1964 Potest
1982 1934 2033 1957 ta—

1085 1989 1151 2007 men
1172 1978 1249 2015 lieri,
1271 1984 1323 2014 ut,
1354 1978 1435 2017 quod
1456 1988 1543 2017 saepe
1564 1980 1676 2007 factum
1697 1979 1837 2014 vidimus,
1867 1983 1957 2003 unum
1981 1982 2032 2000 ex-

1084 2021 1215 2059 emplum
1241 2031 1308 2050 cum
1333 2021 1455 2050 alterius
1477 2025 1548 2049 nota
1573 2023 1712 2050 omissum
1735 2022 1782 2050 sit.
1813 2034 1852 2040 -·
1880 2015 1926 2055 29)
1957 2016 2033 2044 Rem

1085 2064 1167 2092 deest
1184 2064 1214 2092 in
1232 2064 1304 2093 Cod.
1322 2064 1357 2093 A.
1383 2064 1420 2092 M.
1446 2064 1533 2102 Virg.
1552 2064 1627 2094 Aen.
1642 2065 1699 2094 XI.
1714 2066 1774 2096 268
1796 2062 1829 2090 A.
1846 2060 1883 2089 M.
1913 2075 1954 2081 -
1978 2057 2030 2105 ,30)

1084 2105 1163 2134 Haec
1186 2107 1311 2135 formula
1329 2117 1397 2135 cum
1413 2107 1550 2145 exemplo
1566 2118 1619 2136 suo
1635 2108 1715 2136 deest
1737 2104 1816 2142 apud
1840 2103 1874 2133 A.
1892 2102 1930 2131 Μ.
1950 2101 2030 2147 Virg.

1083 2148 1155 2178 Aen.
1175 2149 1209 2185 V,
1229 2151 1299 2181 498.
1322 2165 1365 2171 -
1389 2147 1436 2189 31)
1466 2149 1607 2178 Subsedit
1630 2151 1663 2177 m
1683 2149 1736 2176 mo
1754 2147 1825 2175 cod.
1846 2147 1880 2174 A.
1901 2144 1938 2173 M.
1966 2143 2027 2172 cle.

1079 2201 1136 2229 1)Γο
1155 2192 1269 2220 ᾸῙίῖΟηθ
1292 2193 1340 2224 19.
1371 2191 1406 2223 Α.
1431 2191 1468 2222 Μ.
1498 2192 1634 2221 Fortasse
1661 2192 1732 2230 legit
1752 2190 1832 2228 apud
1857 2189 2027 2231 Ciceronem

1081 2233 1123 2261 ita
1145 2234 1374 2263 Grammaticus:
1405 2235 1456 2262 Sic
1475 2234 1587 2263 Miloni
1603 2251 1645 2257 —-
1665 2250 1707 2255 —
1727 2230 1943 2261 subsidendum
1966 2227 2028 2255 alt-

1083 2286 1141 2314 qzw
1160 2278 1191 2305 in
1205 2278 1269 2305 loco
1293 2283 1384 2316 atque
1404 2277 1633 2316 exspectandum
1646 2278 1726 2315 fuit.
1753 2276 1845 2312 Vulgo
1865 2273 1906 2301 ibi
1921 2271 2027 2300 desunt

1080 2319 1170 2348 verba
1186 2320 1292 2359 aliquo
1306 2321 1339 2348 in
1355 2320 1429 2350 loco.
1450 2336 1494 2341 —
1517 2321 1565 2357 32)
1592 2321 1678 2358 Virg,
1701 2319 1776 2347 Aen.
1792 2317 1831 2346 II.
1854 2317 1925 2348 553.
1939 2313 1972 2341 A.
1988 2311 2026 2339 M·

1081 2363 1122 2390 Et
1143 2360 1202 2391 ῙΙῙ.
1224 2365 1296 2394 427.
1318 2364 1354 2392 A.
1374 2362 1414 2392 M.
1440 2362 1501 2391 Cic.
1523 2373 1579 2401 pro
1602 2364 1703 2390 Detvt.
1728 2365 1776 2392 13.
1800 2361 1834 2388 A.
1855 2358 1894 2387 M.
1918 2372 1958 2378 -
1979 2355 2024 2400 33)

1079 2404 1137 2433 Rei
1150 2405 1279 2435 addidje
1296 2405 1368 2434 cod.
1391 2406 1447 2434 Gu.
1478 2405 1564 2444 Vlrg.
1590 2405 1696 2443 Georg.
1719 2403 1772 2432 Ill.
1795 2404 1844 2433 53.
1873 2400 1906 2427 A.
1921 2397 1960 2426 Μ.
1982 2394 2022 2421 Et
