2263 2668
247 405 365 471 ζῇεέιὲξ
390 431 592 470 solidum3
617 426 697 465 aut.1
718 430 814 465 arbos
840 428 998 463 viviradix
1023 428 1105 471 ruit,
1130 441 1218 473 quae
1240 441 1304 464 nec
1328 441 1411 473 prae
1439 429 1535 470 vitio,
1561 429 1752 470 humani††
1776 432 2017 474 caedanturve,
2040 434 2165 469 iacian-

805 481 971 521 Solum,
1005 484 1138 517 terram.
1191 481 1315 516 Ennius
1341 480 1497 514 lib.111.:

490 541 727 586 Tarquinio
754 540 871 574 dedit
897 540 1118 585 imperium
1145 537 1166 591 Η
1197 542 1320 575 simul
1347 546 1385 574 et
1412 541 1504 575 sola
1530 543 1660 587 regni.

235 610 270 633 01'.
294 608 363 634 alibi.
392 609 424 636 et
450 602 596 635 aliubi*:

219 474 275 506 ††f.
295 473 381 512 hum-a-

248 515 312 535 nave
329 514 354 531 vr

219 1002 254 1028 ’fi
270 1001 380 1028 Pascali.

391 186 463 221 242

1011 180 1150 216 SEXTI
1176 179 1376 216 POMPEH
1402 180 1541 215 FESTI

218 288 259 312 ⁴s.
279 284 381 312 lavandi
391 289 526 324 quoque
550 274 713 310 cavandi·
740 275 848 320 gratia
874 273 1025 315 instituti,
1064 285 1131 318 quo
1158 275 1281 320 singuli
1307 274 1531 316 descendunt,
1566 275 1650 308 solla
1676 275 1840 310 dicuntur.
1867 288 1953 321 quae
1980 279 2164 314 ascenden-

236 338 275 396 fd
291 345 365 396 adso-
393 331 461 365 do*
489 328 598 373 potius
633 326 724 361 dicta
758 326 927 366 videntur,
971 337 1071 369 quam
1099 337 1118 359 a
1144 327 1218 361 solo
1232 330 1269 361 *ἱ

277 379 308 396 en
327 379 341 395 0

1330 326 1354 359 S
1363 326 1404 358 ol
1413 326 1464 359 lis
1474 326 1549 358 tim
1559 338 1580 359 u
1590 339 1622 359 m
1656 328 1721 372 Ap.
1745 328 1893 362 Pulcher
1926 329 1958 362 in
1983 331 2165 376 Auguralis

392 380 587 427 disciplinae
613 378 672 412 lib.
694 377 720 412 1.
747 377 791 412 ait
817 389 886 412 esse
912 377 1117 423 tripudium,
1155 378 1249 422 quod
1276 380 1362 416 aut-1*
1390 377 1513 411 excidit
1540 389 1579 411 ex
1607 390 1666 420 eo,
1702 379 1795 422 quod
1822 380 1880 412 illa
1905 380 1979 414 fert.
2008 393 2165 415 saxumve

390 489 483 516 turve
493 507 502 524 ‚
534 481 752 527 pellanturve.

2057 543 2163 591 [109]

493 661 575 695 Sed
603 661 693 694 sola
719 666 924 694 terrarum
951 665 1174 704 postquam
1201 672 1426 706 permensa
1454 672 1691 707 parumper.

392 723 540 765 Solea,
568 726 605 754 ut
628 721 674 754 ait
692 720 846 761 Verrius,
873 724 921 752 est
947 732 1012 754 11011
1039 722 1148 757 solum
1178 734 1234 764 ea,
1261 733 1347 765 quae
1374 721 1448 755 solo
1475 722 1571 766 pedis
1598 722 1772 763 subicitur,
1800 721 1859 756 sed
1885 722 1982 756 etiam
2006 734 2070 768 pro
2093 735 2166 756 ma-

219 782 253 805 ·f.
270 774 473 812 robusta‚teria
499 773 655 806 robustea
665 773 688 813 *‚
734 783 834 816 super
860 782 960 814 quam
987 774 1096 817 paries
1124 773 1275 807 craticius
1302 773 1468 808 extruitur.

219 825 484 870 's.Barbato.quod
511 824 631 869 passim
659 824 804 868 pascitur
828 834 893 858 non
920 828 1055 858 tectum.
1107 825 1247 860 Titinius
1273 824 1306 856 in
1332 824 1515 858 Barrato*:

1530 773 1602 806 Sol
1613 784 1677 813 ox,
1725 774 1799 807 lana
1826 785 1953 815 crassa,
1997 779 2029 806 et
2055 786 2166 819 pecus

493 885 586 929 Ego
613 885 663 918 ab
689 886 783 917 lana
809 883 950 917 soloci
977 884 1026 917 ad
1054 896 1284 930 purpuram
1312 883 1415 916 data.

393 951 425 978 et
451 944 597 978 Lucilius
607 956 615 977 ε

492 995 678 1030 Pastali*
705 1005 886 1039 pecore,
929 1005 976 1029 ae
1002 1001 1218 1037 montano,
1262 993 1402 1037 hirto,
1437 1000 1566 1039 atque
1591 995 1751 1029 soloce.

391 1050 468 1083 Sos
493 1058 557 1092 pro
584 1058 641 1080 eos
668 1046 792 1089 antiqui
819 1046 993 1087 dicebant,
1032 1051 1068 1080 ut
1088 1047 1216 1081 Ennius
1240 1046 1299 1081 lib.
1319 1047 1365 1081 L:

495 1099 701 1134 Constitit
725 1097 824 1133 inde
850 1097 940 1132 loci
966 1103 1143 1143 propter
1169 1109 1236 1132 sos
1262 1097 1339 1132 dea
1365 1095 1576 1132 diarum2.

393 1151 450 1185 lib.
471 1150 529 1185 111.
541 1162 548 1183 :

496 1201 666 1236 Circum
692 1211 844 1244 sosque
871 1206 964 1236 sunt
991 1212 1170 1246 magnae
1195 1204 1344 1246 gentes
1370 1201 1613 1246 opulentae.

394 1254 451 1289 lib.
472 1253 566 1288 VIL:

497 1304 600 1339 Dum
627 1307 800 1339 censent
825 1307 990 1338 terrere
1015 1303 1157 1347 minis,
1195 1303 1482 1338 hortanturve
1507 1315 1582 1338 sos.

395 1356 452 1392 lib.
477 1356 554 1391 XL:

497 1405 766 1442 contendunt
792 1405 947 1440 Graios
975 1405 1166 1441 Graecos
1193 1416 1423 1442 memorare
1450 1406 1594 1440 solent
1620 1417 1694 1439 sos

394 1459 560 1495 interdum
586 1469 650 1502 pro
676 1468 751 1492 suos
778 1457 968 1501 ponebant,
1004 1461 1040 1492 ut
1066 1468 1143 1492 cuin
1169 1470 1232 1503 per
1257 1457 1407 1492 dativum
1434 1468 1545 1492 casum
1572 1457 1663 1491 idem
1683 1457 1809 1492 Ennius
1834 1456 1949 1491 effert:

495 1511 723 1552 Postquam
749 1509 905 1542 lumina
930 1509 984 1542 sis
1010 1509 1148 1542 oculis
1174 1510 1303 1544 bonus
1330 1510 1466 1543 Ancus
1491 1509 1675 1553 reliquit.

394 1561 548 1605 Sultis,
584 1561 610 1593 si
637 1560 743 1596 voltis.
794 1560 930 1595 Plautus
956 1560 990 1594 in
1014 1560 1221 1596 Frivolaria:

496 1612 732 1655 Sequimini
758 1623 819 1645 me
846 1611 945 1652 hac,
985 1612 1128 1653 sultis,
1163 1612 1359 1657 legiones
1385 1622 1524 1647 omnes
1550 1612 1759 1644 lavernae.

400 1669 433 1697 et
457 1664 490 1697 in
516 1663 691 1696 Rudente:

502 1715 660 1749 Curate
688 1714 810 1755 haec,
845 1714 983 1753 sultis,
1016 1725 1163 1759 magna
1191 1714 1430 1760 diligentia.

401 1766 450 1799 M.
476 1766 561 1800 Cato
588 1777 651 1810 pro
678 1766 718 1800 L.
744 1765 914 1799 Caesetio:
940 1766 1117 1806 Audite,
1145 1766 1283 1807 sultis,
1310 1766 1489 1808 milites,
1516 1765 1549 1798 si
1575 1765 1666 1809 quis
1692 1769 1872 1799 vestrum
1900 1765 1939 1798 in
1964 1764 2083 1798 bello
2110 1776 2172 1798 su-

402 1818 633 1862 perfuerit,
678 1817 827 1861 siquis
853 1827 929 1850 non
955 1816 1168 1852 invenerit
1193 1818 1433 1862 pecuniam,
1479 1817 1636 1863 egebit.

567 1869 708 1902 Solari
733 1869 801 1904 sine
827 1868 1074 1913 praepositione
1098 1869 1218 1904 dixisse
1244 1869 1397 1914 antiquos
1422 1869 1510 1904 testis
1536 1874 1585 1902 est
1609 1868 1791 1911 Pacuvius,
1829 1879 1906 1902 cum
1933 1867 1994 1900 ait:

504 1919 696 1963 Solatur,
728 1920 977 1960 auxiliatur,
1001 1921 1289 1965 hortaturque
1315 1933 1386 1956 me.

408 2048 536 2089 Uterque
561 2052 590 2080 in
613 2064 701 2091 marg.
721 2053 852 2090 notavit,
884 2054 913 2082 in
937 2059 995 2084 vet.
1018 2055 1091 2084 cod.
1117 2065 1179 2084 esse
1201 2066 1266 2085 30-

411 2090 497 2118 liur.
525 2110 564 2114 —
603 2099 626 2131 1)
650 2096 785 2126 Fortasse
814 2097 869 2134 leg.
899 2102 955 2124 aut
983 2099 1011 2126 εἰ
1043 2098 1143 2127 arbo-r.
1169 2113 1205 2119 —·
1238 2100 1265 2135 2)

411 2132 476 2159 Dia
497 2132 619 2163 dearum
640 2148 718 2167 corr.
738 2141 768 2167 in
791 2149 882 2177 marg.
908 2139 978 2170 Ven.
997 2141 1072 2169 Scal.
1095 2156 1136 2163 —
1166 2139 1196 2179 3)
1212 2141 1266 2168 So-

412 2174 541 2221 latur-ra]
572 2177 605 2204 ln
627 2181 786 2218 exemplari
807 2187 865 2217 est,
897 2189 1038 2220 arquato.
1071 2188 1103 2211 ut
1128 2182 1266 2211 videatur

411 2220 546 2263 ictericos
573 2218 679 2249 dixisse
700 2229 838 2262 arquatos
859 2234 874 2251 a
892 2225 992 2254 colore
1015 2226 1094 2264 auri,
1117 2225 1166 2263 qui
1183 2235 1198 2253 a
1215 2235 1266 2253 ru-

413 2262 494 2286 sticis
516 2257 656 2291 dicuntur
679 2265 763 2294 solati
785 2276 799 2294 a
824 2266 925 2297 colore
943 2268 1028 2298 Solis.
1050 2278 1118 2296 nam
1141 2267 1215 2296 illud

413 2321 419 2328 .
466 2322 472 2328 .
519 2322 526 2329 .
571 2303 682 2342 rigine,
707 2307 838 2346 aurigine
862 2309 951 2349 plane
972 2315 1022 2339 est.
1059 2311 1136 2340 Urs.
1166 2325 1207 2332 -—
1236 2308 1269 2350 4)

412 2341 538 2382 Sospes]
561 2343 593 2371 ln
610 2344 737 2375 editione
758 2348 970 2388 Augustiniana
991 2351 1051 2383 hoc
1072 2353 1268 2392 fragmentum

411 2384 483 2412 adeo
501 2384 636 2414 luxatum
658 2391 716 2423 est,
741 2393 774 2416 ut
793 2400 863 2419 suus
884 2403 920 2422 ex
941 2403 976 2424 eo
998 2404 1100 2426 sensus
1123 2395 1188 2423 elici
1207 2405 1266 2424 non

410 2426 513 2465 possit.
557 2428 643 2458 Ennii
663 2430 830 2469 exemplum
847 2434 925 2469 quod
947 2440 989 2464 est
1007 2437 1101 2474 primo
1125 2437 1192 2466 loco
1209 2447 1266 2477 po-

1308 2055 1413 2092 situm,
1440 2055 1589 2095 respicere
1612 2053 1732 2083 videtur
1753 2052 1791 2084 ad
1815 2052 1953 2090 titulum,
1986 2063 2045 2094 quo
2068 2052 2174 2080 Caesar

1309 2107 1380 2126 usus
1406 2102 1466 2134 est,
1498 2097 1598 2136 quiin
1613 2095 1758 2134 argenteis
1779 2095 1906 2125 denariis
1930 2094 2078 2125 PARENS
2105 2093 2174 2127 PA-

1308 2140 1424 2171 TRLAE
1450 2139 1568 2169 dicitur.
1603 2139 1685 2178 quod
1713 2142 1812 2167 autem
1836 2138 1969 2169 seeundo
1989 2137 2058 2167 loco
2083 2134 2174 2166 hemi-

1309 2182 1448 2211 stichium
1474 2183 1615 2221 ponitur,
1652 2181 1683 2210 id
1706 2181 1818 2210 Paulus
1841 2190 1935 2219 paene
1959 2178 2172 2219 suppeditavit,

1310 2235 1378 2254 cum
1408 2225 1525 2263 inquit:
1571 2224 1695 2255 Videtur
1723 2228 1822 2255 tamen
1849 2222 1962 2252 Ennius
1990 2227 2046 2253 etc.
2090 2218 2171 2250 Accii

1261 2291 1267 2298 .
1313 2277 1416 2299 versus
1447 2267 1566 2297 videtur
1592 2277 1630 2297 ex
1664 2267 1715 2296 illo
1747 2265 1868 2295 Homeri
1902 2265 2078 2296 translatus:
2112 2257 2172 2292 εὗδ’

1312 2309 1414 2340 οἴκαθ’
1431 2309 1560 2341 ἱκέσθαι.
1600 2310 1678 2340 Urs.
1702 2325 1744 2331 —-
1773 2306 1805 2348 5)
1826 2308 2032 2346 Succrotllla,]
2053 2303 2126 2351 Vide
2142 2302 2171 2332 in

1318 2352 1408 2392 Tadi,
1437 2358 1467 2382 et
1488 2352 1520 2383 in
1553 2352 1744 2381 Crocotilum.
1788 2351 1884 2384 Varro
1906 2349 1957 2380 lib.
1976 2353 2001 2378 6.
2031 2348 2067 2376 de
2085 2346 2169 2384 Ling.

1312 2395 1372 2424 Lat.
1395 2406 1464 2427 cum
1486 2395 1639 2424 crocotilc‘s
1661 2394 1748 2433 legit,
1778 2398 1813 2424 ut
1833 2392 1884 2424 hic
1906 2400 2025 2434 quoque
2047 2398 2101 2427 pro
2124 2394 2170 2416 to·-

1310 2437 1398 2467 «lillis
1417 2438 1555 2468 videatur
1571 2437 1694 2466 fortasse
1712 2435 1902 2465 scribendum
1922 2431 2073 2461 crocotula
2088 2441 2169 2458 crus-
