2263 2668
243 150 319 185 560
668 138 1014 174 COMMENTARII
1038 139 1086 172 IN
1114 137 1258 172 PAULI
1284 137 1481 172 DIACONI
1506 139 1761 176 EXCERPTA

245 250 271 273 et
290 247 435 281 praepetes
456 241 613 269 vocantur,
651 238 701 261 aut
723 230 865 273 inferiora
887 238 912 260 et
935 230 1073 260 dicuntur
1095 230 1217 273 inferne.
1262 230 1412 271 Praepeies
1434 239 1529 261 autem
1552 232 1635 271 ideo,
1673 235 1744 273 quia
1767 245 1865 263 omnes
1887 244 1953 263 aves
1972 236 2073 273 priora
2093 244 2195 276 petunt

244 283 385 314 volantes.
420 278 493 308 Vide
517 276 602 304 etiam
625 274 752 303 Gellium
775 274 888 303 lib.VI.
913 284 978 313 cap.
993 276 1022 305 6.
1048 272 1148 304 Scal.
1184 275 1305 304 Servius
1327 275 1357 303 in
1382 274 1496 303 lib.III.
1519 276 1639 304 Aeneid.
1664 275 1762 315 (Serv,
1786 286 1852 315 pag.
1866 278 1937 307 287.
1961 277 2047 316 Dan.)
2070 280 2138 317 ubi,
2161 284 2196 309 ut

245 327 344 361 vides,
377 323 427 351 ille
448 325 595 359 praepetes
618 328 632 346 a
653 328 726 357 prae
748 321 776 345 et
795 324 906 356 petere,
941 316 1022 355 quod
1045 321 1074 345 et
1096 317 1200 345 Festus
1223 317 1322 347 sensit.
1369 317 1424 345 Sed
1449 327 1485 346 en
1509 318 1564 346 tibi
1588 319 1719 348 eiusdem
1744 319 1838 347 Servii
1863 319 1963 347 locum
1987 320 2113 350 alterum
2137 333 2195 351 non

246 369 344 399 minus
365 365 510 393 illustrem
533 360 569 388 ad
592 360 667 388 illud
685 359 732 387 VI.
751 359 870 387 Aeneid.
888 360 979 396 (15.):
1002 357 1189 398 Praepetibus
1201 361 1311 399 pennis.
1341 358 1492 399 Praepetes
1515 368 1628 398 autem,
1651 362 1765 399 inquit,
1790 360 1903 397 dictae,
1926 360 1973 390 vel
1993 362 2074 402 quod
2093 365 2196 403 priora

244 415 359 451 petam,
388 403 434 434 vel
454 403 559 432 summi
581 401 712 438 volatus,
742 400 789 430 vel
809 412 883 441 quae
903 402 1045 441 praepetit
1068 400 1215 438 volatum,
1244 401 1291 431 vel
1311 412 1385 441 quae
1405 401 1563 431 secundum
1586 405 1750 443 auspicium
1767 403 1861 445 facit.
1907 402 1945 432 Et
1967 404 2089 444 quidam
2110 417 2197 445 prae-

243 459 320 492 petes
341 446 462 477 tradunt
485 456 542 474 non
564 452 678 473 tantum
701 455 766 472 aves
789 442 863 479 dici,
902 454 977 484 quae
996 445 1161 483 prosperius
1181 443 1371 484 praevolant,
1410 443 1460 472 secl
1482 446 1569 474 etiam
1593 444 1691 483 locos,
1728 457 1801 486 quos
1824 446 1960 485 capiunt,
1997 446 2078 487 quod
2100 446 2197 478 idonei

241 492 400 534 felicesque
427 496 502 518 sunt.
550 486 632 516 Unde
661 486 729 515 bene
749 485 882 515 Daedali
906 497 1019 526 pennas
1044 494 1206 525 praepetes,
1244 487 1314 527 quia
1339 485 1374 515 de
1396 485 1484 524 locis,
1521 489 1552 516 in
1575 487 1679 528 quibus
1698 487 1861 528 periculum
1885 488 2044 527 metuebat,
2076 490 2108 519 in
2130 489 2199 520 loca

243 536 354 564 tutiora
374 531 511 573 pervenit.
552 529 648 566 Quem
669 529 767 558 Servii
790 529 888 557 locum
912 529 1043 557 illustrat
1066 530 1176 557 Gellius
1200 530 1253 558 lib.
1268 529 1313 557 VI.
1338 533 1465 568 cap.6.‚
1491 530 1540 558 ubi
1564 531 1650 559 etiam
1676 532 1765 559 docet
1788 536 1941 569 praepetes
1964 542 2032 560 aves
2057 533 2086 561 L,
2110 533 2197 561 Clam

246 578 342 606 dictas
364 575 475 610 videri,
511 583 583 611 quas
606 572 752 600 Homerus
773 571 997 611 τανυπτέρυγας
1019 571 1150 610 appellat
1171 572 1255 601 Iliad.
1274 568 1304 607 τ’,
1336 572 1443 608 (ΧΙΧ,
1466 574 1555 610 350.)
1579 573 1659 611 quod
1684 573 1828 612 porrectis
1852 579 1881 601 et
1903 575 2012 612 patulis
2035 574 2090 603 alis
2111 585 2200 614 prae-

245 619 437 649 tervolarent.
482 616 554 644 Inde
580 616 675 644 Gloss.
699 619 854 654 praepetes
877 614 1107 654 ταυυπτέρυγες,
1132 615 1184 643 alis
1208 614 1334 653 patulae.
1377 615 1515 643 Ceterum
1538 620 1657 654 etymon
1681 616 1760 644 Festi
1784 621 1811 644 et
1834 616 1931 644 Servii
1953 627 1969 644 a
1989 628 2060 656 prae
2082 622 2111 646 et
2130 625 2198 658 peto

245 662 318 691 mihi
341 659 464 689 caeteris
486 663 624 698 praestat.
659 657 762 695 Neque
785 659 881 685 minus
905 658 946 685 sic
969 657 1060 693 locis,
1083 667 1169 695 quam
1193 658 1298 685 avibus
1321 659 1416 696 possit
1438 659 1668 687 accommodari.
1702 659 1737 687 At
1761 658 1917 687 Turnebus
1939 659 1980 688 ait
2004 670 2019 688 a
2042 660 2198 700 προπετές,

247 704 327 744 quod
351 709 395 732 est
418 711 547 740 pronum
575 701 612 728 ad
641 700 817 735 labendum,
852 705 879 728 et
898 707 1062 738 praepetere
1084 710 1100 727 a
1121 700 1338 739 προπετὲσθαι,
1376 700 1457 739 quod
1487 706 1586 730 censet
1614 701 1703 730 etiam
1727 701 1858 739 Scaliger
1881 701 1911 730 in
1934 701 2065 732 Aetnam.
2103 703 2198 733 Dae.

249 747 345 786 Quam
367 752 518 785 petamus,
542 753 618 781 quae
640 748 866 782 praepetamus,
890 742 939 770 alii
962 753 1035 782 quae
1053 749 1193 781 petamuS.
1243 741 1347 772 Goth.

410 793 548 824 Pilare.
597 793 728 833 Φιλήτης
751 793 899 827 Hesiodo,
937 798 965 821 et
994 790 1118 831 πιλήτης
1142 793 1268 822 Aeolica.
1300 792 1401 823 Scal.
1446 795 1523 822 Sunt
1552 794 1603 833 qui
1629 795 1759 824 Graecae
1789 794 1913 833 originis
1941 799 2058 834 putant.
2101 793 2199 824 Pilare

246 840 339 879 prima
364 837 478 877 syllaba
502 837 649 876 producta
663 836 787 880 furari,
816 837 938 864 Graecis
962 836 1038 864 enim
1063 834 1191 874 φιΛήτης
1214 836 1261 864 sur
1282 835 1406 866 dicitur.
1450 837 1573 866 Hesiod.
1597 836 1667 876 (Op.
1684 836 1785 877 373.):

775 885 832 923 ⁰09
856 886 886 917 δὲ
909 886 1029 928 γυναικὶ
1050 886 1195 923 πέποιθε,
1225 885 1350 917 πέποιθ’
1375 885 1425 928 ὅγε
1449 887 1598 929 φιλήτῃσι.

250 939 396 980 Φιλήτης,
425 939 540 968 Aeolice
563 936 702 979 πιλὴτης,
728 939 763 968 ab
787 939 920 968 obsoleto
945 935 1058 977 φιλάω,
1083 940 1173 976 φιλῶ,
1198 937 1278 966 unde
1301 938 1382 977 pilo,
1413 940 1558 978 compilo,
1590 941 1646 968 nisi
1669 939 1770 979 potius
1792 939 1888 979 pilare
1911 939 1950 968 sit
1972 950 1988 967 a
2011 942 2122 977 πιλεῖν,
2145 940 2199 969 sti-

245 994 333 1024 pare,
367 983 492 1011 densare
514 987 543 1011 et
564 987 667 1021 postea
691 982 799 1021 pilare,
838 982 948 1018 furari,
985 982 1052 1019 quia
1076 981 1155 1009 sures
1179 980 1288 1019 stipant
1312 991 1362 1017 ea,
1400 992 1475 1020 quae
1499 983 1646 1012 furantur.
1677 982 1768 1012 Dae.
1813 982 1887 1011 Vide
1910 992 1999 1021 supra
2024 980 2200 1022 Gompilare.

249 1025 354 1057 Goth.
388 1024 507 1062 Plures,
536 1025 626 1055 sures.
652 1023 763 1053 Idem.
802 1024 891 1053 Fures
911 1023 1018 1064 piletas
1040 1024 1120 1052 sures
1143 1021 1302 1061 πειράτας,
1333 1024 1381 1052 alii
1402 1023 1517 1064 plures,
1548 1025 1598 1053 alii
1611 1024 1717 1066 fores,
1741 1025 1793 1053 alii
1816 1025 1898 1053 sures
1922 1024 2058 1063 φιλήτας.
2088 1023 2200 1054 Idem.

246 1069 335 1108 Apud
357 1068 520 1097 Hesiodum
542 1068 562 1096 l.
584 1078 608 1098 c.
632 1077 712 1096 nunc
736 1067 836 1096 editur
859 1064 1018 1109 φηλήτῃσι.
1049 1065 1198 1105 Spohnius
1222 1072 1321 1095 tamen
1345 1065 1486 1109 φιλήτῃσι
1509 1068 1659 1106 praetulit.
1696 1067 1763 1097 vid.
1787 1067 1877 1097 Gaisf.
1900 1067 1937 1096 ad
1959 1067 2028 1096 Hes.
2052 1067 2073 1095 l.
2090 1077 2116 1096 c.

409 1118 524 1148 Pilat.
568 1119 666 1147 Prima
689 1123 837 1158 correpta.
875 1118 996 1146 Accius:
1023 1118 1107 1146 Tunc
1126 1118 1254 1156 primum
1276 1116 1414 1157 pilabant
1434 1130 1542 1157 genae,
1565 1118 1596 1147 id
1620 1123 1663 1147 est
1684 1119 1754 1157 pilis
1778 1119 1879 1147 vestiri
1902 1118 2093 1158 incipiebant.
2128 1117 2202 1147 Inde

247 1158 344 1191 Glossj
365 1160 447 1201 pilo,
470 1173 519 1198 as,
543 1159 658 1201 τριχόω.
684 1160 772 1191 Dae.
819 1161 913 1190 Pilare
937 1166 968 1198 ut
990 1161 1125 1199 plumare
1148 1160 1259 1189 dicitur
1283 1161 1377 1189 Nonio
1402 1160 1479 1200 (pag.
1493 1164 1543 1193 39.
1567 1160 1681 1200 Mera).
1729 1159 1834 1192 Goth.

411 1211 507 1241 Pila.
553 1213 708 1241 structura
739 1221 776 1240 ex
807 1212 973 1251 lapidibus,
1012 1212 1170 1240 caementis
1200 1216 1251 1240 aut
1281 1211 1424 1241 lateribus
1454 1211 1491 1240 ad
1514 1211 1625 1250 aliquid
1648 1211 1863 1241 sustinendum.
1907 1211 1966 1241 Sed
1989 1210 2140 1250 quomodo
2162 1209 2201 1239 ab

247 1252 420 1295 opponendo
440 1253 532 1295 pila?
570 1255 658 1283 Unice
681 1254 781 1293 placet
804 1255 924 1284 doctiss.
950 1255 1045 1283 Vossii
1068 1254 1238 1282 coniectura
1260 1253 1299 1282 ab
1323 1253 1494 1294 oppilando.
1539 1255 1637 1283 Pilare
1660 1255 1738 1283 enim
1760 1260 1804 1284 est
1826 1256 1952 1293 stipare,
1981 1254 2122 1290 densare,
2151 1253 2202 1282 fir-

246 1308 335 1327 mare.
358 1296 448 1327 Dae.
494 1297 607 1326 Glossis
637 1298 824 1337 κρηπίδωμα.
857 1296 961 1326 Goth.
1008 1298 1104 1333 Quam
1130 1296 1204 1324 nihil
1227 1301 1328 1334 agant,
1365 1297 1417 1335 qui
1439 1296 1527 1326 hodie
1549 1297 1580 1325 in
1604 1298 1780 1336 etymologia
1806 1297 1924 1336 linguae
1946 1297 2067 1326 Latinae
2089 1296 2202 1324 nullam

247 1341 304 1369 nisi
327 1340 470 1368 Graecam
493 1345 522 1368 et
544 1340 678 1368 Latinam
699 1340 830 1377 linguam
854 1340 1034 1378 respiciunt,
1071 1339 1121 1367 hic
1144 1339 1229 1367 locus
1252 1340 1321 1367 satis
1352 1339 1492 1369 ostendit.
1537 1339 1637 1368 Pilam
1661 1340 1842 1369 D'oderlinus
1863 1341 1961 1378 Etym.
1982 1340 2046 1369 Lat.
2068 1345 2140 1368 tom.
2151 1338 2201 1374 IV,

247 1393 315 1422 pag.
327 1382 400 1414 437.
417 1393 540 1422 apage,
563 1383 677 1423 pepigi,
699 1392 755 1422 per
777 1383 1009 1411 deminutionem
1033 1382 1144 1411 dictum
1170 1386 1254 1419 putat
1276 1392 1292 1409 a
1312 1380 1425 1420 pilare‚·
1455 1392 1546 1420 quum
1569 1392 1665 1410 sermo
1688 1382 1808 1411 Indicus
1832 1384 1965 1411 oninium
1987 1382 2112 1410 istorum
2135 1391 2203 1410 ver-

246 1426 372 1461 borum,
409 1435 483 1464 quae
512 1424 600 1454 huius
629 1430 700 1453 sunt
722 1425 829 1453 similia
851 1425 964 1454 fontem
988 1430 1017 1454 et
1038 1425 1178 1462 originem
1202 1423 1272 1451 satis
1295 1423 1441 1452 ostendat.
1486 1425 1558 1453 Tres
1582 1424 1658 1452 enim
1680 1425 1873 1453 inveniuntur
1897 1424 2054 1453 verborum
2077 1423 2202 1459 radices,

248 1478 324 1506 quae
346 1467 405 1496 hue
429 1467 596 1507 pertinent,
617 1466 678 1507 ρῖῑ,
703 1468 852 1504 emittere,
877 1468 1039 1506 proiicere,
1063 1466 1140 1496 uude
1164 1466 1317 1494 descendit
1336 1465 1417 1505 pila,
1444 1466 1552 1505 (Ball);
1583 1465 1647 1505 pil,
1672 1467 1778 1503 reniti,
1802 1477 1921 1502 arcere,
1944 1465 2024 1494 unde
2047 1465 2203 1495 descendit

245 1509 330 1550 pila,
353 1515 504 1539 structura
529 1520 565 1538 ex
588 1509 740 1549 lapidibus
763 1510 911 1547 (Pfeiler),
941 1515 969 1538 et
988 1509 1104 1549 pilum,
1132 1509 1263 1537 iaculum
1288 1508 1407 1546 (Pfeil)·,
1435 1508 1504 1547 pil,
1528 1509 1672 1544 eminere,
1696 1519 1834 1547 magnum
1857 1508 1937 1545 fieri,
1962 1508 2041 1536 unde
2063 1513 2129 1536 orta
2149 1506 2203 1548 p'i-

249 1552 312 1590 lus,
344 1551 363 1592 ἦ
385 1554 470 1592 θρίξ,
501 1557 529 1581 et
549 1551 662 1592 pileus,
703 1557 817 1589 tegmen
841 1553 961 1591 capitis,
1001 1563 1016 1581 e
1039 1552 1101 1590 pilo
1126 1551 1229 1579 factus.
1274 1550 1334 1578 Iam
1358 1549 1403 1578 his
1426 1551 1583 1579 intellectis
1607 1551 1672 1588 quis
1696 1556 1756 1588 est,
1794 1553 1845 1590 qui
1868 1553 1898 1579 in
1921 1556 2049 1580 mentem
2070 1551 2204 1586 inducat,

249 1596 336 1624 aliam
357 1601 475 1635 praeter
496 1596 583 1624 istam
608 1595 832 1633 originationem
856 1605 892 1623 ex
915 1604 1050 1623 sermone
1073 1593 1225 1621 Sanscrito
1255 1593 1505 1631 circumspicere?
1544 1593 1685 1622 Desinant
1709 1594 1799 1631 igitur
1825 1593 1942 1622 tandem
1966 1593 2127 1632 aliquando
2150 1592 2203 1621 ha-

248 1638 351 1667 riolari
373 1638 431 1666 viri
454 1638 551 1674 docti,
593 1643 622 1665 et
645 1637 683 1666 ad
705 1638 836 1666 sobriam
860 1642 1031 1675 certamque
1055 1636 1223 1673 originandi
1248 1636 1324 1664 viam
1348 1636 1486 1672 redeant,
1524 1645 1582 1674 qua
1611 1636 1701 1665 semel
1725 1637 1890 1675 patefacta,
1927 1634 2002 1664 nihil
2026 1645 2204 1675 magnopere

249 1681 352 1710 auxilii
374 1681 495 1709 aliunde
519 1680 686 1718 exspectari
709 1690 812 1718 posse,
843 1680 912 1708 satis
935 1689 1084 1718 superque
1105 1679 1289 1715 intelligitur.

417 1721 591 1753 Pilentis.
637 1722 710 1751 Vide
734 1722 895 1752 Ilffatronis.
919 1723 1006 1752 Ant.
1028 1722 1124 1761 Aug.
1169 1721 1244 1750 Vide
1266 1721 1330 1750 Liv.
1352 1720 1404 1749 lib.
1417 1720 1451 1749 V.
1475 1731 1540 1760 cap.
1554 1721 1606 1752 25.
1653 1720 1739 1751 Dae.

416 1764 560 1794 Pilani.
606 1765 728 1803 Proprie
752 1765 877 1801 Triarii,
909 1769 1050 1802 totusque
1073 1774 1176 1793 eorum
1200 1764 1273 1792 ordo
1297 1764 1377 1802 pilus
1401 1763 1506 1792 dictus.
1550 1763 1638 1792 Dae.

413 1806 608 1837 Pellieum.
653 1808 803 1837 Galerum.
843 1808 916 1844 Lege
936 1806 1081 1846 pellitam.
1125 1807 1225 1836 Galeri
1253 1807 1329 1835 enim
1358 1816 1396 1834 ex
1424 1806 1553 1844 pellibus
1581 1805 1700 1834 fiebant.
1737 1805 1858 1834 Sueton.
1884 1803 1984 1843 (apud
2006 1805 2142 1834 Servium
2167 1805 2206 1834 ad

253 1849 332 1886 Virg.
356 1850 429 1879 Aen.
445 1850 479 1878 II.
503 1860 569 1888 pag.
581 1852 654 1881 263.
676 1850 720 1878 ed.
746 1850 853 1888 Dan.):
885 1848 1007 1879 Galerus
1028 1848 1122 1888 pileus
1144 1860 1184 1877 ecc
1205 1848 1281 1888 pelle
1302 1848 1414 1877 hostiae
1437 1859 1547 1877 caesae.
1572 1847 1663 1877 Dae.
1710 1848 1798 1886 Apud
1822 1847 1958 1876 Servium
1982 1847 2000 1876 1.
2020 1857 2046 1878 c.
2069 1846 2142 1876 haec
2164 1847 2205 1876 le-

255 1897 377 1927 guntur:
401 1892 541 1930 Sytonius
563 1894 621 1921 tria
641 1904 747 1932 genera
767 1892 910 1932 pileorum
932 1891 1029 1928 dixit,
1052 1890 1157 1931 quibus
1178 1890 1343 1920 sacerdotes
1364 1898 1501 1919 utuntur:
1530 1891 1691 1930 apicem,
1715 1888 1896 1923 tutulum,
1916 1888 2056 1929 galet-u
2067 1901 2104 1918 m.
2145 1888 2206 1919 Sed

255 1934 364 1971 apicem
385 1933 491 1973 pileum
514 1934 635 1972 subtile,
660 1936 741 1964 circa
763 1934 889 1964 medium
911 1935 996 1972 virga
1017 1934 1171 1971 eminente3
1200 1932 1325 1962 tutulum
1346 1931 1455 1972 pileum
1480 1931 1611 1962 lanatum
1635 1940 1728 1961 metae
1738 1933 1862 1972 figura5
1883 1930 2015 1971 galerum
2033 1930 2143 1971 pileum
2165 1942 2207 1961 εει,-

255 1973 328 2012 pelle
350 1975 458 2005 hostiae
481 1988 591 2006 caesae.
635 1978 769 2007 Eundem
794 1979 865 2006 citat
887 1977 1008 2005 Servius
1032 1976 1089 2004 alio
1113 1976 1181 2004 loco
1205 1976 1247 2004 sic
1271 1977 1348 2014 (pag.
1361 1977 1434 2007 492.
1460 1975 1561 2014 Dan.):
1599 1973 1731 2004 Sitonius
1754 1976 1784 2003 in
1807 1973 1883 2004 libro
1907 1972 1942 2003 de
1963 1985 2064 2013 genere
2085 1975 2206 2004 vestium

257 2014 329 2044 dicit
351 2018 406 2045 tria
429 2030 487 2046 esse
505 2031 610 2059 genera
632 2019 797 2049 trabearum
821 2025 876 2048 cet.
922 2019 988 2055 Qua
1012 2019 1047 2047 de
1070 2028 1174 2047 caussa
1197 2018 1359 2047 delendum
1382 2017 1501 2046 videtur
1524 2018 1555 2046 in
1578 2017 1750 2056 fragmentis
1772 2017 1904 2045 Suetonii
1929 2017 2111 2055 opusculum
2132 2016 2206 2054 eius,

257 2058 338 2096 quod
366 2060 553 2089 inscribitur:
588 2062 632 2091 De
655 2074 684 2090 re
705 2064 844 2092 vestiaria
865 2061 947 2091 liber.
991 2062 1058 2090 Non
1082 2061 1158 2090 enim
1180 2061 1354 2097 Suetonius,
1393 2060 1445 2089 sed
1468 2059 1635 2097 Sitonium,
1669 2060 1716 2089 vel
1740 2058 1907 2089 Sithonium
1929 2059 2038 2088 librum
2060 2059 2206 2089 eiusmodi

257 2100 409 2140 scripsisse
430 2106 553 2132 testatur
575 2105 704 2133 Servius.

422 2142 599 2176 Pellexit.
643 2147 718 2175 Vide
739 2145 860 2176 Adlicit
883 2151 911 2175 et
932 2145 1031 2175 Laeit.
1071 2145 1211 2175 Pellicere
1234 2146 1320 2174 etiam
1343 2145 1375 2173 in
1399 2145 1465 2173 XII.
1484 2145 1544 2176 tab.
1569 2155 1624 2185 pro
1647 2144 1829 2174 carminibus
1852 2144 1973 2173 elicere:
1996 2144 2062 2173 Neu
2083 2143 2206 2173 alienam

259 2189 386 2223 segetem
407 2185 580 2223 pellexeris,
610 2188 669 2217 hoc
692 2194 750 2226 est,
783 2194 817 2218 ut
840 2189 944 2226 virgil.
968 2193 996 2216 et
1017 2188 1125 2217 T1bull.
1147 2189 1294 2225 dicerent,
1319 2186 1498 2216 traduxeris.
1541 2187 1630 2217 Dae.

424 2225 626 2259 Pelluviae.
669 2231 743 2260 Vide
766 2230 943 2260 Malluviae.
966 2230 1055 2260 Dae.
1089 2231 1172 2261 Adde
1195 2231 1271 2260 infra
1294 2229 1466 2260 Polubrum.
1498 2230 1611 2258 Glossis
1633 2230 1820 2268 ποδονίπτης
1840 2226 2010 2269 pelluvium.
2058 2225 2162 2258 Goth.

261 2312 284 2340 A
351 2267 560 2348 (7221))εἶῖενη
583 2270 726 2301 habere.
769 2274 899 2302 Pellibus
922 2274 1068 2309 ferarum,
1100 2274 1259 2313 praecipue
1281 2275 1414 2310 leonum,
1446 2273 1504 2310 tegi
1525 2273 1659 2302 solebant
1683 2272 1786 2312 primis
1810 2271 2005 2311 temporibus.
2045 2270 2148 2309 virgil.
2166 2269 2203 2298 11.

288 2321 332 2341 en.
427 2332 433 2340 .
458 2321 464 2339 :

882 2376 912 2380 —
964 2373 1005 2380 -
1048 2356 1190 2398 Fulvique
1212 2359 1355 2388 insternor
1375 2355 1450 2396 pelle
1472 2355 1572 2386 leonis.

262 2395 351 2427 Dae.
