2263 2668
516 150 581 184 DE
607 148 993 185 SIGNlFICATIONE
1019 146 1303 182 VERBORUM.
1356 146 1499 181 LIBER
1525 148 1583 182 XI.
1944 145 2020 180 509

242 247 424 275 llIansues.
469 243 564 272 Plaut.
589 242 713 280 Λεία-Ι,
735 246 773 280 2,
797 243 890 281 (19.);

506 300 645 331 Reddam
666 313 716 342 ego
739 309 766 330 ie
788 312 827 331 ex
840 300 931 343 fera,
953 299 1041 341 fame
1061 307 1250 337 mansuetem,
1283 311 1326 328 me
1348 306 1445 338 specta
1470 297 1566 328 modo.

74 364 163 393 Dac.
197 363 270 392 Vide
292 362 420 391 Nonium
443 362 472 390 in
495 361 665 390 Mansuetus
689 360 766 401 (pag.
781 360 867 400 483.)
890 365 918 390 et
940 360 1079 389 Mansues
1102 358 1180 398 (pag.
1194 358 1272 398 59.).
1323 357 1426 388 Goth.

238 413 472 442 Illeritavere.
519 412 638 441 Catonis
663 412 754 441 verba
776 412 867 440 relata
891 422 906 440 a
931 411 1015 440 Festo
1039 421 1096 438 non
1121 410 1313 448 assequimur.
1338 409 1422 438 Ant.
1444 409 1539 449 Aug.
1583 407 1769 442 Meritavere,
1800 417 1884 445 saepe
1906 417 2020 435 merue-

76 464 160 493 runt,
186 456 259 484 Cato
284 456 377 492 dixit,
404 456 568 484 Poenorum
585 454 635 483 IV.
674 454 800 495 Suffeies
821 461 941 483 evocant
963 453 1057 482 omnis
1080 452 1228 490 cohortes,-
1259 453 1370 488 omnis,
1395 453 1445 491 qui
1466 450 1611 490 stipendia
1633 450 1845 478 meritaverunt.
1883 448 1925 477 tta
1948 449 2020 477 mihi

76 499 184 528 videor
206 499 375 537 scripturae
397 498 474 526 Festi
497 497 619 534 vestigia
644 497 771 526 odorari.
796 495 897 526 Scal.
935 496 1168 524 Rescribendum
1192 499 1233 522 est
1256 495 1470 530 meritaverunt,
1493 505 1575 533 saepe
1596 498 1766 521 meruerunt.
1804 491 1842 519 Ut
1865 501 1902 519 ex
1924 491 2020 520 verbis

74 541 198 570 Catonis
221 541 410 569 manifestum
435 544 492 574 est3
516 540 547 568 in
569 539 605 568 iis
628 540 723 568 omnis
745 549 802 578 pro
826 550 921 568 omnes
943 539 991 567 vel
1014 539 1138 574 omneis,
1162 537 1293 575 antique.
1328 536 1402 564 Vide
1423 536 1520 576 suffles.
1565 535 1653 564 Dac.

238 590 506 631 IlIagnijicius.
549 590 736 629 Magni....
774 590 907 626 Catonis,
932 590 995 618 Atei
1019 593 1046 617 et
1068 589 1184 627 nepotis
1209 588 1245 616 M.
1268 587 1402 622 Catonis,
1433 590 1467 614 ut
1489 586 1611 625 opinor,
1643 582 1787 613 sententia
1812 582 1938 611 obscura
1961 587 2015 618 est,

74 634 120 662 ln‘s
143 633 246 672 paucis
269 634 419 671 exceptis,
443 643 518 671 quae
536 633 627 661 Paulo
651 633 801 661 debemus.
824 632 913 662 Ant.
930 632 1025 671 Aug.
1059 632 1131 659 Cum
1155 631 1185 658 in
1208 630 1288 659 hisce
1312 628 1469 657 ruderibus
1492 627 1654 656 excitandis
1677 626 1748 655 satis
1771 624 1823 653 diu
1847 635 1892 653 me
1916 626 2022 653 torsis-

75 686 135 704 sem
158 681 187 704 et
210 686 313 704 eorum
336 680 449 704 tantum
473 680 587 714 partem
611 675 740 714 aliquam
764 675 938 712 edidissem,
961 675 1079 703 tandem
1104 683 1149 701 ine
1173 673 1207 701 ab
1232 672 1287 700 hae
1310 682 1380 700 cura
1403 670 1529 699 schedae
1551 671 1675 699 liberum
1693 669 1804 703 secere,
1829 677 1904 704 quae
1921 667 2023 695 sinon

74 719 174 748 locum
192 717 356 755 integrum,
381 723 478 746 tamen
501 718 687 756 aliquatenus
710 718 870 746 restaurari
893 717 1009 746 facilem
1033 721 1159 756 ponunt.
1194 716 1289 744 Verba
1313 715 1431 752 quidem
1450 714 1568 741 Catonis
1590 718 1624 741 ut
1647 711 1734 740 valde
1756 709 1931 738 confidentis
1948 714 2023 737 esset

74 771 106 789 se
129 766 346 799 praestaturum
368 761 501 799 recipere
522 761 564 789 ita
587 761 673 789 nimis
694 760 861 789 meticulosi
884 770 972 798 super
994 759 1030 787 iis
1053 759 1253 787 coniecturam
1281 767 1362 785 suam
1391 761 1497 784 tacere.
1543 756 1654 783 Locum
1687 754 1778 791 igitur
1809 753 1956 789 integrum
1980 751 2022 780 sic

75 802 211 832 tentabo:
250 802 322 832 Cato
344 803 374 830 in
397 814 430 831 ea
453 815 539 843 quam
563 803 680 842 scripsit
694 824 821 832 .......
838 801 968 832 Crimina
991 812 1100 841 magna
1123 802 1188 841 quis
1209 800 1294 829 liomo
1318 809 1405 839 quam
1430 805 1459 825 iu
1481 804 1531 825 aut
1552 796 1683 837 pulcrius
1711 801 1819 835 purgat
1840 801 1891 821 aut
1910 794 2024 832 magni·

72 846 170 884 fidus.
202 844 290 873 Nunc
311 845 544 885 magnificentius
567 843 693 874 dicimus
715 856 779 874 cum
802 845 990 884 magnificeris
1011 845 1070 872 eius
1089 843 1232 883 positivus
1255 853 1312 870 non
1336 838 1462 879 amplius
1484 840 1520 867 sit
1543 841 1572 867 in
1595 851 1656 868 usu.
1688 838 1733 867 At
1758 846 1844 875 nepos
1865 836 1925 864 eius
1942 837 1972 864 in
1991 847 2024 864 ea

74 898 162 927 quam
185 888 303 927 scripsit
327 908 418 917 .....
443 894 539 915 tamen
563 889 624 915 aii:
657 899 721 916 cum
743 886 849 916 aedilis
872 885 981 916 curulis
1002 893 1071 915 esset
1094 887 1118 915 is
1141 893 1199 913 ium
1223 895 1344 923 magnae
1367 887 1421 911 etc.
1465 882 1506 909 De
1529 886 1637 920 nepote
1661 879 1779 908 Catonis
1803 878 1871 907 vide
1896 878 2023 906 Gellium

73 930 124 960 lib.
137 930 219 960 XIII.
243 940 307 968 cap.
323 931 370 960 18.
408 929 609 968 Illagnficior.
649 930 709 958 Iam
733 930 801 958 alibi
827 930 993 958 monuimus
1016 929 1134 957 Festum
1158 928 1250 956 libros
1274 937 1343 954 suos
1365 927 1405 953 ita
1428 924 1638 962 conscripsisse
1661 928 1694 951 ut
1716 931 1803 950 voces
1826 930 1926 948 omnes
1949 930 2024 958 quae

75 973 112 1001 ab
136 972 238 1000 eadem
260 972 357 1000 littera
380 972 566 1010 incipiebant
586 973 617 1000 in
642 972 767 1001 eundem
791 973 899 1001 librum
922 971 1074 1008 retulerit,
1099 970 1181 999 nullo
1205 969 1385 1008 syllabarum
1409 967 1512 995 ordine
1535 972 1668 1001 servat03
1692 964 1760 993 inde
1777 964 1887 991 sactum
1908 968 1968 999 est,
1991 967 2023 990 ut

75 1015 126 1053 qui
150 1014 264 1052 singula
289 1013 494 1053 alphabetico,
526 1019 559 1042 ut
580 1025 741 1052 vocamus,
777 1015 882 1044 ordine
906 1015 1063 1054 disponere
1086 1023 1238 1052 aggressus
1262 1017 1322 1047 est,
1357 1011 1380 1039 is
1403 1009 1495 1038 multa
1517 1009 1671 1046 reliquerit
1694 1012 1722 1036 et
1746 1010 1888 1043 corrupta
1912 1009 1939 1033 et
1962 1005 2022 1033 suis

74 1057 193 1086 sedibus
217 1061 305 1085 mota.
341 1057 429 1085 Velut
452 1057 500 1086 hic
523 1058 711 1098 magnificior
733 1069 847 1098 quoque
868 1081 994 1088 .....
1020 1057 1099 1095 quod
1124 1056 1160 1084 ad
1183 1055 1350 1095 munificior
1371 1053 1509 1092 pertinet.
1547 1051 1696 1089 Scriptum
1721 1049 1797 1078 enim
1821 1048 1931 1076 fuerat:
1954 1047 2021 1075 Mu-

74 1100 190 1139 nificior
213 1110 327 1139 quoque
349 1098 507 1128 deduxisse
529 1099 650 1128 videtur.
688 1100 745 1128 Sed
770 1101 817 1128 adi
840 1100 1019 1128 munificior.
1066 1099 1153 1128 Dae.

238 1147 480 1188 Munificior.
527 1151 570 1179 Ex
594 1150 641 1179 his
666 1151 749 1179 Pauli
771 1151 870 1181 verbis
894 1150 1040 1188 intelliges
1063 1149 1140 1178 Festi
1162 1149 1263 1178 verba.
1307 1147 1395 1176 Ant.
1418 1145 1511 1184 Aug.

238 1198 553 1230 M'ecliocriculus.
597 1201 822 1232 Mediocriculo.
867 1202 1020 1231 Obscurus
1044 1202 1144 1238 loeus,
1178 1206 1206 1229 et
1227 1200 1258 1228 ni
1279 1199 1383 1234 fallor,
1413 1196 1579 1224 mendosus.
1607 1194 1696 1223 Ant.
1720 1192 1814 1231 Aug.
1863 1189 1901 1221 Τὸ
1922 1202 2023 1230 genere

75 1243 207 1271 abundat
230 1243 259 1271 in
283 1242 384 1270 verbis
407 1243 536 1272 Catonis.
580 1244 682 1282 Itaque
712 1244 794 1281 dele;
831 1246 904 1283 quin
928 1255 1023 1283 neque
1046 1245 1156 1273 Paulus
1178 1243 1284 1278 habet,
1318 1239 1400 1280 quod
1422 1250 1481 1267 non
1505 1238 1612 1266 leviter
1633 1236 1719 1265 fulcit
1743 1234 1941 1263 coniecturam
1965 1244 2023 1261 no—

74 1291 173 1314 stram.
206 1283 306 1314 Scal.
353 1287 376 1312 A
399 1285 557 1314 mediocris
582 1292 626 1315 est
655 1287 899 1316 mediocriculus:
939 1288 968 1316 in
992 1287 1091 1316 verbis
1116 1288 1234 1315 Catonis
1256 1283 1287 1315 τὸ
1309 1294 1423 1324 genere,
1461 1281 1510 1310 vel
1533 1285 1566 1309 ut
1588 1280 1653 1317 alii,
1689 1288 1785 1318 gerere
1808 1276 1954 1312 abundat,
1990 1279 2024 1303 ut

74 1329 185 1368 optime
208 1327 320 1356 monuit
343 1328 488 1365 Scaliger3
512 1338 608 1367 neque
630 1328 704 1357 illud
727 1329 803 1358 infra
829 1330 936 1358 Paulus
959 1330 1097 1367 agnoscit.
1144 1330 1231 1359 Dac.

236 1377 380 1406 ,Matini
412 1378 544 1411 Titini,
595 1380 669 1409 Vide
696 1391 733 1409 an
761 1380 801 1409 ita
830 1381 921 1410 scribi
951 1381 1072 1410 debeat:
1107 1379 1143 1410 Ῑη
1172 1381 1348 1419 angipor1u5
1383 1375 1419 1405 de
1447 1386 1503 1415 quo
1533 1374 1594 1402 aris
1624 1370 1749 1402 sublatis
1778 1368 1929 1399 balnearia
1955 1375 2022 1397 suni

72 1428 174 1460 postea
198 1420 287 1461 facia
319 1419 422 1449 domus
455 1419 516 1450 CN.
549 1420 683 1452 Caluini:
727 1434 792 1453 cum
827 1424 978 1453 mansisset
1011 1422 1049 1452 ab
1085 1422 1154 1452 urbe
1190 1421 1311 1452 condita
1339 1419 1380 1448 acl
1406 1420 1605 1458 principatum
1634 1413 1775 1453 Augusti.
1830 1412 1934 1439 Cetera
1965 1420 2024 1439 non

73 1463 274 1502 assequimur3
312 1463 365 1491 sed
395 1463 464 1492 addi
494 1470 637 1503 possunt,
673 1475 747 1504 quae
770 1466 880 1495 Paulus
907 1467 998 1495 refert
1025 1466 1061 1494 de
1089 1466 1249 1495 mulierum
1278 1462 1434 1492 sacrificio.
1478 1459 1631 1490 videndus
1662 1457 1748 1486 etiam
1772 1454 1970 1483 Tertullianus
1992 1453 2024 1480 in

72 1507 198 1545 APOIOg·
223 1506 351 1544 cap-24.
385 1506 495 1536 Arnob.
527 1508 577 1536 lib.
591 1507 640 1538 IV.
672 1513 777 1537 contra
807 1514 916 1546 gentes.
947 1509 1087 1538 Fir-mian.
1119 1509 1168 1536 lib.
1181 1508 1205 1537 I.
1236 1517 1300 1545 cap.
1315 1509 1366 1537 20.
1398 1505 1472 1542 Aug.
1497 1502 1610 1532 lib.IV.
1636 1511 1702 1539 cap.
1718 1497 1826 1542 11'.de
1850 1496 1936 1524 Civit.
1960 1495 2022 1525 Dei.

72 1549 160 1578 Ant.
183 1548 278 1588 Aug.
324 1547 445 1577 Matini.
488 1549 532 1578 Ita
562 1550 732 1588 explemus:
770 1551 881 1579 ,Matini
906 1551 1000 1579 Titini
1028 1549 1168 1579 sacellum
1188 1549 1256 1590 fuit
1285 1550 1315 1577 in
1340 1546 1434 1576 Veliis
1456 1544 1609 1574 adversum
1633 1552 1746 1572 murum
1769 1536 1970 1567 Mustellinum
1993 1538 2024 1566 in

73 1592 243 1630 angiperta:
268 1588 304 1618 de
326 1601 383 1630 quo
406 1591 466 1619 aris
487 1590 612 1620 sublatis
636 1591 786 1621 balnearia
808 1600 874 1621 sunt
889 1592 984 1634 facta
1009 1592 1133 1620 Domitii
1158 1590 1291 1621 Caluini:
1320 1601 1386 1619 cum
1408 1589 1560 1616 mansisset
1583 1585 1621 1615 ab
1644 1584 1711 1614 urbe
1733 1580 1851 1611 condita
1875 1578 1916 1608 ad
1935 1580 2023 1619 prin.-

73 1634 203 1672 cipatum
227 1632 369 1671 Augusti.
412 1631 563 1671 Religiose
592 1641 618 1662 et
644 1641 744 1663 sancte
773 1633 883 1663 cultum
906 1633 1020 1675 juisse,
1059 1633 1248 1675 manifestum
1276 1640 1325 1662 est.
1370 1630 1451 1659 Nam
1479 1640 1556 1658 nunc
1584 1627 1626 1657 ad
1650 1633 1766 1656 sextum
1789 1631 1814 1652 et
1836 1623 2023 1651 vicensimum

73 1682 161 1704 extra
183 1674 281 1703 urbem
311 1672 478 1702 aediculam
507 1674 609 1711 habet,
644 1675 695 1704 ubi
716 1683 742 1704 et
763 1675 887 1713 colitur,
927 1684 952 1705 et
975 1675 1108 1705 mulieres
1130 1677 1206 1715 togis
1226 1674 1389 1714 praetextis
1411 1671 1522 1701 velatae
1544 1671 1570 1699 ei
1591 1670 1770 1709 sacrficant.
1817 1665 1925 1693 Ultima
1948 1675 2024 1703 sup-

73 1716 222 1756 plevimus
241 1726 278 1744 ex
295 1716 385 1744 Paulo
409 1716 448 1744 ita
473 1722 505 1745 ut
527 1718 627 1756 negari
650 1729 710 1746 non
733 1719 842 1757 possit,
867 1719 939 1758 quin
962 1729 1031 1748 vera
1055 1718 1143 1747 verba
1167 1717 1394 1746 reddiderimus.
1428 1715 1502 1742 Nam
1526 1723 1562 1741 ex
1585 1736 1591 1742 .
1606 1734 1633 1742 ..
1648 1708 1775 1742 ,iculum
1799 1707 1921 1736 fecimus
1943 1705 2024 1736 aedi-

75 1757 189 1795 culam,
214 1769 250 1787 ex
267 1779 293 1786 ..
307 1779 314 1786 .
328 1759 409 1794 .ine,
433 1758 574 1791 mulieres,
604 1760 677 1789 Nam
702 1783 708 1789 .
722 1783 728 1789 .
742 1783 748 1790 .
762 1763 841 1799 .ine‚
863 1766 932 1791 sunt
955 1762 1054 1800 apices
1078 1761 1241 1789 litterarum
1266 1759 1415 1797 syllabae,
1439 1766 1515 1795 quae
1538 1760 1582 1784 est
1605 1753 1768 1793 penultima
1791 1750 1821 1778 in
1844 1759 1935 1786 voce,
1958 1761 2023 1777 mu-

74 1801 164 1830 lieres.
209 1801 288 1829 Illud
311 1806 407 1829 autem
432 1801 573 1838 ....vla‚
598 1803 663 1841 quis
687 1803 806 1832 dubitat
833 1814 895 1833 esse
923 1804 1064 1842 reliquias
1091 1804 1175 1831 vocis
1201 1799 1349 1831 Velatae?
1380 1797 1480 1829 Scal.
1526 1796 1562 1826 In
1587 1795 1691 1826 Veliis.
1731 1794 1807 1822 Male
1830 1793 1866 1821 al.
1889 1792 1919 1820 in
1941 1790 2022 1822 velit.

73 1843 200 1873 Palatini
231 1843 339 1872 montis
369 1853 437 1882 pars
466 1854 583 1873 versum
608 1846 737 1875 Coelium
764 1845 867 1876 Veliae
894 1847 1060 1876 dicebatur.
1103 1846 1224 1874 Murum
1246 1842 1457 1873 Mustellinum.
1502 1841 1559 1868 Ubi
1588 1849 1692 1867 murus
1719 1837 1774 1865 iste
1797 1835 1887 1864 suerit
1910 1834 2021 1870 nescio,

73 1888 175 1915 forsan
197 1885 279 1914 iuxta
302 1885 410 1914 collem
434 1887 578 1916 Latiarem
600 1888 631 1916 in
653 1889 801 1924 Quirinali
823 1890 873 1918 ubi
895 1890 980 1919 vicus
1005 1889 1061 1917 suit
1084 1889 1134 1926 qui
1157 1886 1354 1916 mustellarius
1377 1885 1505 1914 Varroni
1529 1882 1647 1911 dicitur.
1672 1881 1762 1909 Dac.
1801 1878 1946 1906 Mutinum
1969 1876 2022 1903 Ti-

73 1930 168 1958 tinum
191 1929 330 1967 Piiapum
353 1929 498 1958 vocabant
521 1940 606 1968 quem
631 1941 711 1960 nunc
733 1932 906 1971 simpliciter
930 1932 976 1960 vel
1000 1931 1147 1960 Mutinum
1171 1930 1217 1958 vel
1241 1929 1392 1958 Tutinum.
1428 1927 1500 1955 Nam
1520 1925 1668 1954 llluiinum
1690 1922 1737 1952 vel
1760 1928 1909 1949 mutunum
1932 1928 2022 1946 mem-

73 1972 160 2000 brum
184 1971 269 2000 virile
292 1971 439 2008 significat
462 1977 494 2000 ut
516 1978 545 2001 et
565 1973 703 2002 Tutinum
726 1974 789 2003 sive
807 1975 970 2010 Tutanum,
994 1984 1099 2012 nempe
1124 1984 1159 2002 ex
1182 1980 1244 2001 ruia
1268 1982 1321 2010 pro
1342 1977 1430 2011 puta,
1454 1974 1509 1998 etc.
1544 1968 1654 2006 Nempe
1677 1977 1693 1994 a
1717 1961 1822 2004 μυττὸς
1841 1958 2019 2007 Ρηίῖεπᾶνξηῖ

74 2013 207 2054 μυττών,
232 2011 399 2052 μυττώνος,
423 2022 580 2044 mutianus.
614 2017 650 2045 Et
667 2027 682 2044 a
699 2015 821 2055 ποσθή,
844 2014 972 2048 ποσθῶν
988 2014 1168 2051 ποσθῶνος,
1190 2022 1330 2054 potianus
1353 2018 1381 2042 et
1401 2024 1421 2052 p
1445 2016 1557 2040 mutato
1579 2011 1610 2038 in
1634 2016 1644 2037 1
1666 2015 1804 2036 tununus.
1827 2004 1915 2032 Dae.
1952 2003 2020 2030 Dm

75 2058 112 2086 ad
139 2058 155 2084 Ι.
172 2057 235 2084 Xll.
256 2056 347 2084 Tam).
393 2056 475 2085 Adde
497 2058 621 2087 Tertull.
644 2059 799 2097 Apologet.
823 2070 886 2098 cap.
899 2061 951 2091 24.
979 2059 1088 2088 Arnob.
1107 2060 1136 2090 4.
1161 2058 1294 2086 Lactant.
1314 2060 1345 2093 1,
1368 2058 1419 2087 20.
1446 2055 1570 2092 August.
1595 2052 1631 2081 de
1654 2051 1740 2080 Civit.
1763 2046 1817 2077 Dei
1836 2049 1883 2076 11.
1926 2043 2017 2075 Velis.

73 2099 173 2130 Vetiis,
205 2098 414 2128 Praete-‘tratis-
445 2100 615 2128 Praetestis.
664 2100 768 2132 Goth.

238 2149 448 2179 Matronae.
491 2151 537 2178 Ex
559 2150 604 2179 his
629 2151 726 2180 verbis
749 2162 823 2190 quae
846 2157 1013 2191 sequuntur
1035 2151 1112 2181 Festi
1136 2150 1226 2179 verba
1250 2152 1415 2188 potuerunt
1436 2151 1516 2176 recte
1539 2143 1700 2180 conscribi3
1731 2145 1760 2170 et
1782 2139 1942 2170 videndum
1965 2144 2017 2176 est,

74 2203 112 2221 au
133 2191 171 2220 ad
193 2191 266 2220 haec
290 2192 469 2230 pertineant,
502 2203 576 2231 quae
599 2193 635 2222 de
659 2194 768 2223 Vestali
793 2195 916 2223 Claudia
937 2195 1119 2234 produntur,
1149 2203 1223 2231 quae
1247 2198 1361 2230 patrem
1385 2190 1542 2229 complexa
1566 2189 1603 2217 de
1626 2196 1718 2215 curru
1740 2193 1771 2213 se
1793 2182 1909 2213 detrahi
1932 2192 2017 2220 passa

74 2245 135 2263 non
158 2239 219 2271 est,
243 2235 345 2263 Cicero
369 2245 424 2273 pro
448 2235 564 2272 Coelio,
589 2235 701 2274 (c.14.)
728 2237 822 2265 vater.
845 2237 922 2267 Max.
948 2238 997 2265 lib.
1015 2237 1047 2267 V.
1071 2247 1135 2275 cap.
1150 2239 1180 2267 4.
1204 2237 1284 2263 Suet.
1308 2235 1338 2262 in
1362 2233 1480 2262 Tiberio
1504 2242 1567 2270 cap.
1583 2233 1632 2262 11·
1655 2229 1745 2260 Ani·
1768 2226 1862 2265 Aug·
1906 2226 2016 2253 ΜΘΠὊ-

73 2287 129 2306 nae
152 2288 167 2305 a
190 2277 410 2314 magistratibus
434 2288 492 2306 non
515 2279 794 2315 summovebantur,
829 2290 865 2307 ne
894 2280 1006 2318 pulsari
1036 2277 1253 2307 contrectarive
1283 2277 1472 2311 viderentur,
1508 2283 1581 2302 neve
1604 2271 1743 2310 gravidae
1767 2271 2012 2313 concuterentur3

74 2330 161 2359 quam
186 2321 260 2348 enini
285 2320 410 2358 piimam
432 2320 490 2349 lioc
512 2321 577 2350 iure
600 2331 682 2349 usam
706 2322 746 2349 ait
771 2322 908 2357 Verrius,
943 2333 1005 2351 eam
1037 2322 1161 2350 caeteris
1189 2320 1358 2358 exemplum
1388 2317 1518 2354 dedisse,
1553 2316 1626 2344 adeo
1650 2319 1683 2343 ut
1705 2323 1760 2342 nec
1783 2322 1850 2340 cum
1872 2308 2013 2353 uxoribus

74 2363 227 2399 adessent,
257 2373 316 2401 quo
340 2363 567 2400 descenderent,
599 2365 663 2401 cogi
688 2364 767 2392 viros
789 2375 805 2392 a
828 2365 1064 2402 magistratibus,
1089 2364 1170 2402 quod
1193 2363 1345 2391 communi
1368 2360 1504 2390 vehiculo
1527 2358 1648 2387 vehitur
1670 2357 1716 2386 vir
1739 2361 1766 2384 et
1789 2363 1875 2383 uxor.
1917 2349 2012 2378 Medm

75 2407 99 2434 si
122 2416 181 2434 non
204 2407 326 2444 penitus
348 2405 420 2445 ipsis
450 2406 548 2436 verbis
572 2406 649 2435 Festi
678 2412 822 2446 concepta
852 2413 937 2445 sunt,
979 2412 1009 2436 at
1037 2406 1140 2436 saltem
1163 2416 1179 2434 n
1203 2406 1344 2434 sententia
1373 2413 1409 2434 ac
1438 2407 1535 2431 mente
1558 2401 1638 2430 Festi
1667 2400 1790 2440 propius
1813 2396 1927 2424 absunt·
1972 2391 2012 2420 De
