2263 2668
216 185 291 220 572
647 179 991 215 COMMENTARII
1017 181 1066 215 IN
1091 181 1236 216 PAULI
1262 180 1458 215 DIACONI
1483 182 1736 218 EXCERPTA

217 284 307 308 ctum.
354 276 467 306 Gellius
495 283 532 302 ex
563 272 657 301 veteri
686 272 790 302 codice
817 274 866 303 lib.
880 276 916 304 X.
941 285 1006 314 cap.
1020 274 1070 308 24.
1094 275 1220 314 loquens
1247 275 1283 304 de
1307 273 1472 312 Diequinti:
1507 273 1679 304 Extremam
1711 276 1794 304 istius
1822 277 1903 305 vocis
1929 275 2075 314 syllabam
2104 287 2166 309 tum

212 334 264 361 per
282 333 312 358 e,
344 328 403 348 tum
424 328 475 356 per
497 317 508 344 i
528 316 668 354 scriptam
690 314 756 355 legi.
800 316 874 345 Nam
897 328 1060 356 sanequam
1084 324 1255 347 consuetum
1279 317 1429 346 veteribus
1452 317 1567 354 fuerat,
1605 319 1699 347 literis
1723 319 1757 346 iis
1779 319 1955 357 plerumque
1979 320 2022 348 uti
2045 321 2166 350 indiffe-

213 369 328 393 renter:
362 361 439 388 sicut
462 357 629 397 praefiscini
653 362 681 386 et
704 359 895 397 praefiscine,
925 361 1056 399 proclivi
1079 365 1107 388 et
1129 361 1281 399 proclive,
1311 365 1399 396 atque
1422 359 1480 387 alia
1502 360 1573 388 item
1597 361 1689 389 multa
1712 360 1771 388 hoc
1794 371 1886 397 genus
1909 362 1990 389 varie
2013 362 2166 393 dixerunt.

214 407 292 435 Idem
322 402 410 431 habet
439 406 524 429 vetus
548 400 691 429 Macrobii
722 402 834 439 codex,
872 408 902 431 at
932 404 960 431 in
986 403 1115 441 vulgatis
1138 404 1256 442 pristini
1280 408 1307 431 et
1329 402 1472 440 pristine,
1508 412 1565 441 pro
1589 403 1757 442 praefiscini
1781 403 1954 442 praefiscine
1977 404 2087 434 editum
2111 411 2164 436 est.

214 445 315 476 Scal.
341 445 424 473 Plaut
447 443 561 471 Asinar.
584 443 640 480 (11,
663 444 700 481 4,
724 444 802 481 84.):

707 495 875 534 Praefiscin’
893 495 949 525 boc
972 507 1049 525 nunc
1073 494 1216 532 dixerim,
1242 506 1323 525 nemo
1347 496 1432 524 etiam
1457 506 1501 523 me
1522 497 1673 525 accusavit

705 537 817 567 Merito
841 549 913 568 meo.

212 591 259 619 Ait
281 589 385 618 Festus
408 595 539 618 extrema
560 585 706 627 producta
728 590 988 625 grammaticorum
1012 600 1111 626 more,
1142 589 1192 628 qui
1218 599 1284 617 cum
1309 589 1453 627 syllabam
1476 590 1523 618 vel
1547 589 1658 628 corripi
1682 589 1804 626 dieunt,
1834 589 1883 618 vel
1905 591 2052 629 produci,
2076 601 2164 631 saepe

211 634 272 662 eius
295 636 411 661 tantum
434 631 566 659 vocalem
590 630 638 659 vel
661 631 702 658 ita
724 640 786 659 esse
809 632 954 669 innuunt,
978 632 1008 660 id
1033 637 1076 661 est
1098 644 1112 660 e
1133 632 1269 670 longum,
1302 632 1349 660 vel
1372 632 1503 670 epsilon‚
1526 632 1558 661 id
1581 637 1624 661 est
1646 642 1661 661 e
1684 637 1781 661 tenue.
1826 633 1874 661 Sic
1896 643 1986 673 supra
2009 635 2112 664 Festus
2132 635 2164 663 iu

212 686 298 715 ergo,
321 674 433 710 lustra,
457 671 623 710 muscedra,
644 683 734 712 pone,
757 673 875 713 quando
899 680 955 703 etc.
1000 674 1085 704 Duc.

374 722 640 752 Praecidanea
663 721 818 755 dicitur.
860 723 1061 754 Praecidanea
1079 725 1205 763 dicitur,
1230 724 1309 764 quod
1335 730 1402 754 ante
1425 736 1542 754 sacrum
1567 725 1743 754 caederetur
1764 725 1795 753 id
1818 735 1909 764 genus
1932 725 2059 765 hostiae,
2082 728 2162 766 quod

209 777 326 796 sacrum
349 766 567 804 praecidarium
591 766 810 804 appellabatur.
852 768 1073 796 Praecidarium
1096 773 1124 797 et
1147 768 1376 796 Praecidaneum
1399 768 1476 796 idem
1501 773 1551 799 est.
1596 769 1645 796 Sic
1668 769 1832 797 extrarium
1856 774 2049 807 extraneum,
2072 771 2162 809 peda-

208 810 285 838 rium
306 809 482 848 pedaneum*
522 809 550 836 Si
569 809 682 837 Gellius
706 810 773 848 (IV,
798 813 832 845 6,
855 810 898 850 7.)
922 811 1138 840 considerasset
1161 811 1390 849 praecidaneum
1415 821 1531 839 sacrum
1556 810 1632 848 dici,
1657 820 1807 849 nunquam
1831 812 1956 841 miratus
1979 817 2054 841 esset
2075 823 2162 851 prae-

208 852 346 880 cidaneas
370 851 457 880 etiam
482 851 569 880 ferias
592 851 688 880 dictas
711 852 810 881 fuisse.
842 852 949 883 Scal..
984 853 1050 882 Hoc
1071 854 1252 893 principium
1275 852 1411 892 (porcam
1434 852 1673 893 praecidaneam)
1697 853 1773 881 male
1795 853 1890 883 haesit
1912 859 1981 894 post
2001 854 2162 895 popularia

207 905 302 923 sacra.
346 893 489 922 sacrificii
517 894 606 922 huius
635 904 744 932 porcae
771 896 984 934 praecidaneae
1007 896 1166 926 formulam
1190 897 1252 925 fuse
1276 896 1370 925 tradit
1393 897 1464 925 Cato
1488 896 1525 925 de
1550 897 1584 925 R.
1603 897 1636 927 R.
1659 906 1724 935 cap.
1739 895 1808 927 134.
1841 896 1927 926 Dac.
1971 897 2047 926 Vide
2069 908 2160 937 supra

209 934 372 976 Popularia
394 947 490 965 sacra.
537 935 643 965 Goth.

370 978 438 1007 Pla
449 986 566 1009 centa.
598 979 658 1016 (Ad
681 990 710 1018 p.
723 979 808 1016 201.)
837 980 883 1008 Ex
906 980 999 1009 farina
1023 981 1172 1019 siliginea‚
1194 991 1280 1010 caseo
1305 986 1333 1010 et
1357 981 1452 1010 melle.
1497 979 1639 1010 Placenta
1661 991 1677 1008 a
1702 980 1816 1009 Graeco
1837 979 1993 1020 πλακόεις,
2015 985 2158 1019 πλακοῦς.

207 1021 327 1050 Servius
348 1024 377 1053 7.
403 1021 494 1050 Aen.:
522 1020 603 1050 Liba
625 1029 691 1050 sunt
712 1021 867 1062 placentae
890 1022 925 1052 de
938 1023 1028 1064 farre
1049 1031 1074 1052 et
1097 1023 1180 1053 melle
1203 1032 1228 1053 et
1251 1022 1314 1053 oleo
1337 1024 1430 1053 sacris
1452 1031 1546 1062 aptae.
1592 1022 1679 1052 Dae.

370 1063 589 1093 Porriciam.
614 1063 671 1103 (Ad
689 1075 717 1103 p.
730 1064 814 1104 201.)
839 1065 924 1094 Hunc
947 1066 1025 1094 Festi
1050 1067 1148 1094 locum
1172 1077 1258 1095 nemo
1281 1066 1370 1095 homo
1392 1066 1554 1103 intelligat,
1578 1065 1629 1104 qui
1650 1070 1748 1094 tamen
1764 1065 1852 1094 unius
1869 1066 2159 1096 literulaeimmuta-

205 1106 285 1135 tione
303 1107 410 1145 planus
428 1106 484 1135 fiet.
517 1107 608 1144 Lego:
633 1115 736 1135 contra
758 1106 791 1135 ιἰἶ
814 1109 994 1137 consumitur
1015 1110 1045 1137 in
1067 1120 1170 1143 sacro,
1193 1107 1273 1149 quod
1288 1116 1329 1137 est
1342 1108 1547 1150 profanatum.
1579 1108 1624 1137 At
1641 1107 1762 1137 Verrius
1784 1107 1882 1138 eodem
1906 1108 1983 1138 libro
2006 1108 2041 1138 de
2064 1110 2159 1149 signi-

198 1150 340 1186 ficatione
358 1148 507 1177 verborum
532 1149 606 1187 (sint
629 1150 706 1177 dicta
731 1149 841 1186 libere,
864 1151 888 1179 si
911 1161 986 1190 quae
1010 1157 1112 1180 contra
1137 1152 1258 1189 dixero)
1282 1150 1498 1188 arbitrabatur,
1522 1155 1577 1180 etc.
1608 1150 1688 1178 Illud
1712 1160 1794 1186 nam,
1819 1151 1900 1190 quod
1923 1152 1952 1180 in
1977 1151 2096 1180 schedis
2117 1151 2158 1180 iia

204 1196 329 1230 apparet
345 1203 398 1228 na,
423 1202 437 1219 a
457 1201 529 1220 voce
548 1191 750 1220 arbitrabatur
772 1198 872 1221 natum
897 1199 970 1232 puto
992 1194 1176 1233 reduplicata
1200 1195 1293 1233 priori
1317 1194 1429 1232 syllaba
1452 1205 1488 1222 ar
1509 1191 1720 1222 arbitrabatur.
1759 1194 1856 1222 Primo
1873 1194 1944 1232 quid
1961 1194 1999 1223 sit
2011 1194 2159 1234 porricere

204 1235 325 1272 exponit
348 1234 461 1262 Festus.
506 1234 585 1262 Idem
610 1235 681 1272 quid
705 1234 926 1275 intelligendum
951 1237 988 1264 sit
1011 1247 1077 1265 cum
1102 1237 1212 1265 dicitur
1234 1237 1264 1265 id
1289 1236 1424 1265 consumi
1446 1237 1477 1264 in
1500 1246 1598 1272 sacro,
1628 1235 1707 1273 quod
1732 1241 1776 1265 est
1799 1237 1998 1275 profanatum.
2043 1236 2157 1265 Deinde

203 1276 342 1304 Verrium
365 1275 571 1314 reprehendit,
600 1277 681 1314 quod
705 1277 904 1307 arbitrabatur
928 1278 964 1306 ob
989 1289 1051 1307 eam
1076 1289 1195 1307 causam
1219 1280 1328 1317 porrici
1356 1284 1423 1307 exta
1447 1278 1504 1306 aris
1528 1283 1556 1306 et
1579 1279 1697 1314 foculo,
1730 1279 1799 1317 quia
1823 1280 1947 1317 profana
1971 1290 2003 1309 ea
2026 1289 2157 1318 quoque,

202 1319 232 1346 id
257 1324 316 1353 est,
341 1324 373 1347 ut
395 1319 458 1356 ipse
484 1319 603 1347 Verrius
626 1319 893 1358 interpretabatur,
922 1320 978 1349 deo
1002 1322 1080 1350 dicta
1104 1332 1278 1350 consumere
1301 1326 1365 1350 erat
1386 1331 1514 1352 necesse.
1561 1321 1596 1348 Et
1620 1320 1732 1359 optime
1754 1321 1871 1360 quidem
1895 1322 2009 1351 Festus.
2054 1322 2157 1360 Neque

203 1361 296 1397 enim,
320 1366 353 1389 ut
375 1361 499 1389 Verrius
523 1362 657 1400 putavit,
688 1373 762 1400 quae
785 1363 840 1391 deo
866 1363 1120 1402 porriciebantur,
1151 1375 1182 1393 ea
1203 1363 1336 1405 profana
1360 1363 1422 1392 sive
1443 1362 1607 1402 profanata
1630 1364 1725 1399 dicta,
1750 1374 1846 1402 neque
1870 1375 1901 1392 ea
1926 1365 1983 1393 aris
2006 1368 2035 1393 et
2057 1364 2156 1393 foculo

202 1409 357 1442 porrecta,
396 1404 475 1441 quod
501 1414 532 1432 ea
557 1415 732 1432 consumere
756 1411 816 1433 erat
842 1417 971 1434 necesse.
1017 1407 1126 1435 Verum
1150 1407 1196 1442 id,
1235 1407 1317 1445 quod
1341 1406 1397 1434 deo
1421 1405 1617 1439 offerebatur,
1649 1413 1815 1445 porrectum
1839 1407 1969 1444 dictum,
2006 1407 2155 1445 reliquum

203 1457 305 1483 omne,
330 1446 410 1474 unde
433 1446 509 1474 illud
526 1454 689 1485 porrectum
708 1447 892 1485 detractum,
914 1457 1078 1487 porrectum
1103 1454 1131 1478 et
1152 1448 1346 1490 profanatum
1370 1448 1544 1484 dicebatur,
1569 1447 1638 1486 quia
1662 1457 1729 1476 cum
1754 1448 1808 1476 deo
1831 1459 1949 1477 sacrum
1971 1453 1999 1477 et
2022 1449 2154 1476 sanatum

202 1490 322 1525 fuisset,
346 1494 484 1528 porrecta
509 1493 622 1516 tantum
647 1499 749 1518 eorum
774 1496 876 1529 parte,
904 1492 1034 1529 populo,
1063 1492 1283 1530 spectatoribus
1306 1491 1512 1530 apponebatur
1536 1495 1563 1518 et
1586 1490 1622 1517 ab
1645 1490 1681 1518 iis
1704 1491 1947 1528 consumebatur,
1970 1491 2051 1520 unde
2073 1490 2155 1529 quod

203 1542 216 1560 e
240 1542 325 1560 sacro
349 1536 377 1559 et
401 1531 539 1569 religioso
562 1532 589 1559 in
614 1531 768 1561 hominum
792 1543 876 1561 usum
900 1533 1021 1562 cedebat
1040 1534 1203 1574 profanum
1228 1539 1257 1562 et
1276 1532 1469 1573 profanatum
1493 1533 1614 1560 dictum.
1651 1533 1744 1571 quue
1766 1538 1800 1561 ut
1824 1534 1934 1562 clarius
1958 1533 2022 1570 fiat,
2046 1534 2153 1562 iterum

201 1574 413 1602 inculcandum
438 1579 467 1601 et
489 1573 687 1610 infigendum:
711 1574 861 1604 Pollucere
877 1576 957 1614 apud
978 1581 1092 1604 veteres
1107 1578 1254 1604 Romanos
1277 1580 1341 1604 erat
1361 1576 1466 1613 dapem
1491 1585 1637 1613 apparare
1660 1585 1694 1603 ac
1718 1574 1873 1612 dedicare,
1897 1576 2057 1605 sacrificale
2081 1586 2154 1604 con-

202 1616 314 1645 vivium
337 1617 367 1644 in
393 1617 521 1644 Deorum
545 1616 704 1651 honorem,
730 1623 799 1655 puta
824 1618 918 1654 lovis,
944 1618 1098 1654 Herculis,
1121 1619 1279 1646 instruere.
1325 1618 1370 1646 Ex
1394 1628 1444 1652 eo,
1470 1616 1551 1655 quod
1573 1617 1601 1644 in
1629 1617 1678 1645 Dei
1702 1627 1782 1645 aram
1806 1618 1869 1646 sive
1892 1619 2023 1646 foculum
2047 1628 2083 1646 ex
2106 1629 2154 1646 sa-

203 1659 302 1687 crificii
325 1659 386 1687 ritu
409 1659 575 1687 coniectum
601 1664 678 1693 erat,
703 1659 733 1688 id
754 1661 867 1698 porrici
890 1661 1010 1699 proprie
1033 1661 1195 1690 dicebatur.
1225 1661 1357 1689 Macrob.
1374 1660 1423 1690 lib.
1437 1660 1487 1689 ΠΙ.
1505 1670 1572 1698 cap.
1584 1662 1613 1689 2.
1650 1660 1692 1688 Ex
1715 1660 1871 1698 disciplina
1894 1661 2065 1699 aruspicum
2085 1670 2154 1699 por-

202 1702 323 1730 riciendi
350 1701 475 1729 verbum
504 1701 738 1730 sacrificantibus
769 1707 812 1731 est
840 1703 980 1738 solenne,
1019 1704 1097 1731 sicut
1120 1703 1267 1732 Veranius
1291 1713 1327 1731 ex
1351 1703 1448 1741 primo
1471 1702 1548 1730 libro
1575 1702 1653 1729 Fabii
1677 1703 1817 1738 Pictoris,
1855 1704 1896 1731 ita
1918 1703 2155 1733 dissertationem

202 1742 291 1772 huius
313 1744 396 1772 verbi
420 1749 578 1772 exsecutus
602 1750 660 1773 est:
684 1744 768 1773 Exta
789 1746 989 1784 porriciunto,
1014 1745 1080 1774 Diis
1103 1745 1194 1775 (lanto
1217 1747 1247 1774 in
1270 1744 1382 1774 altaria
1405 1756 1539 1780 aramve,
1554 1743 1712 1785 sucumve,
1736 1755 1816 1781 eave,
1840 1756 1897 1785 quo
1920 1753 1992 1774 exta
2015 1744 2083 1774 dari
2105 1743 2154 1773 de-

205 1785 315 1816 bebunt.
360 1787 521 1824 Postquam
543 1787 618 1815 illud
641 1792 813 1825 porrectum
835 1788 948 1824 suerat,
972 1788 1121 1826 reliquum
1146 1798 1232 1817 omne
1255 1798 1370 1817 sacrum
1394 1798 1457 1816 esse
1480 1787 1634 1815 desinebat
1657 1792 1686 1815 et
1710 1788 1831 1825 proprie
1851 1786 2017 1826 polluctum
2038 1795 2065 1816 et
2084 1797 2154 1827 pro-

201 1826 339 1866 fanatum
362 1829 535 1865 dicebatur,
560 1829 628 1868 quia
653 1840 668 1858 a
692 1830 807 1868 populo
829 1835 858 1859 et
881 1830 1100 1869 spectatoribus
1124 1831 1363 1860 consumebatur.
1406 1831 1501 1859 Plaut.
1526 1829 1653 1858 Rudent.
1676 1840 1717 1860 se.
1743 1830 1797 1858 ult.
1819 1829 1911 1867 (62.):

680 1898 718 1902 —··
762 1897 804 1902 ²—
847 1889 1024 1920 speclalores
1046 1892 1098 1910 2105
1120 1893 1235 1922 quoque
1254 1880 1295 1910 all
1317 1892 1436 1910 coenam
1459 1891 1557 1910 Uocem

677 1922 720 1951 Ni
742 1921 864 1952 daturus
886 1922 964 1952 nihil
983 1925 1055 1959 sim,
1084 1935 1173 1964 neque
1195 1925 1232 1953 sit
1254 1923 1415 1964 quidquam
1437 1922 1564 1962 pollucti
1586 1920 1676 1957 domi,

303 2001 307 2005 Ι
679 1964 757 1993 Neve
778 1964 852 1995 adeo
874 1973 996 1995 vocatos
1017 1965 1137 1996 credam
1158 1977 1209 1996 vos
1231 1978 1290 1995 esse
1311 1965 1351 1995 ad
1373 1976 1493 1996 coenum
1506 1964 1610 2006 forus.

207 2000 243 2029 Et
266 2001 358 2032 Stich.
383 2003 414 2031 V.
429 2006 456 2035 4.
481 2005 534 2044 (V,
557 2007 591 2043 4,
615 2007 674 2047 6,);

679 2048 782 2078 Hodie
800 2049 971 2089 polluctura
991 2059 1107 2090 praeter
1129 2063 1181 2081 nos
1204 2052 1264 2080 iam
1288 2050 1408 2080 dabitur
1430 2050 1546 2079 nemini.

208 2090 405 2121 Pollucturam
430 2101 531 2133 vocat,
554 2099 633 2136 quod
656 2110 747 2139 supra
767 2099 941 2140 polluctum.
977 2102 1088 2138 Varro,
1114 2103 1166 2130 etsi
1189 2103 1300 2139 minus,
1325 2101 1398 2140 quid
1418 2100 1578 2141 profanum
1602 2105 1694 2135 esset,
1717 2100 1881 2137 intellexit,
1903 2105 2002 2130 tamen
2023 2100 2065 2128 ita
2087 2109 2150 2128 rem

207 2134 353 2170 declarat,
378 2140 409 2163 ut
432 2147 544 2166 omnem
568 2141 724 2171 dubitandi
747 2143 847 2172 locum
870 2144 965 2174 tollat.
1011 2144 1107 2174 Verba
1131 2145 1209 2182 eius,
1233 2145 1301 2183 quia
1324 2145 1432 2172 nemini
1453 2142 1597 2172 hactenus
1619 2143 1783 2180 intellecta,
1806 2143 1868 2171 sive
1891 2143 1966 2172 adeo
1988 2143 2150 2179 declarata,

207 2186 266 2204 non
290 2177 371 2215 piget
395 2178 575 2208 adscribere:
605 2182 687 2212 Hinc
707 2185 867 2224 profanum
890 2194 946 2222 est,
969 2187 1082 2225 inquit,
1107 2186 1188 2228 quod
1209 2194 1276 2215 ante
1288 2186 1402 2228 fanum
1426 2193 1481 2221 est,
1505 2184 1537 2214 id
1559 2192 1600 2214 est
1622 2186 1808 2214 coniunctum
1822 2184 1923 2226 fano.-
1953 2185 2022 2214 hinc
2041 2184 2151 2226 profa-

208 2226 323 2253 ”flfflm’
347 2218 426 2259 quod
448 2221 476 2248 in
499 2224 628 2251 sacrario
650 2225 811 2263 polluctum
836 2235 922 2268 atque
943 2228 1012 2257 inrle
1034 2228 1160 2258 Herculi
1184 2229 1314 2258 Decuma
1338 2228 1410 2256 data
1433 2227 1470 2257 ab
1494 2238 1526 2256 eo
1549 2235 1604 2263 est,
1635 2227 1715 2268 quod
1736 2227 1884 2268 sacr-fficio
1907 2227 2036 2268 quodam
2048 2227 2150 2267 fana-

207 2267 269 2296 ΨΥ,
292 2259 324 2288 id
346 2268 386 2289 *Ἦ
408 2269 438 2290 ¹¹¹
453 2261 530 2302 f‘¹'²i
551 2263 610 2300 lse‘t‘
631 2267 675 2292 Sit.
707 2266 744 2294 Id
766 2268 874 2298 dicitur
892 2270 1075 2310 polluctum,
1100 2270 1181 2312 quod
1201 2283 1220 2301 α
1239 2270 1426 2311 porriciendo
1449 2278 1490 2299 est
1502 2271 1621 2309 fictum.
1659 2268 1728 2299 Cum
1752 2271 1826 2299 enim
1847 2280 1888 2298 ex
1907 2269 2051 2299 mercibus
2073 2268 2148 2298 liba-

206 2309 302 2330 menta
322 2311 455 2341 porrecta
480 2312 544 2332 sunt
568 2305 693 2334 Herculi
714 2309 742 2335 in
772 2320 840 2346 ara,
870 2319 929 2340 tum
957 2313 1120 2352 polluctum
1143 2321 1197 2348 est,
1228 2321 1258 2342 ut
1282 2325 1346 2343 cum
1366 2313 1528 2355 prqfanum
1551 2311 1674 2348 dicitur,
1709 2311 1743 2340 itl
1764 2319 1805 2341 est
1824 2311 1950 2351 proinde
1971 2319 2002 2340 ut
2022 2312 2060 2341 sit
2072 2310 2149 2350 fani

204 2344 329 2385 focium.
378 2343 480 2385 ltaque
502 2346 553 2374 ubi
573 2346 642 2375 olim
657 2347 740 2387 fano
763 2354 983 2383 consumebatur
1003 2367 1102 2392 omne,
1142 2355 1222 2395 quod
1239 2356 1401 2396 profanum
1424 2363 1500 2391 erat,
1532 2363 1563 2383 ut
1584 2356 1671 2383 etiam
1689 2355 1746 2393 fit,
1776 2352 1856 2394 quod
1877 2354 1997 2383 Praetor
2018 2352 2148 2382 urbanus

207 2387 364 2434 qf¹⁰¹⁰m¹f⁸
375 2386 476 2428 facit,
500 2399 564 2419 cum
589 2388 713 2418 Herculi
735 2391 868 2422 immolat
886 2395 1004 2433 publice
1026 2398 1186 2427 iuvencam.
1233 2399 1311 2427 Haec
1335 2399 1447 2434 Varro,
1477 2397 1561 2426 cuius
1585 2402 1733 2435 postrema
1756 2396 1863 2432 verba,
1888 2395 1956 2433 quia
1980 2405 2032 2433 prr
2054 2394 2146 2422 libra-

207 2437 320 2457 riorum
342 2430 547 2468 negligentiam
569 2432 654 2460 unius
683 2436 711 2460 et
741 2432 861 2463 alterius
888 2437 1024 2466 literulae
1054 2439 1260 2469 immutatione
1290 2445 1319 2469 et
1349 2440 1540 2474 corruptione
1569 2449 1628 2468 uon
1656 2439 1762 2467 leviter
1789 2443 1858 2466 sunt
1886 2438 2066 2473 deformata,
2102 2436 2144 2465 ita
