2263 2668
535 145 600 180 DE
626 142 1012 182 SIGNIFICATIONE
1040 141 1324 179 VERBORUM.
1377 145 1521 180 LIBER
1546 145 1571 178 1.
1951 145 2025 178 313

734 238 863 268 Nomina
886 235 921 265 cle
942 233 1021 264 ludis
1047 233 1161 264 Graeca
1184 234 1284 265 tulisse
1307 235 1392 266 diem.

655 281 692 310 Et
714 282 796 322 prius
819 280 954 320 antiquus
978 276 1094 307 dicebat
1115 277 1238 317 Agonia
1260 290 1372 315 εει-νηοὶ

738 323 873 362 V‘eraque
895 320 1004 350 iudicio
1028 327 1068 349 est
1090 318 1195 349 ultima
1218 332 1307 350 causa
1330 332 1402 351 meo.

75 366 105 395 Si
129 365 273 396 ludicrum
297 376 352 405 pro
375 365 446 394 ludo
469 367 647 404 legeremus,
685 367 780 394 minus
801 365 1012 394 laboraremus.
1042 362 1128 391 Ant.
1152 363 1244 402 Aug.
1292 364 1356 391 Non
1386 370 1444 393 tam
1468 365 1572 394 Paullo
1600 362 1790 394 adscribendi
1819 368 1889 391 sunt
1910 373 2026 393 errores

74 409 234 445 immanes,
258 410 308 447 qui
332 408 381 437 hic
406 409 609 445 inoleverunt,
641 418 729 447 quam
752 407 964 448 posterioribus
988 405 1237 434 emendatoribus.
1281 406 1475 445 Transposita
1499 408 1575 436 enim
1598 407 1705 442 multa3
1736 405 1829 434 multa
1852 406 1936 434 etiam
1960 417 2027 435 cor-

75 457 173 490 rupta.
220 452 347 480 Primum
378 451 417 479 ita
445 452 612 480 revocanda
643 457 728 487 sunt,
767 461 843 489 quae
871 450 900 478 in
931 449 1039 477 alienas
1069 447 1152 476 sedes
1175 449 1369 487 irrepserant:
1411 450 1561 489 Agonium
1586 450 1672 478 etiam
1693 447 1836 487 putabant
1861 446 1943 477 deum
1967 447 2028 478 dici

73 492 282 534 praesidentem
306 493 389 522 rebus
411 492 548 534 agendis,
573 495 654 523 cuius
664 493 751 535 festa
772 491 931 532 Agonalia
953 490 1132 520 dicebantur.
1178 491 1253 519 Nam
1276 492 1325 519 illa
1350 492 1438 520 verba
1462 503 1499 521 ne
1523 493 1614 521 Paulli
1638 491 1758 530 quidem
1781 495 1864 519 sunt:
1899 490 2027 530 Agona-

75 535 119 565 Zia
141 537 200 565 eius
213 535 418 578 festivitatem.
457 537 515 565 Sed
539 537 576 565 de
597 536 719 575 Agonio
744 535 823 575 quod
846 535 978 574 sequitur
1002 535 1079 562 circa
1102 532 1205 570 finem,
1233 535 1349 572 penitus
1372 535 1576 573 prodigiosum
1600 539 1650 563 est.
1695 533 1727 561 Id
1751 543 1805 561 nos
1829 544 1886 562 non
1911 534 2028 561 dubita-

76 588 142 607 mus
163 579 205 607 ita
227 579 337 615 legere:
376 578 546 617 Agonium‚
581 577 663 607 locus
685 579 715 607 in
738 589 794 619 quo
819 577 883 606 ludi
905 577 988 606 initio
1000 575 1087 618 facti
1109 583 1191 611 sunt,
1227 575 1263 604 ob
1284 575 1339 605 hoc
1364 575 1487 612 dictum⁷
1525 579 1594 617 quia
1606 576 1704 617 fuerit
1726 576 1786 604 sine
1807 574 1925 614 angulo.
1970 575 2028 603 Ubi

75 621 204 660 primum
226 621 455 660 transpositione
477 627 631 659 peccatum
655 626 734 656 erat3
764 620 871 650 deinde
895 620 1062 648 adiectione
1084 617 1190 646 harum
1214 628 1340 647 vocum:
1371 617 1403 646 id
1425 627 1479 655 est,
1513 620 1593 658 quod
1616 628 1702 657 saepe
1725 618 1860 646 accidere
1882 617 1948 654 hic,
1976 616 2028 646 su-

76 674 130 702 pra
152 664 329 691 notavimus.
373 664 449 692 Huic
480 669 577 702 etymo
607 664 761 701 congruit,
799 662 879 701 quod
901 661 1093 691 vetustissimi
1117 661 1311 690 Grammatici
1336 661 1440 690 Graeci
1463 662 1567 690 dicunt
1588 661 1655 700 περὶ
1679 663 1734 691 τοῦ
1756 656 1881 700 ἇγῶνος.
1921 657 2028 700 Ἀγών,

75 706 232 744 inquiunt,
257 703 352 746 n’yopci
375 704 456 743 παρὰ
479 711 542 742 τοῖς
567 709 726 743 Βοιωτοῖς,
751 703 773 743 ἦ
796 704 845 736 διὰ
868 703 899 735 τὸ
923 702 1020 745 ἄγειν,
1042 701 1064 741 ἢ
1086 702 1136 734 dio?
1157 702 1190 734 τὸ
1213 707 1375 743 κυκλοτερῆ
1397 702 1473 734 εἶναι
1494 705 1542 735 καὶ
1566 703 1604 745 μὴ
1630 704 1704 743 ἔχειν
1726 705 1852 744 γωνίας,
1876 700 1941 734 οἷόν
1963 714 2029 733 τινα

77 745 208 789 ἀγώνιον
231 746 312 779 ὄντα.
343 748 445 778 Scal.
480 750 634 789 Agonium
657 748 727 778 dies.
762 748 822 784 Qui
846 753 875 776 et
893 748 1031 784 Agonalis
1054 746 1164 775 Ovidio
1186 746 1217 774 in
1242 747 1352 775 Fastis:
1385 746 1426 785 (l,
1450 749 1534 783 318.)

698 789 788 820 Ianus
808 789 946 830 Agonali
967 789 1031 819 luce
1050 788 1180 829 piandus
1201 790 1264 818 erit.

76 834 167 864 Item:
190 832 294 874 (331.)

701 877 739 906 Et
759 889 847 917 pecus
869 878 1007 918 antiquus
1029 875 1145 906 dicebat
1162 876 1285 916 Agonia
1308 888 1409 906 sermo.

77 919 164 947 Ratio
188 924 287 948 autem
310 920 435 948 nominis
458 919 571 949 incerta
594 925 646 948 est.
690 920 786 948 Varro
808 921 859 948 lib.
876 920 922 950 lV.
947 931 963 948 a
985 930 1060 948 voce
1083 930 1190 958 agone,
1229 920 1297 958 quia
1326 919 1510 948 sacrificulus
1538 918 1586 945 vel
1617 917 1760 955 populum
1791 916 1838 943 vel
1865 915 2031 954 principem

78 962 206 990 civitatis
228 962 444 999 interrogabat,
468 973 505 991 au
528 962 655 991 hostiam
681 963 791 991 feriret.
835 962 906 991 Dies
928 961 1079 1001 agonales,
1107 962 1220 1000 inquit,
1245 973 1295 1001 per
1318 973 1389 1001 quos
1412 971 1467 989 reae
1488 961 1519 988 in
1543 960 1620 999 regia
1644 960 1760 987 arietem
1785 956 1932 992 immolat,
1959 956 2033 986 dicti

77 1003 116 1032 ab
138 1015 249 1043 agone5
282 1016 314 1034 eo
337 1004 417 1045 quod
436 1006 632 1044 interrogatur
651 1006 787 1045 princeps
810 1006 954 1041 civitatis,
981 1012 1006 1032 et
1025 1005 1160 1043 princeps
1179 1005 1276 1043 gregis
1298 1002 1477 1033 immolatur.
1523 1002 1618 1038 Quem
1642 1003 1740 1030 locum
1763 1001 1875 1028 utinam
1898 1010 1935 1029 ne
1956 1000 2032 1028 male

78 1047 205 1085 cepisset
227 1048 274 1076 vir
299 1048 386 1085 longe
409 1048 616 1084 doctissimus,
649 1047 700 1086 qui
722 1059 814 1087 agone
836 1047 936 1075 hostia
958 1048 1190 1086 interpretatur,
1224 1057 1291 1075 cum
1315 1047 1367 1075 sit:
1395 1043 1542 1087 jer-ione?
1572 1044 1711 1077 lubesne,
1734 1048 1766 1071 ut
1789 1053 1886 1081 agam,
1910 1042 2032 1071 feriam?

78 1089 180 1128 Neque
203 1090 280 1119 enim
303 1090 360 1118 nisi
382 1091 480 1118 iussus
503 1090 633 1119 feriebat.
664 1091 702 1118 Ut
724 1090 812 1118 Ovid.
835 1090 910 1120 Fast.
924 1090 953 1126 Ι,
977 1089 1073 1129 (322.)
1097 1090 1148 1118 ubi
1172 1095 1200 1118 et
1223 1089 1278 1118 alia
1302 1089 1452 1128 proponit.
1474 1087 1563 1116 Dae.
1588 1086 1669 1115 Rex.
1703 1088 1808 1124 Regem
1834 1085 2034 1114 sacrificulum

78 1132 225 1170 intellige,
257 1133 307 1171 qui
330 1143 384 1161 rex
408 1133 540 1161 absolute
564 1132 727 1161 dicebatur.
760 1131 872 1161 Idem.
911 1133 1065 1172 Agonium
1088 1133 1183 1161 etiam.
1222 1133 1264 1160 De
1287 1133 1394 1169 agonio
1418 1131 1473 1159 deo
1495 1129 1569 1158 nihil
1592 1129 1672 1157 alibi.
1702 1146 1739 1150 -
1772 1129 1914 1166 Agonalia
1937 1132 2034 1156 autem

79 1175 136 1202 alia
160 1180 244 1203 erant
266 1175 302 1205 V.
326 1175 368 1205 Id.
393 1175 452 1205 Ian.
477 1180 504 1204 et
527 1176 594 1203 XII.
608 1176 675 1203 Kal.
698 1176 778 1211 Iun.‚
803 1175 859 1204 alia
883 1175 1038 1213 propridie
1059 1175 1104 1204 Id.
1120 1175 1275 1211 Decemb.‚
1299 1175 1335 1203 de
1359 1174 1469 1213 quibus
1491 1173 1560 1201 vide
1581 1171 1812 1210 Septimontium.
1836 1170 1923 1200 Dac.
1946 1169 2033 1208 Ago-

78 1228 128 1245 nes
150 1215 286 1247 dicebant
309 1225 427 1246 montes.
473 1218 592 1256 Quippe
614 1218 701 1246 initio
723 1218 805 1254 ludi,
844 1219 895 1255 qui
917 1218 1023 1246 Graeci
1045 1217 1175 1257 α’γῶνες,
1205 1217 1314 1246 fiebant
1334 1218 1367 1246 in
1388 1215 1545 1245 montibus.
1589 1214 1683 1244 Mons
1708 1211 1870 1251 Quirinalis
1891 1212 2033 1251 Aegonis.

78 1259 170 1298 Lege:
205 1260 298 1290 ,Mons
324 1259 488 1298 Quirinalis
507 1260 662 1299 Agonius,
685 1261 733 1288 vel
749 1260 885 1299 Agonus.
920 1260 995 1289 Vide
1017 1258 1188 1297 Quirinalis.
1217 1259 1327 1289 Idem.
1369 1257 1534 1299 Agonalia.
1573 1256 1686 1285 Glossis
1708 1255 1884 1295 Agonmia,
1914 1259 2035 1285 θυσεια.

78 1301 220 1341 Aegonis.
251 1303 393 1340 Aegonus.
424 1302 616 1341 Aegonensis.
644 1303 816 1340 Agonensis,
860 1301 963 1331 Goth.
1018 1304 1114 1341 Supra
1143 1303 1175 1330 in
1207 1303 1340 1332 oratione
1370 1306 1510 1330 contexta
1538 1300 1634 1329 Paulli
1663 1308 1716 1338 per
1748 1308 1877 1327 errorem
1907 1308 1922 1326 a
1951 1296 2035 1325 nobis

79 1345 184 1373 omissa
209 1349 252 1373 est
274 1355 335 1373 vox
355 1352 458 1384 porta,
486 1345 527 1373 ita
551 1350 584 1374 ut
604 1345 690 1374 locus
713 1346 751 1374 sit
775 1345 930 1383 legendus:
962 1344 1000 1373 Et
1026 1344 1143 1374 Collina
1164 1353 1251 1385 porta
1274 1345 1450 1385 Agonensis.

244 1387 361 1426 Agea.
405 1387 605 1416 Glossarium:
631 1388 751 1428 Agear‚
776 1387 966 1426 παραμένων.
990 1388 1039 1418 καὶ
1062 1386 1199 1426 πάροδος
1220 1390 1338 1419 πλοίου.
1373 1387 1430 1415 Ubi
1456 1385 1627 1415 coniunctio
1651 1384 1701 1414 καὶ
1723 1383 1870 1422 superflua
1895 1387 1948 1410 est.
1984 1382 2037 1410 Ce-

79 1434 140 1457 tera
162 1430 386 1468 corruptissima
411 1431 451 1458 ita
473 1430 612 1468 legenda:
646 1431 751 1470 Agna,
775 1429 856 1466 παρὰ
879 1426 1007 1470 Ἐννίῳ,
1030 1427 1049 1470 ἡ
1071 1429 1208 1471 πάροδος
1229 1432 1347 1462 πλοίου.
1394 1429 1525 1458 Isidorus
1546 1429 1576 1457 in
1594 1427 1806 1466 Etymologicis
1829 1425 1878 1453 lib.
1895 1425 1982 1462 XIX,
2006 1427 2035 1456 2.

78 1472 182 1511 Agea,
211 1472 327 1511 inquit,
359 1473 424 1502 viae
447 1479 532 1510 sunt,
562 1474 609 1502 vel
635 1474 697 1501 loca
721 1474 752 1501 in
774 1475 860 1510 navi,
891 1483 944 1511 per
966 1483 1041 1511 quae
1065 1474 1103 1502 ad
1126 1474 1250 1512 remiges
1273 1474 1408 1502 hortator
1432 1471 1554 1501 accedit.
1599 1471 1639 1499 De
1664 1480 1722 1509 qua
1744 1469 1873 1498 Ennius:

615 1515 720 1545 Multa
732 1515 858 1556 forom,
884 1523 987 1554 pontes
1009 1524 1050 1551 ct,
1083 1527 1212 1557 ageaque
1235 1515 1324 1556 longa
1348 1514 1479 1555 repletur.

79 1556 161 1586 Haec
188 1557 255 1593 ille3
296 1568 371 1596 quae
399 1558 633 1587 emendationem
662 1564 794 1587 nostram
823 1559 1010 1588 confirmant.
1047 1557 1147 1588 Scal.
1192 1559 1295 1598 Inepte
1326 1559 1447 1587 Paullus
1478 1557 1512 1585 ab
1543 1555 1667 1594 agendo.
1712 1554 1784 1582 Nam
1816 1558 1858 1582 est
1884 1563 1899 1581 a
1925 1552 2037 1580 Graeco

80 1595 187 1638 ἀγυιὰ,
208 1600 265 1628 via.
311 1601 398 1630 Dae.

246 1642 429 1682 Agonias.
472 1643 673 1672 Glossarium:
704 1644 845 1683 Agonia,
869 1645 996 1682 ἱερεῖον,
1021 1654 1082 1672 non
1104 1643 1256 1684 Aglonz'a,
1283 1649 1314 1672 ut
1336 1642 1425 1671 hodie
1447 1641 1565 1679 legitur.
1609 1640 1698 1667 Item:
1720 1636 1875 1677 Agonalia
1900 1642 1928 1665 et
1949 1635 2039 1675 Ago-

83 1684 185 1720 naria,
216 1687 319 1714 θυσία.
365 1686 487 1714 Glossae
512 1686 632 1714 Isidori:
669 1686 806 1725 Agones‚
835 1688 977 1716 victimae.
1017 1687 1156 1723 Agonia,
1189 1686 1294 1716 hostia.
1327 1683 1428 1714 Scal.
1482 1683 1588 1711 Omnia
1611 1682 1666 1710 ista
1690 1680 1852 1708 vocabula:
1890 1678 2038 1718 Agonius‚

83 1725 252 1764 Agonium‚
283 1727 427 1766 Agonus,
461 1727 634 1768 Agonalia,
672 1729 812 1767 Agonia,
848 1729 984 1768 Agones,
1019 1724 1205 1768 Agonensi8‚
1241 1740 1257 1757 a
1280 1727 1428 1757 communi
1455 1726 1536 1754 sonte
1559 1723 1721 1753 derivanda
1744 1727 1828 1759 sunt,
1871 1721 1922 1760 qui
1945 1720 2040 1748 estin

85 1768 199 1797 Graeca
221 1779 295 1797 voce
319 1766 415 1809 ἀγών,
454 1781 529 1809 quae
552 1778 739 1805 conventum,
775 1773 1028 1811 congregationem
1052 1772 1174 1810 proprie
1197 1771 1350 1809 significat.
1402 1769 1473 1808 Ago
1497 1768 1602 1805 igitur,
1639 1766 1771 1795 Boeotiis
1793 1764 1892 1804 ἄγων,
1930 1763 2039 1798 sorum,

84 1808 191 1851 ἀγορά.
235 1812 310 1840 Tum
334 1819 500 1842 conventus
520 1813 690 1849 hominum,
713 1812 892 1854 πανήγυρις.
938 1814 1021 1842 Unde
1045 1825 1144 1850 mons,
1173 1815 1202 1842 in
1226 1814 1333 1852 quibus
1356 1821 1442 1850 saepe
1465 1809 1720 1849 congregabantur
1742 1808 1846 1847 populi
1871 1805 1909 1835 ad
1930 1803 2039 1834 sacrifi-

86 1854 228 1888 candum,
269 1854 362 1884 veluti
387 1856 481 1884 Latini
510 1856 539 1884 in
569 1862 670 1884 monte
693 1857 776 1885 Alba.
823 1857 903 1886 Idem
931 1857 1026 1885 forma
1051 1857 1244 1895 productioni
1267 1856 1411 1894 Agonus,
1448 1853 1528 1881 unde
1551 1852 1638 1881 etiam
1662 1851 1821 1880 Aeolenses
1845 1847 1961 1889 ἅγωνσς
1982 1855 2038 1885 pro

85 1907 119 1925 eo
149 1897 228 1934 quod
259 1902 302 1925 est
331 1895 410 1938 ἀγών
440 1899 587 1928 dicebant.
631 1899 769 1938 Agonius
796 1899 887 1936 deus,
925 1900 974 1937 qui
1006 1900 1147 1938 panegyri
1175 1898 1372 1938 praesidebat.
1418 1895 1570 1934 Agonium
1598 1895 1684 1923 locus
1715 1898 1745 1922 et
1774 1893 1836 1921 dies
1866 1892 2038 1919 conventus.

84 1937 254 1977 Agonalia,
281 1940 348 1969 festi
370 1940 447 1978 dies,
473 1951 527 1979 per
549 1952 623 1979 quos
645 1942 792 1970 t'estixitas
813 1943 992 1981 panegyrica
1018 1942 1232 1971 celebrabatur.
1278 1940 1401 1979 Agonia
1418 1938 1532 1974 hostia,
1560 1948 1633 1976 quae
1655 1937 1686 1965 in
1711 1945 1803 1974 agone
1824 1930 2038 1962 immolabatur.

85 1981 134 2009 Sic
158 1982 255 2010 omnia
276 1982 433 2012 cohaerere
455 1983 604 2013 videntur.

250 2024 519 2066 Albogalerus.
565 2027 724 2055 Suetonius
753 2029 782 2055 in
814 2027 891 2055 libro
921 2026 957 2054 de
987 2037 1090 2063 genere
1119 2026 1365 2054 vestimentorum
1397 2022 1530 2061 scripsit,
1573 2022 1628 2050 tria
1652 2030 1756 2059 genera
1785 2018 1937 2058 pileorum
1966 2027 2039 2056 esse,

87 2066 196 2104 quibus
218 2068 387 2097 sacerdotes
410 2073 552 2097 utuntur:
583 2070 720 2108 Apicem‚
751 2070 912 2102 'l‘utulum,
945 2069 1094 2097 Galerum.
1139 2069 1279 2107 Apicem‚
1310 2067 1421 2105 pileum
1444 2065 1551 2094 subtile
1575 2065 1653 2093 circa
1676 2062 1824 2099 medium,
1855 2061 1939 2100 virga
1963 2060 2039 2090 emi-

87 2115 182 2138 nente.
225 2110 384 2142 Tutulum,
419 2111 529 2150 pileum
555 2113 685 2140 lanatum
708 2117 801 2140 metae
824 2112 925 2146 ligura.
974 2112 1131 2145 Galerum,
1163 2121 1198 2138 ex
1221 2110 1298 2148 pelle
1321 2109 1434 2137 hostiae
1458 2117 1567 2136 caesae.
1614 2104 1712 2135 Scal.

126 2153 128 2156 ’
251 2152 416 2191 Apluda.
464 2154 520 2181 Alii
539 2153 695 2192 Appluda.
743 2155 816 2182 min.
841 2154 890 2182 lib.
905 2154 1009 2181 xvlu.
1034 2164 1057 2182 c.
1075 2156 1122 2183 10.
1171 2152 1256 2182 Milii
1285 2159 1310 2180 et
1335 2151 1437 2191 panici
1466 2157 1492 2178 et
1514 2160 1641 2178 sesamae
1659 2153 1853 2187 purgamenta
1876 2143 2038 2185 appluclam

86 2202 202 2223 vocant.
249 2195 306 2223 Alii
337 2196 479 2224 frumenti
511 2197 655 2224 furfurem
684 2197 928 2235 interpretantur.
981 2196 1021 2223 De
1051 2195 1222 2224 sorbitionis
1252 2205 1356 2233 genere
1385 2193 1456 2221 mihi
1487 2191 1584 2221 adhuc
1609 2191 1829 2229 incompertum
1860 2193 1912 2217 est.
1948 2187 2035 2215 Dae.

89 2236 202 2264 Gellius
226 2237 347 2272 lib.Xl‚
370 2241 399 2269 7.
424 2237 549 2277 Legerat
573 2237 637 2274 ille⁷
662 2237 804 2277 apludam
827 2246 931 2267 veteres
954 2239 1076 2267 rusticos
1088 2237 1238 2279 frumenti
1252 2236 1402 2279 furfurem
1427 2234 1554 2270 dixisse,
1580 2231 1669 2273 idque
1692 2243 1711 2261 a
1735 2230 1845 2261 Plauto
1868 2232 1898 2259 in
1921 2239 2036 2258 comoe-

88 2277 156 2316 dia,
179 2280 204 2307 si
226 2291 259 2308 ea
279 2279 380 2309 Plauti
403 2287 459 2317 est,
481 2291 555 2320 quae
576 2280 710 2309 Astraba
730 2282 873 2319 inscripta
896 2288 954 2318 est,
974 2282 1101 2319 positum
1125 2292 1191 2309 esse.
1217 2281 1326 2310 Eadem
1347 2279 1459 2307 Nonius
1481 2279 1509 2306 in
1526 2274 1678 2315 Apludas.
1703 2275 1825 2303 Glossae
1846 2277 1918 2302 vett.
1939 2268 2035 2309 Aplu-

89 2319 143 2357 da,
173 2319 332 2362 κυρήβιον.
378 2323 420 2351 De
443 2328 560 2361 etymo,
591 2323 672 2361 quod
694 2323 797 2351 Festus
819 2323 925 2360 habet,
956 2323 1090 2360 analogia
1114 2333 1172 2352 non
1195 2327 1349 2362 repugnat.
1393 2321 1466 2350 Nam
1491 2331 1528 2348 au
1549 2319 1580 2347 in
1603 2330 1621 2346 u
1642 2327 1730 2357 saepe
1752 2317 1829 2351 abit,
1862 2319 1895 2343 ut
1917 2309 2032 2345 claudo,

89 2362 231 2403 occludo;
249 2364 386 2406 fraudo,
415 2363 547 2407 defrudo.
574 2384 610 2388 —
636 2366 706 2395 Tale
727 2367 873 2395 minutum
896 2365 1143 2404 liquidissimum,
1168 2365 1247 2404 quod
1269 2365 1377 2404 spiritu
1399 2362 1552 2397 deficitur,
1576 2371 1633 2389 non
1657 2366 1700 2389 est
1723 2351 2032 2399 cogitandu1n2fl110d

89 2406 180 2443 fflssd,
203 2408 267 2436 801⁰
291 2408 424 2444 allisum,
448 2408 515 2437 edat
537 2408 673 2447 plausum
697 2410 909 2448 strepitumve,
938 2407 988 2437 sed
1012 2408 1108 2447 quod,
1137 2408 1210 2438 ssatu
1232 2408 1345 2438 deiecta
1369 2405 1530 2436 sorbitione
1551 2404 1764 2442 liquidissima,
1790 2401 1866 2428 intra
1888 2396 1963 2424 labla
1986 2393 2031 2422 Vel

142 2458 306 2490 Gnamur.
329 2470 397 2490 Lu.
411 2460 446 2490 11.
1568 2455 1599 2487 R
1618 2465 1630 2485 ι’
