2263 2668
243 148 319 184 238

347 246 403 277 ter
429 250 550 275 recens
579 239 727 273 domitos
757 235 903 270 Isauros
935 234 1155 282 Pisidasque.

1021 140 1245 176 ARUSIANI
1279 142 1421 177 MESSI

1219 237 1310 271 Inter
1349 237 1517 283 geminata
1548 237 1760 282 praepositio.
1800 236 1869 273 cic.
1903 239 1935 273 in
1963 239 2058 276 Catil.
2091 238 2192 276 111.¹:

356 293 403 328 Ut
433 292 565 327 Tiberis
587 292 677 323 inter
705 299 762 321 eos
786 291 819 321 et
842 299 935 333 pons
957 288 1143 322 interesset.
1178 288 1272 322 Idem
1301 290 1334 321 in
1356 285 1551 322 Pisonem²z
1596 289 1702 336 Quod
1734 293 1852 323 autem
1883 292 2000 326 maius
2025 293 2192 328 indicium

353 343 562 390 expectem,
589 341 676 374 nihil
695 341 785 374 inter
811 350 875 373 vos
897 342 930 372 et
958 338 1148 373 Catilinam
1171 338 1396 386 interfuisse?

250 415 289 449 In
311 414 449 448 verbera
472 408 630 455 pendent.
657 407 752 453 Virg.
775 407 859 442 Aen.
876 403 953 442 V.³:
990 407 1167 452 Pronique
1191 408 1226 441 in
1249 408 1399 442 verbera
1419 408 1585 453 pendent.
1612 408 1707 441 Idem
1729 405 1809 443 X.⁴¹:
1835 409 2007 455 Lucagus
2025 415 2063 444 ut
2077 422 2192 457 prono

348 461 508 509 pendeus
528 461 562 494 in
583 459 733 494 verbera
761 459 846 500 telo,
872 458 1049 492 Ammovit
1081 458 1221 505 biiugis.

353 523 409 547 me
431 512 602 546 coniicere
623 511 786 557 protinus
813 511 848 543 in
873 510 996 555 pedes.
1031 510 1126 543 Idem
1147 507 1271 544 Eun.⁵:
1305 511 1391 557 Ego
1417 511 1450 543 iu
1474 511 1590 556 pedes
1616 515 1782 555 quantum
1806 523 1901 556 queo.

1274 460 1311 493 In
1335 460 1438 504 pedes
1460 471 1522 503 pro
1544 459 1576 492 in
1597 459 1724 504 fugam.
1742 460 1877 493 Terent.
1899 461 2054 496 Phorm.:
2077 463 2192 508 Atque

1954 512 1992 545 ln
2016 513 2111 546 ilium
2134 525 2192 547 ex-

353 564 467 609 empla
493 564 591 597 facio.
612 563 748 597 Terent.
770 558 889 597 Eun.⁶:
927 561 1025 608 Quid
1049 560 1129 595 ais?
1161 561 1205 594 In
1229 573 1328 607 quem
1359 563 1523 607 exempla
1541 560 1658 608 fient?
1708 562 1746 595 In
1767 563 1863 596 ilium
1884 575 2014 608 pecco,
2039 565 2193 600 similiter.

351 616 448 649 Idem
481 611 653 648 Phorm.⁷:
694 613 782 647 Vide
810 613 845 646 in
883 616 1077 658 cognatam
1102 624 1237 658 pecces.

1296 614 1335 646 In
1368 614 1517 648 biduum.
1559 614 1693 647 Terent.
1725 611 1851 648 Eun.¹³:
1886 615 1930 648 In
1956 615 2023 648 hoe
2048 615 2193 649 biduum

354 667 463 700 Thais
488 667 577 701 vale.
628 666 668 699 In
695 677 731 699 os
758 665 895 699 laudare
921 664 1011 697 idem
1038 661 1150 709 qu0d⁹
1176 670 1384 709 praesentem
1410 665 1558 698 laudare.
1585 665 1720 698 Terent.
1739 665 1905 710 Adelph.2
1937 666 2068 700 Vereor
2093 667 2128 700 in
2154 678 2193 701 os

354 722 389 752 te
416 718 570 751 laudare
596 717 757 763 ampliu&

355 769 426 803 lexi
460 770 543 802 loco.
597 769 636 802 In
662 769 755 802 iilum
791 768 857 802 feci
889 773 1022 802 sumtus,
1063 767 1197 800 Terent.

811 717 849 750 ln
875 716 935 749 iilo
961 716 1039 750 loco
1064 722 1097 749 te
1124 716 1239 761 diligo,
1270 717 1405 749 Terent.
1430 717 1534 751 Andr.
1544 713 1585 749 ¹⁰:
1612 716 1654 750 Si
1676 720 1709 750 te
1730 717 1765 750 in
1790 718 1957 762 germani
1972 717 2108 763 fratris
2134 718 2192 751 di-

1235 764 1418 811 Hecyram:
1454 768 1622 812 Sumptus
1648 779 1732 813 quos
1754 767 1878 813 fecisti
1904 769 1938 802 in
1965 780 2055 805 eam.
2085 767 2190 816 [527]

351 821 390 853 In
424 821 571 853 medium
603 832 666 866 pro
699 821 733 853 in
766 831 953 854 commune.
994 819 1089 863 Virg.
1126 819 1253 863 Georg.
1286 816 1359 852 I.¹²:
1400 818 1443 851 In
1473 820 1628 853 medium
1659 819 1885 863 quaerebant.
1927 820 2023 854 Idem
2061 821 2191 865 Georg.

350 868 474 905 1111.¹³:
505 872 555 905 Et
585 872 619 905 in
649 872 804 905 medium
833 871 993 916 quaesita
1017 875 1197 916 reponunt.

349 933 459 968 neque
482 923 517 957 in
540 924 693 957 medium
721 923 927 957 consultare.

1228 870 1346 904 Saiust.
1369 871 1456 906 Hist.
1485 867 1606 904 1111.¹⁴:
1634 870 1819 904 Dissidere
1853 871 1942 904 inter
1967 883 2006 906 se
2035 883 2193 918 coepere,

246 989 382 1035 Indiget
409 991 496 1024 illius
520 992 577 1025 rei.
611 992 707 1037 Virg.
728 991 846 1026 Bucol.
858 987 896 1025 ¹⁵:
927 990 1085 1037 Quorum
1110 989 1247 1035 indiget
1274 1000 1364 1023 usus.
1417 990 1553 1024 Terent.
1578 986 1732 1024 Andr.¹⁰:
1773 988 1886 1037 Quasi
1912 993 1949 1024 tu
1972 989 2074 1024 huius
2098 990 2192 1024 indi-

347 1053 440 1087 geas
460 1044 589 1088 patris.

247 1093 352 1127 Instar
374 1094 461 1126 iilius
488 1095 552 1128 rei..
577 1094 671 1140 Virg.
697 1095 781 1128 Aen.
813 1090 907 1128 11.¹⁷:
939 1092 1061 1126 Instar
1089 1091 1214 1125 montis
1242 1102 1384 1137 equum,
1417 1091 1538 1126 divina
1571 1092 1739 1127 Palladis
1766 1096 1846 1127 arte
1873 1091 2089 1139 Aedificant.
2122 1091 2194 1128 Cic.

350 1144 394 1178 de
416 1140 576 1191 Signisffi:
604 1146 744 1180 Navem
764 1145 958 1179 maximam
984 1143 1136 1177 triremis
1161 1143 1281 1178 instar.

247 1196 348 1229 Instat
367 1196 431 1229 illis
451 1197 542 1230 Iocis.
577 1198 670 1243 Virg.
696 1198 778 1231 Aen.
805 1193 917 1232 xl.¹⁹:
951 1195 1034 1229 Sive
1061 1195 1191 1228 instare
1215 1195 1326 1239 iugis,
1363 1197 1396 1227 et
1416 1195 1579 1239 grandia
1609 1196 1749 1229 volvere
1781 1205 1885 1230 saxa.

1939 1194 2041 1227 Instat
2070 1193 2117 1227 illi
2144 1192 2192 1226 rei

350 1258 415 1291 pro
440 1248 598 1282 imminet.
632 1250 726 1293 Virg.
748 1249 832 1282 Aen.
858 1244 949 1282 X.²⁰:
987 1247 1056 1280 Ille
1079 1246 1193 1279 Instat
1217 1257 1342 1291 aquae.
1394 1246 1496 1278 Instat
1526 1246 1615 1279 illam
1639 1259 1708 1280 rem
1733 1258 1796 1291 pro
1818 1246 1956 1280 festinat.
1984 1245 2081 1278 Idem
2107 1245 2192 1278 Aen.

349 1299 441 1331 VIII.
450 1296 492 1333 ²¹:
519 1299 630 1333 Parte
651 1301 726 1333 alia
745 1299 862 1333 Marti
884 1309 1093 1343 currumque
1113 1301 1277 1342 rotasque
1298 1297 1457 1330 volucres
1482 1297 1678 1334 Instabam.

1730 1299 1833 1333 Instat
1855 1297 1913 1330 ilia
1939 1308 1975 1330 re
1997 1297 2090 1330 illam
2111 1307 2191 1329 rem.

349 1349 445 1383 Idem
465 1352 546 1384 Aen.
567 1348 690 1385 xl1.²²:
722 1351 934 1396 Trepidique
952 1351 1084 1395 pedem
1101 1349 1196 1394 pede
1206 1348 1376 1394 fervidus
1395 1349 1509 1383 instat.

246 1400 442 1446 Indignatus
466 1402 561 1436 iliam
586 1415 667 1437 rem.
703 1403 797 1448 Virg.
824 1403 908 1438 Aen.
943 1398 1082 1437 vffl.²³⁵:
1124 1400 1172 1434 Et
1190 1404 1332 1446 pontem
1362 1400 1570 1446 indignatus
1591 1400 1743 1435 Araxes.

250 1520 390 1549 omissum
414 1520 501 1560 plane
524 1521 557 1549 in
579 1521 652 1550 Cod.
674 1521 708 1550 A.
728 1521 768 1550 M.
790 1521 999 1558 Fragmentum
1020 1519 1078 1548 hoc
1100 1528 1202 1547 recens

249 1563 362 1592 accedit
389 1563 574 1592 salustianis.
608 1564 735 1592 Jtciuros
757 1563 827 1591 cod.
851 1563 907 1591 Gu.
937 1579 976 1584 —
1008 1565 1034 1597 1)
1070 1561 1132 1590 Cic.
1170 1562 1202 1588 in

255 1604 321 1636 Cat.
341 1607 399 1635 HL
422 1608 451 1636 2.
478 1606 511 1634 A.
534 1606 572 1634 M.
596 1607 659 1634 Eos
681 1607 761 1634 deest
786 1605 816 1633 in
839 1605 909 1633 Cod.
928 1605 982 1635 Gu.
1003 1621 1045 1626 —-
1066 1605 1096 1642 2)
1119 1603 1202 1632 Idem

251 1649 283 1675 in
299 1649 362 1676 Pis.
381 1651 408 1678 7.
425 1649 459 1676 A.
474 1648 512 1678 M.
536 1649 640 1687 stlagis
655 1648 804 1677 iudicium
819 1647 889 1677 cod.
908 1647 962 1675 Gu.
993 1663 1035 1668 —
1056 1649 1083 1680 3)
1113 1647 1199 1684 Virg.

251 1689 327 1718 Am.
355 1689 390 1717 V.
416 1693 484 1721 147.
506 1690 540 1718 A.
558 1691 598 1721 M.
631 1707 668 1712 —
698 1693 728 1727 4)
748 1689 829 1718 Idem.
850 1690 891 1718 .X.
921 1691 993 1721 585.
1011 1690 1043 1717 A.
1066 1689 1103 1717 M.
1120 1688 1202 1717 Idem

253 1729 314 1759 ΧῙ.
341 1730 411 1760 Cod.
437 1732 494 1760 Gu.
529 1734 632 1760 Prono
654 1732 803 1771 pencletls,
826 1742 913 1761 omm.
941 1731 1105 1770 prioribus,
1130 1731 1201 1759 Cod.

255 1773 289 1801 A.
313 1772 350 1800 M.
373 1773 508 1800 Locutus
531 1780 562 1800 nt
579 1785 676 1812 prono
694 1786 723 1812 p.
746 1775 816 1802 Cod.
841 1775 896 1802 Gu.
913 1775 1064 1811 Lucagus
1083 1779 1202 1811 ulpro-

256 1825 313 1842 nus
329 1813 462 1852 pendens
486 1815 584 1844 editur
606 1817 686 1854 apud
709 1816 785 1853 Virg.
807 1816 902 1845 Verba
916 1817 1070 1844 Ammorlt
1088 1816 1203 1853 biiugi-5·

256 1857 348 1885 ascivi
370 1866 385 1884 e
408 1856 480 1884 Cod.
498 1857 553 1885 Gu.
580 1858 748 1886 Admonuit
763 1858 883 1896 biiugos
898 1859 1006 1897 legitur
1026 1859 1103 1897 apud
1123 1859 1202 1896 Virg.

256 1914 299 1922 --
321 1897 348 1937 5)
367 1898 542 1936 Exemplum
559 1909 574 1927 e
593 1900 771 1929 Phormione
785 1902 910 1938 petitum
928 1903 1009 1929 deest
1021 1901 1100 1940 apud
1113 1900 1148 1929 A.
1164 1901 1202 1929 M.

256 1940 310 1970 ubi
333 1941 375 1968 sic
395 1942 531 1979 procedit
550 1943 660 1971 oratio:
691 1944 722 1970 in
740 1943 863 1980 fugam.
891 1945 951 1974 Ter.
974 1945 1054 1974 Eun..
1074 1945 1102 1976 5.
1125 1946 1156 1975 2.
1172 1944 1201 1975 5.

257 1985 325 2021 Ego
349 1984 381 2010 in
399 1982 490 2021 pede-5
513 1989 564 2014 cet.
587 1986 683 2013 Locus
703 1995 719 2013 e
740 1983 857 2013 Phorm.
880 1990 930 2013 est.
946 1986 967 2014 I.
988 1989 1016 2018 4.
1035 1989 1083 2017 13.
1099 1986 1203 2023 Atque

256 2026 329 2054 hinc
343 2035 387 2052 me
407 2027 580 2054 coniicerm
594 2029 738 2066 protinus
754 2028 787 2054 ln
808 2025 905 2064 psile&
931 2028 998 2056 Post
1027 2038 1076 2056 vv.
1100 2038 1202 2066 quan-

258 2073 322 2096 tum
345 2078 417 2105 queo
442 2075 608 2106 sequuntur
637 2069 709 2097 haec
737 2069 768 2097 in
796 2069 866 2099 Cod.
895 2070 949 2097 Gu.
981 2071 1096 2098 Interea
1132 2071 1201 2100 luci.

264 2112 372 2139 Terent.
398 2111 478 2139 Ean.
504 2109 548 2150 (in
567 2112 697 2149 margine
716 2111 843 2151 licant.)
864 2117 900 2138 te
931 2113 1080 2140 interea
1107 2113 1204 2151 loci3

261 2163 336 2192 quae
355 2151 390 2180 ab
412 2152 470 2180 hoc
492 2153 559 2181 loco
578 2154 671 2182 alicua
692 2154 842 2182 videntur.
865 2170 906 2174 —
937 2154 966 2191 6)
990 2154 1069 2182 Idem
1093 2156 1125 2182 iii
1152 2166 1204 2182 m-

261 2195 328 2223 dem
352 2195 381 2226 5.
399 2197 427 2226 5.
443 2197 472 2226 6.
494 2196 527 2223 A.
546 2196 583 2224 M.
614 2212 653 2218 -·
676 2199 703 2231 7)
728 2196 800 2225 Voc.
829 2196 969 2223 similita-
989 2197 1067 2224 abest
1091 2207 1106 2224 a
1133 2198 1204 2226 Cod.

261 2238 296 2266 A.
324 2237 361 2265 M.
390 2235 469 2265 Idem
499 2238 621 2265 I’lwrm.
654 2239 682 2269 5.
711 2239 738 2269 3.
767 2240 817 2268 20.
844 2238 878 2266 A.
908 2238 946 2268 M.
970 2238 1044 2265 Tum
1076 2239 1140 2266 vide
1173 2242 1205 2268 ιίι

262 2285 427 2318 cognatum
457 2279 528 2309 Cod.
552 2281 585 2308 A.
610 2280 647 2308 M.
676 2279 752 2308 Vide
774 2281 805 2307 in
836 2290 871 2307 eo
896 2285 1027 2318 gnatum
1054 2281 1122 2311 cod.
1151 2284 1205 2313 Gu,

262 2321 351 2360 Apud
373 2321 437 2349 Ter.
454 2321 575 2359 legitur:
603 2324 681 2351 Cave
699 2333 739 2350 ηε
759 2323 789 2349 in
810 2327 1017 2360 cognatam
1034 2333 1142 2360 pecces.
1168 2340 1203 2346 -

263 2365 291 2398 8)
320 2362 403 2391 Idem
426 2364 504 2394 Eun.
529 2368 552 2395 1.
575 2368 603 2396 2.
626 2368 694 2396 110.
725 2365 758 2393 A.
781 2364 818 2392 M.
847 2381 888 2386 —
921 2365 951 2402 9)
973 2364 1028 2392 Pro
1053 2374 1101 2392 vv.
1130 2363 1205 2393 idem

264 2404 349 2444 qnod
367 2406 398 2434 in
423 2406 493 2435 Cod.
515 2407 569 2436 Gu.
595 2413 655 2437 est:
678 2405 712 2436 id
730 2412 780 2435 est.
800 2406 875 2435 'I'um
897 2407 957 2436 Ter.
978 2405 1064 2436 Adel.
1086 2409 1114 2438 2.
1133 2409 1160 2438 4.
1179 2410 1206 2439 5.

1795 1400 1991 1446 Indignatur
2011 1398 2071 1433 ille
2096 1397 2192 1431 illum

1244 1520 1278 1549 A.
1299 1518 1339 1548 M.
1364 1534 1406 1541 —
1437 1522 1481 1554 10)
1506 1518 1587 1548 Idem
1608 1517 1690 1548 And.
1715 1521 1741 1550 1.
1762 1518 1789 1550 5.
1809 1519 1859 1551 58.
1885 1517 1919 1547 A.
1935 1518 1976 1548 M.
1997 1516 2119 1546 Fratris
2134 1525 2193 1546 om.

1246 1561 1316 1590 Cod.
1336 1560 1369 1592 A.
1390 1561 1429 1589 M.
1459 1577 1501 1583 —
1533 1561 1580 1599 11)
1604 1561 1685 1590 Idem
1710 1562 1804 1599 Heey.
1822 1564 1851 1593 4.
1867 1563 1895 1592 4.
1912 1563 1961 1592 63.
1988 1561 2019 1589 A.
2042 1559 2082 1589 M.
2100 1559 2194 1587 Sum-

1245 1610 1294 1631 tus
1315 1604 1345 1631 in
1373 1604 1557 1640 elocutione,
1594 1609 1735 1642 sumptus
1758 1604 1790 1632 in
1819 1604 1954 1642 exemplo
1981 1602 2051 1632 Cod.
2073 1602 2130 1630 Gu.
2151 1615 2194 1623 ——

1245 1647 1289 1686 19)
1313 1648 1374 1674 Pro
1392 1657 1557 1682 commune,
1581 1657 1638 1675 om.
1655 1657 1771 1685 praep.,
1793 1646 1863 1675 Cod.
1889 1646 1945 1674 Gu.
1972 1646 2057 1684 Virg.
2085 1645 2192 1682 Georg.

1246 1691 1267 1718 Ι.
1294 1691 1361 1720 127.
1392 1689 1426 1716 A.
1441 1688 1479 1716 M.
1502 1705 1544 1711 —
1568 1687 1613 1729 13)
1639 1688 1722 1717 Idem
1746 1689 1816 1717 Gen.
1843 1690 1920 1718 IIII.
1946 1689 2013 1720 157.
2036 1688 2068 1715 A.
2089 1686 2129 1716 M.
2152 1700 2194 1707 —

1245 1732 1291 1767 14)
1316 1731 1378 1761 Sal.
1408 1732 1492 1759 llis-t.
1521 1733 1597 1760 IIII.
1624 1734 1652 1763 9.
1682 1731 1717 1760 A.
1745 1731 1783 1759 M.
1813 1731 1958 1769 Fragmm.
1986 1729 2037 1758 lib.
2063 1728 2112 1757 IV.
2145 1729 2193 1759 16.

1246 1772 1383 1802 Gerlach.
1405 1789 1447 1795 —
1477 1777 1520 1808 15)
1545 1774 1630 1812 Visg.
1649 1773 1715 1803 ΕΓΖ,
1741 1775 1783 1803 ΙΙ.
1811 1775 1861 1805 71.
1881 1773 1910 1802 A.
1928 1773 1966 1801 M.
1990 1787 2032 1793 —
2059 1771 2104 1807 16)
2125 1769 2193 1800 Ter.

1245 1815 1326 1843 And.
1345 1818 1374 1847 5.
1399 1818 1426 1845 3.
1451 1817 1499 1847 19.
1518 1816 1552 1845 A.
1570 1816 1606 1844 M.
1632 1816 1708 1846 Gud.
1734 1817 1765 1844 A.
1787 1815 1825 1844 M.
1847 1815 1948 1843 laudat
1972 1824 2007 1842 ex
2034 1811 2192 1841 Eunucho.

1246 1858 1317 1888 cod,
1344 1858 1399 1887 Gu.
1423 1862 1504 1886 recte
1527 1867 1563 1885 ex
1581 1858 1702 1886 Andria.
1727 1873 1769 1879 -
1798 1859 1845 1895 17)
1871 1857 1959 1896 Vir-g.
1983 1855 2059 1884 Aen.
2082 1856 2122 1885 II.
2144 1853 2193 1886 15·

1245 1900 1280 1929 A.
1299 1900 1337 1928 M.
1359 1899 1451 1929 Verba
1476 1899 1583 1927 divina
1606 1898 1748 1928 Palladis
1772 1905 1836 1927 arte
1860 1899 2033 1938 Aedificant
2054 1896 2157 1926 addidi
2179 1905 2195 1925 e

1247 1943 1317 1971 cod.
1343 1942 1400 1971 Gu.
1424 1958 1465 1963 -—-
1490 1941 1534 1983 18)
1559 1942 1630 1970 Cod.
1653 1947 1778 1980 uterque
1805 1941 1923 1970 exhibet
1946 1939 2005 1971 Cic.
2025 1939 2061 1968 de
2080 1939 2194 1978 Signis.

1245 1985 1302 2013 Sed
1326 1985 1386 2015 Cic.
1404 1983 1439 2012 tle
1455 1985 1621 2023 Suppliciis
1639 1987 1687 2016 17.
1712 1983 1805 2012 edidit
1832 1985 1865 2013 A.
1883 1985 1921 2013 M.
1943 1984 2095 2021 Leguntur
2115 1981 2194 2011 enim

1244 2027 1276 2056 in
1300 2027 1380 2056 Verr.
1404 2027 1468 2055 Act.
1490 2027 1526 2057 ll.
1546 2027 1596 2055 lib.
1618 2026 1651 2054 V.
1674 2037 1699 2054 c.
1724 2030 1772 2058 17.
1797 2026 1883 2055 haec:
1916 2027 2032 2055 IVavem
2052 2034 2120 2053 vero
2139 2021 2194 2061 CJ-

1246 2070 1330 2098 beam
1350 2070 1529 2106 inanimam,
1560 2070 1691 2097 triremis
1710 2070 1825 2104 instar,
1842 2070 2082 2107 pulcherrimam
2103 2071 2194 2105 atque

1247 2113 1483 2140 ornatissimam.
1505 2116 1558 2140 cet.
1580 2128 1622 2133 —
1646 2109 1691 2151 19)
1719 2112 1805 2150 Virg.
1828 2112 1905 2142 Aen.
1930 2112 1988 2141 XI.
2012 2112 2083 2142 529.
2101 2109 2136 2138 A.
2155 2107 2194 2137 M.

1247 2155 1342 2183 Ve1ba
1365 2161 1390 2182 ct
1403 2152 1539 2190 grandia
1558 2154 1670 2181 volvere·
1689 2165 1765 2182 susa
1781 2154 1873 2182 adieci
1893 2166 1907 2183 e
1924 2154 1992 2182 cod.
2016 2154 2124 2182 Gu.·--
2144 2147 2193 2190 90)

1249 2198 1299 2226 Illi
1321 2199 1362 2224 rei
1385 2197 1459 2225 (jud.
1479 2197 1534 2225 Gu.
1553 2197 1611 2225 Rei
1633 2196 1712 2224 abest
1728 2207 1745 2224 a
1767 2197 1836 2226 Cod.
1855 2198 1888 2226 A.
1908 2196 1946 2226 M.
1963 2194 2048 2224 Idem
2065 2194 2107 2224 X.
2123 2193 2192 2224 196·

1247 2242 1282 2269 A.
1307 2239 1344 2267 M.
1375 2256 1406 2259 —
1431 2242 1473 2272 21)
1495 2239 1592 2267 Instat
1615 2239 1701 2266 illum
1720 2239 1792 2267 Cud.
1809 2240 1843 2268 A.
1869 2239 1906 2267 M.
1932 2238 2005 2267 Inst.
2026 2236 2113 2264 illam
2134 2242 2193 2261 rem

1250 2282 1321 2310 eod.
1343 2282 1398 2312 Gu,
1426 2281 1519 2309 Verba
1548 2283 1640 2309 Parte
1672 2282 1737 2309 alia
1757 2282 1854 2310 illarii
1875 2283 2062 2309 accesserunt
2083 2287 2098 2304 e
2121 2273 2190 2302 Cod-

1251 2325 1306 2353 Gu.
1332 2325 1425 2352 Locus
1449 2329 1491 2351 est
1518 2324 1590 2353 Aen.
1616 2323 1691 2352 vm.
1723 2325 1792 2355 433,
1825 2339 1868 2346 —
1897 2323 1944 2361 22)
1966 2323 2062 2351 Instat
2083 2316 2139 2345 illa
2160 2325 2191 2342 rc

1249 2367 1345 2393 alium
1366 2367 1398 2394 A.
1420 2365 1459 2395 M.
1477 2366 1548 2394 last.
1571 2366 1626 2394 illa
1641 2377 1670 2393 re
1683 2366 1771 2394 illam
1792 2377 1850 2394 rem
1869 2366 1940 2394 (iod.
1957 2364 2011 2392 Gu.
2028 2359 2108 2390 Idem
2117 2356 2191 2386 XII.

1249 2410 1320 2439 784.
1341 2408 1374 2436 A.
1398 2408 1436 2437 M.
1455 2409 1512 2437 Pro
1532 2418 1561 2437 v.
1575 2407 1721 2446 servidas
1743 2409 1815 2438 eod.
1840 2408 1872 2436 A.
1892 2407 1927 2435 M.
1945 2400 2114 2443 secudu-⁹.
2133 2399 2189 2429 Pro
