2263 2668
247 123 323 161 258

1022 126 1248 163 ARUSIANI
1275 128 1416 164 MESSI

1197 247 1242 282 R.

245 321 392 366 Relegat
417 320 465 353 illi
491 316 596 352 loco¹.
630 317 726 364 Virg.
758 319 842 354 Aen.
869 319 962 356 VH.:
993 319 1043 354 Et
1068 320 1258 369 Nymphae
1284 324 1447 370 Egeriae
1472 324 1683 370 memorique
1708 324 1860 371 relegat.
1912 326 2058 373 Relegat
2090 328 2123 362 in
2149 329 2193 363 il—

348 373 416 404 Ium
441 371 564 405 locum.
592 370 663 404 Sal.
687 371 810 404 Histor.
838 368 903 406 1.²:
931 372 1089 418 Relegat
1116 375 1150 408 in
1171 376 1337 420 paludes.

245 423 423 459 Recordor
446 421 490 453 de
514 421 584 454 illo.
612 421 682 455 Cic.
708 433 771 467 pro
798 419 961 456 Scauro³z
987 423 1046 457 De
1071 429 1105 458 te
1130 428 1309 462 recordor.
1335 427 1381 460 Et
1407 426 1514 461 illum.
1541 426 1635 472 Virg.
1650 427 1733 462 Aen.
1761 427 1868 462 V111.:
1895 427 1944 461 Et
1970 440 2089 463 vocem
2114 430 2191 464 An-

346 473 468 506 chisae
492 473 620 518 magni
644 473 844 519 vultumque
868 476 1047 508 recordor.

244 526 394 559 Resonat
418 535 552 558 carmen
575 520 699 559 locus⁴.
725 525 819 570 Virg.
850 526 948 561 Buc.:
975 527 1182 561 Formosam
1214 539 1381 563 resonare
1409 528 1515 562 doces
1540 528 1771 573 Amaryllida
1797 530 1913 566 silvas.
1942 530 2091 565 Resonat
2117 543 2193 566 car—

345 576 434 609 mine
461 577 566 610 Iocus.
599 576 695 609 Idem
721 577 860 613 Aeneid.
882 578 960 611 1V.:
1000 578 1158 613 Resonat
1186 580 1423 625 plangoribus
1457 580 1588 614 aether.

1647 581 1795 614 Resonat
1827 582 1886 614 illo
1920 583 2066 617 carmine
2099 584 2194 617 illum

347 627 469 661 locum.
497 628 592 661 Idem
616 628 756 662 Aeneid.
781 628 877 662 VH.:
903 629 1106 664 Inaccessos
1132 631 1191 665 ubi
1215 633 1297 665 solis
1323 631 1417 664 Filia
1444 632 1539 665 lucos
1564 631 1718 665 Assiduo
1744 637 1885 666 resonat
1912 638 2027 667 cantu.

245 678 390 724 Refugit
415 679 458 711 ab
484 679 541 712 illa
567 690 613 713 re.
641 680 737 713 Idem
762 681 844 713 Aen.
872 677 964 715 111.⁵:
997 681 1217 727 Rqs'ugilque
1249 683 1295 716 ab
1332 684 1447 716 littore
1473 683 1651 728 templum,
1704 684 1845 729 Refugit
1871 684 1963 718 illam
1990 697 2071 720 rem.
2098 687 2195 720 Idem

347 732 430 764 Aen.
448 727 560 766 V11.⁶:
587 731 809 777 Aversusque
833 731 970 778 refugit
996 733 1120 768 Foeda
1147 735 1348 770 ministeria.
1386 735 1529 780 Refugit
1552 735 1610 768 illa
1629 735 1678 768 sui
1702 740 1798 780 parte
1808 733 1828 770 ⁷.
1854 736 1949 769 Idem
1977 737 2106 783 Georg.
2132 738 2194 774 II.:

348 781 538 827 Mediaque
561 781 737 829 refugerit
760 783 852 816 orbe.

248 833 377 867 Recens
411 834 453 866 ab
480 834 537 866 illa
564 831 629 867 res.
662 834 758 880 Virg.
785 836 869 870 Aen.
896 834 975 868 V1.:
1009 835 1147 869 Recens
1179 847 1203 869 a
1235 836 1377 869 vulnere
1406 835 1515 869 Dido.
1567 837 1698 871 Recens
1731 837 1791 870 illo
1818 838 1896 872 loco

349 884 436 917 Phil.
464 885 510 919 1.:
530 885 590 918 Ex
617 885 670 919 his
696 887 842 931 quidam
868 886 986 920 Roma
1011 892 1174 920 recentes.

1921 863 1929 871 .
1970 838 2041 875 cie.
2071 837 2193 886 [542]

246 936 436 980 Requiesco
463 935 548 970 illud
568 941 700 982 tempus
712 935 744 970 ¹⁰.
774 938 868 983 Virg.
899 938 1000 973 Buc.:
1033 939 1104 972 Hic
1130 943 1247 972 tamen
1276 938 1369 972 hanc
1401 949 1537 971 mecum
1561 939 1695 984 poteris
1722 940 1939 984 requiescere
1963 945 2108 977 noctem.
2136 942 2196 976 Sic

350 987 420 1021 Cic.
447 998 512 1033 pro
535 988 664 1022 Cluent.
678 985 716 1023 ¹¹:

756 988 826 1036 Qui
856 1001 935 1023 cum
964 1001 1036 1024 una
1065 1001 1106 1024 rc
1135 994 1168 1023 et
1196 991 1348 1023 alteram
1382 990 1476 1022 diem
1508 990 1784 1024 desideraretur.

1841 991 2033 1036 RequIesco
2060 1003 2192 1027 cursum

348 1050 471 1075 mcum.
500 1040 593 1085 Virg-
620 1041 704 1074 Buc.
714 1038 756 1074 ¹²:
779 1041 828 1074 Et
854 1045 993 1075 mutata
1016 1053 1096 1075 suos
1120 1042 1319 1087 requierunt
1340 1040 1492 1087 flumina
1518 1053 1649 1075 cursus.

246 1089 380 1136 Recipit
406 1103 440 1123 se
466 1092 508 1125 ab
534 1087 631 1125 inis¹³
656 1091 748 1126 locis.
782 1093 878 1138 Virg.
905 1093 1033 1139 Georg.
1061 1093 1155 1128 1111.:
1193 1093 1270 1140 Quo
1291 1092 1415 1139 sessus
1440 1092 1487 1126 ab
1513 1094 1616 1126 undis
1643 1093 1691 1127 Se
1719 1094 1856 1139 recipit.
1896 1094 2033 1139 Recipit
2064 1105 2105 1128 ex
2135 1094 2196 1127 ino

347 1142 455 1178 illum.
479 1142 574 1177 Idem
601 1143 683 1177 Aen.
712 1144 785 1177 VL:
810 1143 918 1178 Illum
944 1156 1013 1190 ego
1034 1156 1104 1190 per
1116 1143 1294 1192 flammas
1321 1148 1354 1178 et
1380 1145 1475 1178 mille
1500 1145 1680 1190 sequentia
1708 1145 1782 1178 tela
1806 1145 1936 1191 Eripui
1962 1146 2017 1180 his
2042 1146 2197 1180 humeris

352 1194 536 1239 medioque
562 1206 607 1228 ex
632 1195 730 1228 hoste
754 1196 883 1241 recepi.

247 1244 411 1278 Residunt
436 1245 469 1278 in
495 1246 589 1280 iilam
614 1243 789 1291 partemn.
832 1248 927 1293 Virg.
954 1247 1039 1283 Aen.
1063 1247 1140 1281 IX.:
1171 1247 1268 1280 Dum
1302 1258 1340 1281 se
1373 1247 1577 1293 glomerant
1609 1251 1771 1292 retroque
1803 1247 1962 1281 residunt
1987 1248 2023 1281 in
2041 1251 2196 1293 partem,

350 1307 442 1341 quae
460 1301 563 1342 poste
589 1301 697 1333 caret.

247 1346 387 1381 Residet
412 1348 470 1381 illa
495 1346 575 1382 πει-’ἱ
602 1349 697 1382 Idem
721 1350 802 1384 Aen.
828 1349 872 1383 l.:
900 1349 1063 1396 Solioque
1084 1349 1155 1383 alte
1179 1348 1330 1383 subnixa
1355 1350 1495 1384 resedit.
1522 1348 1661 1383 Resedit
1685 1349 1719 1383 in
1740 1349 1799 1382 illa
1824 1360 1871 1386 re.
1903 1349 2000 1383 Idem
2023 1349 2107 1382 Aen.
2135 1348 2196 1383 V.:

351 1398 524 1445 Siccaque
544 1401 579 1433 in
605 1412 694 1446 rupe
718 1402 859 1437 resedit.

249 1449 458 1485 Reminiscor
482 1449 607 1486 illamm
631 1464 712 1487 rem.
748 1453 843 1499 Virg.
866 1452 950 1487 Aen.
977 1452 1036 1486 X.:
1062 1452 1112 1486 Et
1139 1452 1260 1487 dulces
1284 1453 1434 1487 moriens
1456 1452 1688 1486 reminiscitur
1710 1463 1834 1498 agros,

251 1596 388 1614 mane-5.
418 1585 582 1616 videantur
602 1587 735 1625 Interpp.
764 1587 846 1625 Virg.
867 1587 904 1616 ad
926 1586 1023 1616 istum'
1039 1589 1147 1617 locum.
1162 1606 1204 1610 -—

252 1632 279 1662 1)
290 1629 416 1667 Relegat
432 1629 481 1657 illi
495 1629 569 1661 loco,
591 1630 674 1658 Hanc
691 1629 848 1658 formulam
862 1641 928 1658 cum
945 1632 1080 1670 exemplo
1102 1631 1203 1660 addidi

251 1679 267 1697 e
288 1670 360 1698 Cod.
379 1671 436 1701 Gu.
462 1672 556 1700 Locus
577 1677 620 1701 est
641 1672 724 1710 Virg.
741 1672 814 1702 Aen.
831 1672 901 1709 VII,
924 1673 995 1705 775.
1017 1690 1059 1695 -
1088 1673 1116 1713 2)
1140 1674 1202 1702 Sal.

252 1712 337 1740 Jlist.
357 1710 381 1739 Ι.
401 1715 430 1744 9.
458 1714 492 1743 A.
515 1715 555 1744 M.
577 1715 722 1752 Fragmm.
747 1714 771 1751 I,
796 1714 843 1747 15.
877 1715 958 1744 Gerl.
987 1715 1019 1744 in
1045 1721 1118 1744 orat.
1141 1716 1204 1744 Le-

252 1753 316 1791 pidi
337 1759 439 1782 contra
458 1756 587 1793 Sullam,
614 1757 667 1785 ubi
689 1757 788 1787 editur
801 1758 950 1796 relegati.
975 1758 1031 1787 Sed
1049 1759 1121 1787 cod.
1140 1769 1202 1786 no·-

254 1796 309 1823 stri
333 1796 463 1834 Grumm.
483 1802 609 1836 uterque
633 1799 755 1836 relegat.
786 1816 825 1822 —-—-
853 1800 882 1839 3)
911 1800 972 1830 Cic.
997 1811 1055 1839 pro
1087 1802 1201 1829 Scauro

254 1837 324 1868 995.
349 1839 382 1865 A.
399 1837 436 1866 M.
458 1838 602 1877 Fragmin.
625 1845 698 1868 orat.
720 1852 767 1880 pr.
790 1843 837 1872 Sc.
859 1845 911 1875 49.
935 1843 1028 1872 Nobb.
1048 1842 1143 1871 Verba
1161 1844 1203 1871 Et

256 1880 345 1907 illum
364 1889 430 1908 cum
451 1882 589 1920 apposito
613 1883 749 1921 exemplo
771 1885 878 1914 desunt
899 1886 928 1914 in
952 1886 1025 1916 Cod.
1052 1886 1110 1915 Gu.
1139 1886 1203 1914 Lo—

257 1931 307 1949 cus
330 1926 372 1949 est
394 1922 476 1960 Virg.
499 1923 573 1955 Aen.
594 1924 670 1961 VIII,
695 1927 763 1958 156.
795 1927 961 1966 Legendum
993 1933 1094 1957 tamen
1124 1927 1203 1956 haud

257 1962 363 1992 dubie:
385 1964 538 1993 Recurdor
559 1967 695 1995 illumin
712 1968 848 1999 formula.
871 1986 913 1992 —
933 1969 961 2009 4)
981 1972 1116 1999 Resonat
1139 1981 1204 1998 car-

258 2016 323 2033 men
341 2006 433 2034 locus.
454 2007 550 2037 Huius
571 2010 661 2038 totius
686 2010 805 2039 articuli
828 2012 905 2050 apud
927 2013 960 2042 A.
985 2014 1025 2043 Μ.
1050 2013 1126 2042 nihil
1157 2023 1205 2041 re-

256 2048 369 2085 liquum
386 2053 438 2085 est,
458 2050 514 2078 nisi
532 2050 607 2080 hocz
631 2052 765 2081 Resonat
775 2054 978 2092 plangoribus
991 2056 1099 2083 aether.
1123 2054 1205 2084 Idem

259 2089 316 2119 IV.
338 2093 409 2123 668.
434 2091 544 2121 Deinde
563 2094 593 2121 in
610 2104 689 2122 novo
715 2096 841 2124 articulo
863 2102 1040 2134 sequuntur:
1070 2099 1205 2127 Res-anat

257 2132 416 2161 hunchuc
436 2144 465 2161 re
493 2144 561 2163 cum
584 2137 720 2175 exemplo
750 2137 830 2176 Virg.
855 2138 926 2166 Aen.
953 2139 1019 2177 V11,
1043 2144 1091 2172 11.
1121 2141 1205 2176 Quae

259 2175 357 2203 omnia
380 2186 468 2214 quam
486 2176 547 2206 sint.
570 2178 720 2215 mutilata,
743 2190 829 2208 nemo
848 2191 908 2208 non
929 2181 1019 2211 videt.
1047 2183 1207 2221 Clango-

260 2217 346 2245 ribus
369 2218 444 2248 God.
459 2219 513 2247 Gu.
531 2236 573 2242 —-
595 2219 624 2258 5)
648 2221 777 2259 Refugit
800 2223 839 2250 ab
853 2223 910 2250 lzoc
931 2222 964 2250 A.
984 2224 1021 2253 M.
1046 2224 1128 2253 Idem
1147 2225 1202 2255 Ill.

261 2260 333 2292 536.
357 2260 389 2288 A.
414 2260 454 2290 M.
479 2277 521 2282 —
546 2264 572 2297 6)
597 2263 672 2290 Rem
696 2264 797 2292 addidi
819 2275 833 2293 e
855 2265 926 2293 Cod.
945 2265 1001 2293 Gu.
1026 2265 1107 2294 Idem
1134 2268 1204 2297 Vll.

260 2304 333 2334 618.
358 2302 393 2333 A.
408 2302 445 2333 Μ.
468 2319 510 2324 -
529 2306 556 2341 7)
580 2304 659 2333 Haec
680 2306 809 2335 formula
829 2318 896 2335 cum
919 2308 1054 2345 exemplo
1077 2319 1130 2338 suo
1150 2320 1206 2339 re-

262 2354 330 2374 cens
350 2345 472 2374 accessit
487 2355 502 2374 e
519 2346 591 2376 cod.
609 2347 665 2377 Gu.
687 2349 783 2377 Locus
804 2354 847 2377 est
866 2349 945 2387 Virg.
971 2350 1075 2387 Georg.
1093 2351 1113 2387 I,
1131 2354 1205 2384 442.

262 2404 304 2409 —
324 2385 353 2426 8)
378 2388 490 2416 Recens
512 2389 551 2417 ab
576 2390 695 2419 vulnere
715 2390 811 2420 Dido.
835 2390 917 2420 Idem
941 2391 994 2421 Vl.
1016 2393 1088 2424 450.
1113 2394 1145 2421 A.
1166 2395 1203 2423 M.

1247 1588 1352 1616 omissa
1376 1588 1511 1617 formula.
1534 1604 1576 1610 —
1597 1587 1626 1626 9)
1650 1588 1707 1616 Illo
1722 1587 1822 1616 addidi
1836 1596 1852 1615 e
1869 1585 1941 1615 Cod.
1962 1585 2019 1614 Gu.
2036 1583 2098 1614 Cic.
2114 1583 2195 1613 Phil.

1247 1630 1274 1661 I.
1298 1633 1326 1662 3.
1357 1631 1388 1658 A.
1415 1631 1453 1659 M.
1479 1648 1522 1652 —
1557 1630 1599 1668 10)
1626 1632 1751 1669 Tempus
1778 1629 1870 1658 adieci
1893 1638 1907 1657 e
1930 1628 2000 1656 Cod.
2025 1627 2079 1658 Gn.
2109 1627 2196 1666 Virg.

1245 1674 1313 1701 Ecl.
1336 1671 1360 1702 1.
1381 1675 1430 1704 80.
1455 1673 1488 1702 Α.
1511 1673 1548 1702 M.
1572 1672 1689 1702 Poteris
1712 1678 1837 1711 uterque
1859 1671 1929 1699 Cod.
1952 1670 2042 1709 Apud
2058 1669 2134 1707 Virg.
2151 1670 2197 1698 le-

1245 1717 1324 1754 gitur
1342 1721 1474 1753 poteras:
1506 1732 1545 1738 --
1579 1715 1622 1754 11)
1649 1717 1698 1744 Sic
1724 1716 1784 1744 Cic.
1807 1731 1844 1736 —-
1868 1712 2097 1741 desideraretur.
2117 1712 2197 1740 Haec

1246 1763 1435 1786 accesserunt
1457 1768 1472 1786 e
1495 1758 1567 1786 cod.
1590 1759 1646 1786 Gu.
1669 1758 1764 1786 Locus
1789 1762 1832 1786 est
1851 1756 1883 1784 in
1901 1760 1977 1785 orat.
1998 1765 2053 1793 pro
2078 1753 2195 1782 Clueni.

1245 1811 1271 1829 c.
1294 1803 1340 1833 13.
1363 1800 1412 1828 ubi
1435 1800 1554 1837 legitur:
1581 1802 1642 1839 Qui
1666 1810 1734 1828 cum
1759 1809 1865 1828 unum
1890 1800 1967 1825 iam
1992 1802 2024 1825 et
2053 1796 2197 1824 alterum.

1245 1842 1274 1873 d.
1298 1842 1326 1870 d.
1352 1843 1569 1871 Grammaticus
1583 1842 1734 1881 scripsisse
1748 1842 1883 1870 videtur:
1906 1850 1999 1868 unam
2016 1844 2042 1867 et
2056 1839 2195 1868 alteram.

1244 1901 1286 1907 -—
1309 1883 1356 1925 12)
1380 1886 1481 1914 Meam
1505 1885 1607 1914 addidi
1622 1895 1637 1914 e
1653 1885 1724 1914 Cod.
1740 1884 1798 1913 Gu.
1826 1882 1909 1912 Idem
1935 1881 2020 1912 VIII.
2042 1883 2071 1912 4.
2096 1881 2132 1910 A.
2157 1881 2195 1909 M.

1244 1943 1286 1949 —
1310 1931 1353 1962 13)
1379 1929 1472 1956 Locis
1487 1928 1610 1956 accessit
1627 1937 1642 1956 e
1664 1927 1737 1956 Cod.
1763 1928 1818 1956 Gu.
1847 1924 1928 1954 Idem
1954 1925 2007 1953 Ge.
2031 1925 2105 1953 IIII.
2123 1925 2194 1956 408-

1245 1970 1280 1998 A.
1301 1970 1338 1998 M.
1366 1970 1448 2006 Quae
1475 1970 1609 2008 sequitur
1636 1969 1782 1998 formula:
1818 1969 1939 2006 Recipit
1966 1978 1999 1995 ex
2024 1966 2079 1994 illo
2106 1966 2196 1994 illum

1246 2012 1327 2041 deest
1344 2012 1375 2041 in
1401 2012 1473 2041 cod.
1498 2013 1530 2043 A.
1549 2013 1587 2042 M.
1613 2012 1725 2040 Ibidem
1747 2011 1932 2040 desideratur
1956 2009 2040 2048 prior
2067 2008 2194 2046 exempli

1245 2064 1349 2084 versus
1373 2055 1465 2084 Illum
1487 2066 1539 2093 ego
1556 2070 1599 2076 —-
1617 2055 1685 2082 tela.
1710 2055 1803 2082 Locus
1829 2058 1874 2081 est
1894 2052 1966 2081 Aen.
1988 2051 2038 2080 VI.
2061 2053 2130 2083 111.
2151 2065 2195 2073 —-

1249 2096 1293 2136 14)
1317 2097 1396 2126 Haec
1410 2098 1538 2126 formula
1558 2107 1625 2126 cum
1649 2098 1784 2135 exemplo
1805 2106 1858 2124 suo
1877 2095 2000 2123 accessit
2020 2103 2034 2122 e
2049 2091 2193 2139 Cod..Gu.

1247 2140 1343 2168 Locus
1367 2145 1410 2168 est
1432 2140 1509 2178 Virg.
1538 2140 1608 2170 Aen.
1634 2139 1685 2176 lx,
1708 2142 1778 2171 539.
1801 2148 1862 2176 seq.
1886 2137 1937 2166 ubi
1961 2141 2056 2175 peste
2076 2135 2193 2172 legitur.

1246 2198 1287 2204 ——
1311 2182 1357 2220 15)
1382 2182 1441 2211 Illa
1459 2182 1560 2211 addidi
1578 2193 1593 2211 e
1610 2182 1680 2212 cod.
1701 2182 1757 2210 Gu.
1774 2180 1856 2210 Idem
1877 2182 1901 2209 Ι.
1918 2182 1987 2211 506.
2010 2179 2043 2207 A.
2057 2177 2095 2206 Μ.
2116 2177 2193 2205 'sum

1247 2225 1374 2253 formula
1399 2224 1523 2253 Res-edit
1538 2227 1570 2253 in
1591 2225 1649 2253 illa
1673 2235 1703 2252 re
1729 2223 1841 2252 excidit
1864 2222 1895 2250 in
1917 2222 1990 2250 Cod.
2006 2221 2038 2249 A.
2057 2219 2093 2248 M.
2112 2218 2194 2248 Idem

1251 2267 1288 2296 If.
1314 2269 1383 2299 180.
1405 2269 1438 2296 Α.
1460 2268 1498 2296 Μ.
1523 2283 1565 2290 --
1588 2266 1631 2306 16)
1649 2268 1725 2295 Rem
1739 2265 1839 2294 addidi
1855 2274 1871 2293 e
1890 2263 1960 2293 Cod.
1982 2263 2038 2292 Gu.
2053 2260 2135 2290 Idem
2150 2261 2193 2309 If.

1246 2311 1318 2342 782.
1342 2311 1375 2338 Α.
1400 2310 1438 2339 Μ.
1460 2309 1563 2349 Agros
1582 2314 1709 2348 uterque
1730 2308 1801 2338 cod.
1822 2306 1970 2336 mendose.
1992 2303 2094 2342 Algos
2115 2303 2194 2341 Iegi-

1247 2356 1297 2380 tur
1319 2352 1398 2390 apud
1425 2352 1506 2391 Virg.
1533 2369 1577 2375 --
1606 2355 1648 2387 17)
1672 2353 1730 2380 Rei
1754 2350 1877 2379 accessit
1899 2358 1914 2376 e
1939 2346 2009 2377 Cod.
2034 2347 2090 2376 Gu.
2111 2344 2194 2374 Idem

1250 2394 1305 2423 XI·
1324 2395 1396 2427 611.
1413 2394 1445 2425 A.
1470 2396 1509 2425 M.
1534 2411 1576 2425 -v
1605 2393 1649 2434 18)
1669 2393 1751 2424 Idem
1771 2394 1847 2423 ΗΠ.
1867 2391 1938 2423 329.
1959 2390 1993 2417 A.
2007 2389 2044 2418 M.
2063 2389 2192 2417 Tantum
