2263 2668
215 172 290 206 420
637 169 981 204 COMMENTARII
1005 169 1055 202 IN
1079 169 1222 204 PAULI
1247 171 1444 207 DIACONI
1469 172 1725 207 EXCERPTA

213 267 243 296 in
264 265 429 295 adverbium
453 262 558 292 transit
580 269 606 290 et
628 269 668 290 esi
690 260 755 290 sola
774 259 942 301 particula,
982 272 1056 301 quae
1084 261 1169 292 habet
1196 264 1226 292 in
1245 266 1312 305 fine
1340 265 1568 306 circumflexum.
1613 264 1707 294 Multi
1734 263 1811 293 male
1834 273 1939 305 purant
1967 279 2067 297 nomen
2093 280 2152 298 esse

212 306 418 337 indeclinabile
439 313 464 333 ei
487 304 588 333 dicunt
608 305 734 342 positam
758 315 816 332 esse
837 314 891 342 pro
915 314 1005 332 causa
1029 306 1141 342 (causa
1162 314 1255 335 autem
1280 318 1381 335 nomen
1404 315 1461 342 est,
1496 306 1577 347 quod
1594 308 1716 347 ponitur
1734 318 1790 347 pro
1814 309 1962 348 ratione),
1994 312 2045 351 qui
2067 322 2152 340 casus

212 349 404 380 declinatione
426 354 512 375 caret.
537 346 624 375 Dac.
669 346 752 374 Adde
774 346 902 374 Nonium
926 345 1006 384 (pag.
1022 350 1091 378 107.
1117 348 1219 387 Merv.)
1244 351 1273 377 in
1298 351 1389 388 Ergo.
1439 348 1542 378 Goth.

373 387 539 418 Eriiudo.
584 390 661 417 Erus
684 389 851 417 scribebant
874 393 1006 425 veteres,
1043 400 1059 417 a
1082 400 1141 427 quo
1163 391 1306 428 Eritmlo,
1342 392 1377 419 ab
1401 392 1524 430 antiquo
1549 391 1664 420 Graeco
1687 391 1770 429 ἔρος,
1802 391 1881 421 unde
1904 393 2023 433 εἷ’ρερος.
2054 394 2151 425 Scal.

211 434 340 473 Et'qsqov
363 441 433 459 usus
457 435 499 458 est
521 430 642 461 Homer,
667 431 722 461 Od,
739 435 775 465 θ,
798 432 868 463 529.
915 431 963 458 Sic
986 443 1049 460 erus
1071 442 1189 469 servus,
1228 446 1241 462 a
1266 444 1325 472 quo
1349 433 1462 462 erimdo
1485 434 1649 463 servitudo.
1695 434 1790 463 Gloss.
1813 433 1956 470 Eritucio,
1990 437 2151 466 δεσποτεία.

201 474 290 514 ’Έρος
312 474 391 502 Aeol.
416 472 513 511 ἔρέος,
549 483 634 502 ervos
659 479 688 502 et
710 474 810 501 addito
833 473 918 501 sibilo
941 484 1053 510 servos,
1089 486 1194 504 servus.
1225 477 1310 506 Dae.
1356 476 1488 505 Insolens
1518 476 1587 515 plus
1615 478 1685 504 satis
1710 476 1834 505 verbum
1858 477 2048 506 servitudinis
2070 479 2151 514 facit,

208 523 241 546 ut
264 518 292 545 in
317 516 379 544 eius
402 516 496 544 vicen]
520 516 629 553 legam:
652 515 832 554 severitud03
858 521 890 544 ut
913 516 993 554 apud
1011 516 1136 545 Nonium
1161 518 1240 557 (pag.
1257 521 1323 549 173.
1342 518 1460 556 Merc.);
1485 524 1513 547 et
1536 529 1569 546 eo
1594 519 1735 557 amplius:
1764 518 1920 548 Everitudo
1944 530 1999 558 pro
2014 520 2151 550 Eritudo.

212 558 314 589 Goth.
340 558 498 593 Quomodo
521 557 648 587 Eritudo
672 559 844 587 servitutem
867 559 1032 595 significare
1054 560 1165 598 possit,
1189 571 1279 599 quum
1304 560 1339 588 ab
1362 573 1426 598 ero,
1451 561 1518 590 hero
1542 561 1719 597 descendat,
1744 561 1825 600 quod
1847 562 2008 601 respondet
2029 563 2152 591 Germa—

207 611 311 630 norum
336 600 415 636 herr,
454 601 631 629 Batavorum
654 600 734 634 lzeer,
772 612 856 629 nemo
887 601 972 629 facile
1003 601 1091 631 dicat.
1137 602 1256 631 Servum
1280 603 1331 641 qui
1355 614 1370 631 a
1393 614 1422 631 v.
1445 615 1508 632 erus
1531 603 1644 633 dictum
1668 608 1790 642 putant,
1829 604 2019 633 vehementer
2042 609 2152 636 errant.

207 645 258 672 Est
281 643 358 672 enim
381 654 477 671 seruus
499 643 574 671 nihil
597 644 652 672 nisi
676 644 826 682 captivus,
850 643 878 672 h.
900 654 923 672 e.
945 649 1078 673 servatus
1101 644 1131 673 in
1156 645 1251 682 bello,
1276 656 1334 673 non
1359 646 1489 683 occisus,
1514 646 1565 674 sed
1588 648 1725 684 captivus
1748 647 1853 674 sactus.
1898 647 1949 675 Est
1972 654 2068 675 autem
2091 659 2153 675 ser-

206 697 257 715 vus
281 686 380 714 eadem
403 687 517 714 ratione
540 697 570 714 se
593 686 702 715 habens
725 687 762 715 ad
785 685 899 723 salvus,
935 692 968 714 ut
988 697 1100 715 servare
1127 687 1162 716 ad
1188 689 1316 724 salvare,
1349 698 1385 716 ex
1409 699 1468 727 quo
1492 689 1648 717 descendit
1671 690 1888 718 Germanorum
1910 688 2019 728 Smne,
2049 688 2151 727 Sclav,

207 728 287 767 quod
311 738 429 757 servum
454 729 583 757 deuolat.
621 729 685 764 Qua
710 729 745 757 de
769 739 871 757 caussa
893 728 1021 758 Eriiudo
1044 740 1102 758 nun
1126 731 1212 759 aliter
1235 731 1353 759 videtur
1375 732 1548 760 servitutem
1572 732 1737 769 significare
1761 742 1861 770 posse,
1884 731 1941 760 nisi
1963 732 2021 767 sic,
2046 742 2152 769 quem-

207 770 364 799 admodum
389 770 500 798 dicitur
522 772 551 800 in
576 770 728 800 dominatu
750 783 823 807 esse,
852 772 882 800 in
906 770 1021 801 dicione
1042 784 1116 809 esse,
1148 774 1178 801 in
1199 774 1378 813 possessione
1398 785 1471 811 esse,
1501 773 1558 802 hoc
1581 779 1640 811 est,
1670 775 1706 803 ab
1729 775 1829 813 aliquo
1853 774 2014 808 dominari,
2037 774 2073 802 ab
2096 774 2152 803 ali-

207 823 265 852 quo
287 812 445 852 possideri.

368 857 540 895 Erugere.
584 856 685 896 Erugo
709 856 746 885 ab
770 853 943 897 ἐρεύγομαι,
981 856 1061 885 unde
1088 857 1340 896 frequentativum
1365 865 1473 888 eructo.
1518 858 1563 887 Ab
1587 870 1675 899 erugo
1698 859 1897 899 compositum
1917 869 2053 898 aerugo,
2091 868 2151 897 quo

206 907 276 926 usus
298 897 425 926 Ennius:

786 940 942 970 Contemsit
955 940 1074 983 fontes,
1108 941 1212 981 quibus
1234 943 1361 982 exerugil
1385 943 1476 983 aquai
1497 944 1550 972 vis.

204 983 345 1022 Exci-ugit
365 982 569 1022 metaphorice
593 994 659 1012 cum
682 983 780 1012 sonitu
805 984 942 1023 erumpit.
966 984 1054 1013 Dac.
1085 984 1217 1013 Factum.
1251 985 1309 1013 Alii
1334 992 1465 1021 ructum,
1488 986 1538 1014 alii
1562 993 1700 1015 eructum.
1732 985 1805 1014 Vide
1829 985 1902 1014 Gell.
1921 985 1965 1022 X,
1988 988 2016 1016 7.
2045 983 2151 1015 Goth.

368 1025 536 1056 Erebum.
581 1026 683 1064 Virgil.
708 1026 820 1054 lib.V1.
843 1026 964 1055 Aeneid.
986 1026 1024 1065 (v
1046 1028 1117 1058 404.
1139 1032 1166 1055 et
1189 1037 1215 1054 v.
1238 1027 1331 1066 671.)
1355 1032 1524 1066 utrumque.
1570 1029 1627 1057 Sed
1651 1038 1709 1056 non
1732 1028 1840 1056 flumen
1864 1038 1926 1056 esse
1948 1028 1989 1056 ait
2012 1028 2151 1064 Erebum,

204 1069 255 1097 sed
278 1073 409 1097 tranasse
434 1079 533 1097 amnes
555 1069 635 1097 illius
658 1069 733 1105 loci,
770 1069 819 1107 qui
843 1069 955 1097 Erebus
977 1069 1096 1098 dicitur.
1125 1069 1212 1098 Ant.
1235 1070 1328 1109 Aug.
1374 1071 1516 1108 Quisquis
1545 1076 1631 1110 poeta
1655 1071 1731 1099 duxit
1754 1071 1850 1099 Erebo
1873 1076 1998 1099 creatam
2023 1074 2150 1108 noctem,

203 1111 392 1150 interpretari
416 1112 530 1148 voluit,
563 1112 643 1150 quod
667 1112 753 1140 toties
775 1112 881 1140 Graeci
903 1117 1009 1150 poetae
1033 1112 1136 1140 dicunt
1159 1110 1214 1148 νύξ
1234 1110 1383 1151 ἐρεβεννή.
1418 1112 1547 1153 ’Ἐρεβος
1571 1118 1616 1142 est
1638 1124 1745 1142 nomen
1770 1113 1935 1142 Hebraeum
1959 1118 2011 1141 aut
2032 1114 2151 1151 Syrum.

202 1153 280 1182 Ereb
308 1155 384 1183 enim
415 1154 446 1182 in
474 1154 510 1182 iis
539 1154 647 1192 linguis
678 1159 721 1182 est
748 1154 864 1193 ἑσπέρα.
908 1154 954 1182 Ab
985 1164 1019 1182 eo
1044 1154 1168 1191 Arabes,
1209 1155 1293 1192 quasi
1323 1155 1404 1184 dicas
1434 1156 1608 1196 ἑσπερίους,
1647 1156 1696 1194 qui
1721 1161 1748 1184 et
1770 1156 1806 1184 ab
1830 1156 1931 1184 eadem
1953 1166 1986 1183 re
2008 1155 2153 1184 dicuntur

204 1195 330 1236 ἐρεμβοί.
373 1197 479 1226 Eadem
505 1201 548 1225 est
572 1198 661 1234 origO.
686 1195 786 1227 Scal.
830 1197 884 1225 Hic
908 1202 986 1226 certe
1009 1198 1137 1236 turpiter
1158 1197 1221 1225 sive
1244 1197 1346 1226 Festus
1369 1199 1431 1226 sive
1456 1199 1563 1227 Paulus
1587 1200 1687 1237 lapsus
1712 1203 1764 1229 est.
1801 1199 1912 1227 Erebus
1935 1199 2012 1226 enim
2035 1197 2153 1226 duobus

202 1238 284 1267 hisce
308 1239 425 1277 Virgilii
449 1240 523 1268 locis
547 1240 632 1277 (Aen.
653 1239 710 1274 Vl,
733 1239 805 1270 404.
830 1238 917 1278 671.)
941 1250 995 1278 pro
1019 1244 1081 1267 toto
1105 1240 1268 1268 inferorum
1292 1241 1357 1268 loco
1381 1243 1513 1279 ponitur.
1544 1241 1629 1270 Dae.
1674 1240 1771 1269 Erebo
1800 1248 1901 1269 natam
1924 1248 2046 1270 noctem.
2092 1239 2152 1268 He-

203 1282 304 1310 siodus
328 1287 424 1311 tamen
447 1280 670 1323 (Theog.125.)
694 1286 809 1310 noctem
833 1282 916 1310 Erebi
941 1293 1073 1310 sororem
1097 1282 1168 1310 facit
1191 1287 1218 1310 et
1242 1293 1278 1310 ex
1299 1282 1378 1311 Chao
1403 1293 1460 1311 una
1485 1294 1551 1311 cum
1577 1283 1671 1312 Erebo
1694 1284 1838 1322 genitam:

734 1321 787 1354 Ἐκ
809 1323 894 1363 χάεος
916 1321 946 1354 δ’
969 1323 1072 1364 ἔρεβός
1093 1336 1122 1355 τε
1144 1322 1267 1363 μέλαινά
1289 1336 1317 1355 τε
1340 1323 1394 1360 νύξ
1416 1325 1562 1366 ἐγένοντο.

203 1365 290 1395 Dac.
335 1366 410 1395 Vide
429 1367 506 1396 Tull.
522 1367 574 1396 ΙΙΙ.
598 1367 633 1396 de
657 1367 690 1395 N.
709 1367 741 1396 D.
761 1364 857 1408 (17.).
902 1367 946 1395 Ab
970 1368 1083 1408 ἒρὲφω,
1121 1374 1201 1407 tego,
1237 1367 1416 1396 descendere
1440 1368 1558 1408 ἔρεβος,
1596 1365 1736 1408 ἒρεμνός,
1770 1364 1941 1407 ἕρεβεννός,
1974 1376 2054 1394 nunc
2075 1365 2152 1394 inter

203 1418 304 1437 omnes
328 1414 453 1438 constat.

367 1451 644 1494 Effafilatum.
690 1452 755 1481 Vox
780 1452 875 1482 nihili.
916 1451 1082 1490 Legendum
1106 1450 1273 1491 esrfilaium3
1311 1457 1430 1491 poterat
1453 1458 1482 1481 et
1503 1451 1695 1494 eraffilaium.
1725 1450 1824 1480 Scal.
1869 1450 1954 1479 Voss.
1975 1447 2151 1490 eff‘afilaium

204 1504 258 1533 pro
282 1493 435 1534 exqfilaio,
460 1500 494 1523 ut
517 1494 608 1535 ‹ff'ari
631 1494 742 1524 dicitnr
765 1506 821 1533 pro
844 1494 951 1535 esf-xri.
999 1495 1101 1522 Festus
1125 1499 1220 1522 autem
1245 1495 1367 1533 respicit
1389 1496 1487 1523 locum
1510 1488 1606 1523 Plauti
1630 1494 1690 1524 Mil.
1715 1494 1760 1523 Gl.
1776 1494 1831 1529 lV,
1855 1493 1890 1530 4,
1914 1493 2012 1529 (44.).·‚
2040 1489 2077 1519 Id
2098 1492 2152 1519 erit

203 1548 359 1566 connexum
384 1538 413 1566 in
436 1537 552 1566 humero
576 1535 658 1566 laeuo
681 1536 833 1579 exnffilalo
858 1537 987 1566 brachio.
1019 1537 1166 1565 Exafilato
1190 1537 1311 1564 brachio
1335 1537 1365 1565 id
1388 1542 1432 1565 est
1455 1542 1537 1566 extra
1561 1537 1626 1572 ΗΕΒ,
1650 1536 1669 1564 i.
1684 1547 1707 1564 e.
1731 1541 1843 1564 vestem
1867 1537 1984 1564 educto.
2022 1533 2151 1569 Quidam

204 1579 303 1617 legunt
325 1578 514 1619 expapillaio.
558 1579 639 1607 Inter
669 1590 743 1618 quos
773 1580 860 1608 etiam
884 1580 1003 1615 Festus,
1041 1579 1092 1617 qui
1120 1589 1211 1616 supra
1234 1578 1414 1618 expapillato
1437 1580 1561 1617 exponit
1583 1585 1687 1607 exerto.
1733 1578 1806 1606 Vide
1827 1577 1954 1606 Nonium
1983 1576 2066 1615 (pag.
2081 1578 2150 1607 103.

203 1621 324 1662 Me1-c.);
355 1622 385 1650 id
409 1622 488 1661 quod
509 1626 536 1650 et
558 1622 697 1660 probavit
719 1623 894 1657 Salmasius,
927 1621 978 1649 sed
1001 1626 1114 1649 certum
1140 1627 1184 1649 est
1206 1621 1262 1658 legi
1287 1621 1410 1650 debere:
1444 1620 1590 1662 effnfilaio
1612 1620 1674 1648 sive
1696 1619 1849 1659 exafilalo,
1878 1624 1910 1648 ut
1933 1619 2042 1658 probat
2063 1618 2151 1647 etiam

206 1664 287 1694 Voss.
332 1665 432 1704 Neque
455 1665 531 1693 enim
554 1669 656 1692 exerto
678 1664 803 1693 brachio
827 1664 979 1692 nudantur
1001 1664 1145 1702 papillae,
1176 1673 1246 1699 nec,
1277 1664 1301 1691 si
1324 1664 1355 1691 id
1377 1656 1454 1699 fiat,⁸
1478 1669 1634 1702 propterea
1657 1661 1811 1690 brachium
1832 1667 1914 1690 recte
1937 1661 2151 1699 expapillatum

205 1706 263 1734 dici
290 1708 393 1746 possit.
438 1708 537 1746 Neque
566 1707 704 1746 displicet
733 1707 850 1735 doctiss.
874 1706 994 1734 Meursii
1021 1707 1193 1734 coniectura
1222 1706 1344 1743 legentis
1367 1705 1525 1746 eafipulato
1549 1716 1603 1744 pro
1628 1704 1787 1733 exfibulato
1810 1705 1857 1732 vel
1880 1703 2034 1732 esfifulato.
2077 1702 2152 1731 Nam

201 1747 291 1789 fifula
314 1756 342 1779 et
352 1748 484 1791 fifulare
505 1755 620 1778 veteres
643 1760 696 1788 pro
709 1748 813 1790 fibula
836 1754 863 1777 et
875 1747 1010 1789 fibulare
1032 1748 1187 1785 dicebant,
1224 1754 1255 1776 ut
1277 1747 1385 1788 sifilum
1410 1753 1438 1777 et
1460 1747 1570 1787 sifilare
1594 1758 1647 1785 pro
1670 1746 1788 1775 sibilum
1812 1745 1940 1776 sibilare.
1964 1745 2051 1774 Dac-
2096 1745 2152 1773 Te-

207 1792 343 1820 stimonio
365 1792 414 1820 hic
436 1793 520 1821 locus
543 1803 605 1822 esse
627 1797 741 1831 potest,
768 1797 952 1830 quantopere
975 1791 1112 1829 corrupti
1134 1791 1400 1819 vetustissimorum
1424 1792 1605 1829 scriptorum
1623 1790 1746 1818 Codices
1769 1789 1825 1817 iam
1848 1787 2055 1826 antiquissimo
2077 1791 2153 1815 tem-

208 1841 279 1869 pore
301 1834 427 1871 suerint,
457 1840 525 1872 aut,
555 1835 613 1863 nisi
635 1835 790 1873 corrupti,
825 1845 911 1873 quam
935 1835 1011 1862 male
1033 1834 1100 1862 lecn
1124 1838 1211 1871 atque
1235 1833 1389 1862 intellecti.
1434 1833 1493 1861 Vix
1518 1833 1594 1861 enim
1618 1832 1742 1860 dubium
1766 1841 1828 1860 esse
1851 1835 1967 1870 potest,
1998 1829 2152 1868 scripsisse

209 1874 342 1904 Plautum
364 1877 429 1905 loco
454 1878 505 1906 illo
529 1878 630 1906 Militis
653 1876 842 1917 expapillaio.
889 1877 976 1912 Quod
1000 1887 1090 1914 quum
1113 1876 1259 1914 scriptum
1283 1880 1358 1904 esset
1379 1876 1634 1911 ECPAPILATQ
1660 1874 1750 1903 fuisse
1773 1874 1915 1902 credibile
1937 1877 1980 1901 est
2003 1872 2150 1908 librarios,

211 1915 262 1952 qui
284 1917 448 1947 inusitatam
471 1931 573 1949 vocem
596 1921 761 1949 nescientes
784 1920 912 1958 primum
936 1919 1191 1955 ECFAHLATO‚
1231 1918 1353 1955 deinde,
1391 1918 1440 1956 qui
1465 1916 1610 1958 effafilato
1635 1917 1802 1954 efficerent,
1841 1916 1878 1945 de
1899 1915 2042 1945 sententia
2064 1914 2151 1942 incu-

210 1956 297 1993 riosi3
327 1962 405 1998 quod
427 1962 531 1992 deinde
554 1963 748 1992 Grammatici
771 1962 800 1991 in
824 1962 917 1991 libros
939 1972 1008 1991 suos
1030 1966 1225 2001 receperunt,
1249 1965 1278 1991 et
1299 1971 1355 2000 pro
1378 1965 1470 2000 captu
1492 1970 1545 1989 suo
1568 1963 1779 1999 exposuerunt.

778 2057 810 2090 A
862 2057 893 2090 D
997 2056 1028 2090 L
1080 2056 1096 2089 Ι
1147 2056 1178 2089 Β
1232 2056 1264 2089 R
1314 2054 1349 2088 U
1401 2054 1442 2087 M
1519 2055 1582 2089 Vl.

376 2124 614 2160 Fornacalia.
659 2131 748 2162 Ovid.
771 2132 850 2160 Fast.
872 2132 924 2161 lib.
937 2131 980 2168 11,
1005 2130 1119 2170 (525.):

780 2173 874 2203 Facta
898 2174 962 2202 Dea
983 2181 1023 2202 est
1046 2173 1186 2210 Fornax,
1222 2171 1293 2202 laeti
1308 2172 1434 2211 fornace
1456 2170 1555 2201 coloni

871 2215 982 2251 Orant,
1010 2223 1041 2244 ut
1057 2216 1158 2256 fruges
1180 2223 1312 2255 temperet
1334 2213 1389 2244 illa
1412 2224 1489 2244 suas.

783 2256 869 2287 Curio
893 2257 1030 2297 legitimis
1053 2270 1129 2287 nunc
1146 2257 1320 2296 fornacalia
1342 2255 1435 2285 verbis

868 2300 1029 2329 Maoeimus
1050 2299 1155 2330 indicit
1178 2311 1229 2329 nec
1251 2307 1329 2329 stata
1350 2310 1436 2328 sacra.
1452 2297 1541 2337 facit.

214 2334 302 2365 Dae.
345 2335 420 2365 Vide
441 2335 518 2364 infra
541 2335 703 2375 Popularia
725 2350 817 2369 sacra.
862 2341 962 2371 Goth.

375 2377 551 2407 Formiae.
595 2379 768 2417 Campaniae
792 2382 878 2417 urbs,
907 2384 991 2421 quasi
1013 2383 1143 2413 hormiae
1162 2384 1258 2422 inquit
1280 2384 1394 2412 Festus.
1437 2383 1511 2410 Eum
1533 2382 1624 2420 igitur
1645 2381 1735 2410 latuit
1755 2382 1839 2421 prius
1862 2380 1972 2410 dictam
1995 2376 2147 2412 Hormiae,

213 2419 308 2448 Strab-
330 2419 427 2449 lib-V·
451 2419 562 2460 (233.):
581 2417 667 2460 Ἑξῆς
689 2421 719 2452 δὲ
746 2424 875 2462 Φορμίαι
900 2424 1081 2456 Λακωνικὸν
1103 2428 1224 2466 κτίσμα·
1244 2425 1364 2466 Ὃρμίαι
1386 2422 1544 2465 λεγόμενον
1566 2422 1731 2465 πρότερον,
1755 2422 1805 2455 dio}
1827 2420 1882 2462 τήν
1903 2420 2043 2461 εὔορμον.
2071 2418 2146 2448 Ph'u-
