<?xml version="1.0" encoding="UTF-8"?>
<!DOCTYPE html PUBLIC "-//W3C//DTD XHTML 1.0 Transitional//EN"
    "http://www.w3.org/TR/xhtml1/DTD/xhtml1-transitional.dtd">
<html xmlns="http://www.w3.org/1999/xhtml" xml:lang="en" lang="en">
 <head>
  <title>
</title>
<meta http-equiv="Content-Type" content="text/html;charset=utf-8" />
  <meta name='ocr-system' content='tesseract 3.04.00' />
  <meta name='ocr-capabilities' content='ocr_page ocr_carea ocr_par ocr_line ocrx_word'/>
</head>
<body>
  <div class='ocr_page' id='page_1' title='image "./corpusgrammatico01linduoft_0604.png"; bbox 0 0 2263 2668; ppageno 0'>
   <div class='ocr_carea' id='block_1_1' title="bbox 385 181 1533 222">
    <p class='ocr_par' dir='ltr' id='par_1_1' title="bbox 385 181 1533 222">
     <span class='ocr_line' id='line_1_1' title="bbox 385 181 1533 222; baseline -0.004 -1"><span class='ocrx_word' id='word_1_1' title='bbox 385 188 454 222; x_wconf 74' lang='grc'>182</span> <span class='ocrx_word' id='word_1_2' title='bbox 1001 182 1141 215; x_wconf 88' lang='lat' dir='ltr'>SEXTI</span> <span class='ocrx_word' id='word_1_3' title='bbox 1168 181 1366 217; x_wconf 81' lang='lat' dir='ltr'>POMPEu</span> <span class='ocrx_word' id='word_1_4' title='bbox 1394 183 1533 217; x_wconf 89' lang='lat' dir='ltr'>FESTl</span> 
     </span>
    </p>
   </div>
   <div class='ocr_carea' id='block_1_2' title="bbox 211 275 2174 2131">
    <p class='ocr_par' dir='ltr' id='par_1_2' title="bbox 211 275 2160 582">
     <span class='ocr_line' id='line_1_2' title="bbox 211 275 2159 325; baseline -0.001 -9"><span class='ocrx_word' id='word_1_5' title='bbox 211 292 244 317; x_wconf 79' lang='lat' dir='ltr'>·s.</span> <span class='ocrx_word' id='word_1_6' title='bbox 253 293 376 316; x_wconf 77' lang='lat' dir='ltr'>vocarunt</span> <span class='ocrx_word' id='word_1_7' title='bbox 386 280 508 323; x_wconf 85' lang='lat' dir='ltr'>antiqui</span> <span class='ocrx_word' id='word_1_8' title='bbox 531 276 701 310; x_wconf 85' lang='lat' dir='ltr'>obnubere</span> <span class='ocrx_word' id='word_1_9' title='bbox 724 275 895 309; x_wconf 76' lang='lat' dir='ltr'>vocarint*</span> <span class='ocrx_word' id='word_1_10' title='bbox 918 275 963 308; x_wconf 94' lang='lat' dir='ltr'>ob</span> <span class='ocrx_word' id='word_1_11' title='bbox 987 287 1088 319; x_wconf 89' lang='lat' dir='ltr'>quam</span> <span class='ocrx_word' id='word_1_12' title='bbox 1116 287 1248 311; x_wconf 78' lang='lat' dir='ltr'>causam</span> <span class='ocrx_word' id='word_1_13' title='bbox 1277 278 1389 322; x_wconf 84' lang='lat' dir='ltr'>legem</span> <span class='ocrx_word' id='word_1_14' title='bbox 1416 289 1552 321; x_wconf 86' lang='lat' dir='ltr'>quoque</span> <span class='ocrx_word' id='word_1_15' title='bbox 1575 278 1767 310; x_wconf 83' lang='lat' dir='ltr'>Parenstam</span> <span class='ocrx_word' id='word_1_16' title='bbox 1779 281 1807 296; x_wconf 84' lang='lat'>**</span> <span class='ocrx_word' id='word_1_17' title='bbox 1828 279 1942 313; x_wconf 84' lang='lat' dir='ltr'>iubere</span> <span class='ocrx_word' id='word_1_18' title='bbox 1965 286 2066 325; x_wconf 83' lang='lat' dir='ltr'>caput</span> <span class='ocrx_word' id='word_1_19' title='bbox 2088 281 2159 315; x_wconf 85' lang='lat' dir='ltr'>eius</span> 
     </span>
     <span class='ocr_line' id='line_1_3' title="bbox 211 327 2159 374; baseline 0 -9"><span class='ocrx_word' id='word_1_20' title='bbox 211 327 575 367; x_wconf 63' lang='lat' dir='ltr'>“s·f¹¹¹¹⁶⁵‘²³¹¹¹0bnubere,</span> <span class='ocrx_word' id='word_1_21' title='bbox 612 328 666 371; x_wconf 93' lang='lat' dir='ltr'>qui</span> <span class='ocrx_word' id='word_1_22' title='bbox 696 331 865 371; x_wconf 83' lang='lat' dir='ltr'>parentem</span> <span class='ocrx_word' id='word_1_23' title='bbox 891 328 1085 368; x_wconf 77' lang='lat' dir='ltr'>necavisset,</span> <span class='ocrx_word' id='word_1_24' title='bbox 1123 330 1214 372; x_wconf 86' lang='lat' dir='ltr'>quod</span> <span class='ocrx_word' id='word_1_25' title='bbox 1251 335 1298 361; x_wconf 77' lang='lat' dir='ltr'>est</span> <span class='ocrx_word' id='word_1_26' title='bbox 1321 330 1511 362; x_wconf 78' lang='lat' dir='ltr'>obvolvere.</span> <span class='ocrx_word' id='word_1_27' title='bbox 1575 329 1796 363; x_wconf 82' lang='lat' dir='ltr'><strong>Numerius</strong></span> <span class='ocrx_word' id='word_1_28' title='bbox 1828 342 2031 374; x_wconf 85' lang='lat' dir='ltr'>praenomen</span> <span class='ocrx_word' id='word_1_29' title='bbox 2061 344 2159 365; x_wconf 90' lang='lat' dir='ltr'>num-</span> 
     </span>
     <span class='ocr_line' id='line_1_4' title="bbox 213 377 2158 430; baseline -0.001 -11"><span class='ocrx_word' id='word_1_30' title='bbox 213 396 246 419; x_wconf 73' lang='lat' dir='ltr'>·f,</span> <span class='ocrx_word' id='word_1_31' title='bbox 262 402 335 427; x_wconf 71' lang='lat' dir='ltr'>quam</span> <span class='ocrx_word' id='word_1_32' title='bbox 353 392 481 427; x_wconf 82' lang='lat' dir='ltr'>isquam</span> <span class='ocrx_word' id='word_1_33' title='bbox 509 387 584 413; x_wconf 86' lang='lat' dir='ltr'>ante</span> <span class='ocrx_word' id='word_1_34' title='bbox 611 379 709 412; x_wconf 73' lang='lat' dir='ltr'>fuisse</span> <span class='ocrx_word' id='word_1_35' title='bbox 734 379 767 412; x_wconf 90' lang='lat' dir='ltr'>in</span> <span class='ocrx_word' id='word_1_36' title='bbox 793 379 932 423; x_wconf 85' lang='lat' dir='ltr'>patricia</span> <span class='ocrx_word' id='word_1_37' title='bbox 960 379 1084 412; x_wconf 86' lang='lat' dir='ltr'>familia</span> <span class='ocrx_word' id='word_1_38' title='bbox 1112 381 1248 419; x_wconf 78' lang='lat' dir='ltr'>dicitur,</span> <span class='ocrx_word' id='word_1_39' title='bbox 1277 382 1451 424; x_wconf 82' lang='lat' dir='ltr'>quamvis*</span> <span class='ocrx_word' id='word_1_40' title='bbox 1475 381 1615 421; x_wconf 78' lang='lat' dir='ltr'>Fabius,</span> <span class='ocrx_word' id='word_1_41' title='bbox 1644 377 1736 428; x_wconf 69' lang='lat' dir='ltr'>quil}</span> <span class='ocrx_word' id='word_1_42' title='bbox 1754 393 1835 414; x_wconf 85' lang='lat' dir='ltr'>unus</span> <span class='ocrx_word' id='word_1_43' title='bbox 1862 388 1937 426; x_wconf 87' lang='lat' dir='ltr'>post</span> <span class='ocrx_word' id='word_1_44' title='bbox 1958 395 2013 417; x_wconf 80' lang='lat' dir='ltr'>sex</span> <span class='ocrx_word' id='word_1_45' title='bbox 2029 389 2061 417; x_wconf 87' lang='lat' dir='ltr'>et</span> <span class='ocrx_word' id='word_1_46' title='bbox 2079 383 2158 430; x_wconf 62' lang='lat'>[21]</span> 
     </span>
     <span class='ocr_line' id='line_1_5' title="bbox 214 427 2160 476; baseline -0.001 -7"><span class='ocrx_word' id='word_1_47' title='bbox 214 447 241 469; x_wconf 72' lang='grc' dir='ltr'>ἀ·</span> <span class='ocrx_word' id='word_1_48' title='bbox 260 445 374 469; x_wconf 77' lang='lat' dir='ltr'>inductus</span> <span class='ocrx_word' id='word_1_49' title='bbox 384 440 545 467; x_wconf 83' lang='lat' dir='ltr'>trecentos</span> <span class='ocrx_word' id='word_1_50' title='bbox 573 432 615 464; x_wconf 88' lang='lat' dir='ltr'>ab</span> <span class='ocrx_word' id='word_1_51' title='bbox 645 432 791 464; x_wconf 74' lang='lat' dir='ltr'>Etruscis</span> <span class='ocrx_word' id='word_1_52' title='bbox 815 431 1005 465; x_wconf 84' lang='lat' dir='ltr'>interfectos</span> <span class='ocrx_word' id='word_1_53' title='bbox 1032 432 1211 475; x_wconf 71' lang='lat' dir='ltr'><strong>superfuit,</strong></span> <span class='ocrx_word' id='word_1_54' title='bbox 1234 432 1398 465; x_wconf 71' lang='lat' dir='ltr'>inductis*</span> <span class='ocrx_word' id='word_1_55' title='bbox 1423 432 1649 476; x_wconf 79' lang='lat' dir='ltr'>magnitudine</span> <span class='ocrx_word' id='word_1_56' title='bbox 1677 432 1881 473; x_wconf 85' lang='lat' dir='ltr'>divitiarum,</span> <span class='ocrx_word' id='word_1_57' title='bbox 1904 445 2039 468; x_wconf 84' lang='lat' dir='ltr'>uxorem</span> <span class='ocrx_word' id='word_1_58' title='bbox 2067 427 2160 468; x_wconf 82' lang='lat' dir='ltr'>duxit</span> 
     </span>
     <span class='ocr_line' id='line_1_6' title="bbox 383 483 2159 529; baseline 0.001 -11"><span class='ocrx_word' id='word_1_59' title='bbox 383 485 506 519; x_wconf 80' lang='lat' dir='ltr'>Otacili</span> <span class='ocrx_word' id='word_1_60' title='bbox 529 483 770 522; x_wconf 72' lang='lat' dir='ltr'>Maleventani,</span> <span class='ocrx_word' id='word_1_61' title='bbox 798 488 831 515; x_wconf 85' lang='lat' dir='ltr'>ut</span> <span class='ocrx_word' id='word_1_62' title='bbox 860 488 928 515; x_wconf 90' lang='lat' dir='ltr'>tum</span> <span class='ocrx_word' id='word_1_63' title='bbox 957 483 1170 525; x_wconf 74' lang='lat' dir='ltr'>dicebantur,</span> <span class='ocrx_word' id='word_1_64' title='bbox 1199 484 1320 523; x_wconf 64' lang='lat' dir='ltr'>liliam,</span> <span class='ocrx_word' id='word_1_65' title='bbox 1348 496 1386 516; x_wconf 83' lang='lat' dir='ltr'>ea</span> <span class='ocrx_word' id='word_1_66' title='bbox 1408 484 1624 523; x_wconf 80' lang='lat' dir='ltr'>condicione,</span> <span class='ocrx_word' id='word_1_67' title='bbox 1655 490 1688 516; x_wconf 89' lang='lat' dir='ltr'>ut</span> <span class='ocrx_word' id='word_1_68' title='bbox 1716 485 1771 528; x_wconf 88' lang='lat' dir='ltr'>qui</span> <span class='ocrx_word' id='word_1_69' title='bbox 1798 486 1924 529; x_wconf 84' lang='lat' dir='ltr'>primus</span> <span class='ocrx_word' id='word_1_70' title='bbox 1951 492 2045 519; x_wconf 60' lang='lat' dir='ltr'>natus·</span> <span class='ocrx_word' id='word_1_71' title='bbox 2068 493 2159 525; x_wconf 80' lang='lat' dir='ltr'>esset,</span> 
     </span>
     <span class='ocr_line' id='line_1_7' title="bbox 385 534 2160 582; baseline 0.001 -13"><span class='ocrx_word' id='word_1_72' title='bbox 385 537 596 582; x_wconf 79' lang='lat' dir='ltr'>praenomine</span> <span class='ocrx_word' id='word_1_73' title='bbox 624 534 675 567; x_wconf 81' lang='lat' dir='ltr'>avi</span> <span class='ocrx_word' id='word_1_74' title='bbox 702 534 859 576; x_wconf 82' lang='lat' dir='ltr'>materni,</span> <span class='ocrx_word' id='word_1_75' title='bbox 894 535 1071 568; x_wconf 58' lang='lat' dir='ltr'>Numerius</span> <span class='ocrx_word' id='word_1_76' title='bbox 1097 535 1335 580; x_wconf 79' lang='lat' dir='ltr'>appellaretur.</span> <span class='ocrx_word' id='word_1_77' title='bbox 1389 536 1478 569; x_wconf 87' lang='lat' dir='ltr'>Non</span> <span class='ocrx_word' id='word_1_78' title='bbox 1505 536 1698 568; x_wconf 83' lang='lat' dir='ltr'>omnibus</span> <span class='ocrx_word' id='word_1_79' title='bbox 1726 535 1908 575; x_wconf 86' lang='lat' dir='ltr'>dormio;</span> <span class='ocrx_word' id='word_1_80' title='bbox 1947 539 2160 582; x_wconf 85' lang='lat' dir='ltr'>proverbium</span> 
     </span>
    </p>

    <p class='ocr_par' dir='ltr' id='par_1_3' title="bbox 384 586 2161 632">
     <span class='ocr_line' id='line_1_8' title="bbox 384 586 2161 632; baseline 0 -10"><span class='ocrx_word' id='word_1_81' title='bbox 384 596 495 622; x_wconf 89' lang='lat' dir='ltr'>natum</span> <span class='ocrx_word' id='word_1_82' title='bbox 523 599 542 619; x_wconf 87' lang='lat' dir='ltr'>a</span> <span class='ocrx_word' id='word_1_83' title='bbox 571 586 670 631; x_wconf 82' lang='lat' dir='ltr'>Cipio</span> <span class='ocrx_word' id='word_1_84' title='bbox 697 586 864 630; x_wconf 81' lang='lat' dir='ltr'>quodam,</span> <span class='ocrx_word' id='word_1_85' title='bbox 910 587 965 629; x_wconf 86' lang='lat' dir='ltr'>qui</span> <span class='ocrx_word' id='word_1_86' title='bbox 993 587 1228 620; x_wconf 81' lang='lat' dir='ltr'>Pararhencon</span> <span class='ocrx_word' id='word_1_87' title='bbox 1257 587 1362 620; x_wconf 79' lang='lat' dir='ltr'>dictus</span> <span class='ocrx_word' id='word_1_88' title='bbox 1391 593 1456 628; x_wconf 83' lang='lat' dir='ltr'>est,</span> <span class='ocrx_word' id='word_1_89' title='bbox 1498 587 1590 630; x_wconf 84' lang='lat' dir='ltr'>quod</span> <span class='ocrx_word' id='word_1_90' title='bbox 1617 587 1787 620; x_wconf 74' lang='lat' dir='ltr'>simularet</span> <span class='ocrx_word' id='word_1_91' title='bbox 1813 588 2050 630; x_wconf 80' lang='lat' dir='ltr'>dormientem,</span> <span class='ocrx_word' id='word_1_92' title='bbox 2093 600 2161 632; x_wconf 90' lang='lat' dir='ltr'>quo</span> 
     </span>
    </p>

    <p class='ocr_par' dir='ltr' id='par_1_4' title="bbox 214 638 2164 891">
     <span class='ocr_line' id='line_1_9' title="bbox 214 638 2163 685; baseline -0.001 -11"><span class='ocrx_word' id='word_1_93' title='bbox 214 647 248 670; x_wconf 70' lang='lat'>&#39;¹2</span> <span class='ocrx_word' id='word_1_94' title='bbox 270 640 576 684; x_wconf 78' lang='lat' dir='ltr'>Nuncu-impunitius</span> <span class='ocrx_word' id='word_1_95' title='bbox 615 648 696 670; x_wconf 86' lang='lat' dir='ltr'>uxor</span> <span class='ocrx_word' id='word_1_96' title='bbox 733 638 799 671; x_wconf 86' lang='lat' dir='ltr'>eius</span> <span class='ocrx_word' id='word_1_97' title='bbox 839 638 1091 679; x_wconf 71' lang='lat' dir='ltr'>moecharetur,</span> <span class='ocrx_word' id='word_1_98' title='bbox 1143 640 1210 671; x_wconf 83' lang='lat' dir='ltr'>eius</span> <span class='ocrx_word' id='word_1_99' title='bbox 1253 639 1402 671; x_wconf 80' lang='lat' dir='ltr'>meminit</span> <span class='ocrx_word' id='word_1_100' title='bbox 1435 639 1592 673; x_wconf 67' lang='lat' dir='ltr'>Lucilius</span> <span class='ocrx_word' id='word_1_101' title='bbox 1655 639 1940 684; x_wconf 75' lang='lat' dir='ltr'>Nucupata*¹</span> <span class='ocrx_word' id='word_1_102' title='bbox 1978 641 2163 685; x_wconf 84' lang='lat' dir='ltr'>pecunia</span> 
     </span>
     <span class='ocr_line' id='line_1_10' title="bbox 214 684 2163 739; baseline 0.001 -15"><span class='ocrx_word' id='word_1_103' title='bbox 214 684 451 739; x_wconf 50' lang='lat' dir='ltr'>‘f.n2²i1iil=atassst⁹</span> <span class='ocrx_word' id='word_1_104' title='bbox 492 696 526 723; x_wconf 92' lang='lat' dir='ltr'>ut</span> <span class='ocrx_word' id='word_1_105' title='bbox 551 691 595 723; x_wconf 87' lang='lat' dir='ltr'>ait</span> <span class='ocrx_word' id='word_1_106' title='bbox 621 689 754 724; x_wconf 83' lang='lat' dir='ltr'>Cincius</span> <span class='ocrx_word' id='word_1_107' title='bbox 780 689 813 722; x_wconf 91' lang='lat' dir='ltr'>in</span> <span class='ocrx_word' id='word_1_108' title='bbox 840 689 879 723; x_wconf 90' lang='lat' dir='ltr'>L.</span> <span class='ocrx_word' id='word_1_109' title='bbox 901 690 943 723; x_wconf 93' lang='lat'>11.</span> <span class='ocrx_word' id='word_1_110' title='bbox 972 689 1015 722; x_wconf 83' lang='lat' dir='ltr'>de</span> <span class='ocrx_word' id='word_1_111' title='bbox 1039 690 1153 723; x_wconf 87' lang='lat' dir='ltr'>officio</span> <span class='ocrx_word' id='word_1_112' title='bbox 1180 690 1416 730; x_wconf 80' lang='lat' dir='ltr'>iurisconsulti,</span> <span class='ocrx_word' id='word_1_113' title='bbox 1452 691 1584 723; x_wconf 88' lang='lat' dir='ltr'>nomina</span> <span class='ocrx_word' id='word_1_114' title='bbox 1597 695 1619 729; x_wconf 79' lang='lat'>*,</span> <span class='ocrx_word' id='word_1_115' title='bbox 1662 697 1770 731; x_wconf 88' lang='lat' dir='ltr'>certa,</span> <span class='ocrx_word' id='word_1_116' title='bbox 1808 692 1993 725; x_wconf 83' lang='lat' dir='ltr'>nominibus</span> <span class='ocrx_word' id='word_1_117' title='bbox 2020 692 2163 737; x_wconf 77' lang='lat' dir='ltr'>propriis</span> 
     </span>
     <span class='ocr_line' id='line_1_11' title="bbox 224 742 2163 789; baseline 0 -13"><span class='ocrx_word' id='word_1_118' title='bbox 224 749 367 788; x_wconf 67' lang='lat' dir='ltr'>&#39;f.n1¹31cu-</span> <span class='ocrx_word' id='word_1_119' title='bbox 387 743 614 789; x_wconf 85' lang='lat' dir='ltr'>pronunciata.</span> <span class='ocrx_word' id='word_1_120' title='bbox 648 753 724 775; x_wconf 88' lang='lat' dir='ltr'>cum</span> <span class='ocrx_word' id='word_1_121' title='bbox 758 752 876 774; x_wconf 83' lang='lat' dir='ltr'>nexum</span> <span class='ocrx_word' id='word_1_122' title='bbox 911 742 1026 781; x_wconf 79' lang='lat' dir='ltr'>faciet,</span> <span class='ocrx_word' id='word_1_123' title='bbox 1080 742 1350 786; x_wconf 85' lang='lat' dir='ltr'>mancipiumque</span> <span class='ocrx_word' id='word_1_124' title='bbox 1383 743 1429 775; x_wconf 91' lang='lat' dir='ltr'>uti</span> <span class='ocrx_word' id='word_1_125' title='bbox 1464 743 1578 787; x_wconf 80' lang='lat' dir='ltr'>lingua</span> <span class='ocrx_word' id='word_1_126' title='bbox 1612 747 1864 787; x_wconf 73' lang='lat' dir='ltr'>nuncupasset*,</span> <span class='ocrx_word' id='word_1_127' title='bbox 1916 744 1960 776; x_wconf 88' lang='lat' dir='ltr'>ita</span> <span class='ocrx_word' id='word_1_128' title='bbox 1993 746 2042 776; x_wconf 76' lang='lat' dir='ltr'>ius</span> <span class='ocrx_word' id='word_1_129' title='bbox 2077 749 2163 776; x_wconf 83' lang='lat' dir='ltr'>esto:</span> 
     </span>
     <span class='ocr_line' id='line_1_12' title="bbox 233 786 2163 841; baseline 0 -15"><span class='ocrx_word' id='word_1_130' title='bbox 233 786 367 841; x_wconf 51' lang='lat' dir='ltr'>wl&#39;ifftssst</span> <span class='ocrx_word' id='word_1_131' title='bbox 388 797 431 828; x_wconf 86' lang='lat' dir='ltr'>ita</span> <span class='ocrx_word' id='word_1_132' title='bbox 443 800 466 834; x_wconf 74' lang='lat'>’,</span> <span class='ocrx_word' id='word_1_133' title='bbox 494 795 541 828; x_wconf 88' lang='lat' dir='ltr'>uti</span> <span class='ocrx_word' id='word_1_134' title='bbox 563 793 756 833; x_wconf 81' lang='lat' dir='ltr'>nominarit,</span> <span class='ocrx_word' id='word_1_135' title='bbox 784 793 958 826; x_wconf 85' lang='lat' dir='ltr'>locutusve</span> <span class='ocrx_word' id='word_1_136' title='bbox 981 794 1059 833; x_wconf 87' lang='lat' dir='ltr'>erit,</span> <span class='ocrx_word' id='word_1_137' title='bbox 1083 794 1128 826; x_wconf 89' lang='lat' dir='ltr'>ita</span> <span class='ocrx_word' id='word_1_138' title='bbox 1148 794 1195 826; x_wconf 74' lang='lat' dir='ltr'>ius</span> <span class='ocrx_word' id='word_1_139' title='bbox 1219 799 1298 826; x_wconf 84' lang='lat' dir='ltr'>esto.</span> <span class='ocrx_word' id='word_1_140' title='bbox 1355 793 1461 826; x_wconf 87' lang='lat' dir='ltr'>Vota</span> <span class='ocrx_word' id='word_1_141' title='bbox 1489 801 1736 838; x_wconf 83' lang='lat' dir='ltr'>nuncupata</span> <span class='ocrx_word' id='word_1_142' title='bbox 1764 794 1935 835; x_wconf 87' lang='lat' dir='ltr'>dicuntur,</span> <span class='ocrx_word' id='word_1_143' title='bbox 1964 807 2050 838; x_wconf 84' lang='lat' dir='ltr'>quae</span> <span class='ocrx_word' id='word_1_144' title='bbox 2071 795 2163 828; x_wconf 87' lang='lat' dir='ltr'>Con-</span> 
     </span>
     <span class='ocr_line' id='line_1_13' title="bbox 386 845 2164 891; baseline -0.001 -12"><span class='ocrx_word' id='word_1_145' title='bbox 386 848 490 885; x_wconf 74' lang='lat' dir='ltr'>sules,</span> <span class='ocrx_word' id='word_1_146' title='bbox 532 847 720 885; x_wconf 83' lang='lat' dir='ltr'>Praetores,</span> <span class='ocrx_word' id='word_1_147' title='bbox 764 856 840 877; x_wconf 89' lang='lat' dir='ltr'>cum</span> <span class='ocrx_word' id='word_1_148' title='bbox 868 845 900 877; x_wconf 89' lang='lat' dir='ltr'>in</span> <span class='ocrx_word' id='word_1_149' title='bbox 927 845 1131 890; x_wconf 86' lang='lat' dir='ltr'>provinciam</span> <span class='ocrx_word' id='word_1_150' title='bbox 1158 846 1433 890; x_wconf 79' lang='lat' dir='ltr'>proficiscuntur,</span> <span class='ocrx_word' id='word_1_151' title='bbox 1475 846 1616 885; x_wconf 83' lang='lat' dir='ltr'>faciunt,</span> <span class='ocrx_word' id='word_1_152' title='bbox 1657 859 1695 879; x_wconf 85' lang='lat' dir='ltr'>ea</span> <span class='ocrx_word' id='word_1_153' title='bbox 1722 846 1753 878; x_wconf 86' lang='lat' dir='ltr'>in</span> <span class='ocrx_word' id='word_1_154' title='bbox 1781 847 1910 879; x_wconf 87' lang='lat' dir='ltr'>tabulas</span> <span class='ocrx_word' id='word_1_155' title='bbox 1938 847 2164 891; x_wconf 75' lang='lat' dir='ltr'>praesentibus</span> 
     </span>
    </p>

    <p class='ocr_par' dir='ltr' id='par_1_5' title="bbox 389 896 2165 943">
     <span class='ocr_line' id='line_1_14' title="bbox 389 896 2165 943; baseline -0.001 -11"><span class='ocrx_word' id='word_1_156' title='bbox 389 899 498 932; x_wconf 84' lang='lat' dir='ltr'>multis</span> <span class='ocrx_word' id='word_1_157' title='bbox 525 898 718 931; x_wconf 84' lang='lat' dir='ltr'>referuntur.</span> <span class='ocrx_word' id='word_1_158' title='bbox 774 897 819 929; x_wconf 83' lang='lat' dir='ltr'>At</span> <span class='ocrx_word' id='word_1_159' title='bbox 846 896 964 930; x_wconf 86' lang='lat' dir='ltr'>Santra</span> <span class='ocrx_word' id='word_1_160' title='bbox 991 897 1093 932; x_wconf 84' lang='lat' dir='ltr'>L.11.</span> <span class='ocrx_word' id='word_1_161' title='bbox 1123 897 1166 930; x_wconf 83' lang='lat' dir='ltr'>de</span> <span class='ocrx_word' id='word_1_162' title='bbox 1192 898 1371 930; x_wconf 73' lang='lat' dir='ltr'>verborum</span> <span class='ocrx_word' id='word_1_163' title='bbox 1400 897 1608 940; x_wconf 79' lang='lat' dir='ltr'>antiquitate,</span> <span class='ocrx_word' id='word_1_164' title='bbox 1637 898 1711 930; x_wconf 79' lang='lat' dir='ltr'>satis</span> <span class='ocrx_word' id='word_1_165' title='bbox 1740 898 1851 931; x_wconf 87' lang='lat' dir='ltr'>multis</span> <span class='ocrx_word' id='word_1_166' title='bbox 1872 904 2060 943; x_wconf 85' lang='lat' dir='ltr'>nuncupata</span> <span class='ocrx_word' id='word_1_167' title='bbox 2083 909 2165 932; x_wconf 72' lang='lat' dir='ltr'>con-</span> 
     </span>
    </p>

    <p class='ocr_par' dir='ltr' id='par_1_6' title="bbox 389 949 2166 995">
     <span class='ocr_line' id='line_1_15' title="bbox 389 949 2166 995; baseline -0.001 -12"><span class='ocrx_word' id='word_1_168' title='bbox 389 952 461 995; x_wconf 86' lang='lat' dir='ltr'>ligit</span> <span class='ocrx_word' id='word_1_169' title='bbox 489 961 553 982; x_wconf 89' lang='lat' dir='ltr'>non</span> <span class='ocrx_word' id='word_1_170' title='bbox 582 949 624 982; x_wconf 84' lang='lat' dir='ltr'>(le</span> <span class='ocrx_word' id='word_1_171' title='bbox 651 954 743 982; x_wconf 84' lang='lat' dir='ltr'>recto</span> <span class='ocrx_word' id='word_1_172' title='bbox 771 949 937 982; x_wconf 87' lang='lat' dir='ltr'>nominata</span> <span class='ocrx_word' id='word_1_173' title='bbox 964 949 1167 993; x_wconf 79' lang='lat' dir='ltr'>significare,</span> <span class='ocrx_word' id='word_1_174' title='bbox 1209 949 1266 982; x_wconf 85' lang='lat' dir='ltr'>sed</span> <span class='ocrx_word' id='word_1_175' title='bbox 1294 950 1476 993; x_wconf 78' lang='lat' dir='ltr'>promissa,</span> <span class='ocrx_word' id='word_1_176' title='bbox 1514 956 1546 982; x_wconf 89' lang='lat' dir='ltr'>et</span> <span class='ocrx_word' id='word_1_177' title='bbox 1572 950 1666 993; x_wconf 81' lang='lat' dir='ltr'>quasi</span> <span class='ocrx_word' id='word_1_178' title='bbox 1692 950 1882 991; x_wconf 69' lang='lat' dir='ltr'>testificata,</span> <span class='ocrx_word' id='word_1_179' title='bbox 1919 949 2166 994; x_wconf 73' lang='lat' dir='ltr'>circunscripta,</span> 
     </span>
    </p>

    <p class='ocr_par' dir='ltr' id='par_1_7' title="bbox 235 1001 2167 1148">
     <span class='ocr_line' id='line_1_16' title="bbox 245 1001 2166 1047; baseline -0.002 -11"><span class='ocrx_word' id='word_1_180' title='bbox 245 1012 279 1036; x_wconf 60' lang='lat' dir='ltr'>&#39;tl</span> <span class='ocrx_word' id='word_1_181' title='bbox 295 1011 362 1045; x_wconf 82' lang='lat' dir='ltr'>quod</span> <span class='ocrx_word' id='word_1_182' title='bbox 390 1004 618 1047; x_wconf 80' lang='lat' dir='ltr'>receptaque*</span> <span class='ocrx_word' id='word_1_183' title='bbox 643 1001 739 1034; x_wconf 87' lang='lat' dir='ltr'>etiam</span> <span class='ocrx_word' id='word_1_184' title='bbox 766 1001 798 1034; x_wconf 89' lang='lat' dir='ltr'>in</span> <span class='ocrx_word' id='word_1_185' title='bbox 825 1001 908 1032; x_wconf 79' lang='lat' dir='ltr'>votis</span> <span class='ocrx_word' id='word_1_186' title='bbox 936 1001 1164 1046; x_wconf 85' lang='lat' dir='ltr'>nuncupandis</span> <span class='ocrx_word' id='word_1_187' title='bbox 1191 1012 1259 1033; x_wconf 87' lang='lat' dir='ltr'>esse</span> <span class='ocrx_word' id='word_1_188' title='bbox 1287 1001 1540 1034; x_wconf 83' lang='lat' dir='ltr'>convenientius.</span> <span class='ocrx_word' id='word_1_189' title='bbox 1595 1001 1845 1034; x_wconf 74' lang='lat' dir='ltr'>Nusciosum</span> <span class='ocrx_word' id='word_1_190' title='bbox 1874 1002 1987 1035; x_wconf 81' lang='lat' dir='ltr'>Ateius</span> <span class='ocrx_word' id='word_1_191' title='bbox 2010 1001 2166 1034; x_wconf 86' lang='lat' dir='ltr'>Philolo-</span> 
     </span>
     <span class='ocr_line' id='line_1_17' title="bbox 235 1052 2165 1099; baseline -0.001 -12"><span class='ocrx_word' id='word_1_192' title='bbox 235 1062 454 1099; x_wconf 32' lang='lat' dir='ltr'>·s⁴01³iliusgus</span> <span class='ocrx_word' id='word_1_193' title='bbox 487 1054 531 1086; x_wconf 88' lang='lat' dir='ltr'>ait</span> <span class='ocrx_word' id='word_1_194' title='bbox 564 1052 730 1097; x_wconf 82' lang='lat' dir='ltr'>appellari</span> <span class='ocrx_word' id='word_1_195' title='bbox 764 1052 912 1093; x_wconf 88' lang='lat' dir='ltr'>solitum,</span> <span class='ocrx_word' id='word_1_196' title='bbox 965 1053 1022 1095; x_wconf 92' lang='lat' dir='ltr'>qui</span> <span class='ocrx_word' id='word_1_197' title='bbox 1055 1057 1195 1097; x_wconf 89' lang='lat' dir='ltr'>propter</span> <span class='ocrx_word' id='word_1_198' title='bbox 1229 1053 1404 1086; x_wconf 89' lang='lat' dir='ltr'>oculorum</span> <span class='ocrx_word' id='word_1_199' title='bbox 1437 1053 1550 1085; x_wconf 80' lang='lat' dir='ltr'>vitium</span> <span class='ocrx_word' id='word_1_200' title='bbox 1582 1065 1699 1097; x_wconf 88' lang='lat' dir='ltr'>parum</span> <span class='ocrx_word' id='word_1_201' title='bbox 1726 1053 1861 1085; x_wconf 84' lang='lat' dir='ltr'>videret.</span> <span class='ocrx_word' id='word_1_202' title='bbox 1924 1054 1969 1086; x_wconf 83' lang='lat' dir='ltr'>At</span> <span class='ocrx_word' id='word_1_203' title='bbox 1993 1053 2165 1097; x_wconf 71' lang='lat' dir='ltr'>Popilius*</span> 
     </span>
     <span class='ocr_line' id='line_1_18' title="bbox 393 1104 2167 1148; baseline -0.001 -9"><span class='ocrx_word' id='word_1_204' title='bbox 393 1105 546 1139; x_wconf 82' lang='lat' dir='ltr'>Aurelius</span> <span class='ocrx_word' id='word_1_205' title='bbox 574 1105 776 1137; x_wconf 85' lang='lat' dir='ltr'>nusciciones</span> <span class='ocrx_word' id='word_1_206' title='bbox 804 1115 874 1136; x_wconf 82' lang='lat' dir='ltr'>esse</span> <span class='ocrx_word' id='word_1_207' title='bbox 901 1104 1123 1137; x_wconf 85' lang='lat' dir='ltr'>caecitudines</span> <span class='ocrx_word' id='word_1_208' title='bbox 1156 1110 1340 1139; x_wconf 74' lang='lat' dir='ltr'>nocturnas.</span> <span class='ocrx_word' id='word_1_209' title='bbox 1398 1105 1511 1137; x_wconf 87' lang='lat' dir='ltr'>Aelius</span> <span class='ocrx_word' id='word_1_210' title='bbox 1539 1105 1623 1138; x_wconf 88' lang='lat' dir='ltr'>Stilo</span> <span class='ocrx_word' id='word_1_211' title='bbox 1651 1105 1741 1147; x_wconf 91' lang='lat' dir='ltr'>quod</span> <span class='ocrx_word' id='word_1_212' title='bbox 1771 1105 1846 1148; x_wconf 87' lang='lat' dir='ltr'>plus</span> <span class='ocrx_word' id='word_1_213' title='bbox 1871 1104 1999 1138; x_wconf 68' lang='lat' dir='ltr'>videret</span> <span class='ocrx_word' id='word_1_214' title='bbox 2027 1105 2167 1148; x_wconf 79' lang='lat' dir='ltr'>vesperi,</span> 
     </span>
    </p>

    <p class='ocr_par' dir='ltr' id='par_1_8' title="bbox 393 1156 2168 1201">
     <span class='ocr_line' id='line_1_19' title="bbox 393 1156 2168 1201; baseline -0.001 -11"><span class='ocrx_word' id='word_1_215' title='bbox 393 1169 493 1201; x_wconf 88' lang='lat' dir='ltr'>quam</span> <span class='ocrx_word' id='word_1_216' title='bbox 521 1156 676 1197; x_wconf 75' lang='lat' dir='ltr'>meridie,</span> <span class='ocrx_word' id='word_1_217' title='bbox 702 1167 764 1188; x_wconf 82' lang='lat' dir='ltr'>nec</span> <span class='ocrx_word' id='word_1_218' title='bbox 792 1162 1027 1200; x_wconf 82' lang='lat' dir='ltr'>cognosceret,</span> <span class='ocrx_word' id='word_1_219' title='bbox 1055 1157 1113 1189; x_wconf 91' lang='lat' dir='ltr'>nisi</span> <span class='ocrx_word' id='word_1_220' title='bbox 1140 1156 1232 1199; x_wconf 84' lang='lat' dir='ltr'>quod</span> <span class='ocrx_word' id='word_1_221' title='bbox 1260 1168 1362 1200; x_wconf 79' lang='lat' dir='ltr'>usque</span> <span class='ocrx_word' id='word_1_222' title='bbox 1389 1157 1432 1189; x_wconf 89' lang='lat' dir='ltr'>ad</span> <span class='ocrx_word' id='word_1_223' title='bbox 1461 1156 1578 1190; x_wconf 86' lang='lat' dir='ltr'>oculos</span> <span class='ocrx_word' id='word_1_224' title='bbox 1605 1156 1813 1189; x_wconf 77' lang='lat' dir='ltr'>admovisset.</span> <span class='ocrx_word' id='word_1_225' title='bbox 1868 1157 2006 1189; x_wconf 76' lang='lat' dir='ltr'>Nonas</span> <span class='ocrx_word' id='word_1_226' title='bbox 2032 1156 2168 1200; x_wconf 87' lang='lat' dir='ltr'>quidam</span> 
     </span>
    </p>

    <p class='ocr_par' dir='ltr' id='par_1_9' title="bbox 394 1207 2168 1253">
     <span class='ocr_line' id='line_1_20' title="bbox 394 1207 2168 1253; baseline -0.001 -12"><span class='ocrx_word' id='word_1_227' title='bbox 394 1222 412 1241; x_wconf 85' lang='lat' dir='ltr'>a</span> <span class='ocrx_word' id='word_1_228' title='bbox 440 1220 526 1241; x_wconf 82' lang='lat' dir='ltr'>nova</span> <span class='ocrx_word' id='word_1_229' title='bbox 549 1208 664 1247; x_wconf 88' lang='lat' dir='ltr'>Luna,</span> <span class='ocrx_word' id='word_1_230' title='bbox 697 1207 789 1250; x_wconf 87' lang='lat' dir='ltr'>quod</span> <span class='ocrx_word' id='word_1_231' title='bbox 818 1207 848 1240; x_wconf 92' lang='lat' dir='ltr'>in</span> <span class='ocrx_word' id='word_1_232' title='bbox 876 1219 931 1240; x_wconf 84' lang='lat' dir='ltr'>eas</span> <span class='ocrx_word' id='word_1_233' title='bbox 958 1214 1170 1241; x_wconf 84' lang='lat' dir='ltr'>concurreret</span> <span class='ocrx_word' id='word_1_234' title='bbox 1196 1208 1396 1253; x_wconf 87' lang='lat' dir='ltr'>principium</span> <span class='ocrx_word' id='word_1_235' title='bbox 1424 1209 1557 1241; x_wconf 86' lang='lat' dir='ltr'>Lunae:</span> <span class='ocrx_word' id='word_1_236' title='bbox 1594 1209 1664 1249; x_wconf 78' lang='lat' dir='ltr'>alii,</span> <span class='ocrx_word' id='word_1_237' title='bbox 1700 1208 1791 1252; x_wconf 90' lang='lat' dir='ltr'>quod</span> <span class='ocrx_word' id='word_1_238' title='bbox 1819 1220 1952 1252; x_wconf 81' lang='lat' dir='ltr'>semper</span> <span class='ocrx_word' id='word_1_239' title='bbox 1978 1213 2054 1241; x_wconf 77' lang='lat' dir='ltr'>ante</span> <span class='ocrx_word' id='word_1_240' title='bbox 2079 1207 2168 1240; x_wconf 87' lang='lat' dir='ltr'>diem</span> 
     </span>
    </p>

    <p class='ocr_par' dir='ltr' id='par_1_10' title="bbox 395 1259 2169 1304">
     <span class='ocr_line' id='line_1_21' title="bbox 395 1259 2169 1304; baseline -0.001 -11"><span class='ocrx_word' id='word_1_241' title='bbox 395 1260 513 1293; x_wconf 87' lang='lat' dir='ltr'>lduum</span> <span class='ocrx_word' id='word_1_242' title='bbox 549 1270 672 1292; x_wconf 89' lang='lat' dir='ltr'>nonum</span> <span class='ocrx_word' id='word_1_243' title='bbox 707 1264 830 1300; x_wconf 76' lang='lat' dir='ltr'>essent,</span> <span class='ocrx_word' id='word_1_244' title='bbox 877 1259 1043 1303; x_wconf 86' lang='lat' dir='ltr'>scribique</span> <span class='ocrx_word' id='word_1_245' title='bbox 1068 1260 1145 1293; x_wconf 88' lang='lat' dir='ltr'>ideo</span> <span class='ocrx_word' id='word_1_246' title='bbox 1173 1260 1298 1293; x_wconf 86' lang='lat' dir='ltr'>debere</span> <span class='ocrx_word' id='word_1_247' title='bbox 1325 1261 1466 1304; x_wconf 89' lang='lat' dir='ltr'>primam</span> <span class='ocrx_word' id='word_1_248' title='bbox 1494 1260 1729 1303; x_wconf 79' lang='lat' dir='ltr'>appellationis</span> <span class='ocrx_word' id='word_1_249' title='bbox 1757 1261 1825 1293; x_wconf 75' lang='lat' dir='ltr'>eius</span> <span class='ocrx_word' id='word_1_250' title='bbox 1851 1261 2011 1304; x_wconf 71' lang='lat' dir='ltr'>syllabam</span> <span class='ocrx_word' id='word_1_251' title='bbox 2038 1259 2169 1293; x_wconf 88' lang='lat' dir='ltr'>adiecta</span> 
     </span>
    </p>

    <p class='ocr_par' dir='ltr' id='par_1_11' title="bbox 396 1308 2169 1355">
     <span class='ocr_line' id='line_1_22' title="bbox 396 1308 2169 1355; baseline -0.002 -10"><span class='ocrx_word' id='word_1_252' title='bbox 396 1325 416 1345; x_wconf 91' lang='lat' dir='ltr'>u</span> <span class='ocrx_word' id='word_1_253' title='bbox 447 1312 563 1345; x_wconf 89' lang='lat' dir='ltr'>littera.</span> <span class='ocrx_word' id='word_1_254' title='bbox 619 1308 865 1344; x_wconf 74' lang='lat' dir='ltr'>Nundinas2</span> <span class='ocrx_word' id='word_1_255' title='bbox 890 1311 1044 1343; x_wconf 83' lang='lat' dir='ltr'>feriarum</span> <span class='ocrx_word' id='word_1_256' title='bbox 1073 1312 1162 1344; x_wconf 89' lang='lat' dir='ltr'>diem</span> <span class='ocrx_word' id='word_1_257' title='bbox 1191 1323 1259 1344; x_wconf 84' lang='lat' dir='ltr'>esse</span> <span class='ocrx_word' id='word_1_258' title='bbox 1287 1313 1461 1345; x_wconf 85' lang='lat' dir='ltr'>voluerunt</span> <span class='ocrx_word' id='word_1_259' title='bbox 1482 1312 1622 1355; x_wconf 82' lang='lat' dir='ltr'>antiqui,</span> <span class='ocrx_word' id='word_1_260' title='bbox 1652 1317 1686 1344; x_wconf 86' lang='lat' dir='ltr'>ut</span> <span class='ocrx_word' id='word_1_261' title='bbox 1712 1312 1823 1344; x_wconf 84' lang='lat' dir='ltr'>rustici</span> <span class='ocrx_word' id='word_1_262' title='bbox 1846 1313 2060 1345; x_wconf 83' lang='lat' dir='ltr'>convenirent</span> <span class='ocrx_word' id='word_1_263' title='bbox 2080 1321 2169 1343; x_wconf 85' lang='lat' dir='ltr'>mer-</span> 
     </span>
    </p>

    <p class='ocr_par' dir='ltr' id='par_1_12' title="bbox 396 1362 2169 1408">
     <span class='ocr_line' id='line_1_23' title="bbox 396 1362 2169 1408; baseline -0.001 -12"><span class='ocrx_word' id='word_1_264' title='bbox 396 1363 493 1397; x_wconf 89' lang='lat' dir='ltr'>candi</span> <span class='ocrx_word' id='word_1_265' title='bbox 520 1362 753 1406; x_wconf 86' lang='lat' dir='ltr'>vendendique</span> <span class='ocrx_word' id='word_1_266' title='bbox 780 1374 895 1403; x_wconf 82' lang='lat' dir='ltr'>causa,</span> <span class='ocrx_word' id='word_1_267' title='bbox 935 1375 1078 1406; x_wconf 85' lang='lat' dir='ltr'>eumque</span> <span class='ocrx_word' id='word_1_268' title='bbox 1105 1363 1284 1403; x_wconf 84' lang='lat' dir='ltr'>nefastum,</span> <span class='ocrx_word' id='word_1_269' title='bbox 1332 1375 1373 1395; x_wconf 85' lang='lat' dir='ltr'>ne</span> <span class='ocrx_word' id='word_1_270' title='bbox 1399 1363 1424 1395; x_wconf 82' lang='lat' dir='ltr'>si</span> <span class='ocrx_word' id='word_1_271' title='bbox 1452 1364 1567 1396; x_wconf 80' lang='lat' dir='ltr'>liceret</span> <span class='ocrx_word' id='word_1_272' title='bbox 1594 1374 1670 1396; x_wconf 84' lang='lat' dir='ltr'>cum</span> <span class='ocrx_word' id='word_1_273' title='bbox 1697 1364 1827 1407; x_wconf 89' lang='lat' dir='ltr'>populo</span> <span class='ocrx_word' id='word_1_274' title='bbox 1855 1363 1928 1408; x_wconf 82' lang='lat' dir='ltr'>agi,</span> <span class='ocrx_word' id='word_1_275' title='bbox 1975 1362 2169 1407; x_wconf 84' lang='lat' dir='ltr'>interpella-</span> 
     </span>
    </p>

    <p class='ocr_par' dir='ltr' id='par_1_13' title="bbox 396 1411 2167 1463">
     <span class='ocr_line' id='line_1_24' title="bbox 396 1411 2167 1463; baseline -0.001 -16"><span class='ocrx_word' id='word_1_276' title='bbox 396 1421 506 1448; x_wconf 84' lang='lat' dir='ltr'>rentur</span> <span class='ocrx_word' id='word_1_277' title='bbox 533 1415 775 1447; x_wconf 85' lang='lat' dir='ltr'>nundinatores.</span> <span class='ocrx_word' id='word_1_278' title='bbox 830 1415 1025 1447; x_wconf 82' lang='lat' dir='ltr'>Nundina</span> <span class='ocrx_word' id='word_1_279' title='bbox 1043 1411 1158 1463; x_wconf 67' lang='lat' dir='ltr'>{lieni</span> <span class='ocrx_word' id='word_1_280' title='bbox 1187 1426 1330 1449; x_wconf 90' lang='lat' dir='ltr'>cocum</span> <span class='ocrx_word' id='word_1_281' title='bbox 1359 1415 1500 1447; x_wconf 79' lang='lat' dir='ltr'>Plautus</span> <span class='ocrx_word' id='word_1_282' title='bbox 1526 1415 1616 1447; x_wconf 68' lang='lat' dir='ltr'>clia-it</span> <span class='ocrx_word' id='word_1_283' title='bbox 1643 1416 1677 1447; x_wconf 84' lang='lat' dir='ltr'>in</span> <span class='ocrx_word' id='word_1_284' title='bbox 1706 1415 1906 1447; x_wconf 76' lang='lat' dir='ltr'>Aulularia.</span> <span class='ocrx_word' id='word_1_285' title='bbox 1947 1413 2058 1447; x_wconf 77' lang='lat' dir='ltr'>Cocus</span> <span class='ocrx_word' id='word_1_286' title='bbox 2086 1411 2167 1459; x_wconf 82' lang='lat'><strong>[22]</strong></span> 
     </span>
    </p>

    <p class='ocr_par' dir='ltr' id='par_1_14' title="bbox 221 1465 2172 1614">
     <span class='ocr_line' id='line_1_25' title="bbox 221 1465 2168 1513; baseline -0.001 -15"><span class='ocrx_word' id='word_1_287' title='bbox 221 1474 247 1498; x_wconf 70' lang='grc' dir='ltr'>Τ.</span> <span class='ocrx_word' id='word_1_288' title='bbox 259 1473 387 1513; x_wconf 62' lang='lat' dir='ltr'>cocusiile</span> <span class='ocrx_word' id='word_1_289' title='bbox 397 1467 522 1499; x_wconf 88' lang='lat' dir='ltr'>nundin</span> <span class='ocrx_word' id='word_1_290' title='bbox 549 1466 606 1499; x_wconf 91' lang='lat' dir='ltr'>ille</span> <span class='ocrx_word' id='word_1_291' title='bbox 621 1471 668 1498; x_wconf 79' lang='lat' dir='ltr'>est</span> <span class='ocrx_word' id='word_1_292' title='bbox 679 1469 703 1506; x_wconf 79' lang='lat'>*,</span> <span class='ocrx_word' id='word_1_293' title='bbox 731 1466 765 1498; x_wconf 82' lang='lat' dir='ltr'>in</span> <span class='ocrx_word' id='word_1_294' title='bbox 779 1477 904 1498; x_wconf 83' lang='lat' dir='ltr'>nonam</span> <span class='ocrx_word' id='word_1_295' title='bbox 921 1466 1013 1499; x_wconf 85' lang='lat' dir='ltr'>diem</span> <span class='ocrx_word' id='word_1_296' title='bbox 1032 1467 1119 1499; x_wconf 78' lang='lat' dir='ltr'>solet</span> <span class='ocrx_word' id='word_1_297' title='bbox 1145 1467 1197 1499; x_wconf 83' lang='lat' dir='ltr'>ire</span> <span class='ocrx_word' id='word_1_298' title='bbox 1220 1470 1365 1500; x_wconf 73' lang='lat' dir='ltr'>coctam.</span> <span class='ocrx_word' id='word_1_299' title='bbox 1384 1478 1514 1507; x_wconf 76' lang='lat' dir='ltr'>coeam,</span> <span class='ocrx_word' id='word_1_300' title='bbox 1531 1467 1589 1511; x_wconf 84' lang='lat' dir='ltr'>qui</span> <span class='ocrx_word' id='word_1_301' title='bbox 1610 1466 1818 1499; x_wconf 83' lang='lat' dir='ltr'>novendialis</span> <span class='ocrx_word' id='word_1_302' title='bbox 1838 1466 1931 1499; x_wconf 83' lang='lat' dir='ltr'>alias</span> <span class='ocrx_word' id='word_1_303' title='bbox 1953 1465 2168 1511; x_wconf 75' lang='lat' dir='ltr'>appellatur,</span> 
     </span>
     <span class='ocr_line' id='line_1_26' title="bbox 234 1507 2170 1563; baseline -0.001 -12"><span class='ocrx_word' id='word_1_304' title='bbox 234 1507 377 1533; x_wconf 70' lang='lat' dir='ltr'>&#39;¹¹¹¹&#39;d&#39;¹¹³¹¹⁵</span> <span class='ocrx_word' id='word_1_305' title='bbox 396 1517 581 1563; x_wconf 69' lang='lat' dir='ltr'>manifesto</span> <span class='ocrx_word' id='word_1_306' title='bbox 607 1517 795 1562; x_wconf 80' lang='lat' dir='ltr'>significat,</span> <span class='ocrx_word' id='word_1_307' title='bbox 836 1529 935 1560; x_wconf 90' lang='lat' dir='ltr'>quem</span> <span class='ocrx_word' id='word_1_308' title='bbox 963 1518 1053 1550; x_wconf 66' lang='lat' dir='ltr'>‹lia-it</span> <span class='ocrx_word' id='word_1_309' title='bbox 1079 1518 1322 1560; x_wconf 80' lang='lat' dir='ltr'>nundinalem,</span> <span class='ocrx_word' id='word_1_310' title='bbox 1362 1519 1455 1562; x_wconf 84' lang='lat' dir='ltr'>qaod</span> <span class='ocrx_word' id='word_1_311' title='bbox 1481 1519 1515 1551; x_wconf 86' lang='lat' dir='ltr'>in</span> <span class='ocrx_word' id='word_1_312' title='bbox 1540 1530 1666 1551; x_wconf 86' lang='lat' dir='ltr'>nonum</span> <span class='ocrx_word' id='word_1_313' title='bbox 1695 1518 1787 1550; x_wconf 80' lang='lat' dir='ltr'>diem</span> <span class='ocrx_word' id='word_1_314' title='bbox 1816 1522 1981 1562; x_wconf 79' lang='lat' dir='ltr'>coqueret.</span> <span class='ocrx_word' id='word_1_315' title='bbox 2036 1517 2170 1549; x_wconf 91' lang='lat' dir='ltr'>Nucu-</span> 
     </span>
     <span class='ocr_line' id='line_1_27' title="bbox 395 1566 2172 1614; baseline -0.002 -11"><span class='ocrx_word' id='word_1_316' title='bbox 395 1570 467 1603; x_wconf 81' lang='lat' dir='ltr'>las</span> <span class='ocrx_word' id='word_1_317' title='bbox 494 1569 746 1602; x_wconf 77' lang='lat' dir='ltr'>Praenestinos</span> <span class='ocrx_word' id='word_1_318' title='bbox 772 1569 904 1613; x_wconf 79' lang='lat' dir='ltr'>antiqui</span> <span class='ocrx_word' id='word_1_319' title='bbox 931 1569 1180 1614; x_wconf 75' lang='lat' dir='ltr'>appellabant,</span> <span class='ocrx_word' id='word_1_320' title='bbox 1208 1569 1299 1612; x_wconf 92' lang='lat' dir='ltr'>quod</span> <span class='ocrx_word' id='word_1_321' title='bbox 1328 1570 1443 1603; x_wconf 79' lang='lat' dir='ltr'>inclusi</span> <span class='ocrx_word' id='word_1_322' title='bbox 1470 1582 1492 1602; x_wconf 87' lang='lat' dir='ltr'>a</span> <span class='ocrx_word' id='word_1_323' title='bbox 1521 1569 1647 1603; x_wconf 78' lang='lat' dir='ltr'>Poenis</span> <span class='ocrx_word' id='word_1_324' title='bbox 1678 1569 1841 1610; x_wconf 79' lang='lat' dir='ltr'>Casilini,</span> <span class='ocrx_word' id='word_1_325' title='bbox 1858 1568 2001 1614; x_wconf 83' lang='lat' dir='ltr'>samem</span> <span class='ocrx_word' id='word_1_326' title='bbox 2028 1566 2172 1601; x_wconf 82' lang='lat' dir='ltr'>nucibus</span> 
     </span>
    </p>

    <p class='ocr_par' dir='ltr' id='par_1_15' title="bbox 223 1618 2173 1717">
     <span class='ocr_line' id='line_1_28' title="bbox 223 1618 2170 1665; baseline -0.002 -11"><span class='ocrx_word' id='word_1_327' title='bbox 223 1627 254 1649; x_wconf 67' lang='lat'>‘¹2</span> <span class='ocrx_word' id='word_1_328' title='bbox 273 1625 684 1654; x_wconf 77' lang='lat' dir='ltr'>nascitursustentaverunt:</span> <span class='ocrx_word' id='word_1_329' title='bbox 738 1620 791 1652; x_wconf 87' lang='lat' dir='ltr'>vel</span> <span class='ocrx_word' id='word_1_330' title='bbox 824 1620 917 1663; x_wconf 87' lang='lat' dir='ltr'>quod</span> <span class='ocrx_word' id='word_1_331' title='bbox 951 1622 985 1653; x_wconf 82' lang='lat' dir='ltr'>in</span> <span class='ocrx_word' id='word_1_332' title='bbox 1021 1632 1139 1653; x_wconf 88' lang='lat' dir='ltr'>eorum</span> <span class='ocrx_word' id='word_1_333' title='bbox 1176 1621 1322 1665; x_wconf 80' lang='lat' dir='ltr'>regione</span> <span class='ocrx_word' id='word_1_334' title='bbox 1349 1621 1509 1665; x_wconf 78' lang='lat' dir='ltr'>plurima</span> <span class='ocrx_word' id='word_1_335' title='bbox 1542 1632 1613 1653; x_wconf 65' lang='lat' dir='ltr'>naa*</span> <span class='ocrx_word' id='word_1_336' title='bbox 1646 1621 1774 1653; x_wconf 83' lang='lat' dir='ltr'>minuta</span> <span class='ocrx_word' id='word_1_337' title='bbox 1800 1620 1979 1664; x_wconf 82' lang='lat' dir='ltr'>pascitur*.</span> <span class='ocrx_word' id='word_1_338' title='bbox 2041 1618 2080 1652; x_wconf 88' lang='lat' dir='ltr'><em>N</em></span> <span class='ocrx_word' id='word_1_339' title='bbox 2087 1630 2170 1652; x_wconf 83' lang='lat' dir='ltr'>um-</span> 
     </span>
     <span class='ocr_line' id='line_1_29' title="bbox 397 1671 2173 1717; baseline -0.001 -12"><span class='ocrx_word' id='word_1_340' title='bbox 397 1684 505 1706; x_wconf 85' lang='lat' dir='ltr'>mum</span> <span class='ocrx_word' id='word_1_341' title='bbox 521 1671 537 1693; x_wconf 80' lang='lat'><strong>3</strong></span> <span class='ocrx_word' id='word_1_342' title='bbox 566 1683 609 1705; x_wconf 66' lang='lat' dir='ltr'>ea·</span> <span class='ocrx_word' id='word_1_343' title='bbox 641 1671 783 1704; x_wconf 75' lang='lat' dir='ltr'>Graeco</span> <span class='ocrx_word' id='word_1_344' title='bbox 809 1671 979 1705; x_wconf 79' lang='lat' dir='ltr'>vocabulo</span> <span class='ocrx_word' id='word_1_345' title='bbox 1006 1672 1167 1717; x_wconf 79' lang='grc' dir='ltr'><em>νοῦμμος</em></span> <span class='ocrx_word' id='word_1_346' title='bbox 1195 1673 1383 1705; x_wconf 55' lang='lat' dir='ltr'>existimant</span> <span class='ocrx_word' id='word_1_347' title='bbox 1410 1673 1558 1713; x_wconf 78' lang='lat' dir='ltr'>(lictum,</span> <span class='ocrx_word' id='word_1_348' title='bbox 1605 1675 1635 1705; x_wconf 87' lang='lat' dir='ltr'>et</span> <span class='ocrx_word' id='word_1_349' title='bbox 1660 1672 1865 1705; x_wconf 76' lang='lat' dir='ltr'>tantundem</span> <span class='ocrx_word' id='word_1_350' title='bbox 1892 1671 1992 1716; x_wconf 81' lang='lat' dir='ltr'>apud</span> <span class='ocrx_word' id='word_1_351' title='bbox 2018 1682 2097 1711; x_wconf 81' lang='lat' dir='ltr'>nos,</span> <span class='ocrx_word' id='word_1_352' title='bbox 2141 1674 2173 1703; x_wconf 83' lang='lat' dir='ltr'>et</span> 
     </span>
    </p>

    <p class='ocr_par' dir='ltr' id='par_1_16' title="bbox 397 1723 2173 1769">
     <span class='ocr_line' id='line_1_30' title="bbox 397 1723 2173 1769; baseline -0.001 -13"><span class='ocrx_word' id='word_1_353' title='bbox 397 1725 496 1769; x_wconf 76' lang='lat' dir='ltr'>apud</span> <span class='ocrx_word' id='word_1_354' title='bbox 523 1724 600 1756; x_wconf 84' lang='lat' dir='ltr'>illos</span> <span class='ocrx_word' id='word_1_355' title='bbox 628 1723 755 1756; x_wconf 81' lang='lat' dir='ltr'>valere:</span> <span class='ocrx_word' id='word_1_356' title='bbox 793 1724 869 1767; x_wconf 84' lang='lat' dir='ltr'>quia</span> <span class='ocrx_word' id='word_1_357' title='bbox 892 1724 1067 1768; x_wconf 74' lang='lat' dir='ltr'>pleraque</span> <span class='ocrx_word' id='word_1_358' title='bbox 1093 1724 1233 1756; x_wconf 81' lang='lat' dir='ltr'>nomina</span> <span class='ocrx_word' id='word_1_359' title='bbox 1257 1735 1280 1756; x_wconf 92' lang='lat' dir='ltr'>a</span> <span class='ocrx_word' id='word_1_360' title='bbox 1307 1723 1458 1757; x_wconf 72' lang='lat' dir='ltr'>Graccis</span> <span class='ocrx_word' id='word_1_361' title='bbox 1480 1724 1697 1769; x_wconf 81' lang='lat' dir='ltr'>accepimus,</span> <span class='ocrx_word' id='word_1_362' title='bbox 1731 1735 1877 1768; x_wconf 79' lang='lat' dir='ltr'>quorum</span> <span class='ocrx_word' id='word_1_363' title='bbox 1903 1723 1973 1756; x_wconf 84' lang='lat' dir='ltr'>hoc</span> <span class='ocrx_word' id='word_1_364' title='bbox 1998 1723 2173 1767; x_wconf 87' lang='lat' dir='ltr'>proprium</span> 
     </span>
    </p>

    <p class='ocr_par' dir='ltr' id='par_1_17' title="bbox 399 1774 2172 1820">
     <span class='ocr_line' id='line_1_31' title="bbox 399 1774 2172 1820; baseline -0.001 -12"><span class='ocrx_word' id='word_1_365' title='bbox 399 1783 455 1808; x_wconf 75' lang='lat' dir='ltr'>est.</span> <span class='ocrx_word' id='word_1_366' title='bbox 509 1775 699 1808; x_wconf 48' lang='lat' dir='ltr'>Rutilius</span> <span class='ocrx_word' id='word_1_367' title='bbox 727 1779 757 1807; x_wconf 79' lang='lat' dir='ltr'>e!</span> <span class='ocrx_word' id='word_1_368' title='bbox 781 1786 936 1820; x_wconf 71' lang='lat' dir='ltr'>persona</span> <span class='ocrx_word' id='word_1_369' title='bbox 965 1775 1110 1815; x_wconf 73' lang='lat' dir='ltr'>dieitur,</span> <span class='ocrx_word' id='word_1_370' title='bbox 1145 1780 1175 1808; x_wconf 76' lang='lat' dir='ltr'>ct</span> <span class='ocrx_word' id='word_1_371' title='bbox 1204 1786 1260 1808; x_wconf 74' lang='lat' dir='ltr'>res</span> <span class='ocrx_word' id='word_1_372' title='bbox 1287 1776 1374 1820; x_wconf 75' lang='lat' dir='ltr'>ipsa.</span> <span class='ocrx_word' id='word_1_373' title='bbox 1402 1776 1433 1808; x_wconf 89' lang='lat' dir='ltr'>in</span> <span class='ocrx_word' id='word_1_374' title='bbox 1460 1787 1602 1820; x_wconf 83' lang='lat' dir='ltr'>persona</span> <span class='ocrx_word' id='word_1_375' title='bbox 1630 1775 1765 1813; x_wconf 85' lang='lat' dir='ltr'>dicitur,</span> <span class='ocrx_word' id='word_1_376' title='bbox 1792 1779 1829 1808; x_wconf 82' lang='lat' dir='ltr'>ut</span> <span class='ocrx_word' id='word_1_377' title='bbox 1855 1775 1993 1808; x_wconf 80' lang='lat' dir='ltr'>nuntius</span> <span class='ocrx_word' id='word_1_378' title='bbox 2019 1774 2172 1807; x_wconf 79' lang='lat' dir='ltr'>advenit.</span> 
     </span>
    </p>

    <p class='ocr_par' dir='ltr' id='par_1_18' title="bbox 399 1825 2174 1924">
     <span class='ocr_line' id='line_1_32' title="bbox 399 1825 2174 1874; baseline -0.001 -15"><span class='ocrx_word' id='word_1_379' title='bbox 399 1828 432 1860; x_wconf 81' lang='lat' dir='ltr'>in</span> <span class='ocrx_word' id='word_1_380' title='bbox 461 1838 515 1867; x_wconf 88' lang='lat' dir='ltr'>re,</span> <span class='ocrx_word' id='word_1_381' title='bbox 562 1831 596 1859; x_wconf 77' lang='lat' dir='ltr'>a!</span> <span class='ocrx_word' id='word_1_382' title='bbox 631 1827 768 1859; x_wconf 85' lang='lat' dir='ltr'>nuntius</span> <span class='ocrx_word' id='word_1_383' title='bbox 799 1827 915 1859; x_wconf 82' lang='lat' dir='ltr'>allatus</span> <span class='ocrx_word' id='word_1_384' title='bbox 946 1832 1011 1860; x_wconf 81' lang='lat' dir='ltr'>est:</span> <span class='ocrx_word' id='word_1_385' title='bbox 1054 1838 1159 1869; x_wconf 83' lang='lat' dir='ltr'>quam</span> <span class='ocrx_word' id='word_1_386' title='bbox 1194 1825 1434 1874; x_wconf 70' lang='lat' dir='ltr'>differentiam</span> <span class='ocrx_word' id='word_1_387' title='bbox 1466 1827 1502 1862; x_wconf 84' lang='lat' dir='ltr'>C.</span> <span class='ocrx_word' id='word_1_388' title='bbox 1534 1827 1671 1861; x_wconf 77' lang='lat' dir='ltr'>Caesar</span> <span class='ocrx_word' id='word_1_389' title='bbox 1704 1828 1740 1860; x_wconf 80' lang='lat' dir='ltr'>in</span> <span class='ocrx_word' id='word_1_390' title='bbox 1771 1826 2020 1860; x_wconf 81' lang='lat' dir='ltr'>Commentariis</span> <span class='ocrx_word' id='word_1_391' title='bbox 2054 1825 2174 1860; x_wconf 76' lang='lat' dir='ltr'>fecisse</span> 
     </span>
     <span class='ocr_line' id='line_1_33' title="bbox 400 1877 2174 1924; baseline 0 -14"><span class='ocrx_word' id='word_1_392' title='bbox 400 1878 545 1911; x_wconf 77' lang='lat' dir='ltr'>videtur.</span> <span class='ocrx_word' id='word_1_393' title='bbox 599 1877 770 1922; x_wconf 59' lang='lat' dir='ltr'>Nuper,</span> <span class='ocrx_word' id='word_1_394' title='bbox 813 1879 914 1923; x_wconf 83' lang='lat' dir='ltr'>quasi</span> <span class='ocrx_word' id='word_1_395' title='bbox 939 1879 1100 1923; x_wconf 75' lang='lat' dir='ltr'>noviper,</span> <span class='ocrx_word' id='word_1_396' title='bbox 1142 1884 1311 1922; x_wconf 84' lang='lat' dir='ltr'>tamquam</span> <span class='ocrx_word' id='word_1_397' title='bbox 1340 1879 1493 1914; x_wconf 80' lang='lat' dir='ltr'>dicamus</span> <span class='ocrx_word' id='word_1_398' title='bbox 1518 1879 1709 1913; x_wconf 78' lang='lat' dir='ltr'>novissime.</span> <span class='ocrx_word' id='word_1_399' title='bbox 1737 1883 1853 1923; x_wconf 79' lang='lat' dir='ltr'>estque</span> <span class='ocrx_word' id='word_1_400' title='bbox 1873 1877 2062 1924; x_wconf 75' lang='lat' dir='ltr'>praeteriti</span> <span class='ocrx_word' id='word_1_401' title='bbox 2086 1881 2174 1910; x_wconf 78' lang='lat' dir='ltr'>tem-</span> 
     </span>
    </p>

    <p class='ocr_par' dir='ltr' id='par_1_19' title="bbox 398 1929 2174 2027">
     <span class='ocr_line' id='line_1_34' title="bbox 398 1929 2173 1974; baseline 0 -14"><span class='ocrx_word' id='word_1_402' title='bbox 398 1930 504 1973; x_wconf 82' lang='lat' dir='ltr'>poris,</span> <span class='ocrx_word' id='word_1_403' title='bbox 552 1929 586 1962; x_wconf 92' lang='lat' dir='ltr'>id</span> <span class='ocrx_word' id='word_1_404' title='bbox 614 1935 723 1962; x_wconf 58' lang='lat' dir='ltr'>autem</span> <span class='ocrx_word' id='word_1_405' title='bbox 779 1958 785 1964; x_wconf 90' lang='lat'><em>.</em></span> <span class='ocrx_word' id='word_1_406' title='bbox 840 1955 847 1962; x_wconf 94' lang='lat'>.</span> <span class='ocrx_word' id='word_1_407' title='bbox 903 1956 909 1963; x_wconf 93' lang='lat'><strong><em>.</em></strong></span> <span class='ocrx_word' id='word_1_408' title='bbox 966 1956 972 1962; x_wconf 93' lang='lat'><em>.</em></span> <span class='ocrx_word' id='word_1_409' title='bbox 1026 1955 1033 1961; x_wconf 95' lang='lat'>.</span> <span class='ocrx_word' id='word_1_410' title='bbox 1088 1957 1095 1964; x_wconf 87' lang='lat'>.</span> <span class='ocrx_word' id='word_1_411' title='bbox 1149 1956 1156 1962; x_wconf 96' lang='lat'>.</span> <span class='ocrx_word' id='word_1_412' title='bbox 1210 1956 1216 1963; x_wconf 91' lang='lat'><strong><em>.</em></strong></span> <span class='ocrx_word' id='word_1_413' title='bbox 1271 1956 1277 1962; x_wconf 87' lang='lat'><em>.</em></span> <span class='ocrx_word' id='word_1_414' title='bbox 1333 1956 1339 1963; x_wconf 96' lang='lat'><strong><em>.</em></strong></span> <span class='ocrx_word' id='word_1_415' title='bbox 1395 1957 1402 1963; x_wconf 89' lang='lat'>.</span> <span class='ocrx_word' id='word_1_416' title='bbox 1579 1942 1613 1963; x_wconf 80' lang='lat' dir='ltr'>sa</span> <span class='ocrx_word' id='word_1_417' title='bbox 1647 1936 1755 1971; x_wconf 79' lang='lat' dir='ltr'>erant,</span> <span class='ocrx_word' id='word_1_418' title='bbox 1803 1931 1861 1974; x_wconf 88' lang='lat' dir='ltr'>qui</span> <span class='ocrx_word' id='word_1_419' title='bbox 1895 1930 1927 1964; x_wconf 88' lang='lat' dir='ltr'>ni</span> <span class='ocrx_word' id='word_1_420' title='bbox 2105 1953 2112 1961; x_wconf 95' lang='lat'><strong>.</strong></span> <span class='ocrx_word' id='word_1_421' title='bbox 2166 1954 2173 1960; x_wconf 90' lang='lat'><strong><em>.</em></strong></span> 
     </span>
     <span class='ocr_line' id='line_1_35' title="bbox 510 1980 2174 2027; baseline -0.001 -14"><span class='ocrx_word' id='word_1_422' title='bbox 510 1980 673 2014; x_wconf 80' lang='lat' dir='ltr'>Numen</span> <span class='ocrx_word' id='word_1_423' title='bbox 702 1981 802 2025; x_wconf 79' lang='lat' dir='ltr'>quasi</span> <span class='ocrx_word' id='word_1_424' title='bbox 828 1986 923 2014; x_wconf 87' lang='lat' dir='ltr'>nutus</span> <span class='ocrx_word' id='word_1_425' title='bbox 951 1982 1004 2014; x_wconf 85' lang='lat' dir='ltr'>dei</span> <span class='ocrx_word' id='word_1_426' title='bbox 1033 1992 1071 2014; x_wconf 89' lang='lat' dir='ltr'>ac</span> <span class='ocrx_word' id='word_1_427' title='bbox 1095 1986 1252 2027; x_wconf 81' lang='lat' dir='ltr'>potestas</span> <span class='ocrx_word' id='word_1_428' title='bbox 1275 1982 1412 2015; x_wconf 74' lang='lat' dir='ltr'>dicitur.</span> <span class='ocrx_word' id='word_1_429' title='bbox 1450 1982 1631 2015; x_wconf 67' lang='lat' dir='ltr'>Numell</span> <span class='ocrx_word' id='word_1_430' title='bbox 1639 1980 1690 2014; x_wconf 69' lang='lat'>{14</span> <span class='ocrx_word' id='word_1_431' title='bbox 1716 1993 1831 2027; x_wconf 84' lang='lat' dir='ltr'>genus</span> <span class='ocrx_word' id='word_1_432' title='bbox 1852 1981 1980 2015; x_wconf 84' lang='lat' dir='ltr'>vinculi</span> <span class='ocrx_word' id='word_1_433' title='bbox 2000 1991 2068 2024; x_wconf 91' lang='lat' dir='ltr'>quo</span> <span class='ocrx_word' id='word_1_434' title='bbox 2091 1991 2174 2023; x_wconf 89' lang='lat' dir='ltr'>qua-</span> 
     </span>
    </p>

    <p class='ocr_par' dir='ltr' id='par_1_20' title="bbox 404 2029 2174 2131">
     <span class='ocr_line' id='line_1_36' title="bbox 404 2029 2174 2080; baseline 0.002 -20"><span class='ocrx_word' id='word_1_435' title='bbox 404 2029 574 2073; x_wconf 82' lang='lat' dir='ltr'>drupedes</span> <span class='ocrx_word' id='word_1_436' title='bbox 600 2033 808 2077; x_wconf 79' lang='lat' dir='ltr'>alligantur.</span> <span class='ocrx_word' id='word_1_437' title='bbox 837 2034 946 2066; x_wconf 85' lang='lat' dir='ltr'>solent</span> <span class='ocrx_word' id='word_1_438' title='bbox 974 2037 1091 2066; x_wconf 85' lang='lat' dir='ltr'>autem</span> <span class='ocrx_word' id='word_1_439' title='bbox 1119 2045 1162 2067; x_wconf 86' lang='lat' dir='ltr'>ea</span> <span class='ocrx_word' id='word_1_440' title='bbox 1180 2033 1263 2080; x_wconf 83' lang='lat' dir='ltr'>fieri</span> <span class='ocrx_word' id='word_1_441' title='bbox 1291 2045 1410 2075; x_wconf 87' lang='lat' dir='ltr'>nervo,</span> <span class='ocrx_word' id='word_1_442' title='bbox 1451 2038 1507 2066; x_wconf 79' lang='lat' dir='ltr'>aut</span> <span class='ocrx_word' id='word_1_443' title='bbox 1534 2034 1630 2067; x_wconf 88' lang='lat' dir='ltr'>corio</span> <span class='ocrx_word' id='word_1_444' title='bbox 1656 2034 1768 2067; x_wconf 82' lang='lat' dir='ltr'>crudo</span> <span class='ocrx_word' id='word_1_445' title='bbox 1795 2033 1889 2066; x_wconf 81' lang='lat' dir='ltr'>bovis</span> <span class='ocrx_word' id='word_1_446' title='bbox 1916 2037 1952 2065; x_wconf 80' lang='lat' dir='ltr'>nt</span> <span class='ocrx_word' id='word_1_447' title='bbox 1972 2032 2174 2077; x_wconf 82' lang='lat' dir='ltr'>plurimum.</span> 
     </span>
     <span class='ocr_line' id='line_1_37' title="bbox 410 2079 2158 2131; baseline 0.002 -20"><span class='ocrx_word' id='word_1_448' title='bbox 410 2079 608 2115; x_wconf 75' lang='lat' dir='ltr'>Numidas</span> <span class='ocrx_word' id='word_1_449' title='bbox 643 2084 781 2117; x_wconf 87' lang='lat' dir='ltr'>dicimus</span> <span class='ocrx_word' id='word_1_450' title='bbox 815 2096 898 2128; x_wconf 81' lang='lat' dir='ltr'>quos</span> <span class='ocrx_word' id='word_1_451' title='bbox 923 2085 1053 2118; x_wconf 71' lang='lat' dir='ltr'>Gracci</span> <span class='ocrx_word' id='word_1_452' title='bbox 1079 2082 1265 2130; x_wconf 71' lang='grc' dir='ltr'><strong><em>Νομάδας.</em></strong></span> <span class='ocrx_word' id='word_1_453' title='bbox 1291 2086 1363 2120; x_wconf 77' lang='lat' dir='ltr'>sive</span> <span class='ocrx_word' id='word_1_454' title='bbox 1387 2086 1482 2131; x_wconf 82' lang='lat' dir='ltr'>quod</span> <span class='ocrx_word' id='word_1_455' title='bbox 1508 2085 1548 2118; x_wconf 76' lang='lat' dir='ltr'>id</span> <span class='ocrx_word' id='word_1_456' title='bbox 1572 2096 1687 2130; x_wconf 82' lang='lat' dir='ltr'>genus</span> <span class='ocrx_word' id='word_1_457' title='bbox 1714 2085 1886 2118; x_wconf 83' lang='lat' dir='ltr'>hominum</span> <span class='ocrx_word' id='word_1_458' title='bbox 1914 2084 2091 2128; x_wconf 85' lang='lat' dir='ltr'>pecoribus</span> <span class='ocrx_word' id='word_1_459' title='bbox 2117 2093 2158 2116; x_wconf 88' lang='lat' dir='ltr'>ne</span> 
     </span>
    </p>
   </div>
   <div class='ocr_carea' id='block_1_3' title="bbox 406 2206 2174 2507">
    <p class='ocr_par' dir='ltr' id='par_1_21' title="bbox 406 2206 2174 2507">
     <span class='ocr_line' id='line_1_38' title="bbox 460 2206 2172 2253; baseline 0.002 -20"><span class='ocrx_word' id='word_1_460' title='bbox 460 2208 495 2253; x_wconf 64' lang='lat' dir='ltr'>⁴l)</span> <span class='ocrx_word' id='word_1_461' title='bbox 511 2206 698 2247; x_wconf 65' lang='lat' dir='ltr'>Numquam]</span> <span class='ocrx_word' id='word_1_462' title='bbox 717 2210 760 2238; x_wconf 84' lang='lat' dir='ltr'>lta</span> <span class='ocrx_word' id='word_1_463' title='bbox 774 2211 805 2240; x_wconf 89' lang='lat' dir='ltr'>in</span> <span class='ocrx_word' id='word_1_464' title='bbox 815 2212 1051 2252; x_wconf 75' lang='lat' dir='ltr'>exemplari,pro</span> <span class='ocrx_word' id='word_1_465' title='bbox 1069 2212 1269 2253; x_wconf 82' lang='lat' dir='ltr'>Nancapata,</span> <span class='ocrx_word' id='word_1_466' title='bbox 1311 2217 1365 2249; x_wconf 85' lang='lat' dir='ltr'>est,</span> <span class='ocrx_word' id='word_1_467' title='bbox 1390 2217 1423 2242; x_wconf 83' lang='lat' dir='ltr'>ut</span> <span class='ocrx_word' id='word_1_468' title='bbox 1438 2213 1464 2241; x_wconf 89' lang='lat' dir='ltr'>is</span> <span class='ocrx_word' id='word_1_469' title='bbox 1479 2212 1541 2242; x_wconf 87' lang='lat' dir='ltr'>dies</span> <span class='ocrx_word' id='word_1_470' title='bbox 1554 2212 1647 2240; x_wconf 79' lang='lat' dir='ltr'>fastus</span> <span class='ocrx_word' id='word_1_471' title='bbox 1660 2217 1743 2241; x_wconf 86' lang='lat' dir='ltr'>esset.</span> <span class='ocrx_word' id='word_1_472' title='bbox 1765 2211 1933 2240; x_wconf 86' lang='lat' dir='ltr'>Macrobius</span> <span class='ocrx_word' id='word_1_473' title='bbox 1950 2209 2000 2238; x_wconf 90' lang='lat' dir='ltr'>lib.</span> <span class='ocrx_word' id='word_1_474' title='bbox 2011 2213 2036 2240; x_wconf 89' lang='lat'>1.</span> <span class='ocrx_word' id='word_1_475' title='bbox 2054 2210 2172 2248; x_wconf 72' lang='lat' dir='ltr'>cap-16.</span> 
     </span>
     <span class='ocr_line' id='line_1_39' title="bbox 408 2247 2174 2297; baseline 0.002 -21"><span class='ocrx_word' id='word_1_476' title='bbox 408 2252 528 2285; x_wconf 81' lang='lat' dir='ltr'>antiqua</span> <span class='ocrx_word' id='word_1_477' title='bbox 546 2249 692 2278; x_wconf 80' lang='lat' dir='ltr'>scribendi</span> <span class='ocrx_word' id='word_1_478' title='bbox 709 2254 935 2283; x_wconf 77' lang='lat' dir='ltr'>consuetudine:</span> <span class='ocrx_word' id='word_1_479' title='bbox 957 2255 1004 2283; x_wconf 90' lang='lat' dir='ltr'>cui</span> <span class='ocrx_word' id='word_1_480' title='bbox 1023 2255 1183 2291; x_wconf 83' lang='lat' dir='ltr'>contraria,</span> <span class='ocrx_word' id='word_1_481' title='bbox 1197 2257 1267 2292; x_wconf 84' lang='lat' dir='ltr'>for-</span> <span class='ocrx_word' id='word_1_482' title='bbox 1319 2256 1367 2283; x_wconf 86' lang='lat' dir='ltr'>Ur</span> <span class='ocrx_word' id='word_1_483' title='bbox 1378 2267 1400 2284; x_wconf 78' lang='lat' dir='ltr'>s.</span> <span class='ocrx_word' id='word_1_484' title='bbox 1424 2274 1464 2278; x_wconf 96' lang='lat'>—</span> <span class='ocrx_word' id='word_1_485' title='bbox 1486 2254 1515 2297; x_wconf 89' lang='grc'>3)</span> <span class='ocrx_word' id='word_1_486' title='bbox 1535 2255 1726 2293; x_wconf 62' lang='lat' dir='ltr'>Nummum]</span> <span class='ocrx_word' id='word_1_487' title='bbox 1750 2254 1841 2282; x_wconf 91' lang='lat' dir='ltr'>lulius</span> <span class='ocrx_word' id='word_1_488' title='bbox 1854 2254 1971 2282; x_wconf 81' lang='lat' dir='ltr'>Pollux.</span> <span class='ocrx_word' id='word_1_489' title='bbox 1994 2251 2045 2280; x_wconf 88' lang='lat' dir='ltr'>lib.</span> <span class='ocrx_word' id='word_1_490' title='bbox 2061 2254 2089 2284; x_wconf 88' lang='lat'>9.</span> <span class='ocrx_word' id='word_1_491' title='bbox 2113 2247 2174 2281; x_wconf 75' lang='grc' dir='ltr'>ὅδὲ</span> 
     </span>
     <span class='ocr_line' id='line_1_40' title="bbox 408 2293 2170 2337; baseline 0.001 -18"><span class='ocrx_word' id='word_1_492' title='bbox 408 2301 548 2337; x_wconf 59' lang='lat' dir='ltr'>monum,</span> <span class='ocrx_word' id='word_1_493' title='bbox 570 2295 597 2318; x_wconf 90' lang='lat' dir='ltr'>et</span> <span class='ocrx_word' id='word_1_494' title='bbox 617 2294 800 2331; x_wconf 65' lang='lat' dir='ltr'>gnesen-ws3</span> <span class='ocrx_word' id='word_1_495' title='bbox 824 2297 937 2335; x_wconf 84' lang='lat' dir='ltr'>reliqua</span> <span class='ocrx_word' id='word_1_496' title='bbox 958 2298 999 2325; x_wconf 82' lang='lat' dir='ltr'>ita</span> <span class='ocrx_word' id='word_1_497' title='bbox 1018 2298 1158 2335; x_wconf 81' lang='lat' dir='ltr'>legenda,</span> <span class='ocrx_word' id='word_1_498' title='bbox 1182 2303 1215 2326; x_wconf 88' lang='lat' dir='ltr'>ut</span> <span class='ocrx_word' id='word_1_499' title='bbox 1239 2298 1269 2326; x_wconf 90' lang='lat' dir='ltr'>in</span> <span class='ocrx_word' id='word_1_500' title='bbox 1314 2301 1447 2337; x_wconf 81' lang='grc' dir='ltr'>νοῦμμος</span> <span class='ocrx_word' id='word_1_501' title='bbox 1470 2299 1555 2328; x_wconf 82' lang='grc' dir='ltr'><em>δοκεῖ</em></span> <span class='ocrx_word' id='word_1_502' title='bbox 1574 2296 1628 2336; x_wconf 81' lang='grc' dir='ltr'>μὲν</span> <span class='ocrx_word' id='word_1_503' title='bbox 1647 2295 1724 2327; x_wconf 80' lang='grc' dir='ltr'>εἶναι</span> <span class='ocrx_word' id='word_1_504' title='bbox 1742 2296 1892 2336; x_wconf 80' lang='grc' dir='ltr'><em>Ῥωμαίων</em></span> <span class='ocrx_word' id='word_1_505' title='bbox 1907 2293 2039 2333; x_wconf 73' lang='grc' dir='ltr'><em>τοῦνομα</em></span> <span class='ocrx_word' id='word_1_506' title='bbox 2053 2294 2106 2323; x_wconf 84' lang='grc' dir='ltr'>τοῦ</span> <span class='ocrx_word' id='word_1_507' title='bbox 2119 2302 2170 2321; x_wconf 85' lang='grc' dir='ltr'>νο-</span> 
     </span>
     <span class='ocr_line' id='line_1_41' title="bbox 409 2333 2172 2380; baseline 0.002 -21"><span class='ocrx_word' id='word_1_508' title='bbox 409 2343 459 2361; x_wconf 76' lang='lat' dir='ltr'>ora</span> <span class='ocrx_word' id='word_1_509' title='bbox 482 2342 604 2371; x_wconf 78' lang='lat' dir='ltr'>paginae</span> <span class='ocrx_word' id='word_1_510' title='bbox 628 2335 813 2365; x_wconf 77' lang='lat' dir='ltr'>notavimus:</span> <span class='ocrx_word' id='word_1_511' title='bbox 842 2341 1000 2367; x_wconf 74' lang='lat' dir='ltr'>nominata</span> <span class='ocrx_word' id='word_1_512' title='bbox 1024 2346 1104 2368; x_wconf 77' lang='lat' dir='ltr'>certa</span> <span class='ocrx_word' id='word_1_513' title='bbox 1122 2347 1175 2370; x_wconf 79' lang='lat' dir='ltr'>etc.</span> <span class='ocrx_word' id='word_1_514' title='bbox 1200 2351 1269 2368; x_wconf 82' lang='lat' dir='ltr'>cum</span> <span class='ocrx_word' id='word_1_515' title='bbox 1313 2341 1466 2380; x_wconf 77' lang='grc' dir='ltr'><em>μίσματος.</em></span> <span class='ocrx_word' id='word_1_516' title='bbox 1491 2341 1551 2371; x_wconf 74' lang='grc' dir='ltr'><em>ἔστι</em></span> <span class='ocrx_word' id='word_1_517' title='bbox 1568 2338 1600 2370; x_wconf 78' lang='grc' dir='ltr'>δὲ</span> <span class='ocrx_word' id='word_1_518' title='bbox 1618 2338 1770 2378; x_wconf 80' lang='grc' dir='ltr'><em>ἕλληνικόν</em></span> <span class='ocrx_word' id='word_1_519' title='bbox 1787 2342 1846 2369; x_wconf 74' lang='grc' dir='ltr'>τῶν</span> <span class='ocrx_word' id='word_1_520' title='bbox 1868 2339 1900 2369; x_wconf 80' lang='grc' dir='ltr'>ἐν</span> <span class='ocrx_word' id='word_1_521' title='bbox 1921 2335 2033 2372; x_wconf 57' lang='grc' dir='ltr'><em>Ἰταλία,</em></span> <span class='ocrx_word' id='word_1_522' title='bbox 2054 2333 2172 2364; x_wconf 65' lang='lat' dir='ltr'>2201in-</span> 
     </span>
     <span class='ocr_line' id='line_1_42' title="bbox 408 2375 2172 2424; baseline 0.004 -22"><span class='ocrx_word' id='word_1_523' title='bbox 408 2385 515 2403; x_wconf 77' lang='lat' dir='ltr'>nexum</span> <span class='ocrx_word' id='word_1_524' title='bbox 532 2376 651 2412; x_wconf 72' lang='lat' dir='ltr'>saciet,</span> <span class='ocrx_word' id='word_1_525' title='bbox 683 2380 929 2418; x_wconf 69' lang='lat' dir='ltr'>mancipiumque</span> <span class='ocrx_word' id='word_1_526' title='bbox 949 2383 997 2409; x_wconf 70' lang='lat' dir='ltr'>uti</span> <span class='ocrx_word' id='word_1_527' title='bbox 1019 2383 1128 2421; x_wconf 53' lang='lat' dir='ltr'>lingua</span> <span class='ocrx_word' id='word_1_528' title='bbox 1146 2394 1268 2412; x_wconf 67' lang='grc' dir='ltr'><strong><em>ηαησιι-</em></strong></span> <span class='ocrx_word' id='word_1_529' title='bbox 1312 2384 1395 2414; x_wconf 59' lang='lat' dir='ltr'>nsua</span> <span class='ocrx_word' id='word_1_530' title='bbox 1418 2383 1520 2424; x_wconf 77' lang='grc' dir='ltr'><strong><em>ὁρίων.</em></strong></span> <span class='ocrx_word' id='word_1_531' title='bbox 1559 2383 1635 2412; x_wconf 75' lang='lat' dir='ltr'>Urs.</span> <span class='ocrx_word' id='word_1_532' title='bbox 1657 2399 1701 2406; x_wconf 90' lang='lat'>-·-</span> <span class='ocrx_word' id='word_1_533' title='bbox 1734 2379 1766 2423; x_wconf 78' lang='lat'>4)</span> <span class='ocrx_word' id='word_1_534' title='bbox 1796 2379 1960 2417; x_wconf 64' lang='lat' dir='ltr'>Numam]</span> <span class='ocrx_word' id='word_1_535' title='bbox 1984 2375 2119 2407; x_wconf 64' lang='lat' dir='ltr'>Placidus</span> <span class='ocrx_word' id='word_1_536' title='bbox 2142 2375 2172 2403; x_wconf 72' lang='grc' dir='ltr'>ῙΠ</span> 
     </span>
     <span class='ocr_line' id='line_1_43' title="bbox 406 2415 2171 2460; baseline 0.001 -16"><span class='ocrx_word' id='word_1_537' title='bbox 406 2419 506 2455; x_wconf 70' lang='lat' dir='ltr'>pasit,</span> <span class='ocrx_word' id='word_1_538' title='bbox 530 2418 575 2445; x_wconf 81' lang='grc' dir='ltr'>ιἰα</span> <span class='ocrx_word' id='word_1_539' title='bbox 598 2419 648 2446; x_wconf 73' lang='lat' dir='ltr'>ius</span> <span class='ocrx_word' id='word_1_540' title='bbox 671 2425 748 2455; x_wconf 67' lang='lat' dir='ltr'>esto,</span> <span class='ocrx_word' id='word_1_541' title='bbox 774 2420 808 2447; x_wconf 78' lang='lat' dir='ltr'>id</span> <span class='ocrx_word' id='word_1_542' title='bbox 828 2428 886 2457; x_wconf 76' lang='lat' dir='ltr'>est,</span> <span class='ocrx_word' id='word_1_543' title='bbox 918 2425 964 2451; x_wconf 73' lang='lat' dir='ltr'>uli</span> <span class='ocrx_word' id='word_1_544' title='bbox 986 2427 1162 2455; x_wconf 75' lang='lat' dir='ltr'>nominarit.</span> <span class='ocrx_word' id='word_1_545' title='bbox 1194 2426 1273 2453; x_wconf 77' lang='lat' dir='ltr'>Urs.</span> <span class='ocrx_word' id='word_1_546' title='bbox 1318 2415 1445 2455; x_wconf 58' lang='lat' dir='ltr'>Glossis:</span> <span class='ocrx_word' id='word_1_547' title='bbox 1467 2426 1668 2459; x_wconf 77' lang='lat' dir='ltr'>Numellatus‚</span> <span class='ocrx_word' id='word_1_548' title='bbox 1698 2425 1827 2453; x_wconf 86' lang='lat' dir='ltr'>numella</span> <span class='ocrx_word' id='word_1_549' title='bbox 1849 2423 1970 2460; x_wconf 84' lang='lat' dir='ltr'>ligatus,</span> <span class='ocrx_word' id='word_1_550' title='bbox 2002 2420 2018 2447; x_wconf 88' lang='lat' dir='ltr'>i.</span> <span class='ocrx_word' id='word_1_551' title='bbox 2041 2417 2171 2453; x_wconf 87' lang='lat' dir='ltr'>vinculo,</span> 
     </span>
     <span class='ocr_line' id='line_1_44' title="bbox 412 2458 2171 2507; baseline 0.009 -21"><span class='ocrx_word' id='word_1_552' title='bbox 412 2476 450 2480; x_wconf 97' lang='lat'><strong>—</strong></span> <span class='ocrx_word' id='word_1_553' title='bbox 480 2458 511 2499; x_wconf 72' lang='lat'>2)</span> <span class='ocrx_word' id='word_1_554' title='bbox 536 2459 722 2500; x_wconf 66' lang='lat' dir='ltr'>Nandinas]</span> <span class='ocrx_word' id='word_1_555' title='bbox 750 2462 824 2500; x_wconf 80' lang='lat' dir='ltr'>Lege</span> <span class='ocrx_word' id='word_1_556' title='bbox 850 2463 954 2493; x_wconf 87' lang='lat' dir='ltr'>deinde</span> <span class='ocrx_word' id='word_1_557' title='bbox 978 2466 1134 2496; x_wconf 86' lang='lat' dir='ltr'>Hortensia</span> <span class='ocrx_word' id='word_1_558' title='bbox 1160 2467 1270 2496; x_wconf 78' lang='lat' dir='ltr'>sactum</span> <span class='ocrx_word' id='word_1_559' title='bbox 1315 2479 1374 2505; x_wconf 88' lang='lat' dir='ltr'>quo</span> <span class='ocrx_word' id='word_1_560' title='bbox 1408 2467 1614 2507; x_wconf 85' lang='lat' dir='ltr'>quadrupedes</span> <span class='ocrx_word' id='word_1_561' title='bbox 1644 2467 1811 2504; x_wconf 82' lang='lat' dir='ltr'>alligantur.</span> <span class='ocrx_word' id='word_1_562' title='bbox 1853 2465 1900 2492; x_wconf 85' lang='lat' dir='ltr'>Ur</span> <span class='ocrx_word' id='word_1_563' title='bbox 1911 2474 1933 2491; x_wconf 77' lang='lat' dir='ltr'>s.</span> <span class='ocrx_word' id='word_1_564' title='bbox 1965 2478 2002 2483; x_wconf 90' lang='grc'>-</span> <span class='ocrx_word' id='word_1_565' title='bbox 2042 2459 2072 2500; x_wconf 83' lang='lat'>5)</span> <span class='ocrx_word' id='word_1_566' title='bbox 2103 2460 2171 2488; x_wconf 65' lang='lat' dir='ltr'>No-</span> 
     </span>
    </p>
   </div>
  </div>
 </body>
</html>
