2263 2668
211 163 285 195 703
635 153 980 188 COMMENTARH
1005 155 1051 187 IN
1079 152 1223 187 PAULI
1250 151 1447 186 DIACONI
1473 151 1727 186 EXGERPTA

374 246 603 282 Senaculum.
650 243 826 274 Senaculum
848 253 1001 283 vocatum,
1039 245 1088 274 ubi
1112 245 1253 282 Senatus,
1292 253 1342 274 aut
1366 244 1416 273 ubi
1440 244 1572 273 Seniores
1596 246 1797 282 consisterent,
1829 243 1940 274 dictum
1963 252 1993 273 ut
2015 248 2156 285 γερουσία

211 294 291 336 apud
315 294 448 324 Graecos.
494 289 586 316 Varro
609 288 659 316 lib.
673 288 722 317 IV.
745 287 782 316 de
806 288 835 316 L.
858 288 888 317 L.
914 287 966 328 (V.
990 299 1054 327 pag.
1071 290 1138 320 155.
1164 288 1208 317 ed.
1232 290 1308 327 Sp.).
1339 288 1426 316 Dae.
1477 286 1588 322 Unum,
1626 287 1676 316 ubi
1698 299 1776 317 nunc
1797 295 1838 316 est
1859 286 1941 316 aedis
1965 285 2155 321 Concordiae.

210 338 342 368 Meminit
366 336 457 363 Varro
481 332 547 359 loco
570 341 660 368 supra
683 331 788 358 citato:
813 329 989 359 Senaculum
1013 342 1102 370 supra
1128 329 1332 360 Graecostasin
1356 330 1443 368 (Plin.
1460 330 1606 366 XXXIII,
1630 334 1659 361 2.
1687 328 1825 369 Goth),
1849 329 1900 358 ubi
1921 328 2005 358 aedes
2025 328 2158 360 Concor—

212 380 277 409 diae
299 386 324 407 et
348 374 480 405 Basilica
507 372 634 413 Opimia.
680 373 756 401 Infra
779 378 867 401 notae
890 374 922 402 l).
945 374 978 401 T.
1001 373 1166 410 significant
1189 373 1376 401 Dumtasrat:
1399 372 1474 400 male
1497 372 1602 409 igitur,
1628 373 1678 410 qui
1702 383 1800 400 earum
1826 373 1890 400 loco
1914 373 2101 401 substituunt
2123 374 2157 403 D.

210 425 245 451 R.
268 422 324 449 hoc
347 424 391 447 est
413 416 448 445 de
462 414 536 455 Rep.
552 416 600 443 vel
625 426 674 444 eas
697 416 933 454 interpretantur
956 414 1028 445 dicit
1050 417 1201 444 Titinnius.
1221 415 1329 444 Idem.
1366 413 1502 443 Alterum
1520 413 1561 441 ad
1577 422 1692 452 portam
1713 413 1868 453 Capenam.
1900 415 1962 443 Liv.
1982 415 2032 445 lib.
2045 415 2156 444 XXIII.

212 464 336 499 (c.32.):
371 457 523 495 Consules,
545 458 658 496 inquit,
682 457 852 494 edixerunt,
875 459 987 498 quoties
1011 456 1149 486 Senatum
1173 465 1336 493 vocassent,
1361 458 1404 485 uti
1425 456 1579 485 Senatores
1602 456 1762 497 quibusque
1783 458 1813 486 in
1837 456 1947 485 Senatu
1970 455 2064 486 dicere
2085 469 2156 487 sen.-

210 505 327 533 tentiam
352 501 467 538 liceret,
505 499 546 529 ad
566 508 680 540 portam
708 498 854 538 Capenam
878 501 1068 530 convenirent.
1100 499 1209 528 Idem.
1258 501 1384 528 Tertium
1409 500 1484 528 citra
1506 497 1604 527 aedem
1627 498 1777 527 Bellonae.
1823 499 1923 535 Quid'?
1959 500 2034 528 citra
2056 498 2156 529 aedem

210 543 383 575 Bellonae?
421 545 481 572 lmo
504 544 582 571 intra
605 542 704 571 aedem
729 541 877 572 Bellonae.
922 543 982 570 Liv.
1007 542 1056 570 lib.
1072 543 1236 571 XXXVIII.
1259 542 1418 580 (XXVIII,
1441 539 1520 579 38.):
1558 540 1625 580 Ipse
1644 542 1729 579 (Pub.
1755 543 1886 580 Scipio),
1916 541 2030 580 inquit,
2059 540 2156 571 decem

210 588 330 617 navibus
347 586 476 616 Romam
500 584 600 613 rediit:
630 593 655 613 et
678 584 786 613 Senatu
810 593 900 613 extra
923 584 1020 613 urbem
1044 584 1115 614 dato
1138 587 1167 614 in
1190 584 1261 613 aede
1277 583 1435 620 Bellonae,
1459 595 1531 622 quas
1554 595 1597 612 res
1619 584 1650 612 in
1667 583 1819 623 Hispania
1840 584 1987 623 gessisset,
2011 583 2155 613 disseruit.

208 632 254 659 Ex
278 630 385 669 quibus
409 629 495 657 etiam
518 627 594 656 illud
622 627 882 663 animadvertitur,
919 628 950 655 in
974 638 1005 655 ea
1031 628 1100 656 aede
1123 639 1181 656 non
1203 628 1306 665 legatis
1330 633 1443 655 tantum
1468 631 1635 654 exterarum
1659 629 1811 655 nationum
1835 629 1973 654 Senatum
1995 626 2058 656 dari
2081 627 2156 655 soli-

209 679 272 701 tum
298 673 395 701 fuisse.
441 672 513 699 Nam
538 676 566 698 et
589 669 820 708 Magistratibus⁷
856 670 905 708 qui
928 670 964 698 ad
988 670 1092 698 urbem
1116 670 1307 705 dicebantur,
1346 669 1430 697 datus
1454 673 1505 697 est.
1537 666 1649 698 Idem.
1694 669 1763 697 Dixi
1790 669 1827 697 ad
1849 669 1966 698 Novell.
1989 668 2026 698 de
2050 669 2155 699 ordine

211 715 351 751 sedendi,
375 724 449 752 quae
472 718 515 741 est
538 713 628 742 LXII.
673 712 755 740 Adde
781 713 949 742 Gell.XlV.
972 722 1036 751 cap.
1052 716 1080 743 7.
1131 712 1235 742 Goth..

373 756 571 784 Sinistrae
594 766 688 783 aves.
713 754 769 793 (Ad
785 766 812 793 p.
827 754 911 793 260.)
939 756 977 783 De
995 755 1133 790 sinistris,
1159 766 1233 794 quae
1252 754 1359 782 Latini.-
1382 754 1494 786 fausta,
1519 754 1641 782 Graecis
1662 753 1789 782 infausta
1814 759 1842 783 et
1863 754 2063 793 inauspicata,
2086 754 2155 784 vide

211 810 286 839 quae
309 800 339 826 in
364 797 474 827 Scaeva
498 797 637 826 diximus.
681 797 804 826 Sinister
827 802 922 825 autem
947 808 1006 826 non
1031 798 1112 836 quod
1135 799 1210 826 sinat
1234 798 1311 832 lieri,
1336 802 1368 825 ut
1389 797 1464 824 inale
1488 796 1606 830 Festus,
1630 797 1678 824 sed
1704 807 1719 824 a
1745 797 1859 824 Graeco
1883 793 2053 836 ἅριστερός,
2076 797 2155 826 unde

210 843 378 877 sinisterus,
402 840 529 869 sinister.
554 840 642 869 Dae.
678 840 711 868 A
730 839 855 868 Deorum
879 839 952 868 sede.
984 841 1110 869 Pessime
1134 841 1254 869 Fulvius
1280 840 1403 867 Ursinus
1427 838 1464 867 ab
1487 840 1684 877 auspiciorum
1708 837 1781 866 sede.
1813 838 1892 868 Nihil
1914 840 2099 872 mutandum,
2131 840 2154 868 Α

211 885 338 912 Deorum
362 883 440 919 sede,
463 883 493 910 id
517 887 560 911 est
582 893 597 910 u
620 883 843 920 Septentrione,
868 883 917 910 ubi
942 883 1070 911 Deorum
1093 884 1189 911 sedem
1215 888 1328 911 veteres
1352 883 1537 916 locaverunt,
1562 881 1640 918 quod
1664 881 1780 918 egregio
1804 882 1899 910 Servii
1923 883 1988 910 loco
2012 883 2156 921 probatur

210 926 246 954 ad
268 925 345 954 illud
369 925 468 963 Virgil.
486 925 522 955 II.
546 925 617 953 Aen.
640 923 711 962 (IX,
735 922 837 963 631.):
861 923 993 953 Intonuit
1017 923 1138 954 laevum.
1184 925 1327 954 Sinistras
1349 932 1459 960 autem,
1483 924 1596 960 iuquit,
1617 930 1715 962 partes
1737 922 1981 962 Septentrionales
2003 936 2061 953 esse
2079 925 2156 955 Au-

207 980 311 1008 gurum
343 966 500 1007 disciplina
531 968 681 996 consentit.
727 965 763 995 Et
785 966 849 996 ideo
872 979 912 996 ex
939 968 1003 1006 ipsa
1030 976 1114 1007 parte
1141 968 1376 1007 significantiam
1404 979 1462 995 esse
1478 965 1634 1007 fulmina,
1671 967 1808 1005 quoniam
1832 965 1941 995 altiora
1963 974 1990 995 et
2010 967 2155 996 viciniora

210 1009 361 1039 domicilio
383 1009 470 1040 Iovis.
501 1010 549 1038 Sic
573 1015 601 1038 et
624 1010 652 1037 in
676 1010 765 1037 sacris
789 1010 879 1037 literis
905 1010 954 1038 Dei
971 1010 1039 1048 Opt.
1058 1011 1135 1038 Max.
1159 1011 1241 1038 sedes
1263 1020 1365 1037 versus
1387 1009 1570 1047 Aquilonem.
1595 1006 1707 1036 Idem.
1739 1008 1785 1036 At
1808 1007 1952 1037 silentium
1976 1008 2059 1038 dubii
2081 1008 2155 1038 dun-

209 1060 308 1082 tua-at.
343 1054 431 1089 Lege:
455 1052 501 1081 At
523 1051 669 1081 silentium
693 1051 743 1080 ubi
765 1050 916 1080 duntaxat
939 1057 994 1082 etc.
1029 1054 1068 1081 De
1090 1053 1207 1081 silentio
1230 1053 1259 1080 in
1281 1052 1432 1090 Auspiciis
1456 1051 1523 1079 vide
1546 1061 1633 1088 supra
1658 1055 1727 1088 post
1747 1049 1838 1079 silere.
1862 1049 1970 1082 Idem.
2003 1050 2060 1081 Ad
2080 1053 2155 1081 sini-

209 1103 297 1123 strum
322 1095 435 1124 hortari
457 1105 569 1134 quoque
592 1095 732 1133 auspicia.
769 1094 823 1122 Hic
840 1095 954 1133 aliquid
973 1096 1133 1126 turbatum.
1168 1096 1258 1132 Le5o:
1282 1096 1327 1123 At
1350 1095 1496 1122 sinistrum
1521 1092 1635 1121 hortari
1657 1103 1770 1132 quoque
1791 1094 1923 1132 auspicio
1945 1092 1986 1121 ad
2009 1093 2154 1132 agendum

210 1142 264 1165 etc.
306 1138 354 1166 Ait
376 1137 526 1165 sinistrum
551 1137 683 1175 auspicio
708 1147 760 1165 suo
784 1137 956 1174 admittere,
988 1143 1016 1166 et
1039 1138 1075 1166 ad
1099 1138 1242 1173 agendum
1267 1137 1396 1173 hortari,
1427 1136 1505 1174 quod
1530 1136 1627 1163 animo
1652 1135 1717 1172 quis
1741 1136 1941 1173 proposuerit.
1985 1136 2064 1164 Nihil
2089 1146 2155 1164 cer·

209 1180 278 1209 tius.
298 1178 406 1209 Idem.
438 1178 627 1215 Exci-imus,
652 1190 725 1217 quae
749 1190 900 1218 nunquam
925 1180 1072 1208 occidunt.
1099 1179 1203 1209 Goth.
1236 1179 1387 1207 Videndus
1407 1177 1557 1207 Plutarch.
1576 1178 1606 1206 iu
1626 1177 1770 1205 Problem.
1789 1180 1872 1215 (78).
1895 1176 2004 1209 Idem.
2032 1179 2066 1207 A
2082 1177 2154 1208 deo—

210 1233 271 1250 rum
295 1221 374 1258 sede,
399 1222 433 1250 ab
456 1221 654 1260 hospitiorum
678 1222 754 1251 sede.
778 1224 825 1251 Sic
849 1223 924 1250 enim
947 1223 1026 1261 apud
1051 1223 1211 1252 Varronem
1232 1223 1263 1252 V.
1287 1222 1451 1262 (pag-268.
1475 1220 1535 1260 Sp)
1561 1221 1596 1249 de
1621 1220 1650 1248 L.
1673 1220 1702 1248 L.
1726 1218 1835 1250 Idem.
1870 1220 1974 1260 (Apud
1991 1220 2153 1250 Varronem

209 1274 290 1292 nunc
311 1265 431 1302 legitur:
460 1264 672 1303 Auspiciorum
694 1264 768 1293 endo
790 1263 856 1293 sede
877 1266 958 1303 cet.).

373 1306 585 1335 Sentinare.
629 1307 741 1335 Gellius
764 1307 841 1335 libro
856 1309 935 1337 XIX.
959 1318 1023 1346 cap.
1039 1311 1082 1338 1.:
1113 1309 1186 1337 Tum
1208 1315 1310 1347 postea
1335 1306 1585 1346 complorantibus
1607 1306 1714 1334 nostris
1735 1303 1869 1334 omnibus
1890 1312 1978 1345 atque
1999 1305 2155 1334 sentinan-

209 1348 301 1385 tibus,
333 1348 392 1377 dies
415 1347 530 1389 quidem
554 1348 669 1377 tandem
694 1349 818 1386 illuxit,
845 1348 896 1378 sed
917 1349 993 1379 nihil
1014 1349 1048 1378 de
1067 1350 1198 1390 periculo
1221 1358 1307 1390 atque
1329 1350 1449 1378 saevitia
1473 1350 1630 1378 remissum.
1677 1348 1733 1375 Ubi
1756 1348 1913 1376 manifesto
1935 1349 2080 1376 sentinare
2101 1353 2154 1384 est,

209 1392 290 1429 quod
315 1391 356 1419 ait
378 1391 428 1419 hic
451 1391 576 1426 Paulus,
613 1393 776 1430 periculum
801 1392 904 1421 vitare.
949 1393 989 1421 At
1017 1393 1047 1420 in
1077 1394 1203 1430 vulgatis
1228 1393 1381 1421 codicibus
1405 1391 1704 1419 contaminatissimus
1728 1395 1771 1418 est
1794 1390 1878 1418 locus
1900 1390 1959 1418 ille.
2003 1390 2058 1418 Sed
2082 1400 2154 1428 pro-

208 1435 272 1471 prie
293 1434 433 1462 sentinari
456 1439 499 1462 est
521 1438 649 1471 satnbere
673 1434 711 1463 ad
734 1435 888 1463 sentinam.
933 1435 1015 1463 Unde
1039 1434 1250 1471 Sentinatores‚
1292 1435 1398 1473 quibus
1421 1443 1490 1461 cura
1516 1433 1652 1461 Sentinae
1682 1432 1814 1469 delegata
1837 1432 1867 1460 in
1891 1432 1967 1460 navi.
2011 1433 2153 1461 Paulinus

209 1476 244 1504 ad
270 1476 430 1505 macarium
455 1476 490 1504 de
513 1477 682 1514 naufragio:
727 1477 821 1505 Unum
851 1488 891 1506 ex
920 1478 1000 1506 omni
1027 1489 1143 1506 numero
1167 1485 1320 1505 nautarum
1344 1488 1435 1505 senem
1459 1474 1632 1504 sentinando
1654 1473 1799 1514 deputant.
1843 1474 1930 1503 Item:
1970 1473 2050 1513 Quid
2075 1473 2153 1511 huic,

210 1529 337 1557 quaeso,
363 1518 460 1558 obfuit
483 1520 544 1547 seni
563 1530 687 1558 persona
710 1520 896 1548 sentinatoris
918 1528 943 1548 et
967 1521 996 1548 in
1020 1521 1117 1548 nautis
1137 1519 1304 1548 vilissima?
1331 1518 1428 1548 Scal-

374 1560 587 1589 Senatores.
611 1559 669 1601 (Ad
692 1561 817 1601 p-260.)
843 1564 1000 1590 Senatores
1023 1573 1038 1589 a
1062 1563 1187 1597 Senatu,
1213 1563 1340 1589 Senatus
1363 1571 1378 1589 a
1401 1560 1533 1589 Senibus.
1578 1559 1664 1587 Ovid.
1683 1558 1714 1588 V.
1736 1559 1813 1587 Fast.
1836 1558 1925 1596 (64.):

848 1603 961 1633 IVometi
985 1612 1010 1632 et
1032 1605 1137 1632 aetatis
1160 1605 1228 1631 mite
1251 1603 1374 1632 Senatus
1397 1602 1490 1632 habet.

209 1645 296 1675 Dac.
332 1645 370 1674 Et
393 1657 470 1674 nunc
492 1657 557 1675 cum
582 1645 735 1675 Senatores
757 1644 856 1674 adesse
877 1646 1024 1684 iubentur,
1056 1645 1194 1675 additur:
1224 1646 1384 1686 quibusque
1405 1646 1435 1674 in
1457 1644 1576 1673 Senatu.
1621 1644 1776 1680 Legerem:
1814 1655 1891 1672 nunc
1912 1655 1977 1672 cum
2000 1642 2153 1673 Senatores

210 1687 309 1716 adesse
330 1688 479 1725 iubentur,
504 1687 645 1718 additur:
668 1687 827 1728 quibusque
843 1689 871 1716 in
889 1688 1016 1724 Senatu,
1041 1693 1072 1716 ut
1096 1689 1175 1727 apud
1199 1699 1247 1716 eos
1269 1689 1378 1716 sactum
1404 1693 1462 1723 est,
1487 1687 1537 1725 qui
1561 1686 1641 1714 hunc
1656 1686 1733 1714 Festi
1756 1686 1854 1714 locuni
1877 1686 2011 1714 laudant.
2042 1686 2153 1715 Tamen

210 1734 236 1757 et
260 1741 322 1759 eam
344 1741 446 1759 vocem
471 1731 558 1759 facile
581 1732 692 1769 poteris
713 1731 943 1767 subinttlligere.
988 1731 1083 1759 Edicti
1108 1736 1221 1764 autem,
1250 1741 1308 1769 quo
1326 1733 1480 1758 Senatores
1504 1729 1686 1758 vocabantur
1707 1729 1736 1756 in
1754 1729 1883 1764 Curiam,
1907 1728 2039 1757 solennia
2062 1729 2154 1758 verba

211 1772 304 1800 suere:
341 1772 399 1811 Qui
422 1771 592 1809 Senatores,
622 1772 782 1813 quibusque
803 1774 831 1801 in
856 1773 964 1802 Senatu
986 1775 1155 1802 sententiam
1180 1772 1274 1802 dicere
1296 1772 1371 1802 licet.
1418 1773 1500 1808 Quae
1524 1777 1556 1800 ut
1578 1771 1800 1809 intelligantur,
1828 1771 1983 1799 sciendum
2007 1776 2066 1807 est,
2090 1772 2154 1809 pri-

212 1823 287 1842 mum
311 1826 360 1844 eos
384 1815 500 1844 demum
525 1817 682 1844 Senatores
706 1816 812 1850 fuisse,
849 1817 899 1854 qui
924 1827 938 1844 a
963 1816 1140 1844 censoribus
1163 1816 1231 1844 lecti
1256 1818 1285 1844 in
1309 1817 1449 1844 Senatum
1473 1819 1586 1850 esseut,
1625 1820 1653 1842 ut
1681 1815 1716 1842 de
1739 1824 1851 1842 sumnia
1874 1813 1957 1852 Reip.
1980 1814 2152 1842 sententiam

212 1857 302 1892 rogati
325 1858 390 1885 loco
415 1863 443 1886 et
466 1858 554 1886 modo
579 1859 721 1886 dicerent.
758 1858 867 1886 Deinde
891 1859 980 1886 fuisse
1005 1859 1089 1887 etiam
1117 1859 1205 1894 ulios,
1230 1859 1296 1896 qui,
1320 1858 1455 1896 quamvis
1479 1868 1494 1885 a
1518 1856 1697 1885 censoribus
1720 1856 1789 1884 lecti
1813 1866 1872 1884 non
1894 1857 2032 1892 fuissent,
2055 1861 2152 1885 tamen

211 1906 265 1935 pro
286 1899 348 1927 iure
371 1901 574 1937 magistratus,
600 1911 684 1938 quem
709 1906 759 1929 aut
782 1906 845 1929 tum
870 1901 1024 1938 gerebant,
1049 1906 1099 1929 aut
1124 1906 1191 1929 ante
1215 1906 1378 1938 gesserant,
1401 1900 1563 1928 sententiae
1585 1899 1614 1927 in
1639 1903 1739 1927 senatu
1764 1899 1906 1927 dicendae
1928 1899 1973 1927 ius
1997 1898 2152 1930 habebant.

215 1939 286 1967 Vide
309 1941 392 1978 plura
417 1943 495 1981 apud
520 1943 596 1971 Gell.
622 1943 732 1971 lib.lll.
756 1954 820 1981 cap.
838 1946 884 1974 18.
929 1943 1037 1971 Eadem
1061 1944 1187 1971 formula
1211 1948 1239 1971 et
1260 1944 1290 1972 in
1314 1943 1378 1971 aliis
1401 1942 1505 1971 edictis
1529 1942 1699 1970 utebantur.
1736 1942 1796 1971 Liv.
1814 1941 1925 1970 XXIII.
1949 1941 2068 1979 (locum
2091 1952 2151 1970 non

213 1982 337 2019 repeli):
370 1983 399 2011 P.
424 1984 573 2014 Cornelius
599 1985 679 2022 Cos.,
709 1986 819 2023 inquit,
849 1985 960 2021 edixit,
993 1987 1043 2026 qui
1067 1986 1220 2014 Senatores
1243 1993 1345 2021 essent,
1378 1984 1538 2024 quibusque
1559 1985 1589 2012 in
1611 1991 1713 2012 senatu
1734 1985 1905 2012 sententiam
1929 1982 2024 2013 dicere
2045 1982 2152 2021 liceret,

213 2024 319 2062 quique
340 2025 460 2054 minores
482 2029 671 2066 magistratus
694 2036 800 2064 essent,
830 2030 929 2068 nequis
952 2039 1048 2056 eorum
1072 2028 1109 2056 ab
1134 2027 1202 2056 urbe
1223 2028 1324 2057 abiret.
1348 2027 1435 2056 Duc.
1474 2027 1557 2055 Adde
1580 2026 1763 2055 Liv.XxV1,
1788 2036 1852 2064 cap.
1867 2029 1916 2057 36.
1942 2027 2007 2063 (nec
2031 2026 2080 2055 hic
2102 2027 2152 2055 lo-

213 2075 265 2093 cus
288 2070 366 2093 recte
390 2067 513 2105 citatus).
546 2068 650 2098 Goth.
696 2069 732 2098 Et
762 2082 818 2099 non
847 2078 989 2099 vocantur
1012 2070 1164 2099 Senatores
1194 2079 1267 2099 ante.
1312 2071 1375 2099 Non
1404 2070 1549 2098 intellexit
1575 2069 1745 2097 Zamoscius
1768 2068 1805 2097 de
1828 2069 1938 2097 Senatu
1961 2070 2045 2098 Rom.
2068 2069 2118 2098 lib.
2129 2069 2150 2099 I.

214 2117 279 2146 cap.
293 2109 321 2139 8.
363 2107 420 2135 cfr.
446 2111 480 2136 de
503 2112 678 2149 etymologia
705 2112 853 2142 Plutarch.
879 2114 1005 2151 Lycurg.
1029 2124 1053 2141 c.
1068 2115 1097 2143 5.
1122 2118 1150 2140 <t
1172 2116 1222 2144 26.
1254 2114 1312 2140 Cic.
1338 2113 1374 2141 de
1397 2114 1512 2140 Senect.
1528 2115 1562 2148 5,
1585 2115 1635 2143 20.
1661 2112 1696 2139 de
1720 2112 1789 2149 ssep.
1808 2111 1847 2145 II,
1872 2114 1921 2143 29.

377 2148 539 2179 Senatus
570 2152 763 2183 decretum.
796 2156 853 2194 (Ad
877 2166 905 2194 p.
921 2155 1004 2193 260.)
1037 2154 1160 2184 Senatus
1183 2154 1355 2184 consultum.
1404 2156 1423 2182 A
1447 2160 1564 2183 senatus
1588 2154 1707 2182 decreto
1731 2154 1769 2181 ita
1794 2153 1910 2188 differt,
1944 2158 1977 2181 ut
1999 2154 2112 2192 species
2135 2164 2151 2181 a

213 2200 328 2228 genere.
373 2192 443 2219 Nam
468 2198 753 2225 seuatusmnsultum
784 2203 840 2233 est,
876 2198 1076 2236 quodcunque
1104 2203 1221 2225 senatus
1244 2198 1279 2225 de
1303 2198 1426 2234 singulis
1449 2197 1625 2235 pluribusve
1645 2196 1735 2224 rebus
1758 2201 1810 2224 aut
1829 2195 1997 2224 hominibus
2020 2196 2150 2232 censuit3

213 2233 363 2261 decretum
389 2239 483 2262 afilem
507 2241 562 2269 ‘³⁵¹2
601 2239 679 2273 quod
702 2238 738 2265 de
759 2240 881 2276 singulis
905 2241 1060 2268 dumtaxat
1081 2240 1168 2268 rebus
1192 2240 1422 2278 hominibusque
1450 2245 1569 2268 senatus
1599 2239 1771 2274 coustituit,
1807 2244 1840 2266 ut
1869 2248 1936 2266 cum
1965 2238 2055 2266 alicui
2078 2248 2151 2276 pro-

213 2275 326 2311 vincia,
352 2274 460 2311 honos,
485 2277 663 2315 supplicatio
686 2280 865 2311 decernitur.
897 2283 1052 2311 Praeterea
1075 2288 1192 2310 senatus
1216 2283 1368 2311 decretum
1392 2283 1541 2310 interdum
1566 2281 1787 2320 appellabatur,
1811 2291 1878 2309 cum
1902 2281 2063 2309 auctoritas
2085 2286 2150 2309 tan-

215 2322 276 2346 tum
305 2322 423 2346 senalus
450 2324 512 2346 erat
541 2321 714 2357 perscripta,
751 2323 780 2349 id
810 2329 852 2351 est.
882 2325 952 2362 quid
983 2330 1102 2353 senatus
1131 2326 1167 2353 de
1196 2336 1226 2353 re
1251 2326 1349 2363 aliqua
1375 2325 1552 2360 censuisset,
1590 2324 1729 2362 quoniam
1753 2329 1871 2352 senatus
1894 2325 1990 2351 minus
2013 2323 2149 2360 frequens

213 2360 332 2396 fuisset,
368 2364 418 2388 aut
439 2371 499 2388 non
523 2361 604 2396 loco,
629 2366 680 2389 aut
703 2363 748 2390 die
772 2365 901 2399 legitimo
925 2366 1055 2402 habitus,
1094 2373 1145 2396 aut
1168 2369 1361 2396 intercessum
1385 2373 1474 2402 esset,
1509 2371 1560 2395 aut
1583 2367 1655 2404 quid
1679 2366 1760 2394 aliud
1783 2367 1958 2401 censuisset,
1995 2364 2148 2403 quominus

215 2402 324 2430 iustum
348 2404 634 2432 senatusconsultum
658 2403 754 2440 fieret,
786 2407 863 2442 quod
888 2414 989 2445 postea
1012 2410 1034 2437 si
1058 2409 1087 2437 id
1110 2410 1208 2448 ipsum
1231 2415 1348 2439 senatus
1371 2411 1433 2438 sine
1455 2410 1518 2438 ullo
1540 2409 1752 2448 impedimento
1776 2409 1943 2443 statuisset,
1969 2412 1997 2435 et
2019 2406 2147 2444 perscri-
