2263 2668
250 91 322 127 118
665 89 808 126 PAULI
835 88 958 126 DLAC.
986 90 1240 128 EXCERPTA
1266 94 1330 128 EX
1356 94 1446 129 LIB.
1471 96 1614 131 POMP.
1645 98 1780 133 FESTI

247 185 433 220 Pet-ditum
459 189 524 223 est,
563 181 656 225 quod
683 178 811 217 interit¹
832 179 893 216 ³0²
915 185 1104 229 recuperari
1130 197 1197 222 non
1224 193 1342 232 potest.

248 236 428 271 Perbitere
456 235 589 266 Plautus
614 244 678 277 pro
706 233 816 277 perire
839 231 980 278 posuit³.

248 283 429 332 Pergere⁴
450 285 605 318 dicebant
632 284 904 329 expergefacere.

248 339 395 384 Pergite
420 336 518 380 agite.
574 335 752 380 Virgilius:

616 386 767 434 Per-gite
792 387 955 425 Pierides
963 384 985 421 ⁵.

248 435 515 484 Per-graecari⁶
539 442 587 474 est
615 439 722 483 epulis
749 444 781 475 et
807 440 1033 484 potationibus
1057 441 1221 479 inservire.
1276 442 1455 479 Titinnius:

614 490 801 524 Hominem
827 491 1041 536 improbum,
1079 504 1171 527 ‘nunc
1196 494 1272 527 ruri
1291 499 1571 540 pergraecatur.

246 542 444 577 Permissus
471 540 661 584 appellatur
689 543 791 584 aries,
828 544 884 587 qui
912 544 1003 577 annis
1029 545 1258 589 compluribus
1284 551 1397 581 tonsus
1422 558 1490 580 non
1517 552 1573 581 est.

244 593 408 628 Pierides
435 592 553 624 Musae
577 603 596 624 a
617 593 728 626 Pierio
756 599 869 628 monte
896 595 1005 628 dictae
1031 593 1133 629 sunt⁷.

245 644 469 679 Percontatio
496 643 628 677 videtur
655 645 744 679 dicta
772 657 812 679 ex
838 658 898 679 usu
925 647 1057 681 nautico
1067 645 1091 688 ⁸,
1122 648 1199 691 quia
1226 659 1333 691 aquae
1358 645 1588 685 altitudinem⁹
1610 655 1711 685 conto
1738 657 1934 694 pertentant.
1989 653 2052 688 Alii
2079 654 2195 689 volunt

347 695 633 740 percontationem
660 696 745 738 dici,
787 698 879 741 quod
907 698 1033 735 scilicet
1058 700 1103 741 is,
1142 699 1199 743 qui
1224 700 1371 735 curiosus
1399 705 1463 742 est,
1498 712 1561 745 per
1586 706 1706 737 cuncta
1733 702 1917 748 interroget
1928 700 1961 737 ¹⁰.

245 747 411 793 Perfuga
438 752 471 781 et
495 748 669 793 transfuga
698 748 837 790 dicitur,
877 750 972 793 quod
1000 751 1044 786 ad
1069 747 1212 785 hostes¹¹
1235 752 1408 796 perfugiat
1434 757 1467 787 et
1493 752 1701 796 transfugiat.

244 798 415 844 Perfacul
442 804 475 831 et
495 799 703 844 persefacul
729 800 854 844 antiqui
881 801 1056 843 dicebant,
1089 803 1180 847 quod
1208 814 1295 837 nunc
1321 804 1421 837 facile
1448 809 1481 837 et
1506 804 1668 849 perfacile
1695 804 1843 837 dicimus.
1895 801 2014 841 1nde¹2
2036 816 2195 850 perman-

346 850 385 885 sit
395 846 418 870 ¹³
440 849 474 884 iu
501 852 739 887 consuetudine
752 850 774 872 ¹⁴
794 853 945 889 facultas,

243 902 436 935 Perediam
447 898 470 919 ¹⁵
493 907 526 934 et
553 901 722 936 bibesiam
750 904 886 937 Plautus
912 916 1015 948 quum
1043 905 1140 947 dixit,
1179 906 1321 951 intelligi
1348 906 1451 939 voluit
1479 905 1699 950 cupiditatem
1725 906 1846 942 edendi
1873 912 1906 942 et
1931 908 2078 944 bibendi.

242 954 430 987 Pet-emere
457 953 512 985 alii
538 952 752 998 posueruntffi
771 967 835 999 pro
862 956 1061 1000 prohibere,
1107 958 1163 992 alii
1188 969 1252 1002 pro
1280 958 1406 994 vitiare.

243 1006 427 1050 Perpetem
455 1015 518 1048 pro
546 1012 712 1050 perpetuo
740 1004 925 1040 dixerunt¹⁷
948 1013 1079 1052 poetae.

244 1057 434 1090 Persillum
461 1054 651 1090 ‹licebantffi
671 1070 725 1094 vas
753 1059 927 1102 quoddam
938 1056 966 1101 ¹⁹!
981 1061 1146 1105 picatum,
1185 1061 1218 1097 in
1245 1072 1313 1107 quo
1341 1065 1411 1093 erat
1437 1065 1660 1107 unguentum,
1695 1060 1784 1096 unde
1810 1073 1902 1097 arma
1929 1061 2059 1106 Quirini
2084 1072 2192 1110 ung&

344 1109 472 1141 bantur.

246 1160 423 1197 Persicum
450 1164 585 1204 portum
613 1171 704 1196 mare
730 1161 937 1204 Euboicum,
976 1163 1068 1207 quod
1095 1164 1127 1200 in
1154 1175 1195 1199 eo
1222 1163 1346 1199 steterit
1371 1162 1480 1197 classis
1507 1162 1691 1198 Persarum.

245 1212 426 1245 Persicam
451 1211 587 1244 Plautus
615 1212 696 1245 dixit
705 1208 730 1229 ²⁰
751 1219 957 1257 peracutum.

244 1263 434 1308 Perpetrat
443 1259 467 1279 ²¹
489 1262 639 1307 peragit,
675 1265 817 1308 perficit.

243 1315 405 1360 Pcrpulit
431 1315 610 1359 persuasit,
648 1314 790 1360 impulit.

245 1367 418 1399 Pertisum
445 1377 508 1410 pro
536 1370 725 1410 pertaesum
749 1368 911 1401 dixerunt.

246 1417 399 1451 Puticulz‘
424 1423 499 1453 sunt
525 1418 705 1462 appellati,
732 1419 826 1462 quod
835 1415 860 1436 ²²
882 1419 1132 1455 vetustissimum
1159 1431 1265 1464 genus
1292 1419 1483 1465 sepulturae
1508 1419 1541 1453 in
1565 1419 1676 1467 puteis
1686 1416 1712 1437 ²³
1731 1418 1849 1462 fuerit,
1876 1423 1909 1453 et
1935 1417 2018 1455 dicti
2039 1418 2191 1465 pauculi,

346 1469 425 1513 quia
451 1469 497 1501 ibi
523 1469 687 1503 cadavera
713 1476 925 1516 putescerent
935 1467 968 1503 ²⁴.

249 1521 358 1554 Putas
383 1520 509 1564 antiqui
535 1521 691 1555 dicebant
715 1534 780 1568 pro
808 1534 915 1567 puro,
962 1521 1053 1555 unde
1079 1526 1216 1566 putatae
1242 1522 1322 1555 vites
1349 1527 1382 1554 et
1408 1521 1563 1562 arbores,
1604 1520 1698 1565 quod
1724 1520 1842 1557 decisis
1868 1520 2114 1566 impedimentis
2138 1531 2195 1555 re-

347 1577 517 1605 manerent
543 1583 648 1616 purae
657 1570 692 1607 ²⁵.
744 1575 874 1610 Aurum
900 1584 1037 1618 quoque
1064 1578 1215 1618 putatum
1226 1569 1251 1590 ²⁶
1273 1573 1339 1610 dici
1365 1573 1469 1614 solet,
1495 1572 1531 1608 id
1558 1577 1606 1609 est
1632 1577 1873 1618 expurgatum,
1900 1577 1933 1605 et
1959 1572 2043 1609 ratio
2066 1575 2193 1618 putata,

347 1623 381 1655 id
410 1630 456 1656 est
484 1635 568 1667 pura
595 1625 694 1658 facta.

251 1672 448 1707 Patitium²⁷
469 1676 604 1708 Plautus
631 1677 713 1710 dixit
740 1687 801 1721 pro
829 1677 937 1709 stulto.

335 1810 360 1848 1)
384 1813 500 1847 interit]
524 1814 637 1841 interiit
660 1815 690 1842 L.
708 1815 738 1844 B.
762 1830 804 1836 ——
825 1813 853 1851 2)
878 1813 932 1852 ae]
955 1818 982 1843 et
1003 1813 1032 1844 L.
1053 1814 1082 1841 B.
1105 1829 1147 1834 —
1169 1813 1199 1850 3)
1243 1823 1287 1852 pr.
1309 1828 1351 1835 —
1375 1811 1422 1852 19)
1444 1823 1501 1840 vae
1519 1811 1694 1851 quoddam]
1718 1811 1874 1851 quoddam
1887 1823 1943 1842 ras
1957 1812 1990 1843 B.
2011 1827 2053 1837 --·
2074 1811 2123 1850 20)
2145 1810 2196 1841 dl>-

251 1851 357 1880 l'laut-
370 1863 427 1889 pro
439 1864 502 1891 per.
521 1855 565 1894 p.]
583 1867 641 1895 pro
652 1868 714 1896 per.
725 1867 757 1895 p.
774 1857 821 1886 Pl.
839 1857 869 1888 L.
884 1857 916 1885 B.
939 1872 982 1881 -τ-
1003 1855 1032 1895 4)
1056 1854 1199 1894 Pergere]
1242 1855 1300 1895 xit]
1315 1854 1390 1886 dicit
1405 1856 1436 1884 B.
1459 1872 1493 1879 «-
1516 1855 1565 1894 21)
1589 1854 1757 1894 Perpetrat]
1772 1854 1910 1894 ,Perpetat
1923 1855 1996 1887 L.B.
2007 1854 2046 1886 Μ.
2062 1854 2120 1886 Gu.
2132 1856 2196 1887 1.2.

253 1893 301 1920 Sic
325 1893 372 1927 B.‚
408 1905 462 1932 qua
485 1897 611 1928 lectione
633 1899 773 1937 Scaligeri
800 1900 971 1928 coniectura
999 1898 1200 1930 confirmatur,
1242 1908 1290 1937 pr.
1313 1915 1353 1921 —·
1375 1897 1424 1936 22)
1447 1897 1545 1937 quod]
1566 1899 1641 1936 quia
1657 1898 1689 1929 L.
1713 1914 1752 1920 --·
1776 1895 1823 1938 23)
1846 1897 2003 1936 inputeis]
2027 1897 2075 1927 Sic
2091 1897 2119 1927 S,
2162 1897 2196 1925 in

254 1937 378 1973 Peregre
392 1936 423 1963 1..
439 1937 476 1965 M.
492 1940 548 1969 Gu.
564 1943 593 1972 1.
606 1944 634 1972 2.
677 1944 819 1980 Pet-‹gere›
833 1942 913 1980 vulg.
933 1952 1000 1970 eum
1018 1941 1088 1973 edit.
1105 1941 1200 1980 prino,
1238 1942 1335 1980 potii&
1351 1940 1389 1970 M.
1407 1940 1462 1970 Gu.
1472 1943 1501 1972 2.
1546 1946 1580 1971 ut
1590 1942 1688 1978 ponis
1703 1941 1734 1970 B.
1751 1940 1806 1971 Gu.
1822 1944 1849 1974 1.
1893 1946 1927 1968 ut
1937 1945 2049 1978 puteus
2065 1939 2197 1978 vulg.—

253 1993 295 1999 —
315 1980 343 2012 5)
366 1976 509 2018 Pierides]
533 1992 587 2011 om.
602 1984 635 2013 L.
657 2001 694 2008 -—
718 1987 749 2021 6)
772 1983 980 2023 Pergraeoari]
1004 1983 1203 2023 Pet-graecam
1243 1983 1290 2022 24)
1308 1982 1508 2022 patescerent]
1524 1984 1572 2014 Sic
1587 1983 1624 2012 M.
1640 1983 1770 2016 Gu.1.2‚
1786 1993 1833 2022 pr.
1844 1984 1872 2013 S.
1897 1987 2102 2023 putrescerent
2117 1980 2196 2020 vulg.

255 2020 286 2049 L.
300 2019 333 2048 B.
346 2019 384 2048 M.
400 2020 530 2052 Gu.1.2.
552 2040 593 2045 —
612 2027 645 2062 7)
667 2026 766 2055 dictae
778 2027 862 2065 sunt]
885 2033 958 2055 sunt
971 2026 1071 2057 dicta«
1082 2027 1154 2055 L.B.
1164 2026 1202 2055 M.
1244 2043 1285 2048 —
1307 2026 1355 2062 25)
1375 2031 1561 2056 remanerent
1571 2025 1687 2064 purae]
1707 2036 1806 2064 purae
1816 2027 1879 2056 sint
1898 2025 1931 2056 B.
1969 2035 2071 2064 purae
2085 2033 2144 2054 om.
2162 2023 2195 2053 L.

254 2078 296 2084 -
318 2060 347 2105 8)
372 2072 430 2090 usu.
451 2065 592 2100 nautico]
615 2074 700 2097 naut.
721 2080 780 2097 usu
798 2071 828 2099 S.
857 2086 898 2095 ψ-
927 2070 958 2107 9)
981 2081 1032 2108 aq.
1050 2069 1125 2108 alt.]
1147 2069 1201 2097 alt.
1247 2086 1282 2091 —
1307 2071 1351 2107 ⁶¹6)
1363 2068 1488 2098 Aurum
1505 2070 1790 2107 quoqueputntzcm]
1806 2067 1956 2099 Fut-aur.
1972 2078 2061 2109 quoq.
2076 2066 2105 2097 [a.
2135 2063 2196 2094 Pu·

255 2115 353 2145 “quae
368 2104 464 2136 GU·2·
487 2122 520 2126 -
544 2110 586 2140 10)
611 2110 779 2150 interroget]
797 2114 963 2151 interrogat
976 2114 1003 2140 S.
1027 2129 1060 2135 --
1085 2111 1129 2152 11)
1150 2111 1203 2140 lzo-
1244 2122 1366 2140 rearum
1389 2122 1508 2150 quoqne
1532 2112 1565 2141 Β.
1585 2121 1643 2141 om.
1659 2116 1816 2149 putatam.
1840 2111 1896 2141 Gu.
1915 2114 1941 2144 1.
1967 2126 2009 2134 «-
2035 2107 2081 2148 27)
2103 2106 2194 2138 Puti-

255 2146 330 2185 SlES]
353 2147 466 2175 hostem
483 2148 512 2177 L.
528 2148 559 2175 B·
580 2165 621 2170 —
647 2150 688 2191 12)
712 2153 800 2192 Inde]
823 2154 902 2183 unde
922 2155 952 2183 L.
969 2155 1024 2183 Gu.
1039 2158 1067 2187 1.
1091 2170 1132 2179 --···
1157 2154 1202 2192 13)
1245 2153 1333 2191 tium]
1348 2154 1397 2182 Sic
1411 2154 1442 2183 L.
1451 2154 1484 2185 Β.
1493 2154 1532 2184 Μ.
1548 2154 1642 2186 Gu.2.
1658 2155 1686 2185 S.
1715 2152 1855 2185 Putitum
1868 2153 1948 2191 vulg,
1969 2168 2011 2177 π·-
2032 2153 2081 2188 28)
2094 2151 2194 2185 efflatu]

252 2191 434 2228 perman-fit]
458 2192 602 2218 ''eman-Sil
621 2192 675 2220 Gu-
695 2195 720 2223 1.
760 2202 913 2232 Permanet
934 2198 966 2226 B.
992 2214 1034 2221 --
1063 2195 1107 2235 14)
1131 2207 1201 2225 con*
1245 2202 1272 2225 et
1288 2196 1356 2225 add.
1372 2197 1408 2225 M.
1432 2213 1472 2221 κ·-
1495 2196 1543 2235 29)
1560 2195 1720 2236 plurium]
1744 2196 1792 2226 Sic
1810 2196 1837 2225 Β.
1852 2195 1890 2227 Μ.
1909 2195 2008 2227 Gu.2.
2025 2195 2054 2225 S.
2097 2193 2195 2231 impu·

257 2231 429 2271 suetudine]
458 2233 703 2261 consuetudinem
727 2245 772 2272 pr.
799 2254 840 2258 ——
867 2238 912 2278 15)
939 2238 1115 2278 Perediam]
1146 2250 1203 2269 om.
1246 2240 1331 2269 bium
1350 2239 1432 2277 vulg.
1461 2255 1504 2262 ψ-
1531 2238 1580 2279 30)
1610 2240 1685 2277 quin
1705 2236 1996 2275 etiamwastatis]
2020 2245 2076 2267 om.
2095 2233 2126 2265 L.
2153 2247 2194 2253 -·-

258 2275 384 2313 glossam
402 2275 458 2303 Gu-
476 2278 502 2306 1.
525 2292 567 2296 —
590 2275 634 2313 16)
652 2278 831 2315 posuerunt]
851 2290 977 2315 posuere
991 2282 1049 2311 Gu.
1068 2285 1096 2314 1.
1111 2283 1140 2310 S.
1161 2297 1204 2307 02-
1245 2285 1291 2315 31)
1321 2280 1457 2319 calidae]
1483 2281 1533 2310 Sic
1553 2281 1586 2312 B.
1606 2282 1662 2309 Gu.
1679 2284 1705 2315 1.
1720 2285 1751 2313 2.
1772 2282 1802 2310 S.
1851 2279 1952 2310 calido
1971 2278 2050 2315 vulg·
2076 2290 2113 2297 -·
2136 2275 2194 2322 ,32)

260 2318 305 2353 17)
329 2316 485 2352 dixerunt]
510 2318 558 2346 Sic
582 2318 670 2347 codd.
693 2323 721 2346 et
742 2319 812 2347 edit.
834 2330 878 2357 pr.
894 2326 920 2348 et
937 2324 965 2350 S.
1010 2323 1109 2351 dixere
1123 2324 1203 2361 vulg.
1247 2323 1417 2362 multitud]
1442 2323 1606 2354 similitud.
1623 2324 1679 2355 Gu.
1695 2327 1722 2357 1.
1746 2340 1788 2346 --
1808 2321 1855 2361 33)
1872 2317 2045 2360 punctione]
2063 2326 2195 2355 Pugwne

260 2375 292 2380 —-
324 2359 367 2398 18)
391 2359 541 2394 dicebant]
559 2360 608 2388 Sic
622 2361 659 2389 Μ.
674 2360 729 2389 Gu.
741 2363 769 2392 2.
786 2362 814 2389 S.
846 2360 1002 2391 dicebatur
1018 2365 1049 2394 L.
1059 2366 1090 2394 B.
1105 2366 1162 2395 Gu.
1174 2369 1201 2396 1.
1246 2366 1276 2396 L.
1318 2368 1444 2404 pulione
1459 2366 1497 2395 M.
1514 2367 1570 2396 Gu.
1582 2370 1611 2398 2.
1639 2382 1680 2391 --
1707 2367 1755 2401 34)
1771 2362 1940 2403 percussu]
1957 2360 2148 2400 percussione
2161 2358 2193 2387 B.
