2263 2668
495 131 559 165 DE
587 127 973 164 SIGNIFICATIONE
1001 128 1282 163 VERBORUM.
1341 129 1486 163 LIBER
1507 127 1614 162 xvu.
1955 130 2026 163 711

84 225 173 262 tium,
198 223 310 260 Velius,
332 223 473 260 Fagutal,
500 223 666 260 Suburam,
697 222 879 259 Cermalum,
911 221 1058 260 Oppium,
1087 222 1234 258 Coelium,
1262 222 1394 261 Cispium
1417 226 1540 250 montes.
1563 219 1650 249 Ant.
1669 219 1763 259 Aug.
1808 219 2031 260 Septimontium

86 266 147 296 dies
164 266 266 308 festus
290 265 456 305 appellatur
477 277 571 295 mense
593 264 763 301 Decembri,
799 266 850 305 qui
873 263 981 292 dicitur
1003 265 1033 292 in
1057 263 1153 293 Fastis
1174 264 1347 304 Agonalia,
1384 263 1465 304 quod
1487 265 1516 292 in
1540 269 1643 302 septem
1667 261 1813 292 montibus
1829 263 1913 302 fiunt
1935 274 2031 299 sacra,

85 308 226 345 Palatio,
258 307 363 346 Velia,
393 307 548 347 fagutali,
579 307 711 344 Subura,
744 305 892 343 Cermalo,
923 305 1038 342 Caelio,
1070 305 1181 345 Oppio,
1212 307 1319 346 Cispio.
1359 307 1436 335 Haec
1459 307 1572 335 Festus.
1612 305 1684 333 Nam
1708 304 1802 334 Varro
1825 304 1973 334 disserens
1995 306 2032 334 de

84 352 187 387 festis,
216 361 291 389 quae
314 352 344 379 in
368 361 496 379 mensem
519 351 710 380 Decembrem
732 349 920 384 incidebant,
954 349 1037 386 ponit
1060 354 1087 377 et
1109 352 1187 378 iuter
1209 360 1243 378 ea
1266 350 1504 387 Septimontium.
1552 348 1691 385 Agonalia
1713 357 1784 376 vero
1807 347 1911 376 eodem
1933 358 2033 377 mense

84 399 170 422 erant
192 393 347 431 propridie
370 394 441 421 Idus
464 393 657 429 Decembres,
695 393 753 422 alia
777 392 812 421 ab
835 392 870 420 iis
891 391 1088 429 Agonalibus‚
1123 401 1197 430 quae
1220 396 1325 420 notant
1348 392 1426 420 Fasti
1451 401 1549 420 mense
1571 390 1716 419 Ianuario.
1761 389 1826 418 Hoc
1847 394 1964 419 tantum
1986 391 2032 418 in-

85 441 189 472 terest,
229 435 310 473 quod
334 435 474 473 Agonalia
503 436 562 463 sint
592 440 657 463 ante
683 435 893 470 Larentinalia,
934 434 1027 462 Varro
1058 444 1127 463 vero
1150 434 1380 472 Septimontium
1412 438 1503 473 ponat
1529 438 1598 472 post
1621 432 1826 461 Larentinalia.
1873 433 1913 460 De
1935 433 2033 471 Septi-

84 478 199 507 montio
222 477 313 505 habes
337 483 364 506 et
386 478 466 516 apud
490 478 706 507 Tertullianum
730 478 807 506 libro
831 477 866 505 de
889 476 1060 504 Idololatria
1089 478 1167 515 (cap.
1183 478 1259 514 10.):
1296 475 1393 506 Etiam
1422 484 1533 505 strenae
1561 473 1729 515 captandae
1754 481 1780 502 et
1809 473 2033 513 Septimontium

84 527 110 549 et
136 520 255 548 brumae
282 527 308 548 et
337 521 634 559 caraea-agnationis
664 520 822 550 honoraria
852 517 996 557 exigenda
1027 520 1134 548 omina.
1179 520 1223 548 Ex
1254 519 1360 556 quibus
1392 523 1513 557 apparet
1541 528 1600 546 non
1629 517 1727 545 solum
1756 526 1856 545 mense
1879 517 2033 546 Decembri

84 563 190 599 fuisse,
221 562 290 600 quia
313 562 338 590 is
361 567 404 590 est
425 561 549 591 brumae
572 563 699 599 mensis,
730 563 783 592 sed
805 562 892 591 etiam
917 562 994 589 circa
1018 560 1103 589 finem
1127 562 1189 590 eius
1212 562 1319 590 niensis
1343 562 1449 597 fuisse,
1487 561 1555 599 quia
1578 559 1749 599 proximum
1772 559 1809 587 sit
1831 563 1946 587 strenae
1968 559 2034 588 exi·—

84 605 213 644 gendae,
238 604 317 642 quod
339 604 428 634 fiebat
452 605 594 633 Kalendis
617 606 771 634 Ianuariis.
817 604 903 640 Quod
927 604 1065 632 disertius
1089 604 1234 641 probatur
1254 614 1289 632 ex
1312 604 1452 632 Suetonio
1475 603 1506 631 in
1531 602 1696 631 Domitiano
1720 602 1796 640 (cap.
1810 601 1866 638 4.):
1900 599 2034 640 Congia-

84 648 158 676 rium
179 645 290 686 populo
314 657 496 675 nummorum
520 654 709 676 trecentorum
733 655 775 676 ter
794 646 883 682 (ledit,
909 653 994 685 atque
1016 647 1090 674 inter
1111 645 1280 685 spectacula
1301 647 1426 675 muneris
1448 645 1647 685 largissimum
1669 642 1800 683 epulum,-
1823 642 2034 682 septimontiali

83 700 236 719 sacrorum
258 688 373 729 quidem
396 687 443 716 die
465 688 586 718 Senatui
607 690 752 730 equitique
773 690 927 727 panariis5
952 687 1068 729 plebei,
1105 688 1251 726 sportellis
1281 700 1344 717 cum
1367 688 1487 718 obsonio
1512 685 1683 716 distributis.
1729 687 1821 714 Antea
1844 685 1930 724 plane
1952 685 2034 722 igno-

83 732 206 762 rabatur
229 731 265 759 de
288 731 346 759 hoc
368 731 579 769 Septimontiali
602 732 659 761 die.
693 731 795 760 Scal.
838 732 1065 769 Septimontium
1097 736 1193 760 autem
1219 731 1342 759 Romani
1370 731 1408 759 ob
1437 730 1582 758 inclusum
1609 728 1769 767 pomoeriis
1791 728 1947 766 septimum
1970 727 2034 755 col—

83 775 142 803 lem
163 774 291 812 primum
316 773 513 803 celebravere.
536 774 624 804 Dac.
662 775 735 803 Vide
760 773 910 803 Plutarch.
932 774 961 802 in
985 773 1132 803 Probleiu.
1156 773 1302 813 (Quaestt.
1324 774 1406 803 Rom.
1426 771 1499 811 69.).
1527 770 1630 801 Goth.
1669 768 1816 800 Germalo.
1850 770 1921 799 Vide
1942 779 2034 808 supra

85 814 249 846 Germalus.
273 814 383 846 Idem.
430 816 504 844 Vide
527 827 618 856 supra
641 817 671 846 in
695 816 832 846 Sacrani.
878 815 987 846 Idem.

249 857 366 898 Sijus.
397 857 457 898 (Ad
479 870 508 898 p.
520 860 605 899 261.)
636 860 731 887 Locus
755 859 901 894 difficilis,
936 858 989 897 qui
1011 858 1108 886 lucem
1134 857 1292 888 desiderat.
1323 857 1380 886 An
1390 865 1409 886 t.
1430 857 1524 896 Aug.
1571 853 1722 896 Sifunculi
1746 855 1776 883 in
1799 864 1876 892 aqua
1898 854 2035 884 ducenda

84 905 260 940 usurpatum
285 906 329 929 est
350 911 405 940 pro
430 902 508 930 tubis
530 902 621 940 ipsis,
644 903 675 931 id
698 903 776 940 quod
794 902 906 930 Graece
930 906 973 929 est
996 903 1102 938 σι’φων.
1147 901 1178 929 In
1203 901 1265 938 lege
1288 900 1416 928 rivalitia
1440 900 1483 928 sic
1506 904 1565 935 est,
1589 908 1663 937 quae
1687 898 1745 925 lata
1770 901 1813 926 est
1835 901 1956 935 rogante
1979 907 2034 935 po-

83 944 189 983 pulum
214 943 359 981 Sulpitio:
389 942 512 973 Rivales
534 945 669 973 montani
688 945 834 984 paganive
855 942 1011 984 sifunculis
1033 953 1140 982 aquam
1165 942 1339 981 ἆίυἱάυηίος
1364 941 1455 971 donec
1478 943 1552 970 inter
1573 952 1602 969 se
1624 939 1788 975 diviserint,
1811 940 1870 968 eius
1891 937 2034 968 iudicatio

83 993 153 1016 esto.
199 986 307 1024 Aperte
329 986 407 1015 actio
431 986 520 1015 datur
541 987 571 1015 in
596 997 676 1024 eum,
708 987 756 1025 qui
781 986 836 1015 hac
858 987 921 1024 lege
944 985 1110 1014 committit.
1134 984 1236 1014 Scal.
1281 985 1341 1020 Qui
1363 984 1484 1013 Rivales
1506 994 1534 1014 v.
1557 983 1576 1013 l.
1593 986 1619 1013 1.
1645 982 1668 1021 ξ
1682 984 1732 1013 26.
1746 981 1776 1012 ff.
1800 981 1836 1011 de
1860 991 1935 1019 aqua
1957 991 2035 1019 quo-

82 1028 206 1058 tidiana.
231 1026 334 1058 Goth.
379 1027 527 1058 Praetoris
549 1030 597 1058 alii
624 1028 788 1066 Curatorz's‚
815 1034 848 1058 ut
870 1029 900 1057 in
920 1029 984 1066 lege
1007 1028 1124 1056 Manilia
1148 1028 1230 1066 apud
1253 1028 1415 1066 scriptores
1438 1027 1476 1055 de
1498 1025 1641 1055 limitibus
1664 1034 1812 1061 agrorum.
1858 1022 1963 1053 Goth.

249 1069 451 1109 Siparium.
495 1072 642 1110 Siparium
666 1081 757 1109 genus
781 1072 856 1107 veli,
888 1081 946 1109 quo
969 1072 997 1098 in
1021 1081 1124 1098 scaena
1149 1071 1229 1098 mimi
1253 1074 1394 1106 utuntur,
1419 1069 1532 1098 dictum
1556 1068 1604 1097 ait.
1643 1067 1793 1095 Hactenus
1814 1076 1943 1104 possum.
1977 1066 2035 1094 Re-

82 1113 164 1151 liqua
188 1122 247 1151 quo
271 1113 439 1151 pertineant
461 1124 522 1143 non
544 1114 641 1144 video.
672 1113 774 1144 Scat.
817 1114 945 1142 Aulaeae
968 1113 1051 1152 prius
1076 1112 1268 1148 dicebantur,
1300 1122 1374 1149 quae
1397 1116 1498 1150 postea
1522 1110 1634 1150 siparia
1657 1110 1745 1140 dicta.
1784 1109 1888 1137 Donat.
1911 1109 1940 1136 in
1964 1108 2035 1136 Pro—

82 1155 186 1193 Iegom.
211 1155 357 1184 Terentii:
379 1155 499 1186 Aulaea
522 1168 636 1197 quoque
658 1158 688 1185 in
711 1167 798 1185 scena
821 1163 1002 1191 sternuntur,
1026 1153 1105 1196 quod
1125 1156 1223 1194 pictus
1246 1161 1367 1183 ornatus
1389 1161 1450 1183 erat
1473 1165 1513 1182 ex
1533 1150 1672 1182 Attalica
1695 1152 1774 1190 regia
1795 1149 1925 1179 Romam
1947 1161 2035 1189 usque

79 1196 230 1237 perlatus:
263 1209 318 1237 pro
341 1198 445 1238 quibus
469 1197 588 1238 Siparia
611 1207 691 1228 aetas
711 1200 856 1238 posterior
878 1199 999 1237 accepit,
1043 1197 1096 1226 Est
1125 1204 1220 1226 autem
1245 1197 1393 1225 mimicum
1417 1195 1528 1233 velum,
1565 1192 1645 1235 quod
1666 1192 1776 1234 populo
1799 1192 1930 1229 obsistit,
1965 1190 2035 1220 dum

78 1239 252 1281 fabularum
276 1248 361 1269 actus
384 1249 607 1270 commutantur.
651 1242 688 1270 Et
712 1242 826 1270 dictum
849 1245 892 1269 est
913 1241 1054 1280 siparium
1078 1251 1093 1268 a
1117 1240 1229 1279 sipare,
1267 1238 1295 1267 id
1320 1244 1363 1267 est
1385 1239 1493 1275 iacere,
1526 1237 1607 1276 quod
1629 1236 1747 1265 velandi
1771 1245 1860 1264 causa
1884 1239 2034 1273 spectato-

81 1282 166 1311 ribus
189 1282 392 1321 obsiparetur,
417 1284 615 1319 obiiceretur,
640 1285 687 1312 vel
709 1284 808 1321 potius
832 1294 847 1311 a
871 1284 1001 1322 σίφαρος
1023 1281 1127 1311 velum.
1169 1282 1256 1317 Quod
1280 1286 1309 1311 et
1332 1282 1481 1310 intellexit
1504 1280 1640 1314 Verrius,
1665 1289 1731 1307 cum
1754 1278 1872 1316 scripsit
1894 1277 2035 1317 siparium

81 1336 100 1354 a
122 1324 283 1354 velamento
307 1324 426 1354 dictum.
450 1326 537 1355 Dac.
576 1326 745 1355 Mimicum.
778 1326 934 1354 Minutum.
963 1324 1068 1354 Goth..
1104 1325 1184 1353 Idem
1206 1325 1337 1354 Isidorus
1354 1325 1434 1354 XIX.
1459 1334 1524 1361 cap.
1539 1324 1588 1354 13.
1634 1320 1742 1350 Idem.

246 1366 468 1407 Supparum.
501 1368 566 1406 (Ad
591 1369 724 1406 p-261.)
758 1367 925 1407 Supparum
947 1366 1100 1406 appellant
1124 1366 1276 1403 dolonem,
1313 1366 1369 1395 Ῐιοο
1392 1374 1432 1395 est
1452 1365 1547 1394 velum
1568 1365 1665 1393 minus
1687 1364 1718 1392 in
1740 1364 1826 1398 navi,
1862 1369 1893 1390 ut
1914 1362 2034 1390 acation

81 1409 186 1438 maius.
229 1410 378 1448 Suparum
401 1416 498 1438 autem
522 1411 638 1439 dictum
663 1411 703 1439 ait
727 1410 846 1449 Capito,
876 1411 958 1439 velut
980 1414 1146 1449 separatum
1171 1410 1208 1439 sit
1231 1421 1245 1438 a
1267 1409 1378 1438 dolone
1400 1408 1549 1437 interioris
1573 1406 1649 1436 mali.
1694 1405 1774 1434 Haec
1796 1401 2036 1444 ἆναμφισβήτως

80 1451 192 1480 Festus.
238 1452 347 1481 Notum
377 1458 421 1481 est
447 1453 581 1482 Acatium
612 1458 640 1482 et
669 1453 806 1482 dolonem
838 1463 900 1481 esse
929 1463 1035 1490 genera
1065 1453 1216 1489 velorum,
1255 1448 1380 1482 α’κάτιον
1407 1451 1525 1490 quidem
1549 1449 1620 1488 μέγα
1643 1446 1790 1487 ὄρμενον,
1825 1444 1942 1478 δόλωνα
1964 1455 2034 1474 vero

80 1491 197 1532 μικρόν.
241 1495 351 1523 Notum
376 1500 404 1524 et
426 1496 501 1524 illud
525 1497 604 1534 apucl
631 1496 764 1524 Livium:
801 1494 957 1524 dolonibus
986 1493 1110 1523 sublatis
1130 1494 1284 1535 fugerunt.
1330 1495 1371 1522 De
1394 1503 1503 1532 suparo
1528 1492 1597 1521 alibi
1619 1492 1689 1520 satis
1712 1491 1850 1519 diximus.
1893 1487 2034 1527 Sequitur

81 1536 163 1565 aliud
185 1541 290 1575 caput:
324 1537 476 1576 Sepultum
499 1546 591 1567 morte
613 1549 747 1577 meroque
770 1549 834 1566 cum
860 1538 902 1565 ait
925 1538 955 1565 in
978 1548 1012 1564 ea
1034 1538 1064 1564 in
1091 1558 1233 1566 .....
1258 1535 1293 1564 de
1315 1535 1353 1564 L.
1377 1536 1512 1564 Terentio
1535 1535 1594 1563 vici
1614 1534 1769 1573 magistro,
1798 1543 1860 1561 eum
1882 1532 1978 1560 vivum
2001 1528 2036 1557 de

79 1589 159 1608 saxo
186 1579 313 1617 Tarpeio
335 1578 443 1608 elatum
467 1591 532 1609 cum
555 1591 587 1608 eo
611 1582 730 1608 venisset
754 1580 959 1615 comissatum,
985 1577 1066 1618 quod
1088 1589 1166 1607 mero
1189 1586 1259 1607 esset
1282 1585 1412 1607 coactus.
1455 1578 1522 1606 Non
1546 1577 1668 1606 dubium
1692 1580 1736 1604 est
1758 1586 1794 1604 ex
1818 1573 1946 1613 quadarn
1969 1582 2035 1600 ora·

79 1622 162 1651 tione
185 1622 305 1650 Catonis
327 1621 483 1660 desumpta
506 1633 580 1652 esse.
625 1622 685 1658 Qui
712 1632 776 1650 mos
807 1626 849 1650 est
874 1621 958 1649 Festo
980 1621 1127 1655 solennis,
1164 1625 1196 1648 ut
1219 1631 1278 1649 non
1302 1621 1455 1649 nominato
1479 1621 1591 1648 Catone
1615 1618 1707 1647 verba
1731 1628 1767 1647 ex
1790 1627 1823 1645 eo
1845 1616 1877 1645 in
1900 1615 2035 1645 testimo—

79 1664 160 1693 nium
183 1663 346 1702 producat,
377 1669 407 1692 ut
432 1665 461 1693 in
487 1663 673 1693 Sublimavit.
720 1665 875 1701 Eleganter
898 1663 1162 1692 comessabundum
1186 1663 1322 1692 iuvenem
1345 1673 1428 1692 mero
1451 1662 1602 1701 sepultum
1626 1666 1655 1690 et
1677 1661 1779 1689 vivum
1802 1659 1924 1694 elatum,
1954 1656 2035 1695 quod

79 1711 199 1735 mortuo
220 1707 324 1735 similis
347 1712 436 1743 esset,
466 1707 563 1743 dixit,
589 1707 733 1745 quodque
752 1707 876 1745 spiritus
899 1706 925 1734 ei
948 1716 1030 1735 mero
1053 1710 1175 1734 coactus
1196 1711 1225 1734 et
1247 1705 1427 1735 interclusus
1450 1709 1534 1734 esset.
1580 1704 1631 1732 Est
1653 1707 1749 1732 autem
1774 1712 1833 1730 nou
1856 1705 1938 1730 totus
1959 1701 2035 1728 inte-

79 1759 131 1786 ger
153 1749 254 1785 Iocus,
291 1750 322 1777 ω’
344 1750 448 1786 fallor,
487 1755 555 1778 ante
579 1749 655 1778 enim
677 1750 888 1778 desiderantur
912 1749 1073 1787 quaedam3
1107 1759 1283 1787 quamquam
1310 1758 1369 1776 non
1393 1748 1488 1776 solum
1513 1751 1617 1786 aperta
1640 1751 1696 1781 est,
1734 1744 1785 1774 sed
1808 1744 1896 1773 etiam
1919 1743 2034 1779 elegans

79 1791 168 1820 huius
190 1792 249 1820 loci
271 1794 427 1821 sententia.
459 1790 556 1821 Scal.
600 1793 708 1821 Pollux
733 1794 789 1820 tria
811 1792 842 1820 iu
865 1791 935 1820 navi
958 1796 1102 1819 memorat
1126 1791 1209 1826 vela,
1239 1791 1390 1820 minimum
1412 1787 1547 1825 (δόλωνα,
1582 1788 1677 1817 matus
1698 1784 1842 1821 ἄιάτιον,
1873 1784 2035 1815 maximum

79 1835 250 1873 ἐπίτρομον.
295 1835 432 1873 Capitoni
455 1840 552 1863 autem
577 1835 751 1863 sententiam
774 1835 810 1863 de
834 1834 924 1872 sipari
946 1838 1046 1871 etymo
1068 1833 1223 1862 confirmat
1246 1833 1375 1862 Isidorus
1397 1833 1448 1861 lib.
1460 1832 1542 1861 XIX.
1562 1833 1691 1870 «ημᾶς
1729 1829 1896 1869 Siparium,
1926 1826 2032 1864 inquil·

77 1888 167 1916 genus
188 1876 246 1906 veli
267 1889 354 1905 unum
375 1876 476 1916 pedem
498 1876 623 1914 habens,
654 1889 712 1917 quo
735 1877 821 1906 inniti
843 1877 962 1916 navigia
985 1875 1077 1906 solent
1101 1877 1130 1904 in
1150 1876 1356 1915 navigatione,
1390 1875 1503 1915 quoties
1522 1875 1566 1904 vis
1586 1873 1665 1904 venti
1685 1871 1863 1911 languescit,
1893 1868 1972 1909 quod
1994 1878 2034 1896 ex

79 1920 261 1959 separatione
282 1921 455 1949 existimant
477 1921 669 1949 nominatum.
713 1920 772 1948 Sed
794 1919 869 1948 illud
893 1918 1013 1947 omuino
1036 1918 1215 1955 ridiculum,
1252 1923 1295 1947 est
1318 1919 1396 1948 enim
1419 1929 1435 1946 a
1460 1918 1573 1946 Graeco
1596 1917 1742 1955 σίφαρος,
1779 1913 1911 1950 adeoque
1933 1911 2033 1950 polius

78 1963 222 1991 scribitur
241 1963 380 2001 siparum.
425 1962 516 1991 Duc.

245 2003 432 2042 Seplasia.
465 2005 530 2042 (Ad
555 2015 581 2043 p.
595 2005 686 2041 261.)
719 2004 817 2033 Platea
841 2004 958 2042 Capuae
986 2003 1027 2031 ita
1057 2002 1283 2042 appellabatur,
1322 2003 1351 2031 in
1376 2012 1433 2040 qua
1457 2000 1647 2039 unguentarii
1672 1999 1814 2037 negotiari
1838 2001 1921 2025 erant
1944 1995 2032 2042 sol-iti.

79 2046 197 2076 Pedian.
221 2047 249 2075 in
275 2048 369 2075 Pison.
394 2048 471 2086 (pag.
488 2050 557 2079 161.
583 2047 628 2076 ed.
652 2047 766 2084 [.ugcl.).
802 2046 896 2074 Verba
920 2051 1016 2073 autem
1041 2045 1191 2073 Ciceronis
1213 2056 1228 2074 a
1252 2046 1338 2074 Festo
1363 2045 1456 2074 relata
1479 2049 1548 2072 sunt
1571 2043 1672 2072 eadem
1693 2042 1763 2077 illa,
1786 2049 1862 2079 quae
1885 2040 2031 2067 Asconius

77 2089 291 2128 interpretatur
313 2090 420 2128 (Cicer.
442 2090 475 2118 in
497 2091 555 2118 Pis.
580 2100 605 2118 c.
621 2090 698 2127 11.):
736 2087 870 2128 Seplasia
893 2086 1067 2125 mehercule,
1099 2095 1129 2115 ut
1153 2086 1215 2116 dici
1236 2086 1409 2122 audiebam,
1438 2094 1465 2115 te
1489 2093 1520 2115 ut
1539 2087 1666 2125 primum
1689 2083 1820 2123 aspexit,
1850 2080 2030 2121 Campanum

81 2131 232 2161 Consulem
257 2131 429 2170 repudiavit.
453 2132 539 2160 Ant.
558 2133 653 2171 Aug.
690 2131 760 2161 Inde
783 2131 916 2169 Seplasia
940 2130 1053 2169 species
1077 2140 1176 2158 omnes
1200 2135 1229 2159 et
1251 2130 1441 2169 seplasiarius
1463 2125 1677 2165 παντοπώλης,
1698 2125 1880 2166 ερεοοανίιισ,
1904 2122 2029 2161 ιερὼίεν·

79 2174 153 2203 Vide
176 2179 241 2212 post
265 2173 412 2204 Sterilam.
458 2174 547 2205 Dac.

244 2215 431 2246 Saticula.
457 2216 516 2254 (Ad
540 2227 567 2255 p.
582 2214 665 2254 261.)
691 2215 776 2244 Sati.
793 2237 799 2245 .
815 2237 822 2244 .
837 2237 844 2244 .
881 2215 1041 2243 Saticulam
1065 2214 1224 2244 deductam
1249 2224 1312 2243 esse
1335 2213 1481 2242 coloniam
1505 2211 1675 2240 paterculus
1698 2209 1800 2238 scribit
1823 2208 1897 2237 libro
1920 2206 2028 2253 priore.

78 2259 177 2288 Livius
201 2268 320 2296 quoque
344 2259 393 2287 lib.
407 2259 537 2294 xxvu,
561 2261 646 2295 (12).
678 2258 872 2286 sabiculanos
896 2258 974 2286 inter
997 2258 1118 2287 colonos
1140 2257 1242 2286 fideles
1262 2257 1367 2286 xvlu.
1392 2255 1576 2284 coloniarum
1599 2257 1761 2283 enumerat.
1799 2252 1839 2279 De
1861 2249 1917 2277 hac
1939 2251 2029 2284 igitur

32 2326 35 2329 .
77 2302 156 2330 Festi
180 2301 266 2329 verba
291 2302 453 2338 intelligere
477 2311 643 2340 possumus.
691 2301 819 2328 Saticula
849 2300 994 2338 oppidum
1018 2301 1048 2329 in
1072 2300 1190 2328 Samnio
1211 2304 1334 2338 captum
1359 2303 1417 2333 est,
1452 2307 1515 2336 quo
1544 2301 1648 2335 postea
1670 2295 1817 2324 coloniam
1839 2291 2029 2320 deduxerlsslt

79 2348 134 2374 etc.
165 2344 197 2372 L.
214 2344 332 2383 Papilio
355 2345 499 2380 Cursore,
525 2344 558 2373 V.
582 2345 611 2372 C.
635 2343 718 2372 Iunio
744 2344 835 2372 Bruto
851 2343 886 2372 Il.
913 2344 993 2374 Coss.
1017 2353 1095 2371 anno
1118 2348 1187 2380 post
1209 2343 1243 2371 fl.
1261 2344 1291 2370 C.
1309 2342 1420 2370 cnxt..
1445 2350 1481 2369 ex
1506 2339 1599 2368 Fastis
1622 2336 1806 2377 Capitolinis·
1825 2334 1912 2363 Ant.
1931 2331 2027 2369 Aug.

79 2386 251 2417 Paterculus
274 2387 325 2417 lib.
339 2387 358 2416 I.
381 2397 446 2425 cap.
461 2389 526 2418 14.:
552 2385 771 2426 Insequentibus
794 2384 961 2415 consulibus
983 2396 1000 2413 a
1024 2384 1074 2424 Sp.
1094 2384 1263 2421 Postumio,
1289 2383 1411 2414 Philone
1432 2381 1564 2412 Publili«,
1581 2378 1753 2411 censoribus
1769 2375 1930 2406 Avernus—¹
1951 2372 2025 2401 3⁰¹⁸
