2263 2668
519 114 582 148 DE
609 115 999 150 SIGNIFICATIONE
1029 116 1312 154 VERBORUM.
1366 122 1510 156 LIBER
1537 123 1643 156 XVII.
1992 128 2058 161 141

107 207 300 241 Summussi
311 202 336 223 ³⁵
357 214 624 244 murmuratores.
678 209 837 243 Naevius:

481 258 570 301 Odi,
604 262 727 304 inquit,
761 257 1014 304 summussos³⁶‚
1049 262 1203 306 proinde
1229 270 1354 310 aperte
1381 267 1476 308 dice,
1518 268 1603 313 qaid
1628 269 1681 301 sie.

204 309 382 343 Terentius
408 321 568 345 mussare
594 324 657 357 pro
684 318 796 347 tacere
821 313 949 357 posuit,
991 324 1094 356 quum
1121 314 1183 348 ait:

474 361 565 405 Sile,
600 365 694 407 cela,
727 365 882 406 occulta,
913 367 1015 410 tege,
1049 369 1148 408 tace,
1182 378 1310 401 mussa.

104 412 190 446 Sum
217 424 280 456 pro
308 424 384 445 eum
411 424 486 446 usus
515 419 563 447 est
587 416 721 450 Ennius.

103 460 234 498 Sollo³⁷
258 464 348 498 Osce
375 464 498 498 dicitur
523 466 576 508 id,
608 468 700 511 quod
728 479 787 501 nos
813 471 919 500 totum
946 477 1114 503 vocamus.
1168 468 1298 512 Livius,
1333 470 1584 517 solliferreum,
1621 483 1727 517 genus
1754 472 1828 515 teli,
1863 473 1899 506 id
1927 479 1974 507 est
2001 478 2054 507 to—

202 520 273 549 tum
300 516 456 552 ferreum.
511 516 679 552 Sollers³⁸
702 519 802 552 etiam
828 519 861 551 in
887 519 977 551 omni
1003 530 1039 552 re
1062 519 1229 565 prudenS‚
1259 527 1291 555 et
1313 519 1521 565 sollemne³⁹‚
1548 524 1640 567 quod
1665 524 1817 558 omnibus
1839 525 1929 558 annis
1953 537 2054 570 prae-

203 569 280 602 stari
307 568 418 601 debet.

103 618 237 655 δοῑῑα4ο
256 620 389 661 sedilia,
431 619 463 652 in
489 621 609 663 quibus
635 620 755 665 singuli
782 625 908 654 tantum
935 627 1073 666 possunt
1099 622 1235 665 sedere,
1275 624 1422 669 ideoque
1448 623 1591 659 solim-⁴¹
1613 632 1759 660 sternere
1786 627 1957 669 dicuntur,
1998 630 2054 672 qui

204 672 431 705 sollisternium
442 667 466 688 ⁴²
486 671 631 713 habent,
672 677 704 705 et
730 673 847 705 solaria
874 678 1034 707 vocantur
1059 674 1284 719 Babylonica,
1317 677 1351 709 in
1377 677 1496 720 quibus
1523 679 1641 712 eadem
1668 683 1863 712 sternuntur.

102 724 224 758 Solum
249 730 369 757 terram
397 723 521 756 dicunt.

102 775 210 810 Solea
236 777 289 808 vel
316 788 355 809 ea
382 775 517 816 dicitur,
546 786 631 818 quae
658 775 730 807 solo
758 775 899 819 pedibus
909 772 934 793 ⁴³
953 776 1122 811 subiicitur

202 839 265 873 per
291 839 392 870 quam
419 826 528 871 paries
555 827 708 860 craticius
736 827 918 860 exstruitur.

101 879 210 914 Solva¹
232 880 308 912 lana
335 891 461 920 crassa,
502 878 556 910 vel
581 889 684 923 pecus
710 878 786 911 lana
813 883 1002 913 contectum
1013 875 1047 914 ⁴⁵.
1100 879 1280 915 Titinnius:

472 929 577 962 Lanu
602 930 709 963 soloci
735 930 787 963 ad
808 942 1011 977 purpuram
1039 931 1150 971 data,-

203 987 235 1016 et
260 981 426 1015 Lucilius:

469 1031 615 1066 Pascali
635 1030 800 1077 pecore⁴⁰
823 1031 903 1067 ας·47
924 1037 1086 1068 montano
1113 1035 1212 1068 hirco
1239 1039 1344 1080 atque
1369 1035 1493 1068 soloce.

100 1086 166 1120 Sos
191 1096 255 1130 pro
284 1095 340 1117 eos
367 1083 491 1127 antiqui
518 1084 690 1125 dicebant,
732 1089 767 1117 ut
793 1085 934 1118 Ennius:

471 1134 630 1169 Constitit
656 1136 738 1170 inde
764 1137 831 1170 loci
851 1140 1004 1182 propter
1028 1147 1084 1170 sos
1110 1137 1174 1171 dia
1200 1137 1351 1172 dearum
1361 1134 1397 1172 ⁴⁸.

98 1188 164 1223 Sos
190 1186 355 1221 interdum
382 1198 446 1231 pro
472 1198 553 1220 suos
576 1188 748 1231 ponebant
758 1185 801 1228 49;
843 1200 905 1233 per
932 1189 1080 1222 dativum
1106 1201 1220 1225 casum
1245 1190 1336 1224 idem
1363 1190 1488 1224 Ennius
1515 1188 1613 1222 effert
1623 1185 1667 1221 ⁵⁰:

468 1237 659 1283 Postquam
685 1239 819 1273 lumina
845 1241 893 1274 sis
919 1241 1037 1283 oculis,

1131 773 1166 819 4¹,
1193 778 1246 811 vel
1274 790 1381 824 genus
1407 780 1525 825 piscis,
1552 781 1605 814 vel
1632 781 1769 814 materia
1796 782 1969 821 robustea,
1996 793 2050 814 su—

196 1301 259 1335 pro
286 1290 361 1323 suis.

96 1342 205 1377 Salus
214 1338 239 1359 ⁵¹
260 1340 285 1374 si
311 1340 417 1374 vultis.
470 1341 622 1375 Plautus:

467 1392 660 1438 Sequimini
685 1404 741 1426 me
767 1393 837 1427 hac
862 1394 979 1432 sultis;

197 1450 228 1478 et
255 1443 357 1478 Cato:
401 1443 553 1485 Audite,
587 1445 703 1488 sultis,
738 1445 874 1481 milite&

95 1497 256 1531 Solutum
283 1495 392 1528 morbi
419 1506 524 1539 genus
536 1493 569 1529 ⁵².

94 1549 294 1594 Solipugua
303 1544 329 1565 ⁵³
350 1558 455 1591 genus
477 1543 670 1580 bestiolae⁵⁴
689 1547 881 1590 maleficae,
905 1547 999 1592 quod
1023 1548 1130 1582 acrius
1152 1548 1415 1593 concitatiusque
1436 1545 1507 1582 fit⁵⁵
1527 1549 1659 1582 fervore
1683 1548 1776 1588 solis,
1804 1547 1891 1580 unde
1913 1547 2013 1581 etiam

195 1610 317 1632 nomen
341 1599 447 1631 traxit.

2020 1543 2045 1563 56

95 1651 224 1696 Sospes
249 1651 365 1683 salvus.
416 1649 542 1682 Ennius
566 1654 678 1682 tamen
704 1651 868 1695 sospitem
894 1661 959 1694 pro
986 1647 1188 1684 servatore⁵⁷
1211 1650 1332 1696 posuit.

94 1702 278 1747 Sospitare
304 1697 386 1735 est5S
406 1701 495 1734 bona
521 1712 580 1745 spe
607 1701 762 1744 afficere,
803 1706 858 1734 aut
883 1703 1006 1735 bonam
1034 1715 1130 1748 spem
1157 1713 1224 1735 non
1252 1703 1380 1736 fallere.

95 1749 340 1788 Sacer-atillam
358 1764 443 1795 vox,
484 1753 588 1785 tenuis
615 1757 648 1786 et
673 1753 749 1785 alta.
802 1753 983 1787 Titinnius:

463 1800 680 1838 Ρεηιὶηἱηαδθ
690 1804 846 1850 sabula,
888 1806 1093 1839 succrotilla
1118 1806 1255 1840 vocula.

91 1925 183 1963 Inque
198 1921 266 1961 etc.]
285 1931 342 1950 om.
357 1921 393 1950 M.
416 1938 449 1943 -—-
470 1922 515 1960 34)
538 1922 734 1962 Surrempsic]
751 1922 799 1951 Sic
812 1922 849 1952 M.
864 1933 909 1962 pr.
925 1924 953 1953 S.
988 1934 1043 1951 su·
1085 1924 1114 1952 S.
1137 1939 1178 1945 —
1199 1920 1247 1962 48)
1271 1920 1325 1949 dia
1342 1919 1478 1959 dearum]
1501 1922 1547 1949 ita
1561 1922 1710 1950 soliorum
1724 1921 1756 1950 B.
1773 1923 1915 1958 corrupte
1933 1928 1970 1947 ex
1984 1918 2041 1946 dm

90 1967 211 2004 remp-sit
227 1965 259 1993 Β.
275 1965 331 1993 Gu.
345 1967 369 1996 1.
382 1967 411 1996 2.
455 1965 607 2003 Surrepsit
624 1965 704 2002 vulg.
726 1981 769 1988 —
790 1968 835 2003 35)
859 1965 1043 2004 Summzcssz']
1086 1965 1211 1993 diarum
1228 1968 1260 1992 ut
1276 1962 1419 1993 exhibent
1433 1963 1473 1994 M.
1489 1963 1544 1992 Gu.
1555 1967 1583 1996 2.
1617 1964 1674 1993 dea
1687 1963 1813 1992 dearum
1826 1962 1908 2000 vulg.
1921 1965 1950 1990 et
1964 1961 2040 1989 ScaL

90 2009 241 2039 Submissi
258 2007 289 2036 L.
306 2007 336 2035 B.
363 2023 398 2028 --
421 2008 470 2044 36)
492 2008 692 2047 summus-ros]
714 2009 892 2036 summissos
908 2009 937 2036 L.
955 2009 987 2037 B.
1000 2024 1043 2030 —-
1084 2025 1128 2030 —
1149 2008 1198 2045 49)
1223 2005 1375 2034 interdum
1388 2017 1447 2044 pro
1463 2017 1536 2034 suos
1547 2007 1640 2046 pom]
1658 2017 1717 2045 pro
1731 2016 1804 2035 suos
1821 2004 1974 2033 interdum
1985 2015 2039 2043 per

88 2050 136 2093 37)
161 2049 262 2088 Sollo]
287 2049 377 2078 Solon
393 2049 425 2080 B.
469 2050 570 2078 Sollon
586 2060 631 2089 pr.
654 2067 695 2072 —
717 2053 762 2088 38)
787 2051 908 2088 Sollers]
935 2051 982 2078 Sic
997 2061 1043 2090 pr.
1086 2050 1151 2080 dat.
1167 2054 1221 2078 etc.
1237 2049 1268 2080 B.
1300 2048 1406 2088 poneb.
1418 2060 1474 2087 pro
1489 2059 1562 2077 Saos
1576 2051 1606 2078 L.
1629 2065 1671 2072 -·
1693 2048 1740 2088 50)
1763 2047 1859 2088 effert]
1884 2058 1941 2078 om.
1957 2047 2039 2075 L.—

89 2095 186 2123 Solers
202 2092 281 2130 vulg.
299 2102 366 2121 cum
384 2096 452 2120 cett.
474 2108 512 2114 —
537 2091 582 2130 39)
606 2092 763 2131 sollemne]
785 2093 835 2121 Sic
850 2093 881 2124 L.
899 2094 956 2122 Gu.
974 2096 997 2124 1.
1012 2096 1041 2125 2.
1084 2094 1133 2131 51)
1158 2092 1268 2131 Sulcis]
1285 2103 1343 2131 pro
1360 2091 1429 2122 add.
1445 2092 1544 2131 vulg.‚
1568 2093 1620 2122 sed
1635 2103 1692 2121 om.
1706 2091 1746 2121 M.
1765 2093 1820 2122 Gu.
1837 2094 1864 2123 1.
1881 2094 1910 2123 2.
1929 2100 1974 2130 pr.
1996 2105 2038 2111 —

87 2138 206 2166 solenne
226 2135 304 2173 vulg.
348 2136 381 2162 in
398 2139 584 2173 praeponunt
605 2140 671 2164 ante
686 2145 791 2164 vocem
808 2135 946 2164 omnibus
960 2135 997 2164 M.
1012 2136 1040 2164 S.
1084 2138 1130 2174 52)
1152 2135 1250 2163 morbi
1259 2134 1345 2174 gem]
1370 2134 1419 2163 Sic
1441 2135 1582 2168 Gu.1.2.
1605 2146 1651 2174 pr.
1692 2145 1761 2174 gen.
1785 2133 1877 2164 morl).
1894 2134 1973 2171 vulg.
1997 2148 2038 2154 -

88 2196 125 2201 —
149 2178 196 2219 40)
220 2177 318 2217 Sella]
336 2178 385 2206 Sic
401 2177 438 2205 M.
455 2177 510 2206 Gu.
522 2180 547 2208 1.
559 2180 587 2208 2.
602 2178 631 2206 S.
676 2179 749 2206 Sola
762 2178 840 2216 vulg.
863 2193 905 2200 —-
927 2177 972 2217 41)
995 2189 1041 2206 so-
1083 2181 1129 2211 53)
1154 2177 1336 2217 Soltlpugna]
1352 2177 1400 2206 Sic
1416 2178 1446 2206 L.
1457 2178 1490 2208 B.
1501 2177 1542 2207 M.
1554 2178 1609 2207 Gu.
1622 2180 1686 2210 l.2.
1702 2188 1747 2217 pr.
1792 2177 1944 2216 Solipuga
1957 2175 2037 2212 vulg.

86 2224 157 2258 liar]
181 2220 229 2250 Sic
244 2220 281 2249 M.
297 2221 352 2248 Gu.
373 2223 396 2251 1.
411 2222 439 2251 2,
455 2229 498 2258 pr.
542 2220 654 2247 saliare
668 2220 698 2248 L.
743 2221 822 2248 solia
838 2220 916 2258 vulg.
961 2221 1042 2249 solla
1083 2221 1251 2260 bblipunga
1273 2221 1301 2251 S.
1331 2236 1373 2243 —-
1402 2220 1452 2257 54)
1473 2220 1629 2260 bestiolae]
1654 2221 1765 2249 bestiae
1783 2221 1816 2249 Β.
1843 2236 1884 2241 -
1915 2222 1960 2252 55)
1975 2216 2035 2255 fit]

85 2266 112 2293 S.
127 2269 164 2294 et.
179 2264 247 2293 Dae.
273 2279 308 2284 —-
333 2264 378 2300 42)
401 2262 522 2297 sellis-L]
543 2263 652 2291 sollist.
667 2263 696 2292 L.
715 2262 752 2290 M.
769 2263 797 2292 S.
822 2279 861 2283 ——-
884 2266 929 2297 43)
948 2263 1039 2301 pedi·
1084 2274 1139 2292 orn.
1153 2274 1199 2303 pr.
1223 2280 1263 2285 -—-
1283 2266 1329 2298 56)
1355 2264 1456 2299 etiam]
1473 2268 1501 2291 et
1515 2264 1547 2292 B.
1570 2280 1612 2286 -—
1632 2264 1680 2301 57)
1703 2262 1866 2302 servatore]
1883 2262 2035 2290 salvatore

84 2306 156 2346 bas]
180 2306 229 2335 Sic
253 2306 284 2335 L.
308 2305 362 2333 Gu.
381 2308 407 2336 1.
424 2307 453 2335 2.
476 2314 521 2342 pr.
562 2304 651 2342 pedi-5
676 2305 754 2342 vulg.
780 2322 815 2326 --
840 2305 887 2342 44)
910 2305 1037 2345 subita]
1082 2306 1114 2334 Β.
1142 2322 1183 2328 —
1211 2307 1255 2344 58)
1278 2309 1336 2342 est]
1360 2317 1416 2336 om.
1440 2306 1472 2336 L.
1490 2306 1522 2335 B.
1550 2323 1592 2329 —
1622 2306 1668 2346 59)
1693 2307 1845 2344 Saeuum]
1870 2306 1980 2333 Socrot.
2003 2302 2031 2329 L.

84 2350 237 2379 subicitur
252 2348 288 2378 M.
307 2348 362 2377 Gu.
378 2351 405 2380 2.
429 2363 471 2368 —
493 2347 538 2380 45)
561 2348 743 2386 contectum]
767 2353 934 2376 contextum
952 2349 983 2378 B.
1000 2349 1038 2379 M.
1082 2349 1138 2378 Gu.
1155 2351 1182 2380 1.
1203 2352 1231 2378 et
1250 2348 1291 2377 ita
1314 2359 1392 2379 mo-x.
1438 2350 1556 2379 Sucrot.
1573 2349 1607 2379 B.
1623 2349 1662 2379 M.
1676 2354 1804 2388 utroque
1820 2349 1900 2377 loco.
1924 2361 1965 2368 —
1986 2343 2032 2379 60)

86 2393 214 2425 Gu.1.2.
228 2401 274 2430 pr.
300 2407 338 2412 —
362 2390 409 2428 46)
429 2388 545 2428 pecore]
571 2400 628 2419 om.
642 2390 673 2418 L.
696 2406 737 2411 —
758 2390 805 2429 47)
828 2389 875 2429 ae]
899 2396 926 2419 et
940 2391 996 2422 Gu.
1011 2394 1037 2423 1.
1081 2391 1257 2431 Feminina]
1282 2392 1421 2421 Fenzinea
1435 2391 1473 2422 M.
1489 2393 1517 2420 S.
