2263 2668
512 139 576 173 DE
608 134 994 172 SIGNIFICATIONE
1026 135 1311 172 VERBORUM.
1365 137 1512 171 LIBER.
1540 136 1599 172 111.
1635 152 1637 154 ·
1955 138 2029 173 391

85 242 184 267 eones,
214 231 326 269 inquit,
357 237 443 270 parte
461 229 560 260 media.
581 228 737 259 voluminis
757 229 805 258 sui
826 229 947 258 inuicem
970 226 1067 263 nodo,
1099 240 1181 269 quem
1203 237 1310 260 vocant
1333 228 1491 265 Herculis,
1527 226 1713 267 obligantur,
1743 228 1912 268 primaeque
1930 238 2030 268 partes

85 285 180 303 eorum
206 274 333 313 rafim-ae
354 273 384 301 in
408 272 566 309 circulum,
588 273 693 312 pressis
716 271 809 301 oculis
830 270 969 300 ambitum
992 268 1097 299 circuli
1119 272 1228 311 ingruit
1251 280 1277 301 et
1296 270 1484 312 postmodum
1508 269 1621 301 caudae
1643 277 1814 300 revocantur
1836 269 1877 299 acl
1893 271 2030 311 capulum

86 315 225 351 caducei,
251 323 427 355 ornaturque
449 314 506 344 alis
529 327 568 345 ex
590 314 689 344 eadem
711 313 813 354 capuli
828 320 911 353 parte
932 312 1127 342 nascentibus.
1161 315 1293 344 Huiusce
1316 315 1360 344 rei
1382 315 1527 344 rationem
1550 313 1673 352 exponit
1690 312 1888 351 Athenagoras
1911 314 1942 342 in
1966 326 2030 344 ora-

83 359 183 395 tione,
214 368 287 396 quae
310 358 485 386 inscribitur
506 358 614 396 legatio
636 357 674 386 ad
696 357 791 396 Impp.
816 356 997 385 Antoninos:
1028 355 1089 386 Καὶ
1112 353 1158 387 ὅτι
1182 355 1232 397 (de
1252 357 1322 386 Iove
1345 356 1493 396 loquitur)
1517 356 1571 396 τὴν
1593 356 1702 396 μητέρα
1721 351 1801 386 Ῥέαν
1825 353 2030 396 ἀπαγορεύου-

87 412 143 432 σαν
167 397 258 432 αὑτοῦ
281 398 332 430 τὸν
362 398 459 439 γάμον
489 400 602 431 ἐδίωκε.
648 401 818 436 Δρακαίνας
841 396 868 429 δ’
894 396 985 436 αὐτῆς
1007 398 1169 437 γενομένης
1190 400 1239 429 καὶ
1262 397 1351 435 αὐτὸς
1374 401 1415 436 εἰς
1438 398 1586 437 δράκοντα
1608 396 1780 438 μεταβαλών
1803 397 1955 437 συνδήσας
1977 397 2032 430 αὗ-

85 442 142 482 τήν
165 446 206 485 τῷ
229 442 406 483 καλουμένῳ
426 440 645 482 “Ηρακλεοτικῷ
668 441 794 481 ὄμματι,
819 441 911 481 ἐμίγη.
950 443 1011 471 Τοῦ
1034 438 1182 479 σχήματος
1202 445 1257 480 τῆς
1280 443 1388 480 μίξεως
1411 439 1565 482 σύμβολον
1588 438 1607 480 ἦ
1630 444 1682 472 τοῦ
1701 438 1816 479 Ἑρμοῦ
1838 439 1958 482 ῥάβδος.
1994 443 2033 472 Et

85 486 153 515 inde
176 487 276 514 forsan
298 486 396 514 nodus
418 486 468 514 ille
490 485 519 514 in
542 485 653 523 nuptiis
676 485 857 520 celebratus,
894 483 1026 521 quamvis
1055 482 1128 511 nihil
1158 489 1239 513 vetat
1269 495 1336 513 eum
1359 485 1446 513 Festo
1473 490 1596 524 propter
1625 494 1711 512 omen
1735 484 1845 512 factum
1867 485 2031 523 intelligere

86 539 154 558 eum
178 529 320 557 Hercules
344 527 528 567 septuaginta
551 527 704 556 smoribus
728 528 836 556 nodum
861 526 1005 555 solvisset.
1046 527 1148 564 Neque
1171 528 1200 555 in
1224 527 1337 565 nuptiis
1360 532 1492 564 tantum,
1515 528 1568 556 sed
1590 527 1645 555 alia
1669 536 1787 565 quoque
1809 527 1840 555 in
1862 537 1892 555 re
1914 528 2032 563 religio-

87 581 151 600 sum
176 581 210 599 ac
233 581 350 599 sacrum
373 570 482 598 nodum
506 570 592 599 illum
615 570 707 598 fuisse
730 580 767 598 ex
791 569 938 598 veteribus
961 573 1076 597 certum
1100 573 1159 605 est,
1191 575 1222 598 ut
1245 570 1274 598 in
1298 569 1468 598 vulneribus
1490 569 1698 609 praeligandis.
1734 569 1809 597 Plin.
1832 569 2032 599 lib.XXVss[.

86 624 110 644 c.
125 617 171 645 6.:
213 611 344 641 Vulnera
375 611 452 641 noclo
477 611 616 642 Herculis
641 610 807 652 praeligare
834 612 938 640 mirum
967 618 1107 650 quantum
1131 622 1218 650 ocyor
1240 611 1386 640 medicina
1408 619 1457 642 esi.
1500 612 1601 652 Atque
1623 612 1707 640 etiam
1731 610 1898 651 quotidiani
1920 613 2032 641 cincius

86 655 142 684 iuli
164 654 242 684 nodo
264 655 322 683 vim
347 653 493 694 quandam
517 654 616 683 utilem
646 654 748 683 habere
776 653 920 684 dicuntur.
949 651 1058 682 Iclem.
1107 652 1166 691 Qui
1187 655 1370 694 septuaginta
1394 653 1498 683 liberos
1521 654 1645 694 reliquit.
1681 654 1776 682 Multo
1799 654 1899 692 plures
1922 664 2032 682 nume—

86 703 190 727 rantur
213 697 263 725 filii
286 697 437 733 Herculis,
468 698 519 725 sed
544 708 591 725 eos
615 707 734 732 omnes,
766 698 801 725 de
824 696 931 735 quibus
954 695 1004 724 hic
1025 696 1131 725 Festus
1153 697 1301 735 loquitur,
1326 707 1364 726 ex
1386 697 1598 735 quinquaginta
1624 697 1793 732 sororibus,
1817 695 1927 724 Thestii
1951 696 2031 724 fllia—

86 741 141 769 bus
164 739 302 778 suscepit.
336 740 409 768 Vide
424 740 599 778 Apollodor.
624 739 692 769 l.11.
718 737 824 770 Idem.
863 738 947 767 Adde
969 738 1044 767 infra
1070 737 1211 774 Cinxiae,
1235 740 1363 768 Nonium
1388 740 1530 776 (pag.47.
1547 738 1648 778 Mero.)
1673 739 1701 767 in
1727 737 1881 778 Cingulum
1905 744 1933 766 et
1957 749 2032 776 quae

86 784 192 821 scripsi
216 782 252 810 ad
276 782 353 819 leges
371 782 433 811 ΧΗ.
450 783 507 812 tab.
535 780 640 811 Goth.
671 780 858 811 Herculaneo
881 780 958 810 nodo
980 782 1117 810 vinctum.
1150 782 1223 810 Vide
1241 783 1383 810 Senecam
1398 782 1492 820 Epist.
1507 784 1555 813 82.
1580 787 1652 811 extr.
1677 793 1750 810 unus
1773 780 1828 810 tibi
1850 779 1959 817 nodus,
1983 780 2033 809 sed

87 824 294 854 Herculaneus
317 831 413 853 restat.
458 824 564 852 Idem.

254 865 415 895 Camelis
445 866 613 906 virginib
624 879 670 898 us.
718 867 879 904 Γαμηλίαις
907 868 1009 901 θεαῖς,
1050 864 1174 895 Camelis
1204 876 1259 904 pro
1287 864 1425 895 Gamelis.
1472 866 1543 893 Nam
1563 878 1585 904 g
1607 865 1775 903 saepissime
1801 869 1932 892 mutatur
1954 865 1982 893 in
2006 877 2031 900 c,

87 914 122 938 ut
144 919 230 947 supra
254 910 284 936 in
309 919 383 937 voce
406 911 524 939 acitare.
547 909 633 938 Dac.
678 908 736 937 Alii
762 907 923 945 Camesnis,
956 909 1006 936 alii
1031 907 1181 944 Camenis,
1210 914 1380 946 argumento
1404 918 1521 944 eorum,
1551 918 1624 946 quae
1648 908 1787 935 dicuntur
1809 908 1885 935 infra
1908 907 2033 936 Comoe-

88 962 150 980 nae.
182 951 244 979 Nisi
267 952 414 980 malumus
435 953 475 980 ita
498 952 610 989 legere:
636 951 783 980 Camesnis
806 949 851 979 vel
873 948 1005 979 Camenis
1027 955 1055 980 et
1077 950 1218 990 γαμήλιοι
1243 952 1326 981 θεαί.
1373 951 1468 979 Possis
1492 956 1521 979 et
1542 951 1582 979 ita
1606 950 1715 987 legere:
1740 948 1887 978 Camesnis
1908 947 1954 977 vel
1976 947 2032 978 Ca·-

87 995 192 1030 menis,
229 1004 304 1032 quae
325 995 428 1031 glossis
455 997 588 1024 Μοῦσαι.
633 994 700 1023 Vel:
741 992 866 1022 Camelis
890 994 1013 1032 virgines
1034 1001 1183 1033 nupturae.
1226 994 1291 1023 Hoc
1320 993 1535 1030 adiiciendum,
1573 993 1676 1030 glossis
1702 990 1857 1023 Camillam
1888 992 2033 1031 ἱέρειαν

88 1036 207 1075 exponi.
255 1034 359 1064 Goth.

256 1078 429 1108 Cinxiae.
473 1079 582 1108 Tamen
604 1079 700 1108 Varro
723 1078 802 1116 apud
828 1077 981 1116 Augustin.
1006 1078 1041 1106 de
1065 1078 1150 1108 Civit.
1174 1078 1224 1107 lib.
1236 1077 1285 1107 IV.
1307 1088 1334 1107 c.
1349 1081 1398 1110 11.
1424 1078 1480 1106 ait:
1518 1077 1718 1116 Virginensem
1744 1074 1826 1104 deam
1841 1075 1955 1117 fuisse,
1985 1077 2032 1105 cui

87 1122 212 1160 virgines
234 1119 384 1150 solvebant
406 1132 519 1150 zonam.
566 1122 693 1150 Eandem
718 1121 877 1149 Fortunam
901 1121 1077 1159 Virginalem
1108 1121 1264 1152 vocabant.
1311 1121 1462 1149 Arnobius
1486 1120 1532 1156 (ΙΙ,
1559 1131 1587 1158 p.
1603 1121 1652 1150 91.
1678 1118 1836 1158 Elmenh.):
1877 1118 2033 1158 Virginum

88 1162 205 1202 togulas
217 1162 379 1203 fortunam
404 1162 523 1205 defertis
546 1163 586 1193 ad
604 1162 796 1203 Virginalem.
826 1164 900 1191 Nam
923 1166 1094 1202 nuptiarum
1117 1168 1233 1203 tempus
1255 1164 1420 1201 virginibus
1444 1163 1521 1192 idem
1544 1167 1608 1192 erat
1631 1172 1665 1189 ac
1688 1161 1788 1200 pueris
1811 1160 1939 1189 tirocinii
1963 1160 2031 1190 dies.

89 1207 131 1234 Eo
154 1206 231 1234 euim
254 1211 384 1244 tempore
406 1206 532 1236 feminae
555 1212 740 1246 praetextum
763 1205 955 1244 deponebant.
980 1205 1077 1236 ScaZ.
1118 1207 1191 1235 Iuno
1215 1206 1325 1245 nuptiis
1348 1206 1546 1245 praesidebat.
1588 1204 1675 1233 Ovid.
1699 1204 1778 1244 (Met.
1797 1204 1853 1238 ΙΙΙ,
1879 1202 1980 1240 184.):

666 1247 861 1287 Iunonemque
884 1249 955 1277 toris
977 1260 1052 1288 quae
1072 1247 1218 1288 praesidet
1240 1247 1303 1277 alta
1325 1250 1449 1278 maritis.

90 1290 172 1319 Unde
195 1290 329 1330 pronuba
353 1290 464 1319 dicitur
488 1296 516 1320 et
538 1291 652 1330 iugalis,
698 1291 777 1328 Virg.
792 1291 841 1320 IV.
865 1291 935 1319 Aen.
959 1290 1079 1330 (166.):

663 1349 704 1354 —
725 1349 768 1354 —
788 1333 885 1372 prima
907 1341 933 1362 et
959 1331 1059 1362 Tellus
1081 1341 1107 1362 et
1126 1331 1263 1374 pronuba
1286 1331 1360 1363 Iuno

663 1375 745 1404 Dant
767 1377 890 1414 signum.

88 1418 124 1446 Et
146 1417 216 1446 alibi
239 1416 309 1456 (IV,
332 1415 411 1457 59.):

665 1459 772 1490 Iunoni
793 1468 860 1489 ante
881 1460 958 1490 alias
983 1462 1031 1491 cui
1052 1460 1151 1491 vincla
1174 1459 1288 1502 iugalia
1313 1472 1407 1490 curae.

89 1502 175 1532 Dac.
219 1502 332 1540 Scripsi
355 1502 391 1531 de
415 1502 559 1540 Virginali
582 1502 617 1530 ad
640 1503 717 1541 leges
739 1504 805 1532 XII.
828 1503 900 1532 Tab.
950 1501 1051 1534 Goth..

254 1543 458 1573 Cumeram.
503 1545 596 1573 Varro
623 1545 651 1573 L.
672 1545 718 1573 VI.
742 1547 778 1574 de
803 1546 882 1582 Ling.
903 1546 965 1575 Lat.
988 1546 1073 1583 (VH,
1098 1556 1162 1584 pag.
1173 1548 1244 1578 321.
1264 1546 1347 1585 Sp‚):
1375 1544 1470 1585 Igitur
1492 1543 1601 1573 clicilur
1621 1543 1652 1572 in
1676 1542 1783 1582 nupiiis
1800 1539 1960 1578 Camillus,
1983 1541 2033 1580 qui

89 1597 234 1616 cumerum
254 1585 339 1627 sert,
379 1587 408 1614 in
438 1597 494 1626 quo
517 1585 589 1626 quid
613 1587 650 1614 sit
673 1588 701 1615 in
725 1588 883 1616 ministerio
903 1587 1034 1628 plerique
1057 1589 1238 1618 extrinsecus
1262 1589 1400 1618 nesciunt.
1446 1588 1488 1616 Ita
1511 1586 1679 1615 Macrobius
1704 1586 1790 1613 etiam
1812 1584 1882 1621 legit
1906 1583 1957 1612 lib.
1971 1583 2033 1619 HL,

90 1638 158 1657 cum
181 1629 259 1666 apud
283 1628 446 1656 Varronem
470 1640 534 1657 cum
553 1639 661 1657 merum
686 1629 731 1658 sit.
756 1628 853 1659 Fulv.
881 1629 957 1658 Urs.
997 1630 1126 1659 Omnino
1152 1631 1309 1668 legendum
1335 1630 1497 1659 Cumerum.
1533 1629 1604 1658 Nam
1628 1638 1679 1656 vas
1702 1627 1791 1663 illud,
1815 1636 1875 1664 quo
1898 1625 2033 1654 nubentis

89 1671 226 1699 utensilia
250 1670 437 1707 ferebantur,
468 1676 637 1699 constanter
660 1682 822 1707 cumeram,
854 1682 914 1700 non
939 1683 1055 1701 camera
1079 1673 1240 1702 dicebatur.
1284 1673 1385 1701 Innuit
1406 1673 1471 1712 ipse
1494 1672 1597 1700 Festus
1619 1671 1713 1706 infra,
1744 1669 1794 1708 qui
1817 1668 1903 1697 eliam
1929 1667 2032 1696 discri-

91 1723 157 1741 men
179 1712 257 1740 illud
278 1713 355 1741 inter
378 1717 536 1751 utrumque
560 1713 658 1752 ponit,
682 1718 715 1741 ut
738 1725 852 1742 camera
875 1715 912 1743 sit
935 1715 972 1742 ad
995 1725 1079 1743 usum
1103 1716 1299 1754 popularem,
1323 1726 1468 1744 cumeram
1491 1724 1562 1743 vero
1586 1713 1622 1742 ad
1646 1712 1774 1751 nuptias.
1809 1711 1920 1739 Firmat
1943 1710 2032 1739 etiam

90 1755 186 1784 Varro
208 1755 226 1783 l.
242 1765 266 1783 c.
292 1755 383 1783 Porro
406 1755 455 1784 hic
477 1766 539 1784 mos
563 1766 578 1784 a
603 1756 723 1785 Graecis
747 1757 892 1785 deductus
916 1763 975 1793 est,
1003 1757 1083 1797 apud
1107 1768 1179 1796 quos
1203 1767 1279 1797 puer
1295 1757 1346 1786 ille
1367 1758 1528 1795 ingenuus,
1553 1766 1639 1795 quem
1662 1752 1828 1784 camillum
1843 1753 1952 1789 Latini,
1974 1752 2032 1791 ipsi

91 1807 162 1826 vero
185 1802 293 1825 vocant
317 1794 475 1836 ἀμφιθαλῆ
497 1797 554 1826 hoc
578 1803 620 1826 est
643 1799 816 1836 patrimum,
846 1801 1029 1837 man-imum,
1056 1801 1086 1830 ἐν
1107 1801 1214 1837 λίκνω,
1240 1801 1290 1838 qui
1313 1799 1361 1828 hic
1385 1800 1495 1829 dicitur
1519 1809 1680 1835 cumerum,
1705 1797 1780 1825 male
1803 1805 1951 1825 cumeram
1973 1794 2031 1823 dici

90 1841 208 1879 putavit
231 1840 374 1877 Scaliger,
413 1851 501 1879 panes
523 1841 653 1879 gestabat
676 1852 743 1870 cum
767 1841 823 1870 hac
844 1843 1007 1871 intentione
1030 1843 1145 1882 ἔφυγον
1166 1832 1275 1880 κάκὸν,
1311 1837 1402 1882 εὗρον
1425 1840 1557 1882 ἄμεινον.
1589 1840 1676 1870 Dae.
1724 1836 1812 1878 Quod
1833 1845 1859 1867 ei
1881 1835 2030 1867 camillum

92 1881 237 1912 dicebant.
281 1882 354 1911 Vnde
376 1882 520 1913 camillus.
564 1882 670 1912 Idem.

255 1923 436 1964 Gompius.
480 1925 503 1953 A
527 1936 651 1961 comere,
684 1926 761 1964 quod
785 1938 800 1955 a
823 1927 935 1956 Graeco
960 1931 1101 1964 κοσμεῖν,
1135 1927 1212 1956 unde
1236 1937 1320 1956 coma
1343 1923 1437 1965 κόμη,
1468 1926 1551 1965 quasi
1575 1921 1688 1963 κόσμη,
1720 1924 1789 1962 quia
1812 1932 1895 1952 coma
1917 1920 2029 1949 anima-

89 1968 162 1996 lium
186 1971 215 1995 et
237 1967 376 1996 arborum
398 1972 442 1997 est
465 1973 677 1996 ornamentum.
709 1969 765 1997 Sed
789 1969 818 1997 iu
840 1969 932 1997 hocce
951 1969 1026 1998 Festi
1049 1970 1115 1998 loco
1140 1970 1251 2007 aliquid
1275 1969 1429 1998 turbatum
1453 1969 1543 1998 fuisse
1566 1967 1721 2002 existimo,
1745 1971 1773 1995 et
1795 1965 1855 1994 huc
1868 1963 2028 2003 pertinere,

90 2010 170 2049 quod
193 2010 269 2039 infra
293 2010 399 2047 legitur
421 2010 450 2038 in
477 2009 626 2039 Conitum:
665 2011 799 2040 connum
823 2012 963 2040 Ananias
988 2022 1041 2050 pro
1065 2017 1170 2040 ornatu
1195 2017 1223 2040 et
1246 2013 1368 2041 excultu
1393 2012 1498 2048 posuit,
1544 2010 1627 2046 Quae
1649 2009 1799 2038 manifesto
1821 2007 1891 2036 hinc
1915 2004 2026 2036 avulsa.

90 2052 255 2090 Legendum
279 2052 354 2081 enim
377 2060 503 2082 comtum
522 2052 673 2092 Asi-anius
695 2059 750 2083 etc.
782 2055 817 2083 Et
839 2055 878 2083 ita
901 2054 980 2093 apud
1005 2054 1222 2084 Grammaticos
1245 2055 1362 2083 citatur.
1386 2054 1474 2084 Dac.
1511 2051 1609 2093 Quod.
1637 2051 1704 2088 Qui.
1730 2049 1835 2080 Goth,
1872 2050 1911 2077 De
1936 2046 2027 2078 Coma

89 2096 128 2124 cf.
153 2095 318 2124 Doedeilin.
341 2096 453 2133 Synon.
478 2096 537 2124 Lat.
552 2095 608 2131 lll,
635 2106 663 2133 p.
678 2097 726 2127 14.

254 2135 455 2168 Gorollam.
498 2138 558 2166 Sub
582 2139 725 2175 amiculo,
750 2138 807 2167 hoc
830 2143 872 2167 est
897 2138 951 2166 sub
975 2138 1097 2171 ssameo,
1121 2148 1179 2176 quo
1203 2138 1320 2168 nubens
1343 2143 1433 2178 caput
1455 2137 1632 2168 obnubebat.
1677 2134 1784 2164 catull.
1808 2133 1876 2170 (62,
1900 2133 1962 2171 7.):

830 2179 917 2219 Cinge
939 2188 1066 2219 tempora
1080 2180 1212 2220 floribus

825 2221 1026 2251 suaveolentis
1047 2224 1192 2260 amaraci,

826 2263 1005 2294 Flanlmeum
1028 2276 1107 2304 ΟΠΡΕ.

89 2307 148 2344 Qui
170 2307 253 2336 locus
274 2307 452 2345 interpretes
474 2306 566 2335 latuit.
611 2305 664 2335 Da
674 2317 700 2336 c.
1981 2340 1987 2346 ·

254 2347 438 2388 Cupressi.
483 2349 595 2378 Plinius
619 2348 697 2387 apud
721 2349 874 2385 Servium,
910 2359 962 2388 qui
984 2349 1116 2378 nondun]
1141 2349 1236 2378 editus
1259 2355 1315 2378 est:
1344 2347 1477 2378 Romani
1498 2348 1587 2377 moris
1599 2346 1684 2389 fuit,
1712 2352 1830 2387 propter
1852 2344 2020 2389 cerirrgonms

89 2402 257 2428 sacrorum,
285 2390 389 2431 quibus
410 2390 536 2431 populus
559 2390 616 2420 Ro.
641 2391 795 2420 obstrictus
817 2399 897 2428 erae,
927 2399 958 2421 ut
974 2393 1156 2431 potissimum
1180 2403 1345 2432 cupressus,
1374 2401 1448 2432 quae
1469 2391 1573 2421 excisa
1594 2390 1708 2420 renasci
1726 2399 1783 2418 non
1804 2385 1891 2420 solet,
1921 2394 1950 2410 ιη
1974 2391 2016 2408 re-
