2263 2668
213 123 265 145 xu
844 105 1523 142 PRAEFATIO

213 205 315 238 tinam
341 201 429 235 hane
454 200 780 245 procrastinationem
807 204 914 233 ortam
942 211 1010 233 esse
1036 204 1106 232 tum
1133 210 1173 233 ex
1195 199 1358 233 stomachi
1381 200 1589 241 valetudine,
1617 211 1702 243 quae
1725 211 1765 233 ex
1786 201 1895 235 multis
1919 201 2042 236 abhinc
2064 202 2155 235 annis

214 268 269 290 me
296 253 445 298 quotidie
471 252 541 284 fere
568 252 744 285 exercitum
771 252 867 285 nimis
894 251 1014 292 habet,
1055 255 1125 284 tum
1153 263 1171 284 e
1198 252 1417 285 concatenatis
1444 253 1629 292 laboribus,
1675 252 1732 295 qui
1757 251 1782 284 si
1807 252 1863 284 illa
1888 265 1949 297 per
1974 254 2074 286 horas
2099 265 2156 287 re-

215 307 341 352 spirare
367 304 455 344 sinit,
492 313 681 336 concessam
704 314 832 336 moram
860 303 971 348 potius
997 303 1141 344 muneri,
1178 315 1278 347 quam
1306 303 1424 336 officiis
1452 303 1531 336 dare
1557 304 1680 336 iubent.
1735 304 1910 337 Praeterea
1935 316 1997 338 nec
2023 304 2158 339 Codicis

215 359 302 391 illius
331 368 369 388 ea
395 365 463 386 esse
489 353 619 387 videtur
644 354 790 396 indoles,
826 359 862 388 ut
889 360 944 387 aut
967 355 1021 387 Te
1047 359 1103 387 aut
1128 366 1182 387 me
1209 355 1305 386 huius
1331 366 1446 388 morae
1472 355 1656 399 poenitudo
1683 354 1898 388 vehementer
1923 355 2026 399 possit
2048 357 2158 391 inces-

216 421 305 451 sere,
333 417 408 439 cum
435 410 594 447 quantum
623 405 737 440 adhuc
765 417 804 439 ex
831 407 898 439 eius
926 417 984 439 usu
1011 406 1094 438 mihi
1118 406 1322 439 intellectum
1350 411 1413 447 est,
1443 407 1476 438 in
1504 407 1671 451 plerisque
1698 407 1869 440 conveniat
1896 418 1971 440 cum
1997 408 2160 451 antiquio-

215 461 303 493 ribus
330 456 420 490 Festi
447 456 644 490 editionibus
670 457 883 502 inprimisque
911 468 987 491 cum
1009 458 1150 498 Aldina,
1184 468 1328 500 quacum
1355 458 1527 500 aliquoties
1554 458 1611 490 ubi
1637 469 1713 491 usus
1740 458 1846 499 venit,
1872 457 2039 492 contendi.
2089 458 2160 491 Sed

215 511 302 544 haec
324 509 380 541 Tu
407 519 460 540 me
487 509 603 541 melius
629 509 810 550 iudicabis,
851 520 927 543 cum
954 510 987 542 in
1014 508 1064 541 his
1091 509 1303 552 scriptoribus
1328 508 1479 550 habites,
1521 520 1586 553 ego
1614 513 1740 542 tantum
1767 510 1972 553 peregriner.
2025 509 2161 542 Praeter

216 562 304 594 113110
338 559 570 601 collationem,
613 572 713 604 quam
745 572 873 594 summa
907 560 1067 593 fidelitate
1094 572 1113 592 a
1140 572 1193 593 me
1226 560 1349 593 factam
1376 572 1463 602 esse,
1505 560 1605 594 facile
1633 572 1672 593 ex
1699 573 1738 593 eo
1765 561 1949 605 intelliges,
1989 560 2080 603 quod
2108 560 2162 593 vel

215 612 465 647 minutissimam
499 616 531 644 et
563 622 625 655 per
658 624 693 645 se
726 612 846 645 nullius
878 613 977 656 pretii
1004 612 1227 644 diversitatem
1254 612 1402 652 enotavi,
1443 611 1534 654 quod
1562 611 1605 644 ad
1630 612 1765 645 Festum
1792 613 1904 645 attinet
1930 611 2013 644 nihil
2038 611 2162 654 habeo,

218 664 311 708 quod
338 663 469 695 labores
495 663 589 695 Tuos
615 663 797 696 admodum
821 665 934 696 iuvare
960 663 1072 708 possit.
1126 664 1211 695 Nam
1238 674 1324 707 quae
1351 662 1515 696 schedula
1542 663 1671 696 adiecta
1698 664 1858 704 continet,
1885 667 2041 707 excerpta
2066 662 2162 696 vide-

217 717 296 749 licet
323 725 430 759 pauca
457 713 500 746 de
526 714 654 748 Codice
677 715 941 756 Vindobonensi,
970 727 1009 747 ea
1033 726 1095 748 nec
1121 714 1234 759 magni
1260 714 1357 758 pretii
1383 719 1455 747 sunt
1482 719 1514 747 et
1535 715 1745 758 transscrIpta
1767 715 1860 747 unius
1882 714 2022 747 horulae
2045 714 2163 758 spatio,

219 778 296 801 cum
322 766 388 798 iam
415 765 447 797 in
475 776 515 798 eo
543 777 645 799 essem
672 771 708 800 ut
733 778 810 799 vasa
837 766 1044 811 colligerem.
1096 766 1333 808 Praeterquam
1357 771 1467 799 autem
1490 766 1729 799 Monacensem
1751 766 1846 798 illum
1868 770 1901 798 et
1922 765 2164 798 vindobonen-

219 829 288 851 sem
315 816 424 849 nullus
451 817 533 850 alius
557 828 620 862 per
645 822 694 851 tot
720 818 920 852 Germaniae
947 822 979 851 et
1005 817 1179 851 Helvetiae
1205 816 1445 860 bibliothecas,
1490 829 1571 862 quas
1597 818 1792 863 peragravi,
1831 817 1949 851 Codex
1975 816 2066 849 Festi
2090 827 2161 849 sese

218 868 303 903 mihi
330 867 460 901 obtulit.

383 919 436 951 De
457 919 566 952 Nonio
593 920 647 953 vix
672 924 734 962 est,
778 920 871 964 quod
898 931 1169 955 commemorem.
1221 920 1337 960 Exstat
1362 919 1394 952 in
1420 919 1627 953 bibliotheca
1653 920 1856 954 Academiae
1881 919 2072 953 Hafniensis
2098 918 2166 951 eius

220 971 340 1011 editio,
367 982 454 1014 quae
472 972 602 1004 Parisiis
622 970 738 1012 1614,
765 971 799 1006 S.
822 972 947 1017 prodiit
970 971 1210 1015 (Merceriana)
1233 972 1381 1015 olimque
1401 973 1511 1017 κτῆμα
1531 972 1593 1005 fuit
1614 972 1727 1005 Lucae
1744 971 2009 1016 Langermanni‚
2045 969 2167 1003 deinde

221 1022 335 1056 Gudii.
387 1023 483 1055 Prior
508 1023 599 1055 illam
626 1034 678 1057 ao,
704 1022 828 1066 1645„
858 1035 933 1057 cum
958 1023 1156 1055 Daventriae
1184 1028 1285 1064 esset,
1313 1024 1451 1056 contulit
1479 1035 1555 1057 eum
1578 1023 1652 1056 MS.
1680 1024 1766 1056 libro
1792 1024 1841 1056 10.
1870 1022 1975 1056 Gerh.
2004 1020 2111 1055 Vossii
2136 1024 2169 1053 et

221 1085 298 1108 cum
326 1073 471 1107 editione
498 1074 690 1107 lensoniana
714 1073 974 1117 veneta-176„
1003 1079 1100 1118 atque
1127 1075 1295 1118 utriusque
1322 1075 1479 1109 lectiones
1506 1075 1748 1108 accuratissime
1775 1085 1834 1107 suo
1858 1073 2013 1118 exemplo
2037 1071 2167 1105 adiecit.

219 1125 287 1157 Eas
315 1136 381 1170 ego
409 1135 486 1158 cum
512 1131 586 1159 ante
613 1127 759 1170 quinque
787 1137 888 1159 annos
914 1125 1060 1158 Hafniae
1086 1138 1147 1170 per
1173 1126 1300 1169 aliquot
1327 1137 1453 1159 menses
1481 1126 1661 1171 degerem,
1689 1126 1877 1160 describere
1903 1136 2047 1168 meoque
2080 1123 2168 1156 libro

222 1176 348 1209 addere
376 1177 482 1221 coepi.
536 1177 606 1210 Sed
640 1189 716 1211 cum
748 1178 989 1222 intelligerem,
1033 1178 1178 1220 utrisque
1206 1177 1375 1210 enotandis
1402 1183 1530 1221 tempus
1557 1189 1623 1210 non
1648 1178 1883 1218 suffecturum,
1925 1176 2029 1209 missis
2054 1174 2170 1208 Ienso-

221 1228 324 1261 nianis
350 1239 428 1261 mox
455 1228 487 1260 in
513 1229 590 1261 solis
610 1229 774 1261 Vossianis
801 1229 942 1269 substiti,
969 1239 1050 1271 quas
1076 1234 1185 1262 tamen
1213 1230 1299 1273 ipsas
1325 1229 1384 1261 nisi
1409 1241 1513 1272 usque
1539 1241 1619 1274 pag.
1637 1229 1740 1268 369„
1767 1228 1907 1273 negotiis
1935 1228 2004 1261 aliis
2025 1237 2065 1260 ao
2084 1231 2170 1259 tem·-

221 1290 308 1323 pore
332 1279 529 1322 impeditus,
557 1280 729 1314 absolvere
755 1285 825 1313 tum
851 1292 918 1313 non
944 1281 1053 1324 potui,
1081 1280 1338 1324 impedientibus
1364 1280 1592 1314 bibliothecae
1617 1281 1704 1312 illius
1730 1281 1862 1324 legibus
1889 1283 1924 1312 ut
1949 1289 2082 1312 mecum
2106 1277 2171 1310 du-

224 1341 334 1363 cerem
368 1330 489 1363 librum
521 1331 878 1376 Langermannianum.
933 1332 1045 1372 Quum
1078 1343 1157 1364 vero
1191 1331 1368 1364 Vossianus
1404 1332 1460 1364 ille
1489 1331 1609 1365 Codex
1640 1332 1724 1364 inter
1758 1343 1871 1364 omnes
1904 1330 2004 1363 Nonii
2037 1329 2095 1372 qui
2127 1327 2170 1361 ad

224 1381 373 1414 notitiam
400 1382 545 1414 virorum
573 1383 752 1416 doctorum
778 1387 954 1425 venerunt,
980 1382 1079 1415 facile
1106 1383 1196 1416 fama
1224 1383 1512 1424 celebratissimus,
1541 1395 1559 1415 a
1587 1384 1694 1415 multis
1719 1383 1800 1415 olim
1826 1383 1893 1415 iam
1919 1381 2100 1425 inspectus,
2129 1383 2172 1420 et,

224 1433 258 1465 ni
284 1434 445 1466 memoria
472 1445 526 1466 me
553 1434 655 1475 fallit,
699 1439 775 1479 post
802 1435 907 1468 Vossii
941 1439 1083 1467 mortem
1117 1435 1150 1466 in
1183 1434 1424 1467 bibliothecam
1451 1434 1711 1479 Lugdunensem
1746 1434 1875 1468 delatus
1901 1433 1957 1473 sit,
2000 1432 2066 1464 iam
2091 1440 2172 1463 vero

225 1484 315 1517 Tute
341 1485 415 1528 ipse
439 1485 527 1518 illius
553 1485 781 1519 bibliothecae
806 1485 968 1518 thesauris
996 1497 1151 1529 praesens
1177 1486 1368 1524 incubuisti3
1409 1485 1463 1518 vix
1486 1486 1632 1519 futurum
1660 1490 1761 1530 puto,
1802 1490 1839 1518 ut
1865 1495 1975 1517 meum
2003 1481 2175 1526 exemplar

225 1535 307 1568 Tibi
332 1535 405 1568 usui
432 1548 501 1569 esse
527 1537 647 1580 possit,
680 1537 807 1570 etiamsi
833 1537 968 1569 daretur
990 1537 1074 1569 illud
1101 1537 1143 1569 ad
1171 1537 1364 1569 umbilicum
1390 1548 1494 1580 usque
1521 1538 1698 1581 perficere,
1732 1536 1825 1579 quod
1852 1535 1999 1568 futurum
2026 1533 2175 1567 existimo

227 1587 379 1630 proxima
402 1592 542 1629 aestate,
570 1588 596 1621 si
616 1589 706 1622 Deus
733 1589 834 1621 vitam
862 1588 1010 1630 dederit,
1038 1599 1104 1630 qua
1125 1588 1285 1620 Hafniam
1313 1588 1424 1620 denuo
1452 1600 1625 1622 excurrere
1650 1589 1683 1620 in
1709 1588 1819 1620 animo
1845 1587 1977 1626 habeo,
2004 1590 2040 1618 ut
2061 1584 2175 1629 Upsa-

228 1638 307 1670 liam
343 1639 558 1682 contendam,
602 1640 692 1674 cuius
724 1640 815 1673 urbis
849 1638 1090 1672 bibliothecam
1125 1650 1223 1672 nemo
1257 1639 1336 1672 dum
1370 1640 1525 1680 excussit,
1568 1640 1647 1673 licet
1679 1640 1731 1672 vix
1765 1639 1866 1683 possit
1899 1637 2045 1671 dubitari
2077 1637 2111 1669 in
2137 1647 2177 1669 ea

231 1689 333 1722 multa
354 1695 496 1731 exstare,
524 1691 642 1734 quibus
669 1692 774 1724 iuvari
801 1691 926 1735 possint
951 1691 1104 1733 antiquae
1131 1691 1268 1724 litterae.
1321 1691 1490 1733 Quicquid
1514 1691 1598 1724 enim
1620 1696 1819 1724 vetustorum
1842 1690 2004 1723 librorum
2028 1699 2068 1721 ex
2088 1687 2177 1720 omni

234 1740 315 1772 orbe
337 1748 553 1775 convasarunt
574 1743 746 1784 Heinsius,
773 1742 980 1782 Bochartus,
1003 1742 1198 1783 Salmasius,
1220 1741 1415 1775 Schefferus
1439 1743 1577 1786 aliique,
1603 1754 1669 1786 quo
1692 1742 1897 1787 acceptiores
1918 1743 2023 1774 essent
2042 1739 2179 1785 reginae

235 1790 434 1834 Christinae,
462 1804 576 1826 eorum
603 1799 728 1827 tantum
755 1799 886 1838 partem
913 1805 1026 1827 secum
1052 1794 1149 1826 traxit
1175 1794 1233 1826 illa
1258 1794 1292 1826 in
1314 1793 1443 1826 Italiam
1471 1799 1504 1826 et
1525 1794 1704 1827 Vaticanae
1727 1793 1868 1826 moriens
1890 1790 2072 1831 dedicavit,
2097 1789 2179 1823 reli-

236 1852 301 1883 qua
332 1843 364 1874 in
391 1844 511 1877 Suecia
543 1846 700 1879 remansit
732 1851 764 1878 et
790 1845 960 1890 Upsaliae.
1013 1845 1082 1878 Sed
1115 1844 1202 1879 haec
1235 1850 1325 1878 extra
1352 1845 1452 1878 oleas.
1505 1845 1608 1886 Quod
1635 1846 1661 1878 si
1685 1845 1740 1878 vel
1766 1845 1812 1878 sic
1838 1854 1930 1877 secus
1956 1841 2123 1886 putaveris
2147 1844 2180 1874 et

237 1902 299 1924 nec
321 1892 467 1927 Vossiani
494 1896 695 1930 diversitates
721 1898 787 1930 iam
814 1896 1002 1942 possideas,
1039 1900 1094 1928 aut
1120 1908 1232 1929 meum
1260 1897 1450 1940 exemplum
1472 1897 1552 1929 Tibi
1578 1897 1650 1930 usui
1677 1908 1746 1929 esse
1772 1907 1871 1940 posse
1898 1894 2076 1934 existimes,
2112 1903 2178 1926 uno

239 1943 342 1974 verbo
366 1944 529 1989 significa,
557 1954 589 1981 et
615 1949 775 1992 quicquid
804 1953 868 1991 est,
895 1948 986 1981 illico
1007 1949 1197 1991 praestabo.
1248 1948 1345 1980 Idem
1370 1948 1599 1991 promitterem
1627 1948 1670 1980 de
1697 1948 1827 1980 duobus
1853 1946 1997 1979 tribusve
2023 1944 2180 1988 exemplis

238 1993 331 2026 Festi
355 1995 519 2038 Noniique
551 2001 638 2042 typis
668 2000 852 2044 exscriptis,
893 1999 1012 2043 quibus
1039 2010 1100 2043 per
1126 2004 1280 2044 tempora
1306 1999 1339 2031 in
1366 1999 1515 2043 margine
1543 1999 1701 2043 adscripsi
1727 1999 1861 2032 nomina.
1887 1999 2033 2030 virorum
2059 1996 2181 2029 docto—

239 2056 332 2087 rum,
375 2045 407 2077 in
440 2057 579 2088 quorum
607 2051 696 2083 libris
723 2052 802 2083 olim
829 2051 898 2095 legi
924 2051 1058 2083 illorum
1085 2050 1175 2084 hunc
1201 2051 1338 2083 illumve
1364 2051 1476 2084 locum
1504 2055 1559 2083 aut
1587 2051 1799 2084 emendatum
1825 2053 1882 2083 aut
1906 2049 2120 2089 illustratum,
2154 2046 2180 2080 si

242 2100 297 2128 aut
323 2100 462 2140 propter
488 2100 713 2140 quotidianum
741 2114 833 2136 usum
859 2102 896 2134 iis
923 2102 1022 2135 facile
1049 2113 1163 2135 carere
1189 2114 1339 2147 possem,
1381 2106 1437 2134 aut
1463 2103 1636 2146 suspicari,
1673 2102 1706 2134 in
1731 2102 1767 2134 iis
1794 2113 1881 2142 esse,
1915 2111 2002 2143 quae
2029 2099 2181 2131 obtutum

242 2152 374 2179 tuorum
401 2148 572 2181 oculorum
601 2150 793 2195 effugerint,
834 2153 957 2197 magis,
991 2165 1090 2196 quam
1117 2154 1201 2194 mei,
1237 2153 1270 2186 in
1298 2165 1371 2186 eam
1398 2165 1469 2186 rem
1496 2154 1705 2186 intentorum.
1757 2153 1813 2186 Tu
1839 2151 1985 2193 interim,
2021 2149 2081 2182 Vir
2105 2149 2180 2182 Do·-

245 2198 347 2240 ctiss.,
378 2199 451 2232 vale
478 2211 517 2232 ex
544 2201 652 2232 animo
679 2207 711 2234 et
737 2215 788 2235 res
814 2205 905 2236 Tuas
931 2204 1146 2248 litterariique
1173 2205 1262 2237 orbis
1289 2205 1430 2238 feliciter
1456 2217 1530 2249 age.
1585 2206 1687 2238 Plura
1713 2204 1850 2237 fortasse
1876 2203 1927 2235 his
1953 2200 2129 2241 adderem,
2153 2198 2179 2231 si

247 2248 339 2281 domi
365 2261 468 2283 essem
496 2255 529 2284 et
553 2251 585 2283 in
612 2253 841 2296 suppellectile
868 2266 951 2287 mea.
1004 2256 1087 2288 Ruri
1120 2257 1206 2289 enim
1239 2256 1326 2289 haec
1352 2257 1478 2297 scribo,
1522 2268 1588 2300 quo
1615 2256 1809 2290 valetudinis
1835 2265 1947 2289 caussa
1972 2252 2064 2295 dego
2089 2248 2178 2294 apud

247 2300 400 2342 fratrem,
430 2301 485 2345 qui
513 2313 552 2335 ex
578 2307 668 2334 tanto
695 2314 831 2335 numero
858 2315 939 2337 unus
964 2306 1048 2338 mihi
1073 2312 1231 2352 superest.
1287 2308 1412 2340 Iterum
1439 2307 1521 2343 vale.
1575 2308 1681 2343 Scrib.
1709 2308 1828 2352 raptim
1855 2302 2046 2339 Arensboci
2067 2309 2179 2346 prope

248 2350 428 2385 Luhecam
455 2352 488 2386 d.
514 2364 612 2386 xxm.
633 2353 709 2387 Iulii
734 2354 990 2388 clolocccxxrn.
