2263 2668
640 142 1120 180 PRAEFATIO
1173 135 1530 176 DAcER11.
1994 137 2067 171 285

110 245 198 278 ronis
225 240 394 277 nectendis
422 239 622 281 adhibeant,
659 239 771 282 Mars,
805 240 935 282 Pallas,
961 237 1078 282 Enyo,
1106 237 1339 282 bellipotentia
1364 237 1422 270 illa
1449 236 1600 277 numina,
1628 246 1669 268 an
1691 234 1820 280 Apollo
1844 234 1916 277 ipse
1943 233 2068 265 omnis-

110 307 176 340 que
196 295 371 328 Musarum
398 291 531 326 chorus.

276 345 338 379 His
372 343 503 378 accedit
539 343 654 384 etiam,
681 342 776 387 quod
809 342 855 376 sic
888 353 966 375 vere
992 345 1169 386 paternum
1204 341 1237 373 in
1265 340 1413 373 subditos
1448 339 1594 372 animum
1620 349 1654 371 se
1680 337 1792 370 testari
1817 346 1915 380 posse
1940 334 2069 379 putavit

111 398 187 432 Rex
208 397 376 443 OptimuS‚
392 397 419 429 si
446 395 491 429 eis
518 394 561 428 ad
588 395 699 428 literas
724 396 769 428 ita
795 395 884 427 viam
910 393 1061 435 muniret,
1092 397 1128 426 ut
1155 392 1212 436 qui
1231 392 1264 424 in
1285 403 1322 425 re
1343 391 1533 425 tenuissima
1556 394 1671 432 essent,
1694 387 1906 422 nihilominus
1924 387 1977 420 vel
2004 386 2069 420 mi-

111 450 201 484 nimo
230 453 365 493 sumptu
391 447 505 493 regiae
530 447 737 480 institutionis
763 445 942 491 participes
970 456 1040 478 esse
1066 452 1209 488 possent.

276 501 373 534 Haec
400 503 487 540 sunt,
518 498 660 539 Lector,
687 510 773 542 quae
795 503 907 531 tecum
934 497 1178 531 communicata
1206 494 1373 539 oportuit,
1403 504 1491 527 nunc
1518 493 1560 526 de
1584 492 1685 526 Festo
1708 490 1873 535 Pompeio
1901 493 1934 522 et
1958 488 2069 523 hocce

112 564 190 587 meo
217 552 363 585 instituto
391 551 503 584 dicere
529 550 729 595 aggrediar,
767 550 792 582 si
819 549 909 594 prius
935 548 1061 592 aliquid
1088 547 1132 580 de
1152 547 1270 580 Verrio
1299 546 1424 578 dixero.

275 604 328 637 Ex
354 602 513 636 Suetonio
542 602 695 636 discimus
721 601 877 635 Marcum
900 600 1053 634 Verrium
1075 599 1238 633 Flaccum
1272 597 1510 630 nobilissimum
1544 594 1800 641 grammaticum
1827 592 1887 625 sub
1914 592 2068 636 Augusto

113 654 280 697 floruisse,
316 655 449 697 eiusque
475 654 651 698 nepotibus
677 657 934 699 praeceptorem
961 652 1107 686 electum
1132 651 1165 684 in
1192 650 1317 694 palatio
1346 649 1509 683 docuisse.
1562 648 1672 680 Multa
1699 645 1890 689 scripserat,
1931 643 2069 676 citantur

113 707 202 740 enim
229 708 299 740 eius
326 707 404 739 libri
430 716 549 739 rerum
574 706 745 739 memoria
772 705 986 750 dignorum.-
1025 703 1084 737 De
1110 702 1266 736 obscuris
1292 700 1454 738 Catoni33
1496 699 1554 733 De
1579 698 1764 732 verborum
1790 693 2069 741 significatione:

112 757 314 803 Epistolae:
354 757 541 799 Carmina,
576 762 609 791 et
643 757 707 790 alia
740 757 852 790 multa.
912 755 981 790 Sed
1009 766 1124 788 eorum
1153 754 1343 799 fragmenta
1370 751 1535 796 quaedam
1562 750 1605 783 ad
1632 761 1690 783 nos
1717 750 1956 793 pervenerunt,
1983 756 2070 789 quae

112 809 197 842 sitim
224 814 351 843 tantum
377 814 523 842 nostram
551 809 747 843 accendunt.
800 808 873 842 Soli
900 808 943 841 de
968 808 1147 841 verborum
1176 804 1418 851 significatione
1439 803 1514 836 libri
1538 802 1732 848 integriores
1754 799 1873 834 servati
1894 802 1968 831 sunt
1990 808 2069 831 cura

112 861 268 907 Pompeii
287 861 377 894 Festi
405 862 462 904 qui
489 871 605 894 eorum
633 861 802 905 epitomen
829 859 918 894 fecit.

277 913 370 946 Sexti
396 912 551 957 Pompeii
577 913 667 946 Festi
701 916 843 945 aetatem
875 912 1033 945 incertam
1061 913 1178 955 putant
1204 908 1266 941 viri
1294 905 1491 945 doctissimi,
1527 905 1582 948 qui
1610 910 1642 937 et
1669 914 1745 936 eum
1769 901 1875 935 multo
1903 899 2069 943 antiquio-

112 975 183 997 rem
209 963 350 1006 faciunt,
389 976 489 1008 quam
517 963 591 999 fuit.
644 963 714 997 Sed
734 963 983 996 Eruditissimus
1008 962 1139 995 Vossius
1166 971 1240 994 eum
1267 960 1327 992 sub
1351 957 1610 1003 Imperator-ibus
1633 954 1824 989 Christianis
1849 951 1966 986 vixisse
1992 962 2070 984 vere

113 1016 257 1049 coniecit
283 1027 323 1050 ex
350 1015 498 1049 eiusdem
526 1016 634 1049 verbis
660 1015 693 1048 in
719 1026 897 1060 supparus
906 1026 917 1053 ,·
945 1026 1021 1048 cum
1048 1013 1135 1047 enim
1163 1012 1253 1046 dieat
1280 1022 1443 1056 supparos
1470 1008 1636 1053 appellari
1661 1006 1736 1040 vela
1763 1006 1849 1038 linea
1875 1004 1908 1036 in
1935 1013 2070 1036 crucem

113 1079 277 1111 expansa,
318 1067 398 1101 inde
423 1072 514 1101 recte
540 1067 713 1112 colligitur
741 1078 816 1100 eum
843 1067 879 1099 iis
906 1066 1114 1111 temporibus
1141 1069 1253 1097 natum
1281 1063 1400 1106 quibus
1427 1072 1519 1095 sacra
1547 1071 1627 1094 crux
1654 1059 1685 1091 in
1712 1057 1841 1090 honore
1868 1055 1985 1088 habita
2013 1060 2068 1086 est.

113 1118 213 1152 Certe
241 1118 383 1152 dubitari
410 1130 476 1152 non
502 1124 614 1164 potest
637 1119 716 1162 quin
742 1123 820 1163 post
843 1118 1035 1151 Martialem
1057 1122 1089 1150 et
1108 1116 1250 1150 Canium
1277 1115 1412 1154 vixerit,
1445 1124 1520 1147 cum
1546 1123 1603 1144 eos
1628 1110 1753 1143 laudet.
1806 1108 1866 1140 His
1891 1117 2071 1151 argumen-

111 1171 152 1203 tis
179 1170 321 1204 alterum
356 1171 437 1203 addi
470 1175 596 1215 potest,
640 1171 776 1204 Festum
800 1170 1000 1215 Pompeium
1028 1181 1047 1202 a
1074 1169 1167 1202 nullo
1204 1172 1319 1201 autore
1347 1165 1439 1201 citari
1466 1164 1521 1208 qui
1550 1168 1624 1196 ante
1652 1173 1690 1194 ea
1717 1165 1869 1204 tempora
1895 1157 2069 1202 scripserit.

112 1221 180 1256 Hic
211 1222 322 1256 Verrii
349 1221 392 1255 de
419 1223 595 1256 verborum
625 1222 866 1267 significatione
894 1222 995 1254 libros
1022 1221 1200 1261 breviavit,
1244 1219 1356 1263 ibique
1384 1218 1598 1249 intermortua
1627 1218 1659 1246 et
1686 1212 1815 1256 sepulta
1841 1210 1943 1242 verba
1970 1220 2071 1253 prae-

111 1274 207 1307 teriit.
263 1273 355 1307 Cave
380 1279 491 1307 tamen
517 1274 595 1307 istos
621 1274 667 1307 de
693 1273 877 1307 verborum
904 1272 1166 1319 significatione
1192 1271 1296 1304 libros
1325 1269 1461 1303 eosdem
1490 1279 1559 1301 esse
1586 1265 1701 1300 credas
1730 1275 1768 1297 ac
1796 1274 1850 1295 eos
1878 1261 1933 1304 qui
1951 1261 2070 1294 dicun-

111 1329 164 1358 tur
190 1324 375 1369 priscorum
401 1326 579 1359 verborum
608 1336 684 1359 cum
713 1326 884 1370 exemplis.
938 1325 1034 1358 Viros
1068 1324 1186 1358 doctos
1220 1322 1278 1366 qui
1309 1322 1355 1354 ita
1382 1320 1603 1354 existimarunt
1629 1317 1661 1350 in
1689 1326 1833 1349 errorem
1860 1313 1988 1346 induxit
2012 1311 2071 1345 hic

111 1375 202 1409 Festi
227 1377 320 1411 locus
348 1377 435 1410 male
461 1377 646 1411 intellectus
675 1377 708 1409 in
735 1388 819 1412 voce
844 1376 1041 1421 profanum:
1076 1376 1183 1410 Cuius
1207 1373 1348 1419 (Verrii)
1377 1372 1570 1418 opinionem
1597 1379 1706 1414 neque
1733 1367 1765 1400 in
1793 1366 1874 1406 lzoe,
1901 1374 2010 1409 neque
2036 1363 2070 1396 in

111 1428 192 1462 aliis
219 1428 457 1474 compluribus
483 1428 643 1475 refutare
669 1429 810 1462 minime
836 1440 974 1462 necesse
1002 1432 1070 1471 est,
1103 1439 1181 1461 cum
1203 1426 1425 1472 propositum
1448 1422 1600 1456 habeam
1623 1432 1666 1454 ex
1688 1422 1785 1452 tanto
1808 1417 1974 1450 librorum
1999 1415 2070 1448 eius

111 1490 272 1522 numero,
301 1481 530 1514 intermortua
558 1481 630 1514 iam
659 1484 690 1513 et
717 1481 856 1526 sepulta
884 1480 1012 1521 verba,
1041 1483 1146 1524 atque
1173 1479 1247 1524 ipso
1275 1488 1381 1522 saepe
1409 1474 1593 1521 confitente
1613 1472 1741 1505 nullius
1763 1480 1843 1502 usus
1865 1471 1925 1500 aut
1949 1470 2070 1499 ancto-

112 1531 228 1564 ritatis
250 1532 471 1576 praeterire,
500 1536 531 1565 et
552 1532 708 1577 reliqua,
736 1544 841 1576 quam
864 1531 1063 1565 brevissime
1086 1531 1255 1576 redigere
1276 1530 1309 1562 in
1331 1528 1437 1561 libros
1461 1525 1653 1560 admodum
1675 1532 1818 1568 paucos.
1873 1519 1932 1551 Εα
1953 1522 2069 1551 antem

114 1581 160 1615 de
188 1582 310 1626 quibus
337 1583 520 1625 dissentio,
564 1587 595 1616 et
627 1587 751 1628 aperte
786 1587 818 1617 et
853 1582 1005 1616 breviter
1033 1586 1069 1616 ut
1096 1583 1207 1616 sciero
1234 1581 1369 1626 scripta
1396 1580 1429 1612 in
1457 1578 1510 1611 his
1537 1577 1621 1610 meis
1649 1575 1746 1608 libris
1773 1571 1986 1605 invenientur
2012 1569 2070 1614 qni

113 1632 348 1667 inscribuntur
373 1634 569 1679 priscorum
596 1634 781 1668 verborum
809 1646 886 1668 cum
915 1634 1090 1679 exemplis.
1146 1633 1215 1667 Sed
1243 1632 1331 1666 haec
1358 1636 1483 1663 tantum
1507 1629 1643 1661 innuunt
1664 1625 1754 1659 Festi
1776 1623 1947 1657 consilium
1970 1621 2069 1653 fuisse

113 1684 146 1716 in
172 1683 265 1718 hisce
292 1685 381 1718 libris
406 1685 451 1718 de
475 1685 660 1719 verborum
687 1685 965 1732 signficatione,
1012 1686 1119 1719 Verrii
1149 1685 1263 1718 Flacci
1300 1683 1445 1716 eiusdem
1483 1679 1669 1725 argumenti
1703 1677 1805 1709 libros
1840 1676 1873 1707 in
1901 1674 2070 1719 epitomen

113 1735 287 1780 redigere,
331 1737 516 1782 praeteritis
549 1743 674 1771 tantum
706 1739 815 1770 verbis
841 1738 1081 1778 intermortuis,
1125 1743 1157 1769 et
1182 1736 1326 1780 sepultis.
1379 1735 1469 1766 Tum
1498 1738 1529 1765 ct
1557 1732 1695 1763 alterum
1723 1727 1878 1760 volumen
1905 1724 2070 1759 conficere

112 1787 310 1832 priscorum
338 1787 528 1821 verborum
555 1800 634 1822 cum
661 1790 845 1834 exemplis,
880 1790 935 1823 ubi
965 1802 1003 1822 ea
1029 1794 1154 1822 tantum
1183 1787 1306 1820 referre
1334 1785 1516 1829 cogitabat,
1544 1794 1629 1826 quae
1656 1782 1687 1813 in
1717 1779 1881 1824 prioribus
1907 1776 1999 1809 hisce
2026 1775 2069 1807 de

113 1838 292 1871 verborum
321 1839 561 1885 significatione
587 1842 825 1884 praeteriisset,
854 1846 886 1874 et
914 1842 1056 1874 brexiter
1084 1852 1122 1872 ea
1150 1840 1193 1872 de
1219 1839 1338 1881 quibus
1365 1836 1548 1868 dissentiret
1572 1844 1748 1877 exponere.
1802 1831 1845 1862 Et
1866 1828 1951 1861 haec
1975 1827 2069 1859 aliter

112 1890 255 1935 intelligi
282 1902 347 1923 non
373 1903 473 1936 posse
500 1892 689 1925 fatebuntur
715 1894 771 1935 qui
799 1892 968 1925 attendent
998 1892 1135 1924 Festum
1164 1891 1196 1922 in
1223 1890 1314 1922 hisce
1342 1889 1384 1920 dc
1412 1887 1589 1919 verborum
1617 1882 1857 1929 significatione
1894 1879 1981 1912 libris
2008 1889 2067 1910 ne-

112 1952 177 1984 que
202 1942 307 1974 Verrii
342 1943 634 1987 reprehensionem
666 1945 833 1977 instituere
860 1950 992 1988 praeter
1017 1954 1117 1986 quam
1146 1943 1177 1974 in
1206 1942 1286 1974 locis
1314 1939 1497 1972 admodum
1527 1937 1657 1981 paucis,
1698 1945 1805 1977 neque
1833 1931 1937 1964 multa
1966 1930 2067 1961 rerba

113 1993 326 2025 intermortua
362 2000 417 2027 aut
452 1995 581 2038 sepulta
615 1995 758 2035 referre,
805 2007 890 2038 quae
925 1996 1050 2028 scilicet
1076 1995 1107 2026 in
1136 1994 1234 2025 alium
1263 1993 1373 2024 locum
1402 1990 1608 2027 reservabat,
1655 1985 1745 2030 quod
1777 1990 1808 2016 et
1834 1983 1905 2026 ipse
1931 1987 2067 2014 testatur

113 2044 244 2079 alicubi.
300 2045 389 2077 Audi
416 2045 510 2078 illuni
538 2047 569 2078 in
597 2057 680 2080 voce
705 2047 862 2079 Tatium:
900 2046 1038 2079 Tatium
1066 2045 1215 2077 occisum
1245 2044 1295 2077 ait
1323 2042 1458 2075 Luvinii
1484 2040 1530 2073 ab
1558 2039 1681 2073 amicis
1707 2046 1825 2070 eorum
1852 2035 2065 2079 legatormn,

113 2107 197 2140 quos
225 2094 473 2140 interfecerant
503 2097 643 2131 Tcttianz'
675 2098 845 2138 latrones,
889 2098 951 2131 sed
984 2097 1156 2141 sepullum
1185 2096 1219 2128 in
1252 2094 1420 2128 Aventino
1445 2093 1610 2125 Laureto.
1668 2088 1772 2135 Quod
1801 2086 1852 2120 ad
1877 2084 2066 2130 significa-

112 2148 239 2180 tionem
274 2147 459 2181 verborum
493 2159 560 2182 non
595 2150 716 2194 magis
739 2150 907 2194 pertinet,
950 2160 1057 2193 quam
1090 2148 1201 2180 multa
1237 2147 1312 2180 alia
1348 2149 1378 2178 et
1400 2143 1598 2190 praeterita
1625 2141 1695 2175 iam
1725 2143 1755 2172 et
1783 2138 1949 2182 deinceps
1975 2146 2065 2181 quae

112 2197 318 2243 reserentur.
373 2199 443 2232 Ubi
471 2211 547 2234 cum
575 2200 664 2234 dicat
688 2200 804 2233 Festus
831 2212 865 2232 se
893 2201 957 2232 iam
985 2200 1087 2232 multa
1115 2198 1319 2242 praeteriisse
1346 2208 1431 2240 quae
1458 2196 1615 2238 deinceps
1638 2192 1798 2225 relaturus
1821 2193 1923 2229 esset,
1950 2192 2064 2233 aperte

112 2250 278 2294 significat
313 2262 346 2283 se
380 2262 419 2283 ea
454 2252 564 2284 omnia
597 2252 629 2284 in
661 2252 763 2284 libros
792 2252 991 2296 priscorum
1024 2250 1209 2284 verborum
1243 2260 1432 2282 reservasse.
1491 2248 1609 2289 Neque
1642 2244 1728 2277 enim
1761 2241 1866 2275 multa
1893 2240 2004 2273 adhuc
2031 2240 2062 2269 in

112 2301 214 2334 libros
242 2302 287 2335 dc
314 2302 498 2336 verborum
525 2302 786 2350 significatione
815 2303 976 2336 relaturus
1003 2308 1073 2336 erat
1099 2314 1175 2336 cum
1202 2302 1266 2334 iam
1294 2301 1337 2334 ad
1367 2311 1480 2333 eorum
1508 2303 1630 2331 metam
1656 2294 1868 2340 pervenisset.

278 2353 420 2388 Necesse
454 2361 501 2387 est
534 2355 634 2399 igitur
657 2354 792 2388 Festum
828 2355 994 2400 scripsisse
1029 2354 1075 2387 de
1108 2353 1291 2388 verborum
1324 2350 1600 2398 significatione,
1644 2353 1676 2380 et
1709 2346 1754 2379 de
1786 2342 1901 2378 verbis
1920 2339 2057 2385 priscis·

112 2403 314 2438 Posteriores
343 2406 410 2439 eius
438 2407 681 2441 lucubrationes
707 2406 808 2451 plane
834 2406 1088 2447 interciderunt,
1124 2405 1235 2440 nescio
1262 2405 1360 2438 etiam
1389 2415 1429 2437 an
1456 2413 1615 2447 umquam
1641 2400 1674 2433 in
1699 2396 1839 2443 publico
1865 2393 1951 2424 visae
1976 2391 2056 2421 sunt.
