2263 2668
214 100 264 135 7⁰

217 192 505 239 Frequentarinm
533 188 753 230 frequentem,

631 94 774 128 PAULI
801 94 920 128 DIAC.
947 93 1202 129 EXOERPTA
1229 95 1293 129 EX
1319 95 1406 128 LIB.
1435 96 1577 131 POMP.
1606 98 1743 132 FESTI

218 244 432 280 Fornacalia
458 240 559 273 feriae
586 239 749 270 institutae
777 242 851 269 sunt
879 238 972 270 farris
999 239 1145 272 torrendi
1173 241 1297 284 gratia.
1335 242 1426 283 quod
1454 241 1496 274 ad
1525 243 1714 284 fornacem.
1750 254 1835 287 quae
1859 243 1890 275 in
1917 243 2058 287 pistrinis
2085 247 2165 285 erat,

321 292 515 330 sacrificium
542 290 615 323 fieri
643 289 782 321 solebat.

222 350 372 383 Fur-vum
398 345 534 382 bovem,
569 341 604 373 id
631 345 679 373 est
705 340 856 385 nigrum,
887 340 1105 374 immolabant
1130 339 1297 375 Infern0¹.

219 396 415 434 Ferentani
443 393 521 426 levis
549 398 734 426 armaturae
760 397 975 436 pugnatores,

218 449 423 485 Faustulum
450 441 670 490 porcellum2,
704 444 846 476 feturam
874 455 1066 488 porcorum.

218 499 422 535 Familiaris
449 499 637 538 Romanus,
679 496 824 539 privatus
844 497 1025 528 Romanus.

218 554 338 593 Fana,
371 549 464 593 quod
491 548 593 581 fando
622 552 864 581 consecrantur.

218 604 336 638 Fastis
362 602 478 634 diebus
504 599 647 634 iucunda
670 598 733 631 fari
759 599 902 640 licebat,
938 598 1070 630 nefastis
1098 597 1262 640 quaedam
1290 608 1356 629 non
1382 598 1504 631 licebat
1530 596 1625 633 fari³.

220 657 333 690 Fenus
366 653 555 698 appellatur
590 651 744 684 naturalis
779 655 886 683 terrae
920 650 1024 688 fetus;

242 712 243 715 ’
322 712 390 739 tum
400 701 423 744 ⁵,
467 708 499 737 et
526 704 569 737 (le
597 714 636 736 ea
664 714 700 735 re
727 702 819 747 leges
846 702 1008 735 fenebres.

1079 649 1123 681 ob
1150 661 1249 692 quam
1279 661 1412 682 causam
1442 648 1495 683 εἰ*
1517 662 1728 684 nummorum
1758 651 1843 684 fetus
1869 652 1964 684 fenus
1991 655 2037 683 est
2064 660 2167 683 voca-

946 818 1250 859 LIBER
1328 817 1449 860 VII.

224 911 363 943 Get-rae
397 913 502 940 crates
538 907 709 939 vimineae.

320 959 492 992 irridentes
518 959 623 992 Siculi
650 968 765 1002 gerras
793 956 1015 990 clamitabant.

320 1011 482 1045 dicantur.

780 904 999 938 Athenienses
1034 915 1135 946 quum
1170 903 1348 947 Syracusas
1389 903 1581 936 obsiderent
1614 909 1647 937 et
1681 906 1799 938 crebro
1834 917 1948 950 gerras
1981 910 2167 950 poscerent,

1082 955 1180 988 Unde
1207 956 1332 988 factum
1361 959 1425 996 est,
1472 960 1507 988 ut
1534 967 1653 1000 gerrae
1680 967 1743 1000 pro
1770 958 1866 1003 nugis
1895 962 1927 991 et
1953 953 2169 1002 contemptu⁸

225 1064 346 1097 Genus
373 1063 497 1095 Ennius
522 1060 704 1105 palpebras
730 1063 844 1103 putat,
888 1069 991 1101 quum
1019 1058 1100 1091 dicit
1125 1057 1193 1090 hoc
1217 1069 1333 1090 versu:

592 1111 762 1151 Pandite,
803 1109 907 1150 sulti',
944 1106 1091 1154 genuf.
1133 1113 1165 1142 et
1191 1110 1298 1142 corde
1325 1109 1509 1154 relinquite
1534 1121 1701 1143 somnum.

323 1165 390 1199 Alii
416 1176 470 1197 eas
496 1168 609 1209 partes
636 1167 753 1207 putant
779 1173 883 1206 genas
909 1160 993 1202 dici,
1040 1173 1127 1205 quae
1153 1166 1227 1194 sunt
1253 1162 1314 1194 sub
1343 1161 1455 1194 oculis.

323 1217 428 1250 barba
455 1217 601 1261 plinium
629 1215 747 1255 oritur,
782 1213 852 1247 hoc
878 1224 988 1245 versu:

1517 1162 1680 1196 Pacuvius
1706 1174 1810 1207 genas
1835 1160 1951 1208 putat⁸
1978 1174 2064 1205 esse,
2105 1174 2171 1207 qua

594 1266 699 1300 Nunc
718 1264 875 1311 primum
902 1267 1033 1309 opacat
1047 1262 1147 1309 ιῘίόνιῑ
1174 1262 1309 1309 lanugo'
1335 1274 1460 1309 genas.

227 1320 376 1353 Gentilis
403 1319 523 1352 dicitur
549 1323 582 1352 et
609 1316 670 1351 ex⁰
692 1318 812 1351 eodem
840 1328 965 1361 genere
993 1321 1097 1356 ortus,
1126 1320 1158 1348 et
1179 1317 1221 1355 is,
1249 1315 1306 1358 qui
1333 1315 1429 1348 simili
1455 1316 1588 1349 nomine
1616 1316 1823 1361 appellatur,
1857 1322 1892 1349 ut
1916 1317 1961 1349 ait
1986 1316 2119 1350 Cincius
2131 1312 2170 1347 ¹⁰:

329 1371 486 1404 Gentiles
511 1370 598 1403 mihi
623 1374 717 1411 sunt,
759 1369 818 1414 qui
843 1379 920 1401 meo
946 1368 1083 1401 nomine
1109 1368 1346 1412 appellantur.

228 1423 387 1456 Genialis
412 1423 533 1463 lectus,
572 1422 629 1465 qui
652 1421 773 1466 nuptiis
785 1417 807 1437 ¹¹
833 1420 985 1453 sternitur
1011 1420 1043 1452 in
1070 1419 1235 1451 honorem
1248 1415 1272 1435 ¹²
1298 1419 1405 1463 genii,
1447 1418 1538 1452 unde
1564 1423 1598 1451 et
1620 1418 1809 1463 appellatus
1821 1415 1852 1450 ¹³.

228 1474 324 1508 Gens
349 1474 457 1507 Aelia
483 1474 692 1518 appellatur,
729 1483 814 1516 quae
838 1483 879 1504 ex
901 1471 1012 1504 multis
1034 1471 1166 1505 familiis
1188 1471 1371 1505 conficitur.

225 1526 377 1559 Gerusia
405 1525 495 1560 curia
521 1526 564 1558 ab
591 1525 704 1557 aetatis
730 1524 895 1557 vocabulo
923 1523 1020 1556 dicta.

230 1577 378 1611 Gemu’ni
404 1578 536 1618 (lentes,
572 1573 700 1620 quod¹⁴
727 1588 746 1608 a
772 1576 865 1620 genis
893 1574 1094 1618 dependent.

231 1628 374 1670 Gestus,
411 1640 478 1673 quo
488 1625 512 1645 ¹⁵
532 1629 716 1669 indicatur,
751 1627 833 1670 quid
855 1632 1010 1672 geratur,
1044 1630 1177 1670 praeter
1203 1624 1434 1669 participium,
1476 1623 1570 1667 quod
1597 1636 1617 1656 a
1643 1623 1794 1668 gerendo
1822 1621 2013 1656 deducitur.

313 1735 341 1771 1)
365 1734 504 1773 Inferno]
529 1735 576 1763 Sic
592 1734 763 1773 scripsimus
779 1733 814 1761 de
830 1733 1017 1768 coniectura,
1042 1741 1132 1769 quum
1150 1730 1180 1758 in

230 1775 315 1803 codd.
332 1777 362 1804 L.
377 1777 415 1805 M.
433 1778 489 1805 Gu.
509 1781 535 1808 1.
552 1780 581 1808 2.
602 1788 645 1816 pr.
665 1777 703 1805 sit
718 1782 830 1812 eterno,
865 1775 945 1814 quod
962 1775 1133 1813 frequenter
1149 1773 1181 1801 in

230 1816 311 1845 libris
327 1818 394 1847 Mss.
417 1820 561 1848 confundi
586 1830 653 1848 cum
676 1830 739 1847 voc.
761 1820 900 1856 infernus
916 1817 1017 1846 (locuit
1035 1816 1181 1845 Drakenb.

232 1858 268 1886 ad
289 1860 485 1899 Sil.1tal.111,
518 1864 567 1894 36.
614 1862 689 1891 Scal.
713 1867 741 1890 et
761 1863 830 1890 Dae.
849 1861 1034 1899 scripserunt
1050 1859 1181 1895 Averno,

233 1910 322 1938 quum
342 1903 422 1940 vulg.
438 1905 474 1932 sit
489 1906 636 1941 Saturno,
667 1905 747 1942 quod
769 1915 845 1933 unus
864 1903 984 1932 exhibet
1001 1902 1065 1931 cod.
1083 1902 1181 1931 Berol.

233 1958 275 1989 —.-
298 1942 326 1981 Ξ)
345 1946 527 1984 porcellum]
545 1948 712 1986 pot-cillum
733 1948 787 1976 Gu.
804 1951 831 1979 2.
854 1962 895 1968 -
916 1946 944 1984 3)
969 1946 1076 1974 licebat
1090 1943 1181 1983 fari]

236 1985 286 2012 Sic
299 1985 330 2014 L.
343 1986 375 2012 B.
391 1986 446 2014 Gu.
465 1991 490 2017 1.
505 1992 533 2019 2.
570 1991 640 2026 sari
660 1990 768 2018 licebat
785 1990 865 2027 vulg.
893 2006 928 2010 —-
953 1987 982 2029 4)
1007 1988 1050 2027 et]
1075 1998 1133 2016 om.
1152 1987 1182 2015 L-

233 2043 275 2048 —-
295 2025 324 2065 ἔγ)
348 2030 495 2066 vocatum]
519 2032 703 2068 appellatum
719 2034 774 2060 Gu.
793 2035 819 2063 1-
843 2048 882 2053 -···
905 2030 933 2070 6)
958 2036 984 2059 ft
1000 2029 1181 2069 ⁶0¹llmetl‘]

236 2068 418 2097 Doederlein.
436 2070 534 2099 latein.
553 2075 661 2110 Synon.
677 2085 705 2103 u.
720 2075 846 2113 Etymol.
861 2074 895 2103 T.
910 2074 961 2102 ΙΙΙ.
979 2084 1008 2113 p.
1021 2076 1071 2106 86.
1086 2074 1183 2111 legen-

234 2111 305 2140 dum
328 2121 389 2140 esse
410 2117 509 2141 censet
531 2119 556 2140 et
580 2125 659 2142 cum
683 2123 860 2155 contemptu.
905 2117 961 2145 Sed
982 2121 1182 2155 contemptum

235 2154 359 2183 fortasse
376 2153 480 2182 Festus
496 2156 596 2193 posuit
611 2166 664 2193 pro
682 2169 711 2185 re
725 2158 947 2187 contemnenda.
971 2176 1012 2181 —
1033 2160 1062 2195 7)
1086 2159 1183 2195 sulti',

233 2195 350 2235 genas]
366 2196 416 2224 Sic
432 2197 508 2225 Scal.
524 2202 552 2225 et
567 2198 666 2227 Daeer.
681 2201 805 2237 optime,
830 2212 920 2239 quum
936 2202 1017 2239 vulg.
1033 2202 1070 2230 sit
1086 2202 1185 2240 sulpi—

233 2248 344 2277 genas,
374 2239 453 2277 quod
470 2238 552 2277 ,nihil
568 2244 629 2276 θεῖς
659 2243 817 2279 sopigcnas
830 2244 861 2271 B.
877 2254 921 2282 pr.
966 2244 1066 2282 subig.
1082 2245 1137 2274 Gu.
1157 2247 1183 2274 1.

238 2281 415 2319 sulpigenas
432 2283 463 2310 L.
479 2282 516 2311 M.
539 2282 593 2310 Gu.
610 2285 638 2314 2.
664 2298 699 2303 -—
725 2282 752 2320 ὃ)
771 2286 879 2322 putat]
904 2296 960 2314 om.
974 2287 1006 2314 L.
1025 2303 1059 2307 —
1081 2287 1112 2323 9)
1134 2289 1183 2322 ex]

238 2323 286 2351 Sic
301 2324 332 2354 L.
347 2323 384 2352 M.
400 2324 532 2356 Gu.1.2.
548 2325 576 2351 8.
613 2335 646 2351 ex
663 2334 719 2352 om.
735 2325 815 2361 vulg.
852 2332 876 2352 et
893 2337 948 2355 om.
964 2329 994 2355 B.
1017 2343 1060 2349 ---
1083 2328 1127 2367 10)
1153 2334 1185 2356 nt

239 2366 284 2392 ait
301 2366 478 2394 Cinctus—
494 2366 706 2406 appellantur]
731 2377 785 2395 om.
803 2368 857 2395 Gu.
873 2371 897 2398 1.
920 2383 961 2389 -
985 2374 1027 2403 11)
1052 2371 1185 2409 nuptiis]

1223 1732 1255 1757 in
1270 1735 1355 1768 nupt.
1370 1730 1402 1758 L.
1427 1745 1466 1750 ——-
1494 1732 1534 1767 12)
1557 1730 1715 1769 honorem]
1735 1729 1846 1757 honore
1866 1729 1899 1758 B.
1922 1729 1978 1757 Gn.
1994 1731 2022 1760 2.
2066 1727 2175 1755 honore

1224 1783 1319 1811 regnu
1336 1772 1373 1802 Μ.
1396 1788 1439 1795 --
1464 1775 1506 1805 13)
1531 1771 1723 1811 appellatus]
1746 1772 1794 1800 Sic
1809 1772 1849 1800 Μ.
1868 1771 1923 1800 Gu.
1936 1773 1966 1802 2.
2010 1776 2053 1798 est
2072 1769 2177 1809 appel-

1225 1816 1309 1843 latus
1327 1815 1357 1843 L.
1394 1815 1569 1853 appellatur
1581 1816 1661 1853 vulg.
1685 1832 1725 1836 —
1748 1816 1790 1848 14)
1815 1813 1909 1853 quod]
1934 1815 1989 1852 qui
2002 1814 2034 1842 L.
2071 1812 2177 1852 appel-

1225 1858 1347 1894 lantar,
1371 1857 1456 1896 quod
1470 1858 1501 1886 B.
1527 1874 1561 1878 —
1589 1857 1634 1900 15)
1659 1859 1729 1897 quo]
1755 1856 1839 1895 quod
1852 1857 1882 1887 L.
1908 1872 1946 1878 —-
1971 1856 2019 1894 16)
2040 1855 2177 1895 appella-

1225 1900 1310 1940 bant]
1335 1902 1490 1940 appellant
1508 1901 1539 1928 L.
1559 1917 1601 1922 —
1624 1903 1669 1937 17)
1692 1911 1791 1928 rerum
1807 1897 1960 1938 omnium]
1983 1900 2116 1927 omnium
2130 1909 2176 1925 rez-

1224 1955 1293 1972 rum
1308 1944 1337 1971 L.
1363 1961 1399 1965 -
1427 1946 1470 1978 18)
1483 1943 1670 1982 gignuntur]
1684 1945 1857 1982 gtgrnantur
1872 1943 1966 1974 Gu.1.
1985 1959 2028 1964 —
2050 1943 2093 1976 19)
2104 1950 2176 1979 pro-

1218 1986 1341 2026 pterea]
1361 1991 1518 2025 praeterea
1534 1986 1630 2018 Gu.1.
1653 2003 1695 2008 —-
1716 1990 1764 2022 20)
1787 1984 1983 2024 nominatur]
2007 1983 2177 2023 appellatur

1225 2031 1257 2058 Β.
1281 2046 1320 2051 -——
1342 2033 1388 2064 21)
1412 2040 1471 2057 esse
1483 2031 1652 2068 putarunt}
1670 2034 1785 2068 putant
1803 2039 1863 2057 esse
1883 2028 1917 2058 Β.
1937 2043 1980 2049 -
1999 2029 2044 2062 22)
2069 2027 2177 2054 unius-

1226 2072 1387 2111 cuiusque]
1412 2073 1506 2100 unius
1529 2082 1587 2102 om.
1607 2072 1639 2101 B.
1668 2088 1710 2094 —
1738 2070 1784 2108 23)
1808 2071 1856 2110 ex]
1880 2070 1917 2099 de
1939 2070 1994 2100 G-u.
2011 2071 2039 2101 1.
2063 2085 2098 2090 --
2128 2067 2177 2105 24)

1226 2114 1344 2154 eadem]
1368 2125 1401 2143 cx
1423 2114 1527 2143 eadem
1546 2115 1576 2144 L.
1597 2115 1631 2144 B.
1653 2115 1709 2145 Gu.
1729 2118 1757 2146 1.
1783 2132 1825 2136 --
1853 2112 1902 2152 25)
1921 2113 2006 2147 nati]
2025 2112 2123 2150 geniti
2137 2110 2177 2139 M.

1228 2158 1283 2188 Gu.
1295 2161 1321 2189 1.
1337 2167 1382 2196 pr.
1399 2174 1442 2180 --
1463 2158 1510 2196 26)
1537 2158 1700 2193 Gemzcrsa]
1725 2158 1892 2186 Germana
1906 2156 1938 2185 L.
1955 2156 2012 2185 Gu.
2028 2157 2055 2186 1.
2101 2153 2176 2182 Ger-

1226 2211 1315 2229 musa
1337 2201 1370 2228 B.
1391 2216 1433 2222 —-
1454 2203 1500 2235 27)
1516 2200 1640 2239 faciat]
1655 2202 1742 2239 facit
1762 2201 1792 2228 L.
1818 2215 1861 2221 —
1883 2200 1929 2237 28)
1953 2198 2007 2236 qui
2028 2195 2079 2235 id]
2102 2192 2179 2234 quid

1227 2244 1265 2273 M.
1284 2244 1340 2271 Gu.
1353 2246 1382 2275 2.
1428 2242 1512 2281 quod
1525 2244 1562 2272 B.
1602 2243 1638 2271 id
1651 2254 1707 2274 om.
1723 2243 1753 2273 L.
1772 2243 1806 2272 B.
1820 2252 1866 2281 pr.
1887 2257 1930 2263 --
1951 2242 1999 2275 29)
2023 2234 2175 2276 Gingrire]

1230 2286 1397 2324 Gingurlre
1412 2286 1443 2314 L.
1466 2302 1509 2307 —-
1530 2284 1577 2325 30)
1590 2288 1766 2326 gingrinae]
1785 2289 1932 2313 vocantur
1945 2282 2013 2311 add.
2026 2281 2109 2309 L.-
2129 2280 2174 2311 31)

1231 2328 1448 2367 Gingeriator]
1471 2329 1520 2357 Sic
1534 2330 1562 2357 S.
1581 2330 1648 2358 Dae.
1693 2329 1862 2358 Gizen'ator
1877 2325 1957 2362 vulg.
2002 2321 2175 2351 Gmeriator

1228 2371 1276 2408 R,
1300 2371 1331 2399 in
1347 2371 1431 2399 cuius
1446 2371 1513 2399 cod.
1531 2372 1664 2408 margine
1678 2375 1721 2399 est
1732 2371 1916 2401 Gizeriator‚
1940 2363 2020 2404 quod
2035 2361 2176 2393 exhibent
