2263 2668
233 177 309 211 460
658 177 1003 214 COMMENTARII
1027 177 1076 211 lN
1101 177 1243 212 PAULI
1269 179 1465 215 DIACONI
1490 181 1744 216 EXCERPTA

235 271 420 310 Quamquam
443 270 491 298 hic
514 270 616 298 ultima
639 270 718 299 Festi
741 269 948 308 interpretatio
968 281 1021 309 per
1042 268 1142 299 dolum
1166 269 1295 312 decipere
1316 273 1415 302 locum
1439 273 1548 303 habere
1569 275 1671 313 possit.
1714 274 1815 303 Malim
1838 279 1934 305 tamen
1957 278 2051 310 aliter.
2082 279 2174 310 Dae.

235 314 425 342 lnconciliare
448 317 476 339 et
498 312 656 349 inducere,
681 313 837 348 seducere,
861 312 982 341 illicere.

397 361 436 390 In
446 361 578 393 elutus.
625 364 684 399 Qui
706 363 793 392 valde
817 363 904 391 cluet.
941 363 1046 392 Cluere
1069 368 1111 392 est
1133 366 1295 402 nominari,
1319 365 1463 394 celebrari
1487 377 1502 394 a
1525 363 1634 397 κλύειν.
1670 367 1763 398 Plaut.
1788 367 1871 407 capt.
1895 368 1968 406 (111,
1990 371 2026 406 6,
2050 372 2132 410 31.);

808 413 913 443 Facito
936 424 1003 453 ergo
1027 421 1074 450 tu,
1106 423 1136 444 ut
1158 415 1324 445 Acherunti
1347 415 1445 445 clueas
1464 415 1572 456 gloria.

236 465 321 493 Dae.
361 463 433 492 Vide
457 473 547 502 supra
573 462 698 493 Clutum.
726 462 831 494 Goth.
876 464 919 493 Cf.
944 475 1018 503 quae
1040 475 1132 506 supra
1155 467 1284 497 diximus
1307 467 1343 495 ad
1367 477 1395 496 v.
1418 466 1538 496 Clienta.

398 513 538 555 Inceps.
582 515 625 544 Ab
650 517 680 544 in
703 519 731 542 et
753 516 838 554 capio
862 515 981 554 inceps,
1013 520 1046 544 ut
1068 527 1083 544 a
1106 516 1171 546 dein
1196 523 1223 547 et
1246 518 1331 557 capio
1354 517 1501 557 deinceps.
1545 518 1633 548 Dac.

396 556 576 587 Incestus.
622 558 646 586 A
670 558 783 586 Graeco
808 554 989 596 ἀνήκεστον,
1024 559 1219 597 inexpiabile,
1254 559 1427 589 incurabile.
1476 560 1534 589 Sed
1562 562 1688 590 incestus
1716 561 1815 600 potius
1844 561 1880 590 ab
1911 563 1941 591 in
1970 563 2118 602 privativo
2148 569 2176 593 et

234 607 347 636 castus,
371 605 403 627 ut
425 599 552 641 infectus
576 599 721 639 afactus.
750 599 884 628 Incestus
908 605 1004 629 autem
1028 601 1064 630 de
1088 604 1194 640 quovis
1216 602 1322 631 illicito
1347 603 1509 632 concubitu
1531 603 1651 634 dicitur.
1675 604 1762 635 Dac.
1797 604 1880 633 Adde
1901 605 2029 635 Nonium
2049 604 2092 647 (p.
2105 606 2175 638 461.

235 641 340 682 Mero.)
364 641 393 670 in
418 641 556 671 Incestus.
603 641 707 673 Goth.

398 683 698 723 Inconspretum.
744 684 787 712 Ab
811 685 840 712 in
865 689 894 712 et
916 696 971 714 con
995 690 1024 714 et
1045 697 1158 725 sperno.
1202 686 1289 715 Dac.

397 725 586 757 Incoctae.
631 727 675 754 Ab
703 727 893 765 incoquendo
924 727 1057 758 incoctae
1085 729 1237 766 mulieres,
1275 739 1351 768 quae
1380 729 1556 758 calamistris
1584 729 1679 758 crines
1709 729 1867 760 vibrabant
1896 735 1926 760 et
1951 731 2174 770 intorquebant.

235 768 291 797 Sed
314 769 344 796 in
366 768 465 796 verbis
489 769 566 797 Festi
590 774 675 808 turpe
698 770 836 797 mendum
859 770 992 801 inolevit.
1035 771 1107 800 Nam
1136 777 1249 801 certum
1280 777 1323 800 est
1349 772 1407 810 legi
1436 771 1557 801 debere:
1593 770 1667 801 Plus
1691 783 1783 813 aequo
1807 771 1985 803 calamistris
2009 782 2107 811 ustae,
2143 773 2175 803 id

236 816 278 839 est
300 811 431 847 inustae,
460 811 606 840 incoctas.
651 812 738 841 Dae.

398 852 665 883 Incavillatio.
711 854 783 882 Vide
810 852 976 883 Cavillatio.
999 854 1086 884 Dae.
1131 856 1254 884 Glossae
1277 855 1351 884 MS.:
1383 854 1595 892 Incauillatur,
1623 854 1691 884 inde
1709 853 1827 887 ridetur.
1874 856 1978 888 Goth..

398 894 674 935 Incalationes.
720 897 792 925 Vide
816 907 905 935 supra
931 895 1088 927 Calatores.

398 937 572 968 Incensit.
616 939 798 977 incenderit,
821 939 863 967 sic
886 940 1021 979 inceps-it,
1044 940 1203 978 ince-perit3
1228 940 1357 979 irrepsit,
1380 940 1543 979 irrepserit.
1567 940 1654 970 Dac.
1682 941 1748 970 Non
1771 941 1862 970 credo
1885 941 2000 971 dictum
2021 952 2084 971 esse
2106 942 2175 971 irre-

231 980 290 1018 psit
313 989 369 1017 pro
393 990 426 1008 eo
451 981 530 1019 quod
554 986 598 1010 est
620 982 771 1020 irrepserit.
817 982 889 1010 Nam
918 983 1054 1021 surrepsit
1083 983 1195 1011 dicitur
1224 993 1279 1021 pro
1306 983 1494 1022 surripueri15
1530 984 1652 1023 arrepsit
1679 994 1736 1022 pro
1764 984 1935 1024 arripuerit‚·
1968 983 2091 1014 ademsit
2119 995 2174 1024 pro

233 1020 387 1059 ademerit,-
411 1022 532 1052 incensit
556 1035 610 1063 pro
633 1022 800 1053 incenderit.
839 1025 893 1052 Res
915 1024 954 1052 ita
978 1035 1008 1052 se
1032 1024 1129 1053 habet.
1161 1024 1215 1053 Rit
1239 1025 1404 1054 terminatio
1428 1025 1544 1054 solebat
1566 1026 1595 1053 in
1619 1026 1717 1063 lingua
1734 1027 1811 1055 Osca
1834 1031 1863 1055 et
1885 1027 2006 1065 antiqua
2021 1027 2121 1055 Latina
2143 1027 2175 1055 in

235 1063 281 1092 Sit
305 1065 465 1101 demutari,
501 1067 579 1095 unde
609 1067 727 1105 dempta
757 1067 853 1095 vocali
876 1067 1049 1106 interposita
1072 1078 1128 1106 pro
1151 1068 1248 1095 emerit
1270 1069 1352 1096 emsit
1375 1067 1538 1096 dicebatur.
1583 1068 1679 1106 Igitur
1704 1069 1825 1097 incensit
1847 1069 1961 1098 dictum
1984 1074 2029 1098 est
2050 1080 2106 1109 pro
2127 1070 2175 1098 in-

234 1105 359 1143 cendsit,
383 1106 411 1135 h.
432 1118 455 1135 e.
479 1108 646 1137 incenderit.
690 1109 749 1136 Iam
772 1109 966 1146 intelligitur,
998 1120 1088 1148 quare
1112 1111 1225 1148 irrepsit
1248 1120 1302 1148 pro
1326 1111 1470 1149 irrepserit
1493 1110 1550 1138 dici
1575 1121 1634 1139 non
1660 1111 1802 1149 potuerit.

398 1149 439 1178 In
449 1161 597 1179 cessere.
631 1152 786 1189 perperam
812 1152 928 1190 quidam
952 1162 1008 1190 pro
1030 1153 1111 1181 iactu
1134 1151 1232 1180 iaculo
1256 1153 1449 1180 substituunt.
1472 1151 1569 1182 Scal.
1593 1152 1688 1182 Saxis
1709 1154 1846 1182 incessere
1869 1153 1969 1182 Livius
1987 1153 2078 1194 (VIII,
2101 1152 2173 1192 24).

233 1191 309 1219 Male
334 1202 388 1229 pro
417 1193 568 1221 immittere
596 1193 715 1231 quidam
746 1195 846 1232 legunt
875 1194 969 1222 inniti.
1003 1194 1088 1223 Dac.
1134 1194 1219 1223 Adde
1240 1195 1317 1223 infra
1342 1193 1487 1224 Petis-sere.
1522 1193 1628 1226 Goth.
1673 1196 1724 1224 Est
1746 1195 1908 1225 infinitivus
1932 1196 2024 1225 futuri
2047 1196 2173 1225 nativus.

232 1231 342 1263 Petisso
365 1235 442 1262 enim
464 1245 520 1273 pro
541 1237 665 1275 petiero,
690 1237 800 1265 incesso
822 1247 876 1276 pro
898 1237 1039 1265 incessero
1064 1237 1234 1274 dicebatur,
1260 1237 1339 1266 unde
1361 1237 1523 1266 infinitivus
1546 1248 1693 1276 procusus
1716 1243 1769 1270 est.

395 1284 619 1315 Inclamare.
665 1287 758 1318 Plaut.
783 1288 862 1317 Asin.
887 1287 955 1323 (111,
979 1289 1014 1323 2,
1039 1289 1117 1325 36.):

804 1337 902 1367 Nimis
923 1349 1007 1377 aegre
1029 1339 1160 1367 continui
1181 1338 1232 1366 ubi
1253 1338 1392 1377 hospitem
1415 1336 1597 1374 inclamavit,

809 1379 896 1419 Quod
917 1392 946 1408 se
968 1379 1083 1409 absente
1104 1379 1176 1408 mihi
1187 1379 1284 1421 fidem
1308 1379 1412 1409 habere
1433 1378 1579 1409 noluisset.

230 1427 302 1456 Inde
324 1427 509 1459 inclamitare
531 1430 696 1469 obiurgare.
742 1430 835 1459 Plaut.
858 1430 943 1469 Epid.
968 1430 1020 1470 (V,
1044 1434 1079 1467 2,
1102 1429 1180 1469 45.):

803 1480 901 1511 Etiam
925 1479 1095 1510 inclamitor
1116 1483 1202 1522 quasi
1223 1493 1329 1512 servus.

229 1520 317 1552 Dac.

391 1565 431 1593 In
441 1565 610 1594 cicerem.
658 1565 716 1601 Qui
739 1566 858 1594 minime
881 1567 962 1595 cicur
984 1571 1044 1601 est,
1069 1571 1256 1602 mansuetus,
1280 1565 1428 1604 placidus,
1450 1575 1466 1593 a
1489 1566 1657 1595 membrana
1681 1566 1749 1595 mali
1768 1565 1887 1603 Punici,
1912 1575 1987 1604 quae
2009 1566 2103 1596 cicum
2127 1565 2171 1595 di-

229 1606 317 1635 citur.
364 1606 457 1635 Varro
481 1607 542 1635 Lib.
556 1607 603 1637 VI.
626 1607 663 1636 de
687 1608 717 1638 L.
740 1608 770 1638 L.
794 1608 856 1644 (lib.
871 1609 941 1645 Vll,
963 1611 1033 1640 368.
1057 1610 1135 1647 Sp.):
1164 1607 1259 1646 Apud
1283 1607 1460 1637 Pacuvium:

890 1677 926 1680 —
972 1675 1012 1680 -
1057 1675 1098 1681 —
1142 1657 1236 1687 Nulla
1259 1670 1302 1687 res
1324 1670 1413 1699 neque

847 1699 998 1739 Cicurare,
1021 1713 1110 1742 neque
1130 1700 1267 1730 mederier
1285 1701 1364 1741 potis
1385 1708 1442 1737 est,
1465 1712 1553 1740 neque

844 1742 984 1784 Reficere.

234 1789 375 1821 Cicurare
397 1791 625 1834 mansuefacere.
667 1791 755 1831 Quod
775 1794 850 1822 enim
874 1806 893 1823 a
905 1793 978 1835 fero
1002 1793 1173 1830 discretum,
1198 1793 1230 1824 id
1251 1793 1361 1823 dicitur
1382 1794 1477 1829 cicur,
1500 1801 1525 1822 et
1549 1792 1613 1823 ideo
1636 1792 1745 1826 dictum
1771 1791 1858 1823 Cicur
1879 1793 2024 1832 ingenium
2046 1791 2170 1830 obtineo,

231 1841 417 1863 mansuetum.
455 1834 489 1864 A
511 1846 568 1875 quo
594 1834 722 1865 Vetturii
743 1847 856 1876 quoque
879 1835 990 1866 nobiles
1012 1838 1213 1876 cognominati
1236 1835 1374 1866 Cicurini.
1411 1834 1448 1864 Id
1470 1844 1569 1865 natum
1593 1847 1610 1864 a
1634 1837 1707 1865 cico.
1744 1834 1844 1866 Cicum
1867 1833 2004 1864 dicebant
2025 1834 2168 1865 membra-

233 1885 298 1902 nam
320 1883 445 1913 tenuem,
481 1889 554 1917 quae
576 1885 616 1906 est
638 1879 668 1906 in
691 1877 770 1907 malo
796 1880 906 1918 punico
937 1877 1101 1908 discrimen.
1147 1879 1204 1907 Sed
1233 1880 1366 1917 ineptum
1397 1883 1526 1917 etymon.
1573 1879 1691 1908 Veteres
1714 1877 1810 1907 Latini
1833 1888 1935 1907 curare
1956 1877 2093 1906 dicebant
2113 1887 2169 1915 pro

234 1915 365 1952 domare,
399 1919 527 1957 mollire,
566 1920 794 1950 mansuefacere.
838 1921 934 1959 Nigid.
956 1922 986 1950 in
1010 1921 1132 1950 historia
1156 1921 1289 1951 animat:
1327 1919 1419 1949 Omne
1438 1932 1526 1960 pecus
1548 1919 1720 1951 indomitum
1743 1919 1828 1949 habet
1850 1918 1992 1960 quiddam
2015 1921 2045 1949 in
2066 1931 2096 1949 se
2110 1918 2169 1962 fe-

234 1968 311 1985 rum:
337 1959 386 1987 sed
407 1969 501 1990 tamen
524 1973 558 1990 ea
581 1970 688 1992 natura
711 1970 768 2000 est,
792 1970 823 1992 ut
846 1958 945 1993 curari
964 1971 991 1992 et
1010 1962 1127 1993 domari
1146 1965 1248 2004 possit.
1280 1964 1315 1992 At
1337 1973 1392 2001 pro
1416 1974 1517 1992 curare
1538 1974 1593 2002 per
1614 1963 1880 2002 reduplicationem
1902 1961 2006 1991 dixere
2028 1962 2168 1999 cicurare,

232 1998 394 2029 imitatione
417 2004 612 2042 Graecorum,
639 2006 690 2044 qui
712 2006 840 2044 repetita
863 2006 958 2045 prima
982 2011 1164 2036 consonante
1187 2011 1215 2036 et
1239 2006 1336 2036 vocali
1357 2005 1457 2034 addita
1480 2005 1519 2034 ita
1543 2006 1633 2035 verba
1656 2016 1708 2034 sua
1732 2005 1871 2041 efferunt,
1897 2002 1958 2036 δόω
1982 2001 2081 2035 ὃιὸόω.
2119 2004 2168 2033 Sic

233 2051 319 2076 cum,
350 2043 464 2080 cicnro,
496 2047 576 2076 cicur
597 2053 652 2076 etc.
683 2047 770 2077 Dac.
817 2047 905 2078 Cicur
933 2048 1014 2077 haud
1041 2049 1131 2078 dubie
1160 2054 1257 2078 ortum
1287 2059 1323 2077 ex
1348 2047 1585 2086 reduplicatione
1607 2048 1738 2086 syllabae
1760 2047 1911 2082 radicalis,
1950 2057 2009 2075 non
2033 2052 2129 2076 tamen
2150 2057 2167 2075 a

234 2093 303 2111 cura
325 2082 471 2114 detortum
494 2089 621 2119 videtur.
667 2091 763 2118 Radix
784 2096 828 2119 est
852 2092 1068 2120 Germanorum
1089 2090 1166 2127 kin,
1205 2102 1242 2120 ex
1266 2101 1324 2129 quo
1346 2091 1537 2128 intelligitur,
1573 2101 1664 2129 quare
1687 2090 1797 2129 syllaba
1821 2089 1959 2118 radicalis
1980 2089 2166 2128 corripiatur.

233 2124 384 2153 Eiusmodi
407 2132 501 2155 autem
524 2131 770 2170 reduplicationes
793 2144 878 2170 saepe
902 2134 982 2173 apud
999 2134 1118 2163 Latinos
1135 2134 1345 2170 inveniuntur,
1368 2133 1461 2162 veluti
1478 2134 1508 2161 in
1524 2133 1690 2162 vocabulis:
1717 2130 1858 2169 Cucalus,
1879 2133 2024 2172 papdver,
2051 2129 2164 2170 Upiipa,

238 2165 341 2203 Ulula,
365 2166 457 2204 bubo,
481 2169 562 2208 bibo,
585 2175 728 2211 cucumis,
752 2174 914 2212 σίσίηᾶεἰα,
938 2177 1063 2214 aliisque
1086 2176 1249 2215 permultis.

395 2210 624 2249 Impolitias.
668 2217 781 2245 Gellius
804 2218 872 2256 (IV,
898 2218 975 2258 12.):
1013 2219 1083 2247 Item
1111 2220 1137 2247 si
1161 2219 1225 2259 quis
1247 2229 1330 2258 eques
1352 2216 1507 2246 Romanus
1528 2229 1629 2257 equum
1653 2216 1758 2246 habere
1776 2214 1969 2256 gracilentum
1990 2221 2041 2244 aut
2059 2225 2164 2254 parum

233 2249 357 2279 nitidum
378 2252 456 2281 visus
477 2261 553 2289 erat,
583 2256 741 2293 impolitiae
763 2259 928 2291 notabatur.
973 2260 1011 2289 Id
1032 2260 1147 2289 verbum
1169 2261 1334 2302 significat,
1363 2260 1448 2299 quasi
1471 2267 1501 2289 tu
1523 2259 1606 2289 dicas
1627 2260 1766 2289 incuriae.
1808 2258 1913 2287 Nescio
1935 2268 1974 2286 an
1995 2262 2025 2286 et
2046 2256 2094 2285 hic
2114 2256 2165 2285 isti

233 2291 357 2321 barbaro
387 2295 549 2323 mutilatori
578 2298 646 2324 satis
676 2301 796 2329 credere
824 2303 991 2332 debeamus
1023 2302 1122 2333 Scal.
1169 2303 1221 2332 Vel
1252 2302 1332 2331 hunc
1358 2302 1456 2330 locum
1484 2313 1544 2330 nou
1572 2302 1643 2331 satis
1666 2302 1811 2331 intellexit
1838 2300 1982 2330 barbarus
2003 2299 2162 2336 mutilator,

233 2335 280 2362 vel
302 2333 334 2365 τὸ
357 2335 516 2375 impolitius
539 2339 595 2366 erit
618 2341 738 2368 secundi
761 2353 861 2380 casus,
885 2356 944 2373 non
967 2346 1082 2383 quarti,
1106 2350 1140 2374 ut
1158 2344 1304 2385 familias.
1342 2344 1506 2384 Impolitias
1528 2349 1642 2381 autem,
1664 2345 1694 2373 id
1718 2350 1762 2373 est
1783 2343 1942 2382 impolitias
1963 2352 2057 2371 causa.
2099 2339 2162 2369 Im-

230 2375 365 2414 politiae,
401 2378 431 2406 id
454 2384 497 2407 est
518 2380 663 2416 incuriae,
701 2378 850 2421 ἆκομψὶας
873 2387 1003 2415 Graecis.
1048 2388 1114 2415 Nou
1144 2388 1280 2427 pugnabo
1311 2392 1423 2423 tamen,
1458 2389 1482 2415 si
1510 2387 1672 2425 impolitius
1698 2387 1795 2416 facere
1817 2386 1991 2414 dicerentur
2012 2384 2160 2419 Censores,

233 2428 299 2448 cum
321 2419 482 2459 impolitiae
504 2423 615 2460 equites
638 2428 778 2453 notarent.
824 2426 884 2454 Etsi
906 2428 937 2456 id
959 2428 1031 2457 mihi
1053 2430 1123 2458 satis
1145 2430 1324 2468 persuadere
1346 2439 1469 2467 nequeo.
1513 2429 1600 2458 Dae.
