2263 2668
766 140 832 173 DE
864 137 1080 175 CARMINE
1114 134 1342 170 HEROICO.

89 235 248 271 bacchius
281 231 379 268 sive¹²
404 232 678 279 hypobacchiuS,
706 232 970 278 palimbacchius
1005 232 1073 264 sive
1106 231 1353 274 pompeuticus.

88 292 256 324 constant:
283 287 434 331 dactylus
461 297 500 319 ex
525 285 629 330 longa
657 288 688 317 et
715 284 843 318 duabus
873 284 1044 326 brevibus,

88 340 182 372 vibus
210 344 243 372 et
268 340 386 383 longa,
413 342 448 370 ut
473 337 631 381 sapiens,
655 335 769 369 Erato
779 333 812 371 ¹⁴.
861 335 1029 368 Molossus
1065 344 1105 367 ex
1131 333 1233 366 tribus
1260 332 1386 376 longis,
1414 337 1450 365 ut
1474 333 1683 374 DIaecenas,
1713 332 1894 367 haeredes.

87 390 232 424 braehus
260 402 299 423 ex
325 391 426 422 tribus
452 388 624 428 brevibus,
660 393 694 420 ut
716 387 887 432 Lepidus,
922 386 1076 421 Catulus.

452 439 726 484 Amphibrachus
754 450 793 472 ex
814 440 905 472 brevi
923 443 955 471 et
971 438 1074 481 longa
1094 441 1125 469 et
1140 436 1242 476 brevi,
1270 440 1305 468 ut
1332 446 1471 475 corona,
1498 437 1647 469 marina.
1675 436 1841 470 Bacchius
1868 447 1908 469 ex
1934 436 2028 468 brevi

1012 487 1279 522 Palimbacchius
1312 498 1352 520 ex
1386 487 1514 521 duabus
1547 489 1655 533 longis
1689 493 1721 520 et
1747 488 1856 528 brevi,
1891 490 1926 519 ut
1951 487 2027 521 La-

89 443 233 482 caritas,
259 442 399 476 veritas,

90 499 123 527 et
150 494 276 526 duabus
303 493 427 536 longis,
461 497 498 524 ut
535 491 714 532 Athenae,
752 490 958 525 camoenae.

89 548 192 588 tona,
225 540 403 577 Lucinam.

1954 135 2027 170 287

1414 229 1545 275 Singuli
1588 234 1700 263 autem
1739 230 1862 274 quique
1906 228 2029 263 horum

1071 286 1108 315 ut
1134 281 1255 326 copia,
1286 277 1443 324 Lydiam.
1496 282 1701 326 Anapaestus
1728 293 1770 315 ex
1795 280 1924 314 duabus
1950 282 2028 315 bre-

1947 333 2026 365 Tri-

1129 384 1388 428 Amphimacrus
1416 395 1455 416 ex
1481 385 1582 429 longa
1611 390 1643 418 et
1668 385 1761 418 brevi
1787 389 1819 417 et
1844 384 1965 428 longa,
1992 389 2029 416 ut

253 594 287 627 4.
339 593 447 627 Pedes
473 592 625 637 duplices
652 594 719 626 sive
745 592 948 635 tetrasyllabi
980 595 1051 624 sunt
1078 589 1243 623 sedecim:
1276 588 1497 632 dispondeus,
1533 589 1862 632 proceleusmaticus,
1895 588 2027 622 Ionicus

89 641 164 681 a'no*
186 645 362 690 μείζονος,
396 642 614 679 Ionicusa'n'
643 640 869 684 e').a'660vog¹⁶,
913 642 1145 681 ditrochaeus,
1181 641 1364 681 diiambus,
1408 639 1636 681 choriambus,
1669 641 1881 686 antispastus,
1918 651 2028 684 paeon

88 696 229 742 primus,
258 696 436 737 secundus,
463 696 591 738 tertius,
618 692 791 739 quartnsu.
844 695 928 727 Item
956 694 1105 737 epitritus
1131 693 1198 725 sive
1225 692 1360 736 hippius
1388 692 1530 736 primuS,
1557 693 1736 734 secundus,
1770 693 1898 732 tertius,
1926 702 2027 734 quar-

87 753 151 782 tus.

203 748 337 781 Horum
370 752 480 780 autem
514 748 667 780 contrarii
700 751 790 780 sunt:
832 745 1144 791 proceleusmaticus
1172 743 1375 787 dispondeo;
1410 743 1540 776 lonicus
1580 742 1637 778 ἀπ’
1675 742 1862 782 ἐλάσσονος
1912 741 2027 775 lonico

89 795 164 834 «ind
193 796 404 844 μει’ζοιιος18,·
431 799 594 832 diiambus
621 798 834 836 ditrochaeo;
861 798 1055 842 antispastus
1083 796 1299 833 choriambo;
1326 795 1474 839 epitritus
1500 795 1624 838 primus
1661 795 1783 840 paeoni
1814 794 1940 838 prim03
1974 805 2025 826 se—

89 849 216 884 cundus
243 850 407 889 secundm
434 852 547 883 tertius
572 851 686 889 tertio3
725 854 858 893 quartus
893 853 1020 892 quarto.

88 905 163 934 tuor
193 902 327 945 syllabis
354 902 480 946 longis,
508 907 543 935 ut
577 906 751 944 oratores,
784 901 981 934 saltatores.

87 953 277 986 memoria.-
303 953 434 987 lonicus
462 950 534 988 a'no*
552 953 712 998 μείζονος
734 963 773 984 ex
800 952 927 985 duabus
946 951 1056 995 longis
1086 955 1118 983 et
1151 950 1278 982 duabus
1306 950 1479 991 brevibus,
1506 955 1541 981 ut
1555 950 1722 994 penuria,
1749 949 1886 982 vicinia.

89 1014 146 1038 cus
179 1001 253 1039 dno*
285 1001 474 1044 ἐλάσσονος
506 1015 546 1037 ex
575 1004 704 1037 duabus
737 1004 892 1036 brevibus
928 1008 961 1035 et
990 1002 1118 1035 duabus
1145 1002 1274 1046 longis,
1303 1005 1338 1033 ut
1363 1001 1572 1042 Diomedes,
1607 996 1861 1033 Palamedes²⁰.

89 1055 214 1088 chaeus
241 1066 282 1088 ex
312 1056 417 1100 longa
453 1060 485 1088 et
514 1056 624 1096 brevi,
655 1060 688 1088 et
720 1055 824 1099 longa
858 1060 891 1088 et
924 1054 1034 1094 brevi,
1067 1059 1102 1086 ut
1132 1053 1342 1098 aegritudo,
1378 1053 1564 1085 cantilena.

87 1106 210 1151 longa,
237 1111 270 1140 et
296 1107 390 1140 brevi
416 1112 449 1140 et
473 1107 594 1151 longa,
620 1111 656 1139 ut
682 1105 900 1151 benignitas,
936 1106 1154 1150 malignitas,

983 1157 1185 1201 Antispastus
1220 1167 1259 1188 ex
1292 1155 1385 1188 brevi
1420 1160 1453 1188 et
1486 1155 1614 1187 duabus
1646 1154 1755 1198 longis
1790 1159 1821 1186 et
1846 1152 1957 1193 brevi,
1993 1155 2029 1183 ut

86 1158 240 1191 brevibus
267 1163 299 1191 et
324 1158 445 1202 longa,
472 1163 508 1190 ut
534 1158 688 1200 divitiae,
713 1158 928 1202 simplicitas.

87 1209 270 1252 valetudo,
299 1213 493 1243 amaturus.

86 1261 249 1293 secundus
276 1271 316 1293 ex
341 1261 434 1293 brevi
455 1265 487 1293 et
512 1261 616 1305 longa
642 1266 674 1293 et
701 1261 828 1293 duabus
855 1261 1026 1301 brevibus,
1052 1264 1088 1292 ut
1111 1259 1271 1304 fioeczins
1283 1255 1318 1300 ²¹,
1353 1258 1496 1292 colonia.

545 1210 659 1242 Paeon
685 1209 810 1253 primus
837 1220 877 1242 ex
906 1209 1011 1253 longa
1038 1214 1069 1241 et
1095 1209 1195 1241 tribus
1222 1208 1392 1247 brevibus,
1425 1210 1462 1239 ut
1492 1206 1672 1247 Oceanus,
1699 1206 1862 1238 ruricola.

1079 847 1210 891 Singuli
1247 857 1325 879 vero
1359 847 1481 890 quique
1514 851 1677 879 constant:
1711 846 1911 891 dispondeus
1944 847 2027 888 qua-

1033 899 1352 932 Proceleusmaticus
1380 903 1521 940 quatuor
1547 898 1723 940 brevibus,
1756 902 1791 930 nt
1825 892 2027 937 animulam,

1937 946 2028 979 Ioni-

1913 998 2028 1031 Ditto-

1615 1052 1786 1084 Diiambus
1814 1062 1853 1084 ex
1878 1050 1970 1083 brevi
1996 1053 2029 1081 et

1210 1104 1433 1137 Choriambus
1464 1115 1503 1137 ex
1536 1104 1639 1148 longa
1674 1108 1706 1135 et
1739 1103 1867 1136 duabus
1896 1098 2026 1147 [1957]

1914 1204 2028 1236 Paeon

1549 1259 1663 1290 Paeon
1689 1258 1802 1291 tertius
1829 1267 1868 1289 ex
1901 1255 2029 1287 duabus

85 1311 242 1345 brevibus
271 1316 304 1344 et
329 1313 432 1356 longa
459 1316 493 1345 et
517 1312 628 1353 brevi,
656 1317 692 1344 ut
724 1312 895 1355 Titianus,
919 1308 1149 1344 Marianus²².
1184 1312 1297 1343 Paeon
1321 1315 1455 1353 quartus
1482 1320 1522 1343 ex
1547 1310 1650 1342 tribus
1677 1309 1830 1341 brevibus
1856 1311 1888 1339 et
1913 1306 2028 1350 longa,

85 1367 123 1396 nt
150 1359 377 1408 cupiditas²³‚
400 1362 576 1408 facilitas.

85 1414 244 1459 Epitritus
270 1415 431 1447 secundus
458 1426 497 1447 ex
524 1415 628 1459 longa
655 1420 687 1448 et
713 1415 805 1448 brevi
833 1419 864 1446 et
890 1414 1018 1447 duabus
1043 1414 1168 1458 longis,
1205 1418 1241 1447 ut
1272 1413 1484 1457 conditores,
1510 1411 1724 1457 funditores.

84 1465 147 1498 tius
173 1476 213 1499 ex
239 1465 367 1499 duabus
401 1466 511 1510 longis
540 1463 605 1499 et²¹
634 1467 727 1499 brevi
761 1471 794 1499 et
819 1466 939 1511 longa,
973 1470 1011 1498 ut
1044 1466 1233 1508 vivacitas,
1266 1465 1439 1499 induciae.

85 1516 196 1562 longis
222 1521 255 1551 et
280 1517 392 1558 brevi,
419 1522 456 1550 ut
477 1516 685 1558 Libertinns,
708 1517 938 1552 Florentinas.

628 1363 790 1407 Epitritus
823 1363 949 1407 primus
985 1374 1024 1396 ex
1057 1363 1152 1395 brevi
1177 1367 1209 1395 et
1241 1361 1343 1394 tribus
1372 1361 1499 1406 longis,
1534 1366 1571 1394 ut
1602 1361 1778 1404 Palatini,
1814 1356 2027 1392 Nmnantini.

1776 1410 1935 1454 Epitritus
1960 1413 2028 1441 ter-

1491 1464 1652 1508 Epitritus
1688 1467 1821 1507 quartus
1855 1472 1895 1494 ex
1926 1460 2028 1492 tribus

1886 1559 1908 1580 2.

248 1567 283 1602 4.
312 1569 445 1602 Genera
469 1581 622 1602 versuum
650 1574 722 1601 sunt
748 1570 780 1601 in
807 1569 973 1613 dactylico
1000 1572 1107 1601 metro
1134 1568 1288 1611 quinque.
1316 1567 1376 1599 Est
1392 1570 1499 1599 autem
1516 1565 1719 1608 dactylicum
1738 1569 1879 1597 metrum
1899 1560 2026 1605 ³,quod

86 1622 213 1653 constat
238 1619 372 1664 dactylo
399 1625 431 1654 et
457 1621 619 1665 spondeo.
647 1622 724 1654 Non
750 1620 845 1662 dico,
871 1616 1020 1653 ultimo²G
1046 1619 1212 1652 interdum
1232 1618 1405 1658 trochaeo,
1433 1628 1474 1649 eo
1502 1617 1578 1659 quia
1588 1613 1613 1633 ²⁷
1640 1617 1730 1649 bono
1756 1616 1880 1649 iudicio
1901 1612 2028 1647 metrici

86 1754 173 1793 quid,
197 1754 229 1783 in
254 1756 336 1784 cuius
358 1755 458 1784 locum
483 1755 706 1794 hypobaccltizcs
726 1755 875 1786 substitui.
921 1756 1033 1785 Deinde

80 1797 324 1834 palimbacchius
339 1797 510 1827 inserendus
527 1803 604 1834 erat,
628 1803 656 1826 et
676 1799 707 1826 in
729 1804 859 1827 monstro
881 1799 935 1827 illo
953 1809 1032 1837 peon

80 1838 201 1877 plzycus
226 1839 306 1869 haud
333 1841 421 1869 dubie
443 1841 515 1869 latet
539 1842 760 1879 pompmtlczm.
793 1842 836 1872 Cs.
871 1841 969 1870 Schol.
995 1842 1032 1869 ad

86 1880 294 1919 Hephaestion.
314 1893 343 1922 p.
360 1885 428 1915 159.
451 1884 495 1912 ed.
519 1883 667 1912 Gaissord.
681 1881 839 1922 ΓἝβδομος
861 1882 875 1914 ὁ
896 1886 1033 1921 Βακχεῖος

85 1922 118 1954 ἐκ
130 1924 267 1962 βραχείας
284 1925 334 1954 καὶ
351 1923 406 1955 δύο
420 1928 551 1965 μακρῶν.
575 1941 617 1947 —-
634 1925 650 1956 ὁ
667 1925 716 1956 καὶ
737 1925 944 1964 ύπυβακχεῐος-
955 1925 1031 1964 ’'07-

85 1966 155 2001 δοος
172 1965 189 1996 ό
204 1968 449 2005 παλιμβακχεΐος,
473 1967 569 2009 τούτῳ
590 1965 812 2007 ἀντικείμενος,
842 1968 873 1998 ἐκ
896 1966 951 1997 δύο
978 1979 1030 2005 μα-

85 2010 167 2048 κρῶν
189 2007 239 2038 καὶ
255 2009 401 2047 βραχείας.
420 2027 460 2031 —
485 2009 501 2040 ὁ
517 2010 567 2040 καὶ
590 2009 782 2049 προςοδιακὸς
802 2010 852 2039 καὶ
872 2021 1030 2047 πομπευτη-

84 2050 155 2087 κός,
180 2048 230 2080 &coi
253 2049 286 2080 τό
310 2050 342 2080 ἐν
363 2052 532 2090 προςοδίοις
553 2050 660 2090 ὕμνοις
677 2050 754 2082 οὕτω
774 2052 965 2090 καλουμένοις
981 2049 1031 2080 zai.

84 2092 119 2124 ἐν
136 2095 200 2128 ταῖς
221 2095 431 2129 Διονυσιακαῖς
454 2097 586 2132 πομπαῖς
606 2092 771 2133 ἐπιτήδειος
793 2092 878 2123 εἶναι.
906 2093 1030 2129 Reliqua

85 2135 242 2164 emendavi
257 2145 293 2163 cx
308 2135 359 2171 iis,
384 2146 454 2173 quae
471 2137 547 2165 infra
564 2137 717 2174 leguntur:
739 2136 863 2173 Singuli
881 2146 943 2162 vere
958 2136 1029 2173 qai-

85 2188 141 2217 que
160 2183 298 2205 con-stant
317 2176 500 2215 dispondeus
522 2183 577 2208 cet.
607 2195 648 2200 —
679 2178 724 2215 13)
747 2177 850 2214 lell'sl
869 2177 969 2205 addidi
993 2187 1030 2205 ex

86 2221 141 2248 Go.
164 2236 205 2241 —
233 2222 279 2257 14)
304 2222 399 2248 Erato
420 2219 521 2248 addidi
545 2230 581 2248 ex
601 2221 655 2248 Go.
677 2220 727 2248 ubi
753 2220 880 2247 Erallw.
908 2235 950 2241 -—-
982 2218 1027 2258 15)

84 2263 243 2298 Lucerna,
267 2262 380 2290 lacuna
401 2261 448 2292 Pe.
469 2261 589 2291 Putscb.
621 2279 656 2283 —
690 2263 734 2298 16)
764 2262 886 2289 lonicus
903 2263 1030 2299 Apami-

85 2315 179 2333 zonas
200 2305 221 2332 l.
238 2304 429 2342 Apelazonus
444 2304 493 2334 Pe.
519 2304 541 2333 I.
558 2306 754 2342 apomisonm·
766 2325 774 2340 ‚
799 2305 819 2332 ι’.
849 2305 1031 2342 apelasonzcs

85 2347 158 2376 cod.
181 2347 234 2375 Go.
261 2347 296 2375 In
317 2347 417 2375 eodem
437 2346 490 2375 Go.
509 2351 670 2384 sequuntur
695 2346 810 2374 litturae
832 2346 1029 2375 inextricabi-

85 2389 143 2428 les,
168 2400 242 2429 quae
257 2390 399 2419 Graecam
419 2389 541 2418 illorum
555 2388 709 2417 nominum
723 2388 901 2428 scripturam
920 2389 1030 2418 referre

1074 1755 1222 1784 videntur.
1245 1768 1286 1773 —
1310 1750 1353 1789 17)
1378 1750 1476 1779 Paeon
1491 1753 1627 1789 primus,
1650 1753 1751 1779 Paeon
1767 1761 1821 1780 Sec,
1842 1751 1944 1778 Paeon
1958 1754 2022 1775 tert-

1074 1800 1176 1825 Paion
1199 1800 1328 1833 quartas
1344 1794 1390 1822 Pe.
1409 1793 1528 1822 Putseh.
1551 1811 1592 1816 -—-
1614 1794 1657 1830 18)
1674 1794 1868 1832 „Apulazonus
1884 1809 1918 1813 -
1937 1792 2024 1829 Apo-

1075 1841 1189 1867 miz-0120
1206 1838 1252 1865 l'e.
1268 1837 1450 1874 alwlasonas
1463 1853 1503 1858 —
1518 1837 1691 1874 alverni-sono
1709 1838 1762 1864 Ge.
1779 1835 1812 1863 ln
1829 1834 1960 1871 margine
1976 1833 2022 1861 Pe.

1077 1883 1186 1909 Graeca
1208 1879 1320 1916 scripla
1345 1884 1414 1907 sunt
1434 1879 1469 1906 ab
1492 1880 1611 1916 antiqua
1628 1889 1725 1906 manu.
1743 1895 1781 1899 -
1807 1878 1853 1915 19)
1875 1876 2023 1906 Animalia

1076 1924 1128 1952 (ἕο,
1158 1937 1199 1943 -
1229 1920 1275 1961 20)
1299 1922 1472 1948 Palinurus
1499 1922 1576 1950 male
1598 1922 1647 1951 Pe.
1677 1920 1798 1949 Purseh.
1833 1936 1874 1942 —
1910 1922 1953 1954 21)
1986 1919 2022 1946 Ul

1067 1966 1229 2003 facinora,
1254 1964 1372 1991 colonia
1393 1964 1439 1992 Pe.
1457 1963 1576 1992 Putsch.
1602 1964 1641 1992 At
1660 1963 1692 1992 in
1708 1964 1776 1992 Cod.
1791 1968 1848 1992 est:
1880 1962 1916 1990 Ul
1931 1960 2021 1999 [ἅς-ἱ,

1073 2007 1133 2035 ηιλ-
1156 2009 1184 2043 (n
1208 2005 1301 2044 prima
1326 2016 1430 2042 manu,
1454 2007 1532 2034 unde
1555 2007 1667 2035 sactum
1691 2007 1828 2034 colonias
1851 2016 1866 2033 a
1883 2015 1941 2035 rec,
1969 2002 2021 2041 m.)

1074 2050 1214 2085 calamia,
1245 2059 1281 2076 ex
1307 2058 1364 2086 quo
1390 2048 1543 2078 Di‘tbnerus
1573 2049 1749 2077 coniiciebat
1775 2049 1939 2076 calumnia.
1964 2045 2021 2074 Sed

1074 2093 1112 2120 cs.
1133 2093 1234 2118 Donat.
1253 2091 1271 2126 l,
1290 2091 1319 2127 4,
1338 2095 1367 2124 3.
1391 2096 1420 2118 et.
1442 2091 1570 2122 Diomed.
1592 2092 1648 2128 Ill,
1671 2095 1742 2123 477.
1766 2092 1901 2119 Ceterum
1920 2099 2020 2117 emen-

1074 2134 1141 2163 davi
1151 2134 1295 2171 facetia-5.
1319 2149 1361 2154 -—
1383 2136 1427 2166 ⁶22)
1460 2135 1498 2161 Ut
1514 2136 1673 2162 marianus
1689 2135 1735 2163 Pe.
1757 2133 1879 2162 Putsch.
1897 2133 1931 2160 ln
1947 2131 2019 2160 cod.

1072 2187 1088 2204 a
1109 2187 1153 2215 pr.
1175 2185 1263 2204 manu
1285 2180 1327 2203 est
1355 2175 1502 2204 Tftaetzbzls
1533 2176 1616 2217 (sic)
1639 2177 1718 2205 unde
1742 2176 1890 2206 recentior
1917 2183 2019 2203 manns

1075 2218 1204 2247 correxit
1240 2219 1392 2254 'sillaim-5,
1425 2219 1504 2256 quod
1527 2219 1704 2258 recepimus.
1729 2234 1772 2240 ——
1799 2218 1844 2258 23)
1869 2217 2019 2247 Facilitas

1074 2261 1172 2290 addidi
1199 2271 1212 2289 e
1238 2260 1307 2290 Cod.
1331 2260 1384 2288 Go.
1415 2276 1458 2282 —
1487 2261 1531 2295 24)
1557 2263 1598 2290 Et
1622 2262 1787 2300 interponit
1818 2262 1872 2290 Go,
1902 2275 1944 2282 —-
1971 2259 2015 2290 25)

1076 2303 1202 2332 Carmen.
1224 2313 1280 2341 pro
1304 2313 1334 2332 v.
1365 2308 1493 2332 metrum
1514 2303 1656 2333 exhibent
1681 2306 1727 2333 Pe.
1755 2303 1872 2333 Puisch.
1903 2317 1943 2323 —
1969 2297 2015 2336 26)

1079 2346 1188 2374 Ultimo
1214 2345 1299 2373 loco
1327 2356 1600 2386 nonnunquam
1626 2347 1720 2377 trocli.
1746 2347 1795 2375 Pe.
1825 2342 1946 2374 Putsch.
1976 2355 2013 2362 -

1071 2392 1115 2424 27)
1139 2390 1184 2417 Eo
1201 2387 1285 2428 quod
1300 2387 1427 2427 quidam
1447 2390 1494 2418 Pe.
1511 2389 1633 2419 Pulseh.
