2263 2668
212 135 287 170 266

213 228 331 272 Usque
357 225 418 259 sub
444 225 535 257 illam
560 234 630 256 rem
642 220 660 255 ¹.

660 129 885 163 ARUSIANI
916 128 1059 164 MESSl
1086 128 1316 164 EXEMPLA
1341 126 1711 165 ELOCUTIONUM.

716 223 809 268 Virg.
834 223 964 268 Georg.
986 223 1029 257 I.:
1068 222 1183 268 Usque
1206 222 1270 256 sub
1297 226 1491 256 extremum
1519 222 1665 258 brumae
1691 223 1925 259 intractabilis
1950 225 2106 259 imbrem.

215 281 330 314 Victus
356 278 415 310 illa
440 287 476 308 re
487 272 507 307 ².
559 274 653 317 virg.
681 274 764 306 Aen.
784 274 877 309 XII.:
924 275 1041 308 Victus
1068 285 1188 308 amore
1214 274 1280 313 tui,
1323 274 1468 319 cognati
1494 276 1669 321 sanguine
1695 276 1815 309 victus.

215 332 306 366 Urbs
334 334 366 362 et
392 337 512 361 nomen
537 325 668 368 plurale
690 323 930 362 subiunctun1³,
982 326 1077 371 Virg.
1100 325 1242 362 Aeneid.
1270 325 1328 359 X.:
1373 325 1510 372 Quique
1532 327 1654 361 urbem
1683 328 1816 373 liquere
1845 326 1962 360 Cosas.

319 379 431 424 Signis
463 388 471 409 :

218 434 380 468 volutans
402 428 465 461 suis
487 424 657 472 genibus⁵.

319 492 389 514 rma
417 478 704 514 advolvebantur.
758 480 861 514 Idem.

222 621 316 648 Locus
332 617 412 655 Virg.
432 620 475 645 est
489 616 559 645 Aen.
578 615 634 653 111,
659 617 728 648 123.
750 631 791 637 ·-
814 615 841 657 1)
873 617 971 654 Usque
985 615 1059 652 sub,
1082 625 1169 644 omm.

223 662 310 690 illam
329 670 407 697 rem,
435 658 505 687 Cod.
520 658 552 686 A.
565 658 603 687 M.
643 658 728 696 Virg.
748 659 800 688 Ge.
815 659 838 688 I.
855 662 924 691 211.
945 659 977 687 A.
993 658 1031 686 Μ.
1067 658 1171 687 latre-

224 704 346 734 clabilis
365 701 436 730 Cod.
452 701 484 729 A.
502 701 540 729 M.
569 716 609 721 —
637 698 666 738 Ξ)
690 701 736 729 Re
759 700 841 730 deest
864 701 944 741 apud
965 701 998 730 A.
1014 701 1052 729 M.
1089 700 1173 730 Idem

225 747 300 777 Aen.
313 744 386 775 XII.
407 747 454 776 29.
476 744 509 773 A.
523 742 561 772 M.
606 743 715 772 Verba:
748 744 855 772 Victus
876 755 976 772 amore
999 745 1046 771 tui
1065 744 1173 773 desunt

226 789 306 829 apud
320 787 400 817 A.M.
420 786 526 815 Victus
542 796 627 814 amor
639 803 680 808 —
697 789 819 825 cognati
835 787 903 826 (sic)
920 786 991 816 Cod.
1004 787 1059 816 Gu.
1085 786 1173 825 Apud

225 833 306 869 Virg.
321 835 365 859 est
380 834 517 868 cognate).
539 844 582 851 —
604 830 631 866 3)
656 828 730 857 Urbs
745 835 771 856 eb
786 831 900 858 nomini
911 829 1031 868 plurali
1046 829 1174 857 subiun-

228 881 308 903 ctum
323 872 394 901 Cod.
410 873 442 901 A.
456 871 497 901 M.
514 871 600 900 male.
631 870 712 900 Idem
727 873 768 900 Χ.
785 875 853 904 168.
868 872 901 901 A.
917 872 956 902 M.
988 871 1105 909 Quibus
1120 882 1174 900 ιιι·-

227 918 290 946 Iaem
310 915 382 944 cod.
405 918 540 952 uterque.
584 914 673 943 Recte
695 914 752 943 iam
769 915 801 943 A.
817 915 855 943 Μ.
870 914 1024 953 rescripsit
1042 915 1172 953 Quique.

230 960 338 988 Casas
354 957 427 986 eod.
444 957 502 987 Gu.
530 957 613 984 ans
630 957 701 985 Cod.
718 957 753 986 A.
769 957 805 987 M.
831 973 867 978 -
890 955 920 997 4)
947 958 1007 986 Cic.
1023 956 1058 985 de
1071 958 1175 996 Signis

229 1003 280 1033 52.
298 1001 328 1030 Α.
344 1000 383 1029 Μ.
427 999 461 1028 In
485 999 567 1028 Verr.
590 999 708 1029 Aet.11.
730 1000 781 1029 lib.
798 1000 854 1037 IV,
886 1001 935 1032 52.
981 1001 1175 1028 Graecorum

231 1044 301 1073 Cod.
323 1044 355 1073 A.
374 1042 412 1072 M.
461 1043 661 1071 Graecarum
685 1043 806 1072 urbiam.
829 1042 927 1072 editur
951 1043 1032 1082 apud
1053 1043 1111 1072 Cic.
1133 1059 1174 1065 —

2017 327 2089 363 cic.
2116 327 2160 362 de

511 375 643 409 Urbem
671 376 871 421 Syracusas
895 378 1091 411 maximam
1118 389 1191 411 esse
1222 377 1456 410 Graecarum.

712 428 804 473 Virg.
825 429 908 465 Aen.
930 430 990 463 X.:
1024 429 1152 464 Genua
1178 429 1397 474 amplectans
1422 428 1640 475 genibusque
1665 429 1826 462 volutans
1849 427 2044 464 Haerebat.
2087 429 2160 463 Ge·

1213 617 1240 652 5)
1264 615 1360 643 Etiam
1377 619 1527 643 ext-remus
1542 613 1593 642 hic
1611 614 1753 643 articulus
1773 614 1855 643 deest
1868 615 1948 653 apud
1961 614 1995 642 A.
2008 614 2046 642 M.
2090 613 2163 642 Loci

1214 658 1275 686 duo
1293 657 1407 695 Virgilii
1425 657 1455 685 in
1472 667 1565 686 unum
1584 656 1734 685 coniuncti
1752 657 1898 686 videntur.
1920 657 1993 686 Aen.
2011 655 2068 692 ΙΙΙ,
2091 658 2163 688 607.

1217 701 1323 729 Genua
1354 700 1508 737 amplexus
1537 700 1723 738 genibusque
1751 701 1895 728 volutans
1923 699 2093 735 IIaerebat7·
2135 703 2165 727 et

1215 743 1284 772 Aen.
1298 744 1335 771 X.
1351 744 1423 774 523.
1462 745 1503 772 Et
1514 753 1617 781 genua
1632 743 1810 781 amplectens
1827 748 1882 771 cet.
1926 742 1991 771 Nisi
2007 743 2084 771 forte
2103 741 2164 770 Ge-

1214 796 1277 814 ηιια
1297 786 1483 824 amplectans
1506 785 1581 814 nihil
1602 789 1646 814 est
1667 785 1723 814 nisi
1739 796 1823 814 error
1838 785 1960 814 librarii.
2005 785 2165 813 Cuiusnam

1216 833 1315 857 autem
1330 829 1367 856 sil.
1383 828 1468 856 locus
1484 829 1590 857 tertius
1601 829 1707 856 Genua
1723 827 1977 863 advolvebantur,
2001 828 2085 856 cuius
2097 827 2165 855 sor-

1215 872 1313 900 mulae
1336 871 1450 909 aliquot
1474 872 1610 910 exempla
1632 870 1712 910 apud
1726 871 1826 910 plures
1840 871 1979 908 leguntur
1993 871 2165 910 scriptoreS,

1215 925 1270 952 pro
1294 918 1374 942 certo
1401 914 1501 942 dicere
1521 925 1580 942 nou
1594 924 1726 953 possum.
1771 913 1887 951 Virgilii
1904 924 1963 941 non
1981 918 2039 949 est,
2069 920 2166 950 neque

1218 967 1280 985 esse
1302 961 1410 995 potest.
1454 956 1581 987 Omnino
1612 958 1700 989 etiam
1724 956 1754 985 in
1778 956 1888 985 Codice
1911 955 1987 986 Gud.
2012 955 2076 984 finis
2096 953 2166 984 libri

1216 999 1369 1028 mutilatus
1385 998 1512 1029 videtur.
