2263 2668
484 160 549 195 DE
575 159 963 195 SIGNIFICATtoNE
993 160 1277 198 VERBORUM.
1329 161 1475 196 LIBER
1499 160 1623 196 XVIII.
1953 166 2027 201 737

77 250 241 292 φάρμακον
263 249 340 291 πρὸς
362 252 490 292 ῥυτίδας.
522 252 620 283 Scal.
664 253 687 282 A
710 252 858 282 tendenda
881 253 968 292 pelle.
1005 253 1063 283 Sed
1085 255 1194 294 pellem
1217 255 1360 285 bubulam
1384 254 1442 283 hoc
1466 259 1511 284 est
1533 254 1665 283 calceum
1690 263 1756 283 cum
1780 253 1900 285 Artorio
1924 258 2028 290 Festus

76 294 235 333 intelligit,
260 305 350 333 quare
373 296 610 325 Calceamentum
632 296 787 325 Ferratum
809 295 1053 334 interpretantur.
1096 299 1153 326 Sed
1176 299 1238 327 sine
1261 298 1406 337 exemplo.
1446 298 1519 327 Nam
1543 297 1622 336 apud
1646 297 1801 326 Afranium
1821 298 2028 340 Tentipellium

77 337 165 375 longe
187 336 270 366 aliud
292 343 352 373 est,
388 344 420 367 ut
443 349 513 366 mox
536 339 660 368 dicetur.
706 338 825 377 Optime
846 338 936 374 igitur
957 338 1080 368 Verrius
1104 345 1133 369 et
1156 342 1319 377 Titinnius,
1358 340 1409 379 qui
1432 350 1489 380 pro
1512 340 1743 377 medicamento,
1780 350 1836 379 quo
1858 352 1949 381 rugae
1972 354 2028 373 ex—

77 380 255 416 tenduntur,
279 380 439 419 accipiunt.
483 381 594 410 Favent
616 382 751 410 Glossae:
786 378 1007 419 Teniipellium,
1031 380 1193 419 φάρμακον
1216 382 1293 424 πρὸς
1316 383 1446 422 ῥυτίδας.
1491 383 1528 412 Et.
1550 383 1634 411 locus
1655 382 1793 412 Titinnii:

697 439 740 445 —
782 438 824 444 --
866 439 908 443 —
956 423 1159 462 Tenlipellium

700 464 835 501 Inducis,
859 475 947 504 rugae
969 466 999 493 in
1022 477 1070 495 ore
1092 466 1289 496 etz-tenduntur
1312 475 1385 496 tuae.

79 506 116 534 Et
137 506 178 534 ita
200 507 296 544 accipi
319 506 406 535 debet
429 517 518 546 supra
541 506 621 546 apud
645 507 816 545 Afranium,
853 508 904 546 qui
935 507 1046 536 urbane
1070 509 1143 538 dicit
1166 510 1307 548 quosdam
1331 520 1385 548 pro
1409 508 1544 537 manibus
1567 507 1677 536 habere
1699 508 1911 548 tentipellium,
1949 522 2026 550 quo-

78 548 167 576 modo
195 558 248 576 nos
279 548 426 587 hodieque
454 549 579 577 dicimus
609 551 763 586 mulieres,
798 560 873 588 quae
896 559 985 578 succo
1008 551 1183 589 splendente
1207 557 1310 581 ornant
1335 562 1422 588 genas
1445 562 1499 590 pro
1523 551 1609 579 vultu
1632 550 1742 579 habere
1766 555 1940 590 tectorium,
1973 566 2028 594 que

79 588 141 619 leur
161 590 260 630 visage
283 591 354 620 n'est
376 603 431 631 que
442 591 535 633 sard.
569 592 655 620 Subit
678 593 765 621 etiam
790 592 943 620 Afranium
967 594 1081 622 comice
1105 599 1133 623 et
1156 605 1235 623 novo
1259 594 1426 632 significatu
1447 594 1644 633 tentipellium
1668 593 1776 622 dixisse
1799 604 1854 632 pro
1877 596 1955 634 pelle
1977 607 2027 624 ex-

79 637 180 669 tensa,
209 639 243 661 ut
264 633 400 662 innueret
423 644 472 662 eos
494 644 553 663 non
577 645 681 664 manus
704 634 827 671 habere,
863 635 913 663 sed
937 645 1002 663 ossa
1025 640 1139 664 tantum
1162 638 1239 676 pelle
1262 638 1375 665 amicta.
1422 637 1512 665 Porro
1536 636 1729 665 medicamina
1752 636 1817 673 illa,
1848 638 1957 676 quibus
1980 639 2026 667 sa-

79 675 139 757 pies
162 675 393 713 extendebatur,
418 677 524 705 Graeci
547 675 712 718 τετᾶνωτρα
735 682 764 706 et
785 674 971 716 τετανώματα
994 677 1142 708 dixerunt.
1176 680 1257 709 Inter
1280 690 1312 708 ea
1336 679 1393 708 fuit
1415 679 1499 717 panis
1523 679 1625 707 caldus
1649 683 1677 707 et
1698 678 1844 707 madidus.
1879 680 2026 710 Iuvenalis

96 717 149 753 VI,
173 718 244 749 462.
270 729 276 746 t

249 717 260 757 )
697 760 809 792 Interea
823 760 923 804 foeda
946 770 1078 802 aspectu,
1113 763 1292 804 ridendaque
1313 761 1406 792 multo

700 804 781 834 Pane
802 812 890 833 tumet
903 804 1015 846 facies.

81 852 138 881 Ubi
162 858 247 882 vetus
270 854 432 893 interpres:
458 853 646 884 Medicamen
667 854 708 883 ad
731 854 902 885 tendendam
915 855 1033 896 faciem
1056 855 1102 885 vel
1124 865 1214 886 curem
1238 857 1340 895 magis.
1386 855 1471 885 Dae.

247 905 414 943 Tignum.
446 902 506 942 (Ad
529 904 656 947 p.276.)
688 907 748 935 Lex
771 907 852 936 XII.:
885 905 1062 936 TIGNOM
1084 905 1293 936 IUNCTOM
1311 905 1507 935 AEDIBUS
1530 904 1786 945 VINEAEQUE
1808 906 2027 938 CONCAPES

80 944 160 975 ΝΕῙ
185 945 390 976 SOLVITO.
436 948 549 976 Primae
579 952 664 977 notae
688 949 880 977 Grammatici
908 950 1002 978 multa
1031 949 1161 978 studiose
1184 949 1213 977 in
1236 948 1326 977 huius
1349 949 1408 977 loci
1431 949 1700 988 interpretationem
1725 951 1925 980 contulerunt.
1971 951 2028 980 Sed

80 999 199 1026 omnes,
229 989 309 1028 quod
333 990 424 1018 libere
448 990 558 1027 dicam,
594 996 757 1029 peccarunt
778 992 895 1030 priscae
918 992 1085 1020 Latinitatis
1108 1002 1166 1020 non
1190 991 1285 1019 dicam
1309 991 1491 1029 ignorantia,
1527 991 1579 1019 sed
1603 990 1761 1021 oblivione.
1808 990 1957 1032 Concapes
1978 1004 2028 1022 re-

81 1036 162 1060 ctum
186 1037 249 1069 est,
287 1042 324 1060 ex
354 1034 474 1071 antiqua
503 1034 653 1072 scriptura
676 1042 825 1073 concapet.
873 1034 997 1073 Tignum
1020 1040 1101 1063 recte
1124 1033 1307 1072 Theophilus
1329 1036 1391 1064 πᾶν
1415 1031 1502 1070 ξύλον
1524 1030 1693 1073 ἐργάσιμον.
1738 1034 1775 1063 Et
1797 1039 1870 1063 tunc
1893 1036 2028 1065 iunctum

80 1074 218 1110 aedibus,
256 1074 430 1103 aedificiove
460 1075 588 1112 dicitur3
626 1081 655 1104 at
677 1087 820 1115 concapes
843 1076 945 1105 vineae
966 1081 1080 1106 tantum
1108 1076 1234 1113 dicitur,
1272 1076 1339 1114 quia
1364 1075 1470 1105 habeat
1493 1080 1585 1115 caput
1607 1086 1694 1104 suum
1717 1086 1784 1105 cum
1806 1077 1904 1116 capite
1925 1078 2029 1107 vineae

80 1117 278 1145 commissum.
320 1115 414 1157 Caput
435 1119 534 1147 vineae
556 1124 599 1147 est
621 1118 707 1147 radix
730 1119 794 1157 ipsa
816 1119 959 1156 Virgilio,
982 1120 1171 1148 Columellae.
1212 1118 1363 1156 Significat
1386 1129 1454 1156 ergo
1478 1121 1636 1157 depactum
1659 1129 1692 1146 ac
1715 1118 1844 1148 defixum
1870 1124 1968 1149 terrae
1990 1121 2028 1149 ad

80 1160 196 1188 vineam
218 1159 429 1188 sustinendam.
464 1158 628 1201 Concapes,
651 1166 686 1189 ut
702 1160 864 1201 Procapes,
888 1161 924 1190 de
948 1172 1006 1200 quo
1030 1172 1137 1201 supra,
1161 1172 1176 1189 a
1200 1171 1259 1199 quo
1283 1161 1378 1199 capite
1400 1161 1487 1190 multi
1511 1161 1708 1189 descendunt:
1730 1162 1920 1201 primicapes‚
1941 1174 2029 1201 prae-

81 1212 180 1241 capes,
209 1200 377 1241 deincapes,
407 1213 541 1242 ancupes.
585 1203 690 1232 Postea
715 1204 827 1232 dictum
850 1203 1041 1243 Primicipes,·
1076 1203 1228 1242 Praecipes
1251 1203 1354 1231 Plauto
1379 1208 1408 1232 et
1430 1203 1512 1239 aliis3
1546 1203 1701 1241 Deincipes
1725 1204 1867 1243 Apulei03
1897 1203 2029 1244 Ancipes

82 1244 184 1273 Plauto
207 1249 234 1272 et
256 1244 328 1272 aliis.
366 1245 463 1273 Hodie
486 1244 641 1284 Princeps,
663 1257 815 1285 praeceps,
842 1244 989 1285 deinceps,
1013 1257 1128 1286 anceps.
1172 1245 1220 1274 Sic
1233 1245 1427 1286 formacapes
1449 1256 1539 1285 supra
1552 1244 1909 1287 formicipes,forcipes.
1947 1248 2032 1282 Quae

81 1287 179 1315 omnia
202 1292 285 1315 erant
308 1287 506 1326 ἶσοσύλλαβα,
545 1288 613 1326 quia
636 1287 804 1316 retinebant
828 1288 953 1316 sormam
976 1299 1074 1317 suam:
1108 1288 1289 1328 praecipem,
1318 1289 1466 1327 ancipem‚
1497 1287 1665 1326 deincipem.
1709 1288 1748 1316 At
1771 1287 2030 1329 περισσοσύλλαβα

82 1339 148 1358 cum
172 1334 257 1365 sunt,
290 1334 353 1357 tum
374 1340 433 1357 non
457 1330 581 1358 sormam
605 1334 751 1365 veterem,
782 1329 835 1358 sed
858 1331 1102 1368 compositionem
1126 1335 1298 1369 sequuntur.
1344 1331 1417 1359 Sunt
1440 1331 1515 1358 enim
1540 1341 1555 1358 a
1580 1329 1709 1368 simplici
1736 1328 1847 1369 Caput:
1877 1332 2029 1370 praecipi-

81 1376 154 1408 tem,
179 1372 347 1409 ancipitem.
378 1372 426 1400 Sic
446 1372 628 1410 Tetricapes,
652 1372 834 1412 quinticapes
855 1372 1002 1401 dicebant.
1036 1374 1069 1402 In
1093 1373 1229 1401 sacrariis
1254 1373 1415 1410 Argeorum
1440 1373 1548 1409 (Varro
1571 1373 1607 1401 de
1629 1373 1658 1400 L.
1678 1372 1705 1400 L.
1729 1372 1761 1400 V.
1782 1375 1937 1410 pag.55.):
1964 1372 2030 1403 GE-

79 1412 330 1447 ROLIENSIS,
362 1412 688 1451 QUARTICAPES,
721 1412 854 1443 CIRCA
877 1413 1211 1444 MINERVIOREM.
1256 1415 1340 1443 Item:
1375 1413 1545 1451 OPPIUS,
1576 1413 1704 1444 MONS
1724 1413 2029 1453 PREIMICAPES,

80 1454 253 1492 LUCOM,
276 1454 576 1494 ESQUILINOM,
599 1455 774 1493 LUCOM,
798 1455 1097 1494 FAGUTALEM,
1122 1456 1331 1486 SINISTRA
1354 1456 1438 1486 SUB
1461 1456 1661 1486 MOERUM
1682 1455 1769 1485 EST
1783 1461 1812 1485 et
1831 1463 1938 1486 cetera.
1973 1458 2030 1496 Igi-

80 1504 131 1527 tur
154 1503 183 1527 et
204 1498 253 1526 hic
276 1509 417 1537 concapes
440 1499 589 1536 eleganter
611 1499 711 1527 eadem
735 1500 840 1527 forma.
874 1499 940 1527 Non
964 1500 1051 1538 longe
1075 1501 1110 1528 ab
1133 1500 1191 1528 hoc
1214 1499 1330 1528 abludit
1353 1499 1475 1527 verbum
1499 1499 1598 1528 fictum
1622 1509 1637 1527 a
1658 1500 1782 1527 Seneca:
1801 1499 2031 1540 grandiscapiae

81 1541 167 1579 epist.
183 1543 234 1572 88.
259 1551 357 1569 omnes
379 1547 491 1576 aurem,
520 1541 633 1578 inquit,
664 1543 736 1569 istas
758 1540 892 1576 arbores,
924 1552 1012 1581 quae,
1048 1549 1078 1570 ut
1101 1544 1143 1570 ita
1167 1541 1281 1577 dicam,
1312 1541 1543 1581 grandiscapiae
1564 1548 1645 1576 sunt,
1680 1542 1723 1569 ait
1744 1552 1822 1581 aqua
1844 1541 2031 1572 adiuvandas

81 1584 247 1612 cisternina.
292 1583 362 1610 Nam
386 1582 435 1610 hic
456 1581 684 1622 grandiscapiae
706 1583 827 1612 arbores
849 1588 933 1618 sunt,
966 1593 1039 1622 quae
1061 1584 1165 1622 grandi
1190 1586 1302 1622 capite,
1339 1583 1396 1612 hoc
1419 1589 1461 1613 est
1484 1584 1597 1621 radice,
1628 1588 1662 1611 ut
1684 1583 1739 1612 iam
1764 1584 1901 1613 diximus.
1946 1585 2031 1620 Quae

81 1625 170 1653 lectio
193 1625 225 1652 in
248 1624 394 1661 vulgarit).
417 1626 543 1653 Senecae
572 1625 752 1654 editionibus
782 1636 840 1654 non
871 1630 969 1663 extat,
1006 1627 1057 1655 sed
1086 1628 1115 1655 in
1145 1626 1287 1655 abstrusis
1313 1631 1342 1654 et
1363 1627 1545 1661 reconditis,
1583 1636 1655 1664 quas
1677 1626 1787 1654 multas
1811 1628 1889 1655 eruit
1911 1626 2030 1656 doctiss.

82 1667 222 1696 Nicolaus
247 1666 341 1696 Faber
364 1677 401 1695 ex
423 1667 571 1695 vetustiss.
594 1668 785 1706 exemplarib.
831 1668 919 1704 Quod
943 1668 967 1696 si
990 1669 1056 1707 quis
1080 1679 1140 1698 nou
1164 1671 1257 1707 capit,
1284 1668 1356 1706 quid
1380 1668 1405 1696 ei
1429 1679 1496 1697 cum
1518 1669 1584 1697 XII.
1598 1669 1719 1697 Tabulis
1743 1679 1777 1696 ac
1799 1669 1931 1698 Romana
1955 1670 2032 1698 anti—

82 1709 216 1748 quitate'?
255 1711 331 1738 Sane
361 1708 432 1737 huic
460 1710 558 1747 generi
586 1709 741 1739 hominum
770 1720 823 1748 ego
852 1710 925 1739 haec
953 1721 1012 1739 non
1040 1712 1148 1740 scribo.
1193 1713 1234 1740 Ne
1257 1712 1323 1749 quis
1347 1721 1418 1739 vero
1443 1712 1566 1739 miretur
1589 1711 1617 1739 in
1641 1716 1740 1739 vetere
1762 1712 1865 1740 codice
1889 1713 2032 1750 scriptum

82 1759 222 1791 concapet
245 1762 301 1791 pro
322 1763 480 1789 concapes,
503 1751 561 1780 hoc
582 1757 625 1781 est
645 1753 741 1791 Tpro
759 1752 797 1789 S,
820 1753 891 1781 sciat
914 1754 1030 1792 saepius
1054 1754 1089 1782 ad
1113 1755 1195 1782 hunc
1217 1753 1338 1781 modum
1362 1759 1514 1792 peceatum
1538 1763 1599 1782 esse
1620 1753 1650 1781 iu
1675 1763 1708 1782 eo
1731 1753 1828 1790 libro,
1854 1759 1887 1783 ut
1905 1754 1936 1782 in
1954 1755 2033 1792 Top-

82 1804 137 1833 per
158 1795 229 1824 viret
252 1805 307 1833 pro
330 1795 403 1823 vires
426 1798 455 1822 et
476 1795 505 1822 in
529 1795 592 1823 aliis
614 1796 696 1823 locis.
731 1794 833 1824 Scal.
877 1796 935 1824 Sed
965 1797 1109 1834 quicquid
1138 1797 1188 1825 ille
1213 1796 1294 1824 dicat
1312 1794 1542 1835 grandiscapiae
1564 1796 1685 1824 arbores
1709 1796 1788 1835 apud
1812 1797 1951 1826 Senecam
1974 1806 2031 1825 non

83 1847 99 1865 a
122 1836 227 1875 grandi
251 1837 364 1875 capite,
390 1836 441 1865 sed
465 1848 480 1865 a
500 1836 610 1876 grandi
632 1849 731 1877 scapo.
756 1837 844 1867 Dac.
892 1838 959 1866 Dixi
982 1839 1018 1867 ad
1041 1840 1060 1868 l.
1076 1843 1100 1870 1.
1117 1839 1145 1869 ff.
1171 1838 1207 1867 de
1229 1838 1310 1876 tigno
1332 1837 1444 1868 iuncto.
1492 1836 1597 1869 Goth.

250 1886 354 1917 Tela.
378 1886 439 1925 (Ad
462 1898 491 1926 p.
504 1889 590 1924 276.)
616 1888 688 1917 Vide
710 1888 818 1917 Arma.
840 1888 929 1918 Ant.
951 1889 1048 1928 Aug.
1093 1889 1214 1918 Servius
1237 1889 1273 1918 ad
1295 1888 1372 1917 illud
1394 1889 1453 1917 Vll.
1479 1889 1549 1918 Aen.
1573 1888 1671 1928 (Vssl,
1695 1887 1795 1927 249.):

803 1939 933 1978 Desuper
954 1939 1081 1969 Alcides
1102 1939 1168 1969 telis
1187 1941 1301 1980 premit.

86 1989 195 2028 Omne,
225 1990 339 2028 inquit,
369 1987 449 2029 quod
471 1989 530 2018 iaci
549 1996 658 2029 potest,
692 1987 779 2018 telum
801 1997 939 2028 vocatur,
977 1989 1087 2021 dictum
1111 1988 1171 2022 ἆπὸ
1193 1994 1248 2023 τοῦ
1272 1989 1408 2029 τηλόθεν.
1455 1989 1514 2018 Alii
1537 1989 1624 2019 telum
1649 1989 1684 2018 ab
1707 1989 1828 2028 antiquo
1851 1988 1941 2017 verbo
1965 1988 2030 2026 telo,

83 2044 100 2062 a
123 2043 181 2071 quo
202 2031 317 2072 protelo
339 2032 471 2070 expello,
496 2032 591 2060 eiicio.
623 2032 664 2059 ne
687 2032 775 2060 armis
799 2037 828 2061 et
850 2032 917 2061 telis
940 2032 1007 2062 vide
1024 2034 1133 2064 Arma.
1152 2033 1243 2063 Dac.
1277 2031 1519 2062 Existimandum
1543 2040 1591 2063 est,
1621 2031 1766 2060 Schedae:
1789 2030 2030 2060 Existimamlum

81 2082 123 2104 est
144 2086 232 2116 quam
257 2097 265 2104 .
291 2097 298 2104 .
325 2097 331 2104 .
357 2096 363 2103 .
397 2075 512 2102 forsan:
538 2085 626 2114 quam
649 2075 679 2103 in
703 2075 790 2114 equis.
837 2075 886 2103 Ait
908 2085 971 2104 eam
994 2081 1109 2115 partem
1133 2077 1286 2116 corporis,
1309 2077 1387 2105 unde
1410 2075 1579 2114 dependent
1601 2085 1697 2112 arma,
1720 2084 1780 2103 non
1805 2074 1902 2102 minus
1923 2074 1954 2101 in
1977 2083 2030 2101 no-

82 2117 128 2147 bis
150 2127 264 2147 armum
286 2117 402 2152 vocari,
426 2127 513 2155 quam
536 2118 566 2144 in
590 2117 681 2155 equis.
728 2115 834 2146 Idem.

248 2157 436 2198 Tigillum
460 2159 655 2191 sororium.
700 2158 773 2188 Vide
798 2159 958 2189 Sororium.
1005 2160 1090 2191 Dae.

250 2199 448 2240 Tegillum.
493 2202 586 2230 Plaut.
609 2201 639 2229 in
662 2202 777 2230 Ruden.
802 2202 856 2241 (11,
880 2204 915 2237 7,
940 2201 1016 2242 18.):
1047 2201 1194 2243 Tegillum
1218 2202 1270 2233 elzo
1293 2202 1370 2233 illud
1392 2203 1465 2232 mihi
1487 2213 1574 2231 unum
1597 2202 1716 2237 arescit,
1741 2199 1789 2236 id,
1811 2200 1837 2228 si
1857 2200 1915 2234 vis,
1939 2196 2026 2227 dabo,

83 2242 192 2273 Eodem
216 2245 355 2278 amictus,
385 2250 476 2273 fectus
497 2242 595 2272 eodem
617 2255 676 2272 esse
697 2243 792 2281 soleo,
818 2245 844 2273 si
863 2243 949 2283 pluit.
972 2245 1058 2275 Ant.
1079 2245 1175 2285 Aug.
1221 2246 1314 2275 Varro
1339 2246 1416 2286 apud
1441 2246 1567 2274 Nonium
1590 2242 1668 2284 (pag.
1683 2245 1752 2274 179.
1777 2239 1895 2279 Merc.):
1924 2238 2028 2279 Ingens

83 2293 108 2314 et
130 2285 258 2314 volitans
281 2284 385 2314 milvus
406 2297 514 2326 aquam
538 2297 552 2314 e
574 2285 698 2315 nubibus
721 2293 828 2316 tortam
850 2285 964 2316 indicat
977 2287 1064 2328 fore,
1090 2295 1120 2316 ut
1143 2287 1273 2328 iegillum
1296 2296 1398 2328 pastor
1419 2287 1477 2317 sibi
1498 2294 1602 2317 sumat.
1632 2288 1657 2315 A
1679 2293 1799 2316 tectum.
1822 2280 1962 2320 regulum,
1986 2289 2029 2310 1⁰-

80 2326 197 2368 gillum.
234 2329 333 2356 Genus
357 2330 448 2357 vestis
471 2339 486 2357 a
510 2333 593 2366 tergo
617 2328 790 2367 pendentis,
814 2340 871 2368 qua
895 2335 985 2369 caput
1008 2330 1127 2369 pluviae
1150 2341 1184 2359 ac
1207 2331 1389 2370 tempestatis
1412 2339 1515 2359 caussa
1538 2330 1700 2367 tegebatur.
1740 2328 1822 2361 Quae
1846 2329 1873 2351 et
1896 2323 2026 2361 ewulm,

84 2369 229 2406 cucullio,
254 2368 497 2400 cuculliunculus.
533 2371 608 2399 Male
630 2371 660 2399 in
684 2372 742 2399 MS.
767 2370 885 2401 Cuculli
904 2371 1061 2402 vinculum.
1099 2373 1195 2402 Locus
1219 2374 1316 2402 Plauti
1339 2378 1383 2403 est
1405 2383 1442 2402 ex
1464 2372 1600 2402 Rudente
1623 2372 1686 2401 Act.
1704 2369 1737 2399 ll.
1760 2369 1845 2402 sc.7›
1868 2367 1957 2403 (18·)¹

577 2412 723 2452 Tegillum
745 2413 873 2444 eccillud
894 2414 967 2443 mihi
988 2426 1075 2444 unum
1098 2417 1220 2453 arescit,
1243 2415 1292 2453 id,
1315 2417 1341 2444 si
1361 2416 1418 2452 vis,
1442 2413 1530 2444 dabo.

130 2462 297 2489 GRAMMAT.
316 2471 381 2489 ι,Λτ.
405 2460 439 2489 ll.
1456 2467 1485 2499 Α
1502 2478 1521 2498 a
1537 2478 1555 2498 a
1570 2477 1588 2497 a
1603 2477 1621 2496 a
