2263 2668
281 157 356 193 110
735 156 880 192 PROBI
904 156 953 190 IN
954 155 1216 192 STlTUTION
1218 157 1293 192 UM
1320 158 1759 194 GRAMMATICARUM

446 251 505 285 23.
565 250 663 298 Quo,
690 249 756 284 hac
783 250 911 294 syllaba
934 251 1012 284 ideo
1039 252 1130 286 nulla
1156 263 1233 297 pars
1261 252 1414 285 orationis
1440 252 1642 294 terminatur,
1668 253 1824 297 quoniam
1851 262 1874 298 q
1899 253 2007 287 littera
2032 265 2215 298 numquam

283 302 452 345 scribitur,
486 303 546 336 nisi
581 303 714 346 quando
741 313 764 334 u
789 303 896 335 littera
929 308 961 336 et
987 303 1051 336 alia
1084 304 1208 337 vocalis
1235 316 1371 347 sequens
1397 305 1507 337 iuncta
1534 304 1649 344 fuerit,
1687 306 1770 338 sicut
1797 305 1897 338 docui
1923 306 1955 338 in
1981 306 2066 339 libro
2092 307 2214 351 primo.

283 355 340 389 Ro
367 356 539 388 terminata
564 354 794 398 producuntur
819 354 852 386 in
878 355 1035 399 genitivo,
1067 355 1198 396 Cicero,
1230 355 1425 393 Ciceronis;
1457 355 1580 393 Varro,
1615 355 1801 394 Varronis-‚-
1827 357 1903 397 lit-0,
1931 357 2059 390 Hrom's.
2100 358 2215 391 Unum

283 418 304 440 o
329 407 472 439 litteram
498 406 530 437 in
556 405 702 449 genitivo
734 410 765 437 et
792 405 824 438 in
851 407 1001 439 omnibus
1029 408 1158 439 casibus
1186 407 1351 449 utriusque
1378 407 1505 440 numeri
1535 407 1664 452 perdit,
1695 408 1784 440 haec
1811 419 1913 447 caro,
1947 408 2051 442 huius
2078 409 2216 449 carnis,-

285 463 424 502 excepto
451 457 603 489 vocativo
631 456 805 502 singulari,
832 468 852 490 o
879 469 972 491 caro.
1026 457 1090 498 So,
1117 457 1364 502 producuntur,
1392 458 1507 498 Naso,
1535 458 1705 496 Ausonis,-
1730 460 1826 503 Piso,
1854 460 2000 492 Pisonis.
2059 460 2118 501 To,
2144 460 2216 493 La-

282 510 350 542 tina
376 508 510 552 quidem
540 508 674 540 nomina
704 508 770 541 hac
797 509 924 552 syllaba
950 510 1124 542 terminata
1148 510 1180 541 in
1215 510 1361 553 genitivo
1390 506 1646 554 corripientur¹,
1685 510 1816 551 Bruto,
1852 507 2059 549 B1·ittom·s²,·
2092 511 2215 552 Samo,

286 560 467 598 Santonis3
492 560 626 592 nomina
652 564 723 592 sunt
749 557 925 605 gentium?
977 561 1121 593 Nomina
1148 560 1324 594 mulierum
1351 561 1483 595 Graeca
1510 567 1565 594 aut
1590 561 1828 605 producuntur,
1856 568 1911 595 aut
1937 574 1960 595 u
1985 562 2157 596 habebunt
2181 563 2216 596 in

284 612 450 657 genitivo,
481 610 621 652 llIcmto,
647 611 843 653 AlImzlonis,
869 612 922 645 vel
948 611 1112 651 llIantus;
1138 612 1242 653 Leto,
1276 613 1433 653 Letonis,
1470 614 1525 646 vel
1552 613 1666 649 Lotus.
1725 614 1792 655 1⁷⁰,
1828 625 1894 646 non
1920 614 2027 646 inveni
2054 614 2121 648 hac
2146 615 2214 658 syl-

282 665 361 697 laba
387 674 508 695 nomen
534 663 672 705 aliquod
698 663 917 696 terminatum.
969 663 1036 703 xo,
1064 675 1124 696 nec
1147 663 1212 696 hac
1240 664 1367 707 syllaba
1393 665 1503 698 inveni
1530 665 1657 697 finitum
1678 677 1796 698 nomen
1819 666 1878 698 nisi
1905 666 2094 708 barbarum,
2120 665 2217 709 quod

282 715 414 755 audivi,
441 713 563 755 Brimo,
590 714 763 747 Brixonis.
818 715 880 755 Zo,
908 715 972 749 hac
999 726 1134 758 quoque
1161 715 1288 758 syllaba
1313 716 1442 748 nullum
1473 727 1595 750 nomen
1622 718 1757 761 repperi
1783 718 2002 759 terminatum,
2028 717 2087 751 nisi
2113 728 2217 751 unum

281 768 444 800 barbarae
471 765 624 807 civitatis,
652 766 775 799 lectum
801 766 833 798 in
860 767 1033 800 Sallustio:
1063 766 1185 807 Vizzo,
1214 764 1396 799 Vizzonis⁴.

446 832 504 865 24.
556 833 605 875 P,
639 833 705 868 hac
730 834 839 867 littera
864 835 990 867 nullum
1017 845 1137 867 nomen
1164 832 1313 868 finitun1⁵
1346 836 1456 880 potuit
1481 836 1638 880 reperiri,
1676 836 1753 880 quia
1778 847 1840 870 nec
1864 836 1931 869 hac
1957 836 2066 870 littera
2092 847 2215 869 nomeu

282 885 418 929 aliquod
444 885 654 926 terminatur,
680 886 806 919 ratione
832 898 931 930 supra
956 891 1142 918 monstrata.

443 935 481 968 R
505 936 613 969 littera
633 938 766 970 nomina
792 938 964 971 terminata
990 937 1095 970 multa
1122 941 1203 970 sunt.
1263 938 1342 972 Hoc
1369 943 1479 972 tamen
1506 938 1587 971 scire
1616 937 1793 975 debemus,
1829 938 1923 982 quod
1950 939 2081 982 generis
2108 937 2215 971 omnis

282 986 431 1027 nomina,
464 997 485 1019 r
517 988 625 1021 littera
658 989 847 1029 terminata,
882 994 914 1022 et
949 989 1071 1029 neutri,
1105 990 1203 1022 solius
1239 991 1353 1023 tertiae
1387 995 1460 1023 sunt
1486 989 1721 1023 declinationis,
1780 991 1867 1022 Nam
1894 990 1923 1023 is
1948 990 2076 1033 syllaba
2102 989 2217 1022 finient

283 1039 476 1084 genitivum,
504 1039 561 1072 hic
588 1045 620 1072 et
646 1040 736 1073 haec
762 1046 794 1073 et
821 1041 885 1073 hoc
906 1051 990 1085 par,
1018 1040 1120 1073 huius
1137 1041 1260 1085 paris;
1286 1039 1434 1087 impar¹⁵,
1462 1042 1628 1086 imparis‚·
1655 1042 1824 1082 cadaver,
1852 1042 2059 1079 cadaveris;
2083 1039 2215 1087 [1451]

283 1091 395 1129 icc-nr,
423 1090 565 1134 iecoris-‚-
591 1097 731 1135 excepto
755 1104 838 1134 uno,
868 1092 961 1135 quod
984 1098 1216 1136 monoptotum
1242 1099 1306 1134 est,
1331 1094 1396 1126 hoc
1421 1094 1462 1133 ir,
1490 1090 1696 1137 significans⁷
1724 1093 1935 1125 medietatem
1957 1093 2101 1136 palmae,
2128 1104 2216 1136 quae

282 1142 379 1175 etiam
398 1142 476 1174 vola
499 1142 628 1183 dicitur,
657 1143 788 1177 Graece
808 1140 950 1189 He'vaoss.
992 1144 1131 1176 Generis
1150 1156 1230 1177 vero
1253 1145 1422 1177 masculini
1440 1150 1470 1176 et
1488 1145 1635 1177 feminini
1655 1145 1773 1182 solum,
1796 1145 1920 1178 incerta
1943 1150 2016 1177 sunt
2040 1156 2081 1177 an
2097 1155 2215 1178 secun-

281 1193 344 1226 dae
370 1189 451 1226 sint⁹
478 1193 704 1227 declinationis
733 1201 765 1228 et
790 1195 935 1239 genitivo
963 1195 975 1227 ἱ
1002 1196 1170 1236 finiantur,
1205 1208 1245 1228 an
1272 1197 1387 1229 tertiae
1415 1197 1658 1239 declinationis,
1692 1193 1760 1229 ιη10
1792 1196 1821 1228 is
1847 1196 1975 1239 syllaba
2001 1196 2216 1228 terminentur

279 1244 444 1290 genitivo,
479 1245 623 1288 ideoque
649 1258 711 1290 per
737 1247 938 1291 singularum
969 1246 1149 1279 litterarum
1176 1257 1196 1279 r
1220 1248 1362 1281 litteram
1389 1248 1653 1282 antecedentium
1681 1247 1824 1292 syllabas
1850 1247 2061 1280 decurrentes
2088 1247 2216 1282 docea-

280 1308 370 1338 mus,
398 1307 484 1340 quae
511 1297 572 1329 sint
599 1297 826 1331 declinationis
854 1297 1036 1340 secundae,
1064 1310 1149 1341 quae
1176 1300 1300 1332 tertiae.

444 1363 504 1397 25.
556 1366 612 1398 Ar
638 1378 722 1410 pura
748 1367 875 1399 nullum
901 1378 1023 1399 nomen
1048 1368 1183 1411 repperi
1210 1368 1427 1401 terminatum.
1480 1367 1536 1400 Er
1561 1379 1647 1412 pura
1671 1367 1845 1400 terminata
1871 1366 2071 1406 masculina,
2097 1376 2215 1399 secun-

283 1415 346 1448 dae
373 1420 446 1449 sunt
473 1416 717 1459 declinationis,
739 1429 849 1463 puer,
872 1418 978 1463 pueri
987 1430 995 1457 ;
1024 1416 1228 1458 feminina¹¹‚
1256 1421 1399 1461 mulier,
1426 1420 1598 1462 mulieris,
1624 1419 1738 1451 tertiae
1765 1424 1837 1451 sunt
1865 1417 2104 1459 declinationis,
2131 1421 2165 1449 et
2189 1416 2217 1449 si

281 1479 348 1510 qua
374 1468 456 1505 alia;
483 1469 594 1501 omnia
619 1475 730 1502 tamen
758 1470 983 1513 corripientur.
1012 1469 1053 1501 11·
1079 1482 1165 1514 pura
1191 1483 1292 1504 unum
1318 1472 1551 1505 indeclinabile
1577 1471 1630 1504 vel
1656 1475 1889 1514 monoptotum
1916 1470 2062 1514 repperi,
2089 1468 2155 1502 hoc
2172 1467 2215 1509 ἰν,

282 1523 397 1552 contra
423 1520 584 1553 rationem
610 1528 800 1554 neutrorum
811 1518 834 1538 ¹²
861 1521 1030 1553 nominum
1056 1533 1077 1553 r
1102 1523 1210 1555 littera
1235 1524 1505 1566 terminatorum,
1533 1535 1618 1566 quae
1649 1522 1770 1562 omnia,
1799 1521 1882 1554 sicut
1908 1527 1982 1554 ante
2009 1520 2121 1561 docui,
2147 1524 2217 1552 ter-

282 1571 347 1603 tiae
373 1577 447 1604 sunt
473 1572 718 1613 declinationis,
753 1573 788 1605 id
816 1578 879 1612 est,
913 1573 1059 1617 genitivo
1087 1574 1115 1607 is
1139 1574 1267 1617 syllaba
1293 1576 1516 1608 terminantur.
1579 1574 1632 1607 Or
1661 1585 1746 1618 pura
1772 1573 1903 1605 inventa
1929 1573 2059 1617 generis
2085 1582 2217 1604 mascu-

282 1622 339 1654 lini
365 1628 398 1655 et
425 1623 588 1665 feminini,
622 1625 737 1657 tertiae
763 1630 837 1657 sunt
863 1624 1108 1664 declinationis,
1143 1626 1193 1658 ris
1226 1627 1432 1659 terminantia
1464 1626 1664 1671 genitivum,
1701 1636 1720 1658 ο
1752 1625 1784 1656 in
1816 1625 2016 1657 nominativo
2050 1628 2216 1667 correpta,

282 1674 316 1705 in
342 1673 487 1717 genitivo
514 1676 697 1718 producta,
725 1676 782 1708 hic
809 1681 840 1708 et
867 1675 956 1707 haec
981 1676 1119 1715 melior,
1148 1677 1249 1709 huius
1275 1679 1440 1710 mclidris.
1499 1678 1550 1710 Ur
1577 1688 1661 1721 pura
1686 1676 1813 1709 nullum
1840 1688 1960 1708 nomen
1987 1675 2122 1733 repperi
2147 1680 2217 1707 ter-

282 1723 449 1756 minatum.
509 1725 587 1758 Bar
620 1723 824 1759 terminata¹³
857 1727 972 1759 tertiae
1004 1733 1077 1760 sunt
1104 1728 1347 1770 declinationis,
1374 1730 1424 1762 ris
1450 1729 1574 1762 faciunt
1599 1729 1799 1773 genitivum,
1826 1728 1892 1760 hoc
1917 1727 2038 1770 iubar,
2065 1725 2216 1764 iubariae

282 1775 495 1819 splendorem
521 1776 586 1809 diei
612 1778 789 1821 significan
817 1779 992 1823 Virgilius:

510 1835 643 1869 Iubare
670 1834 845 1881 exorlo¹⁴5

282 1897 420 1918 numero
448 1898 580 1931 semper
613 1889 779 1933 singulari.
842 1888 915 1921 Ber
940 1889 1112 1922 terminata
1148 1885 1291 1922 omnia¹⁵

1325 1895 1357 1923 et
1384 1890 1605 1934 corripiuntur
1632 1896 1665 1923 et
1690 1889 1854 1923 secundae
1880 1892 1953 1920 sunt
1975 1887 2214 1921 declinationis.

368 1986 396 2023 1)
414 1985 615 2025 Corripiuniur
630 1989 694 2019 Asc.
719 1989 749 2016 P.
770 2003 810 2010 —-
853 1986 882 2026 2)
901 1988 1009 2019 Brimo.
1054 1990 1097 2017 Ila
1118 1990 1226 2018 Codex.

285 2028 371 2057 Brito
400 2028 464 2056 Asc.
497 2030 526 2057 P.
558 2047 594 2051 —
640 2031 678 2069 3)
707 2031 810 2059 Omnis
836 2030 885 2059 hic
916 2033 998 2060 locus
1027 2032 1056 2060 in
1087 2033 1157 2063 Cod.
1185 2033 1227 2061 sie

284 2070 457 2099 exhibetur:
481 2070 622 2101 hriuonis.
642 2075 680 2101 ιῖδ
700 2085 755 2102 non
778 2075 881 2102 inveni.
924 2075 975 2102 His
992 2085 1080 2113 supra
1101 2075 1229 2113 ascripta

284 2118 353 2142 sunt
384 2112 469 2141 haec:
522 2113 633 2143 Sancto
668 2114 824 2144 sanctonis
854 2118 972 2145 nomina
1010 2124 1075 2146 sunt
1101 2119 1229 2156 gentium

281 2166 451 2195 graecarum
483 2163 532 2184 aut
558 2155 758 2195 producuntur
788 2163 845 2188 cet.
896 2161 952 2188 Sed
983 2160 1012 2188 in
1039 2161 1106 2187 Asc.
1129 2165 1157 2187 et
1183 2161 1230 2189 P.:

284 2197 433 2232 Britonis,
469 2196 562 2226 Satrio
586 2198 733 2227 Santonis.
793 2200 921 2229 Nomina
947 2201 1097 2230 mulierum
1125 2213 1233 2241 graeca

283 2247 333 2268 aut
353 2239 554 2278 producuntur
579 2246 632 2268 cel.
684 2242 825 2279 Apertum
848 2249 907 2279 est,
937 2245 966 2271 in
998 2244 1069 2272 Cod.
1099 2244 1233 2272 excidis-

284 2292 315 2310 se
335 2292 384 2310 VV.
406 2282 523 2310 nomina
549 2281 716 2317 mulierum,
749 2284 779 2311 in
806 2285 881 2313 Edd.
905 2296 975 2315 vero
998 2287 1103 2315 verba:
1133 2287 1231 2314 nomi-

284 2335 323 2352 na
352 2331 418 2352 sunt
448 2326 592 2363 gentium,
628 2325 795 2355 desiderari.
823 2342 865 2348 —-
914 2329 944 2365 4)
971 2328 1082 2364 Vizzo,
1118 2328 1231 2357 Ῑ’”ι“.;;ο-

285 2368 330 2394 m's
360 2365 429 2395 cod.
465 2365 540 2395 Vizo
574 2367 692 2396 Vizonis
728 2368 792 2396 Asc*
823 2369 854 2396 P.
888 2386 928 2390 —
986 2371 1021 2408 5)
1052 2371 1085 2399 V.
1105 2371 1229 2410 finitum

285 2408 366 2437 deest
384 2409 414 2436 in
436 2408 502 2436 Asc.
523 2414 551 2437 et
573 2410 602 2438 P.
626 2426 667 2431 —
711 2410 741 2447 6)
765 2409 862 2438 liuius
885 2423 941 2449 par
962 2414 1063 2451 inpar
1089 2413 1157 2442 (jod.
1178 2413 1228 2441 vi-

1268 1991 1349 2022 tiose,
1371 2007 1411 2012 -—
1453 1990 1484 2028 7)
1508 1989 1641 2029 Excepto
1664 2001 1735 2025 zmo,
1759 1987 1838 2029 quod
1861 1995 2061 2027 monoptotum
2085 1995 2141 2024 est,
2161 1986 2216 2016 Ῑιοσ

1270 2034 1314 2068 ir,
1338 2033 1514 2071 significans.
1560 2033 1601 2060 lla
1618 2037 1695 2060 recle
1711 2033 1781 2060 (lod.
1825 2031 1858 2058 ln
1876 2032 1939 2059 Asc.
1956 2040 2004 2059 vv.
2023 2029 2103 2071 quod
2116 2040 2217 2058 mono-

1270 2082 1382 2115 ptotum
1404 2083 1442 2103 cst
1466 2075 1655 2103 omittuntur.
1677 2081 1798 2112 excepto
1816 2084 1889 2104 uno,
1912 2072 1967 2102 hoc
1984 2073 2026 2109 ir,
2054 2071 2134 2112 quod
2151 2083 2216 2100 mo-

1275 2124 1412 2156 noptoton
1430 2124 1485 2154 est,
1508 2125 1533 2145 et
1549 2118 1717 2156 significans
1733 2121 1871 2153 corrupte
1886 2116 1916 2145 P.
1940 2131 1982 2136 —
2025 2117 2051 2149 8)
2074 2115 2126 2147 Ita,
2150 2124 2217 2142 ma-

1275 2160 1398 2188 iusculis
1421 2164 1519 2188 {anien
1537 2160 1654 2188 Graecis
1672 2158 1786 2193 litteris,
1804 2158 1874 2186 cod.
1886 2174 1928 2179 —
1955 2157 1987 2196 9)
1998 2156 2064 2186 Sint
2084 2156 2186 2184 addidi
2200 2166 2216 2185 e

1277 2203 1346 2230 Cod.
1371 2218 1412 2223 —
1466 2203 1509 2239 10)
1537 2201 1575 2231 Ut
1603 2201 1704 2229 addidi
1727 2211 1741 2229 e
1765 2201 1836 2229 Cod.
1863 2217 1905 2222 -
1949 2203 1991 2235 11)
2017 2198 2169 2227 Feminina
2191 2199 2217 2227 is

1274 2243 1391 2284 syllaba
1422 2245 1530 2282 finiunt
1562 2245 1717 2283 genitivum
1753 2251 1783 2271 ui
1815 2241 1918 2271 mulier
1942 2242 1971 2272 P.
2004 2241 2081 2270 unde
2116 2245 2217 2269 tamen

1272 2286 1402 2315 hauserit
1425 2288 1455 2315 P.
1479 2286 1554 2314 hanc
1576 2287 1753 2321 ubertatem,
1775 2286 1888 2323 ignoro.
1911 2301 1952 2306 —-
1992 2287 2034 2322 12)
2057 2283 2217 2312 Nominum

1273 2336 1435 2357 neutrorum
1459 2330 1488 2357 P.
1527 2329 1559 2357 V.
1576 2337 1737 2357 neutrorum
1761 2328 1874 2356 omittit
1895 2328 1961 2355 Asc.
1987 2343 2022 2348 —-
2077 2326 2122 2361 13)
2144 2325 2215 2354 Voc-

1272 2372 1423 2398 ter-minata
1455 2371 1565 2399 omittit
1593 2372 1619 2399 P.
1646 2387 1685 2394 -·
1736 2372 1779 2402 14)
1805 2371 1884 2407 Virg.
1908 2369 1980 2399 Aen.
2004 2368 2062 2403 IV,
2084 2369 2152 2398 130.
2175 2382 2216 2389 -

1272 2412 1315 2451 15)
1338 2412 1468 2442 Nomina
1486 2414 1551 2442 Asc.
1570 2413 1600 2442 P.
1615 2428 1657 2435 -—
1689 2414 1735 2451 16)
1756 2413 1889 2442 Facient
1912 2411 1981 2439 Cod.
1995 2409 2134 2452 faciunt
2148 2409 2215 2439 Asc.
