2263 2668
598 116 663 150 DE
689 113 1084 151 SIGNIFICATIONE
1111 113 1388 152 VERBORUM
1418 119 1563 155 LIBER
1588 121 1632 156 11.
2014 129 2088 166 347

134 213 187 241 τοῦ
211 205 395 244 Μακεδόνος
418 206 435 240 ὅ
456 209 549 245 ἵππος
571 204 620 248 ἦν.
663 209 745 239 Idem
772 209 929 247 Arrianus,
960 208 1010 237 vel
1033 208 1114 247 quod
1136 213 1238 237 notam
1262 211 1417 241 candidam
1441 213 1472 242 in
1496 214 1593 253 capite
1614 213 1772 252 habuerit,
1800 225 1893 254 equus
1916 217 2076 252 Alexandri

132 253 196 292 ipse
217 256 299 281 totus
328 252 420 289 niger.
466 252 522 280 Sed
552 263 657 281 verum
687 258 733 282 est
755 254 795 281 ita
819 253 931 281 dictum
954 251 1062 287 fuisse,
1098 251 1165 289 quia
1189 251 1346 283 Thessalus
1370 261 1445 284 esset
1467 256 1650 296 herbamque
1671 257 1858 288 boucranion
1880 260 2008 292 inustam
2029 246 2086 295 ha:

131 296 226 325 beret.
270 296 314 323 Ita
338 296 415 322 enim
439 304 596 333 generosos
621 305 756 334 quosque
780 306 870 333 equos
893 305 962 323 suos
983 293 1143 322 inurebant
1166 294 1308 325 Thessali.
1351 297 1438 328 Dae.

297 336 433 366 Benna.
481 338 520 366 De
542 337 601 366 hoc
623 338 704 367 alibi.
743 338 941 367 Glossarium:
970 335 1131 373 Benarins,
1160 336 1337 378 σκηνάρχης.
1367 339 1465 372 Scal.
1505 341 1571 370 Vox
1593 342 1711 380 Belgica
1736 341 1844 381 banne,
1869 355 1943 383 quae
1967 349 2085 380 corbem

132 379 276 418 significat
299 384 327 408 et
350 379 520 408 vehiculum
544 381 707 409 vimineum
732 381 926 419 quadratum,
950 379 1064 408 duabus
1087 379 1159 407 rotis
1182 381 1323 410 volubile.
1349 383 1429 417 Quin
1453 388 1481 412 et
1504 384 1583 422 apud
1606 395 1654 413 eos
1677 384 1766 414 hodie
1788 396 1879 424 genus
1902 391 1979 418 carri
1999 391 2086 421 item—

133 433 189 461 que
213 422 293 462 apud
316 422 468 452 Helvetios
491 424 536 452 ein
560 422 649 452 henne
670 429 806 453 vocatur.
841 425 865 452 A
889 422 982 451 benna
1005 420 1222 453 combennones.
1256 424 1293 452 Et
1316 425 1345 452 in
1368 426 1479 455 Lexico
1503 427 1775 457 Latino—Graeco:
1802 428 1987 470 Combennit,
2012 446 2085 474 συμ-

132 464 278 505 βαστάζει.
322 465 410 494 Dac-

296 506 450 539 Bessem.
480 508 608 537 Videtur
630 508 836 537 scribendum:
860 507 1031 547 compositio
1053 507 1100 543 sit,
1123 507 1226 535 deletis
1250 509 1361 537 verbis:
1385 507 1473 539 bessis
1495 522 1534 540 ex
1557 512 1674 550 trien{e;
1697 523 1772 551 quae
1794 514 1936 545 videntur
1959 518 2083 550 adiecta.

132 549 214 579 Ful.
241 550 316 578 Urs.
348 549 414 579 Bes.
445 551 547 590 Inepta
571 552 765 589 etymologia,
790 556 818 580 et
839 561 965 580 morosa.
1004 549 1089 578 Prius
1111 549 1170 578 Des
1193 550 1364 587 dicebatur,
1387 557 1421 580 ut
1444 552 1570 591 cluonus,
1594 555 1706 592 bonus,
1730 555 1859 594 duellas,
1882 559 1986 589 bellus.
2021 563 2085 591 Au-

134 598 200 621 ctor
223 592 325 622 Varro.
354 592 433 632 (Lib.
448 593 488 629 V,
515 595 584 625 173.
612 593 681 632 Sp.)
712 594 760 622 As
783 594 823 623 ita
848 593 880 622 in
902 597 1001 632 partes
1025 603 1091 621 suas
1115 597 1235 622 secatur
1257 595 1304 622 vel
1329 594 1486 631 tribuitur,
1509 601 1542 624 ut
1564 596 1598 625 ab
1621 598 1707 626 uncia
1731 599 1769 627 ad
1793 605 1858 628 octo
1881 601 1931 630 fiat
1953 605 2084 641 partium

135 637 365 670 incrementum3
403 635 438 664 ab
467 641 535 664 octo
565 636 600 664 ad
630 636 787 665 duodecim
815 636 866 665 fiat
890 635 1062 666 deminutio.
1110 635 1184 663 Cum
1208 646 1277 674 ergo
1302 637 1337 665 ad
1360 642 1426 665 octo
1450 645 1624 676 perventum
1648 645 1708 678 est,
1745 646 1816 670 tunc
1840 642 1876 671 de
1899 655 1961 673 asse
1984 646 2083 675 demi-

133 678 285 707 nuendnm
308 678 339 705 iu
361 679 476 707 ratione
497 680 626 718 partium
650 679 789 709 ineunda.
834 679 898 707 Non
922 678 1013 715 enim,
1049 682 1083 706 ut
1106 683 1191 715 ante,
1229 678 1395 719 quadrans,
1433 682 1533 717 triens,
1567 683 1650 711 semis
1673 683 1798 721 dicitur,
1831 695 1905 724 quae
1927 688 2084 718 unciarum

133 721 299 749 adiectione
321 721 536 750 incrementum
560 722 697 760 capiuut;
726 723 779 750 sed
802 721 884 750 deest
904 721 1008 756 uncia,
1039 721 1122 749 deest
1144 726 1279 758 sextans,
1312 722 1395 750 deest
1418 723 1584 760 quadrans,
1614 725 1632 754 i,
1659 736 1682 755 e.
1706 725 1822 764 deunx,
1855 726 1997 767 dextans,
2032 730 2083 760 clo-

133 763 232 792 draus.
266 763 343 800 Ergo
368 763 403 791 ab
428 769 493 792 octo
518 764 553 792 de
577 775 638 793 asse
661 764 859 801 deminuitur,
882 763 962 792 unde
983 763 1043 792 Des
1064 762 1155 792 dessis
1177 763 1275 793 dictus
1298 765 1427 803 primum
1453 777 1467 794 a
1491 767 1648 795 veteribus.
1682 769 1718 797 Et
1740 769 1813 797 haec
1835 774 1877 798 est
1898 781 1969 800 vera
1993 774 2085 812 etymi

133 806 220 835 ratio.
266 806 362 833 Varro
386 806 417 845 (l.
435 805 474 844 c.)
497 807 527 835 in
551 808 772 836 enumeratione
795 807 866 835 assis
890 806 1034 845 partium,
1061 811 1218 845 postquam
1243 807 1280 835 ad
1305 813 1477 846 septuncem
1500 810 1651 848 pervenit,
1675 810 1820 851 Reliqua,
1844 813 1957 851 inquit,
1979 815 2084 845 obscu—

134 850 230 884 riom,
268 846 348 888 quod
371 859 389 876 α
412 847 614 878 deminutione.
657 848 696 878 Et
717 861 750 878 ea
773 861 847 889 quae
869 849 1088 886 deminuuntur,
1127 849 1168 877 ita
1190 857 1256 877 sunt
1277 857 1307 878 ut
1329 858 1477 879 extremas
1496 850 1628 890 syllabas
1651 851 1788 890 habeant,
1823 862 1854 883 ui
1877 867 1895 883 a
1918 854 2082 896 duodecim,

133 902 191 919 una
214 890 330 930 dempta
353 891 457 928 uncia,
481 891 592 921 Deunoe
615 897 670 923 cet.
695 892 754 921 Sed
776 893 879 921 Festus
903 891 1023 921 eandem
1046 891 1131 930 ponit
1153 893 1362 930 etymologiam
1385 893 1414 921 in
1438 894 1536 931 besse,
1562 905 1648 932 quam
1667 895 1771 924 Graeci
1796 896 1826 927 ἐν
1850 899 1985 938 διμοίρῳ.
2010 901 2083 930 Nam

134 938 162 962 et
184 934 324 972 δίμοιρον
347 934 477 971 (lictum,
516 935 594 973 quod
623 935 695 963 duas
724 935 891 973 portiones,
929 934 990 963 hoc
1013 939 1075 973 est,
1112 935 1188 963 duos
1216 936 1338 964 trientes
1367 935 1467 966 habet.
1511 937 1569 965 Sed
1592 938 1696 966 Graeci
1718 939 1749 966 in
1772 940 1842 968 assis
1865 940 2084 980 distributione,

134 986 222 1014 quam
244 977 459 1015 posterioribus
482 978 665 1016 temporibus
689 975 874 1018 οὕγκιασμόν
896 982 1060 1013 vocarunt,
1098 977 1184 1006 aliam
1206 979 1351 1007 rationem
1375 984 1549 1017 sequuntur.
1592 980 1634 1008 Ita
1660 980 1734 1008 enim
1757 988 1931 1020 numerant,
1962 989 1995 1013 ut
2017 991 2085 1024 post

132 1019 272 1047 trientem
296 1018 437 1048 adiiciant
459 1025 576 1049 tantum
598 1021 726 1049 unciam.
766 1021 802 1049 Ut
825 1021 912 1049 triens
933 1021 1040 1055 uncia,
1062 1019 1121 1048 hoc
1144 1025 1188 1048 est
1213 1019 1391 1059 Quinctium,-
1413 1023 1498 1050 semis
1519 1023 1621 1059 uncia,
1643 1022 1701 1051 hoc
1725 1028 1768 1052 est
1792 1023 1936 1064 Septunx.
1974 1027 2085 1058 Deinde

132 1062 190 1089 iam
215 1062 309 1089 altero
333 1063 440 1090 triente
463 1063 560 1100 facto,
599 1073 684 1102 quem
714 1066 822 1103 μοῖρον
850 1067 975 1099 vocant,
1012 1064 1149 1101 δίμοιρον
1179 1063 1292 1092 dicunt.
1336 1064 1379 1092 lta
1409 1069 1505 1093 autem
1535 1065 1729 1094 numerabant
1752 1067 1863 1096 ultiniis
1887 1070 2084 1108 temporibus:

134 1104 320 1140 δωδέκατον,
343 1104 444 1141 ἕκτον,
467 1105 620 1145 τέταρτον,
643 1107 757 1144 τρίτον,
781 1106 881 1145 τρίτον
902 1105 1089 1141 δωδέκατον,
1114 1103 1222 1145 ἥμισυ,
1247 1104 1340 1145 ’ἥμισυ
1361 1107 1546 1143 δωδέκατον,
1573 1108 1726 1147 δίμοιρον,
1750 1110 1887 1148 δίμοιρον
1906 1112 2084 1151 δωδέκατον,

134 1148 274 1185 δίμοιρον
298 1147 397 1183 ἕκτον,
430 1148 568 1187 δίμοιρον
590 1150 744 1187 τέταρτον,
779 1151 870 1188 λίτρα.
915 1149 984 1177 Tria
1009 1148 1085 1177 enim
1108 1153 1221 1177 tantum
1244 1148 1294 1177 hic
1318 1150 1446 1178 variant:
1484 1150 1597 1189 primus
1621 1153 1728 1186 triens,
1760 1152 1809 1189 qui
1834 1153 1960 1191 simplici
1985 1166 2085 1185 acces—

134 1190 216 1218 sione
238 1190 395 1218 unciarum
419 1191 625 1229 progreditur3
652 1192 728 1219 alter
748 1191 856 1228 triens,
881 1191 1065 1230 compositus
1087 1192 1135 1220 vel
1159 1202 1195 1220 ex
1219 1202 1248 1220 se
1271 1192 1318 1221 vel
1342 1203 1378 1220 ex
1401 1193 1503 1229 uncia,
1532 1193 1578 1221 vel
1601 1203 1639 1221 ex
1661 1194 1779 1222 semisse
1801 1199 1829 1223 et
1852 1196 1953 1234 amia,
1978 1199 2084 1228 tertius

133 1233 241 1269 triens,
265 1232 316 1271 qui
341 1242 378 1260 ex
401 1243 431 1261 se
454 1238 483 1261 et
506 1239 662 1272 augmento
685 1233 840 1262 unciarum
865 1234 1050 1272 compositus
1073 1239 1126 1262 est.
1165 1235 1202 1263 Et
1223 1235 1330 1263 iterum
1353 1237 1462 1274 repetit
1485 1235 1618 1264 ordinem
1642 1237 1729 1275 primi
1751 1237 1865 1265 trientis
1888 1240 1991 1278 uncia,
2014 1251 2085 1270 sex·-

133 1280 214 1311 tans,
253 1274 410 1313 quadrans.
457 1276 529 1304 Nam
560 1287 591 1304 se
621 1277 774 1316 componit
803 1286 871 1305 cum
899 1276 957 1304 illis
979 1275 1142 1313 Besuncia,
1181 1276 1367 1314 besseoetans,
1407 1277 1617 1318 basquaclram.
1662 1280 1699 1307 Ut
1732 1289 1791 1308 non
1823 1280 1951 1309 dubitari
1982 1284 2084 1321 possit,

133 1328 224 1357 quare
247 1319 385 1356 δίμοιρον
408 1318 515 1346 Graeci
537 1319 682 1347 vocarint.
722 1319 794 1347 Cum
818 1324 939 1357 possent
961 1319 1047 1347 aliter
1069 1319 1184 1357 facere,
1214 1325 1242 1348 et
1264 1332 1279 1348 a
1302 1321 1395 1349 tribus
1419 1321 1633 1359 quadrantibus
1658 1322 1835 1350 Dodrantem
1859 1325 1975 1361 potius,
1999 1336 2085 1364 quam

133 1371 149 1389 a
165 1360 282 1389 duobus
300 1360 458 1389 trientibus
474 1360 588 1391 bessem.
614 1360 711 1390 Scal.
744 1361 855 1390 Unciae
872 1369 947 1390 ocio.
976 1362 1009 1390 ld
1032 1362 1109 1390 enim
1133 1362 1192 1391 bes.
1215 1363 1234 1392 1.
1250 1366 1298 1394 12.
1317 1366 1345 1394 8.
1360 1364 1389 1392 ss'.
1412 1364 1552 1393 mandati.
1584 1363 1655 1392 Inde
1677 1365 1773 1393 socius
1797 1375 1833 1393 ex
1856 1365 1938 1395 besse
1960 1368 2085 1400 l.76.ff.

131 1414 188 1443 pro
211 1403 302 1432 socio.
345 1404 382 1432 Et
403 1403 501 1432 besses
523 1414 648 1440 usurae,
686 1404 803 1443 quoties
827 1408 932 1433 octavo
959 1415 1036 1433 anno
1059 1415 1166 1433 usurae
1189 1411 1299 1434 sortem
1325 1411 1500 1445 exaequant.
1522 1407 1606 1437 ].26.
1631 1408 1779 1436 versiculo
1804 1418 1894 1447 super
1916 1411 2021 1441 usuris.
2044 1427 2086 1432 —

133 1446 204 1475 cod.
229 1445 266 1475 de
288 1446 396 1474 usuris.
425 1464 464 1469 —
493 1445 578 1482 Fiat,
615 1447 661 1476 sit.
693 1464 729 1468 —
763 1446 861 1475 Bessis
883 1458 924 1476 ex
946 1448 1054 1476 triente.
1099 1448 1287 1483 Quibusdam
1315 1448 1387 1478 haec
1410 1449 1552 1478 videntur
1575 1459 1635 1478 esse
1658 1450 1871 1489 dispungenda.
1899 1468 1942 1473 ——
1973 1453 2085 1491 'I'riens‚

130 1489 258 1519 trientis.
304 1487 411 1517 Goth.

296 1530 456 1559 Bellum.
501 1532 524 1560 A
548 1531 657 1560 belluis
679 1532 745 1560 vult
769 1532 881 1560 Festus.
914 1532 971 1560 Sed
993 1532 1110 1561 belluae
1131 1533 1232 1571 potius
1255 1544 1270 1561 a
1294 1533 1383 1563 bello.
1418 1534 1504 1563 Prius
1528 1534 1683 1564 dicebatur
1706 1534 1850 1571 duellum,
1873 1536 1941 1566 inde
1964 1537 2085 1567 bellum.

133 1572 326 1609 Quinctilian.
349 1573 443 1605 lib.I,
467 1574 497 1604 5.
526 1572 586 1602 Sed
607 1573 636 1602 B
659 1585 772 1614 qnoque
793 1575 823 1602 in
847 1573 943 1602 locum
967 1574 1094 1603 aliarum
1119 1574 1251 1604 dedimus
1272 1574 1450 1615 aliqnando,
1475 1575 1550 1605 unsle
1571 1576 1700 1615 Burrus,
1724 1585 1748 1606 et
1765 1578 1876 1617 Bruges
1899 1586 1924 1607 el
1940 1578 2086 1609 Balaena.

133 1616 197 1645 Nec
218 1627 275 1644 non
304 1614 402 1643 cadem
423 1614 504 1657 fecii
532 1627 571 1644 ex
602 1615 699 1645 duello
729 1614 845 1645 bellum.
894 1615 978 1644 Unde
1007 1615 1132 1645 duellios
1161 1617 1282 1657 quidam
1307 1618 1402 1647 dicere
1427 1617 1529 1648 bellios
1551 1621 1623 1648 ausi.
1654 1620 1743 1649 Dac.
1789 1619 1906 1649 Bellum
1928 1632 1946 1649 α
1973 1621 2084 1651 belluis.

134 1658 195 1686 Imo
218 1668 234 1686 a
257 1656 370 1693 duello,
399 1663 432 1686 ut
457 1658 550 1686 Varro
574 1659 677 1687 scribit
698 1658 747 1687 lib.
762 1658 809 1688 Vl.
836 1658 910 1695 (VII.
935 1669 1000 1698 pag.
1015 1660 1085 1690 335.
1109 1660 1171 1698 Sp.)
1204 1661 1255 1689 Vel
1278 1671 1293 1688 a
1317 1661 1418 1700 βέλος,
1451 1666 1483 1690 ut
1506 1672 1521 1689 a
1543 1662 1657 1700 praelio
1680 1662 1803 1691 dimi-at.
1848 1663 1924 1693 Vide
1945 1664 2084 1694 Nonium.

135 1699 177 1739 (p.
190 1702 263 1731 437.
287 1700 390 1737 More.)
423 1698 527 1730 Goth.

299 1741 463 1772 Barium.
507 1743 540 1771 In
565 1743 690 1782 Apulia,
713 1743 826 1772 distans
843 1754 860 1772 a
876 1744 1045 1773 Brundusio
1069 1745 1151 1774 DCC.
1176 1745 1250 1773 stad.
1274 1745 1427 1774 PIscosum
1450 1751 1540 1775 vocat
1562 1746 1664 1776 Horat.
1681 1746 1793 1783 Sat.V‚
1816 1747 1885 1776 libri
1905 1750 1930 1779 1.
1949 1747 1988 1786 (v.
2002 1747 2084 1788 96.):

134 1783 257 1814 Postera
281 1791 432 1824 tempesias
454 1784 572 1822 melior,
603 1786 650 1814 via
671 1786 753 1825 peior
777 1785 818 1814 ad
842 1798 931 1826 usque
952 1786 1028 1815 Bari
1052 1789 1165 1816 moenia
1185 1788 1305 1827 piscosi.
1350 1787 1451 1816 Insula
1474 1789 1572 1826 Bam,
1608 1789 1644 1817 de
1667 1799 1723 1827 qua
1746 1788 1796 1817 hic
1819 1790 1937 1827 Festus,
1966 1789 2085 1820 Pharon

135 1827 316 1856 existimavit
339 1837 401 1855 esse
425 1828 566 1856 Ortelius.
611 1828 651 1856 Ea
675 1828 764 1856 hodie
787 1828 818 1859 S.
842 1828 985 1865 Andr-ca,
1017 1830 1048 1858 ni
1072 1831 1179 1859 fallunt
1201 1830 1329 1859 tabulae.
1374 1830 1464 1861 Duc.

299 1868 549 1899 Brundisium.
595 1870 657 1899 Imo
681 1869 864 1909 Βρεντήσιον
888 1882 938 1900 seu
964 1873 1150 1912 Βρεντέσιον,·
1177 1874 1260 1912 prius
1284 1872 1395 1912 Βρέντη
1420 1874 1532 1902 dictum
1556 1873 1686 1902 videtur.
1730 1874 1821 1912 quue
1845 1884 1906 1902 esse
1929 1873 2083 1912 antiquum

134 1921 241 1941 nomen
265 1911 327 1940 eius
350 1912 467 1951 oppidi,
498 1914 577 1952 quod
602 1913 746 1952 significat
767 1914 865 1951 lingua
889 1915 1072 1944 Cretensium
1097 1926 1219 1944 cervum.
1246 1914 1347 1944 Scal.
1392 1916 1502 1944 Nullibi
1528 1916 1615 1944 hodie
1638 1915 1786 1944 Brendam
1809 1917 1888 1955 apud
1909 1920 2014 1954 poetas
2037 1926 2084 1945 re—

134 1955 241 1993 peries.
286 1954 343 1982 Sed
373 1955 493 1984 omnino
522 1955 744 1985 rescribendum
770 1955 939 1993 Bra-mlum,
980 1958 1027 1985 vel
1049 1957 1218 1994 Brentium;
1256 1958 1447 1986 Brundisium
1477 1959 1554 1986 enim
1580 1959 1710 1994 dictum,
1746 1959 1826 1996 quod
1848 1963 1953 1997 portus
1977 1958 2084 1988 habeat

135 1997 216 2026 cervi
241 2007 351 2025 cornua
374 1998 552 2027 referentes.
582 2009 667 2037 quom
694 2000 828 2037 Messapii
851 2000 976 2038 βρένδον
999 2005 1027 2028 et
1048 2000 1183 2039 βρέντιον
1206 2005 1324 2028 vocant.
1369 2001 1548 2039 Hesychius:
1581 2001 1711 2039 Βρὲνδον
1732 2000 1855 2038 ἔλαφον.
1901 2000 1974 2029 Vide
1997 2002 2083 2030 Stra-

134 2040 238 2068 bonem
269 2039 318 2068 lib.
334 2039 379 2067 Vl.
403 2045 432 2068 et
460 2041 594 2071 Eustath.
625 2041 661 2070 ad
690 2042 810 2070 Homer.
840 2052 907 2080 pag.
923 2044 1014 2073 1409.
1060 2042 1227 2082 Stephanus
1258 2048 1392 2072 autorem
1420 2043 1510 2072 huius
1540 2043 1735 2083 etymologiae
1764 2043 1839 2071 citat
1866 2043 2020 2072 Seleucum
2050 2044 2082 2073 in

135 2083 260 2112 Glossis.
305 2082 388 2111 Duc.

299 2123 563 2166 Beneficiarii.
608 2125 789 2154 Emendabat
813 2127 984 2155 Salmasius:
1028 2126 1087 2163 Oui
1109 2127 1274 2156 muneribus
1296 2127 1445 2158 vacabant
1467 2127 1613 2167 beneficio.
1657 2127 1714 2156 Sed
1739 2127 1806 2165 quia
1831 2137 1883 2164 per
1905 2126 2080 2156 beneficium

132 2168 346 2206 imperatorum
372 2167 515 2195 vacabant
539 2169 726 2204 muneribus,
749 2169 906 2205 legendum
931 2174 974 2197 est
998 2170 1111 2208 potius:
1140 2171 1190 2210 qni
1212 2169 1359 2199 vacabant
1381 2182 1495 2199 munere
1517 2169 1600 2199 ducis
1623 2167 1767 2210 beneficio.
1811 2170 1866 2198 tna
1889 2181 2003 2198 munere
2025 2168 2080 2198 clu-

133 2211 192 2246 cis,
224 2210 378 2238 obliterata
401 2210 514 2248 syllaba
539 2209 598 2245 du,
630 2214 802 2245 munet-esis,
834 2211 862 2239 in
886 2212 1012 2240 muneris
1034 2218 1131 2250 postca
1156 2218 1307 2251 conrupta.
1350 2213 1535 2242 Beneficiarii
1557 2212 1664 2249 iidem,
1688 2212 1759 2241 inde
1783 2216 1812 2240 et
1833 2213 1974 2241 immunes
1997 2211 2077 2240 dicti.

132 2253 171 2281 Ut
194 2258 296 2281 contra
321 2253 489 2289 munifices,
515 2253 565 2290 qui
591 2263 697 2281 munus
720 2253 857 2290 obibant,
887 2259 920 2282 ut
942 2254 1051 2290 fossas,
1082 2256 1194 2284 vallum
1218 2260 1381 2293 struerent,
1411 2256 1549 2284 excubias
1573 2259 1602 2283 et
1624 2255 1764 2284 stationes
1786 2255 1911 2285 obirent.
1954 2255 2077 2292 Aliaque

132 2295 162 2323 id
185 2305 286 2333 genus.
316 2294 370 2323 Da
381 2306 406 2325 c.
443 2294 638 2334 Beneficiarii.
676 2296 716 2323 l)e
741 2296 847 2334 quibus
871 2297 939 2324 vide
962 2297 981 2325 1.
1006 2299 1059 2326 ult.
1084 2298 1112 2326 ss'.
1136 2298 1171 2327 de
1195 2299 1259 2327 iure
1283 2299 1482 2328 immunitatis.
1505 2297 1682 2329 Novelh13.
1713 2297 1848 2327 Muneris
1870 2297 2014 2335 benficia.
2038 2295 2073 2323 al.

132 2348 255 2367 munere
277 2338 429 2367 beneficio.
459 2337 626 2376 IlIunifices.
650 2338 789 2367 munifici.
825 2339 892 2367 Dixi
915 2339 950 2367 ad
975 2340 1053 2371 l.18.
1069 2341 1098 2369 ss'.
1119 2341 1155 2370 de
1179 2341 1259 2370 verb.
1282 2342 1354 2379 sign.
1379 2340 1578 2380 Reipublicae.
1602 2340 1652 2368 alii
1675 2340 1806 2379 publice.
1855 2338 1955 2368 Goth.

295 2379 492 2420 Renignus.
540 2381 676 2409 Ridicule
699 2381 809 2409 Festus.
848 2382 994 2420 Benignus
1018 2393 1033 2411 a
1058 2382 1161 2420 benus,
1191 2389 1221 2412 ut
1246 2384 1384 2413 dicebant
1412 2394 1467 2423 pro
1495 2383 1595 2412 bonus.
1632 2383 1669 2412 Ut
1692 2383 1799 2421 Apello
1823 2381 1939 2420 Apollo,
1976 2378 2069 2405 ssenus

1553 2435 1664 2468 Xx*
