2263 2668
270 147 344 182 298

1004 146 1183 180 ΜΑΧΙΜΙ
1219 147 1463 181 VICTORINI

275 253 350 275 cum
378 246 478 285 poeta
508 239 665 275 voluerit.
693 234 748 270 in¹
773 239 839 272 hac
869 239 986 272 eadem
1007 240 1180 273 novissima
1211 242 1355 284 syllaba,
1392 242 1449 274 ubi
1472 242 1539 274 duo
1567 243 1580 275 i
1603 254 1671 276 esse
1698 243 1860 285 diximus,
1891 245 2043 288 synaloe-
2078 247 2211 297 [1968]

276 292 346 337 pha
362 289 374 309 ²
400 304 465 324 non
491 292 590 328 fiat-3
617 301 683 331 quo
712 290 814 322 modo
842 296 888 322 est
915 302 1023 323 versus
1050 291 1105 323 ille
1124 292 1286 325 Lucretii:

502 357 581 390 Δοη
601 357 698 389 ναιΙίἱ
722 358 820 399 solis,
847 369 955 402 neque
981 359 1101 392 lacida
1128 360 1199 392 tela
1226 357 1326 393 diei&

278 426 452 459 Scanditur
476 426 561 457 enini
586 425 646 458 sic:
673 426 685 457 i
705 437 759 466 so,
780 427 956 469 spondeus.

280 484 341 515 est,
370 482 402 508 et
423 478 564 509 exterior
586 476 681 520 pedis
713 483 840 520 partem
865 478 961 521 cepit.

279 528 365 560 mine
387 528 483 570 facit,
511 533 546 560 ut
567 533 614 560 est
636 528 690 560 ille
710 526 862 572 Virgilii⁷
884 541 1014 562 versus:

503 596 645 629 Diversi
669 600 830 640 rumpent
851 593 978 630 radiiss.

1010 425 1099 460 Vide
1128 428 1299 470 quomodo
1323 438 1430 469 neque
1451 427 1463 459 i
1484 426 1614 461 littera⁵
1640 429 1773 461 interior
1803 430 2010 474 synaloepha
2047 434 2212 469 subtracta

1013 478 1082 511 Sed
1108 491 1217 512 rursus
1243 491 1318 512 cum
1351 484 1452 522 poeta
1476 478 1644 521 volueritss,
1680 481 1918 525 synaloepham
1940 482 1973 514 in
2000 484 2121 518 eodem
2149 498 2212 520 no-

281 662 457 696 Scanditur
482 665 568 697 euim
587 660 666 696 sic⁹z
694 663 820 707 Βῖυεν,
849 664 1034 709 spondeus,
1060 663 1090 697 si
1110 674 1206 705 rum,
1233 663 1416 708 spondeus,
1432 668 1517 709 pent
1538 664 1632 707 radi,
1660 664 1819 709 dactylus.
1848 666 1913 701 Hic
1931 666 2017 700 enim
2038 669 2212 703 novissima

283 716 486 760 excluditur,
510 727 595 759 quae
616 716 720 760 longa
741 720 798 748 est.

971 848 995 881 S
1006 860 1027 880 E
1039 859 1060 880 G
1069 860 1105 881 Μ.
1133 848 1189 883 VI.

1242 847 1306 880 De
1342 848 1482 881 ectasi
1497 846 1528 883 ¹⁰.

444 935 614 968 Interdum
639 935 670 967 in
692 933 876 967 nominibus
898 933 1106 979 appellativis
1128 933 1236 977 prima
1257 933 1384 976 syllaba
1413 939 1528 966 contra
1560 938 1708 965 naturam
1738 933 1950 977 producitur,
1987 932 2095 979 quia¹¹
2119 937 2212 970 aliter

282 984 314 1016 in
339 996 433 1018 versu
457 988 538 1030 poni
563 998 628 1018 non
651 990 777 1030 potest,
805 991 856 1017 ut:

506 1055 652 1088 Italiam
678 1049 841 1087 cono-[1¹².

284 1120 350 1153 Hic
372 1122 456 1154 enim
482 1122 508 1155 I
522 1123 649 1166 syllaba
673 1127 788 1156 contra
817 1125 964 1153 naturam
976 1114 1000 1134 ¹³
1025 1119 1188 1163 producta
1212 1122 1277 1157 est,
1309 1122 1345 1150 ut
1370 1129 1437 1150 esse
1459 1118 1493 1150 in
1523 1129 1619 1151 versu
1642 1120 1810 1163 potuisset.

283 1171 419 1205 brevem
443 1174 669 1218 intelligimus,

1863 1119 1943 1152 Hoc
1969 1124 2080 1154 autem
2107 1120 2211 1154 modo

723 1173 863 1205 Necesse
885 1171 970 1204 enim
996 1176 1043 1203 est
1058 1167 1090 1211 ¹⁴,
1121 1175 1156 1202 ut
1180 1169 1285 1212 qualis
1309 1174 1355 1202 est
1377 1169 1484 1213 prima
1505 1170 1629 1213 syllaba
1653 1170 1686 1202 in
1707 1171 1820 1213 aliquo
1847 1171 1981 1204 nomine
2004 1173 2211 1217 provinciali,

284 1224 401 1256 eadem
424 1225 464 1257 sit
486 1231 600 1257 natura
619 1221 685 1257 in¹5
706 1225 777 1268 ipsa
799 1223 985 1268 provincia,
1008 1227 1059 1254 ut:
1087 1221 1178 1266 Afer
1201 1221 1308 1264 prima
1331 1221 1434 1264 longa
1456 1225 1518 1259 est;
1538 1221 1572 1253 in
1586 1218 1750 1266 Africam
1769 1222 1886 1254 eadem
1903 1227 2020 1257 natura
2042 1229 2090 1257 est
2105 1224 2211 1268 prima

284 1273 398 1308 littera.

450 1277 543 1321 Ergo
570 1276 739 1308 videamus
763 1275 877 1307 Italus
895 1275 1003 1318 prima
1027 1273 1154 1316 syllaba
1177 1272 1281 1315 qualis
1302 1272 1358 1310 sit3
1382 1272 1474 1304 dabit
1496 1272 1653 1317 Virgilius
1676 1274 1884 1318 exemplum,
1911 1278 1961 1307 ut:

508 1345 663 1389 Antiqua
691 1355 708 1377 e
735 1343 841 1376 cedro
867 1342 1063 1386 Italusque,
1085 1345 1259 1386 paterque
1281 1336 1473 1374 Sabinusff.

284 1408 350 1443 Hic
379 1410 412 1443 in
440 1411 534 1446 Italo
567 1413 676 1457 prima
697 1412 823 1456 syllaba
850 1410 956 1444 brevis
977 1414 1041 1454 est,
1064 1421 1149 1453 quae
1173 1420 1231 1442 nos
1259 1409 1375 1450 docet,
1402 1407 1542 1441 eandem
1568 1403 1634 1440 ἰιι18
1654 1407 1765 1442 Italia
1789 1408 1909 1442 servari
1934 1411 2100 1453 oportere.

829 1562 853 1595 S
862 1573 884 1594 E
894 1572 915 1594 G
925 1572 961 1593 M.
988 1559 1062 1593 Vll.

447 1646 598 1687 Quatuor
629 1647 774 1690 syllabae
803 1647 918 1679 breves
948 1656 1011 1690 pro
1039 1645 1189 1690 spondeo
1215 1646 1296 1690 poni
1325 1650 1479 1690 possunt,
1505 1650 1556 1678 ut:
1588 1646 1712 1679 Germa
1741 1646 1872 1680 labant.

1121 1559 1186 1593 De
1220 1559 1423 1593 brevibus
1454 1559 1657 1604 syllabis.

1924 1645 1992 1680 Hic
2026 1645 2112 1678 enim
2139 1643 2212 1678 Ge-

286 1706 356 1728 nua
379 1697 416 1730 la
432 1694 465 1739 ¹⁰,
488 1699 667 1738 scanditur,
694 1699 727 1730 in
759 1709 825 1741 quo
849 1698 938 1742 pede
970 1697 1095 1740 priores
1124 1696 1210 1730 duae
1232 1698 1346 1730 breves
1373 1698 1568 1741 iunguntur,
1599 1703 1633 1730 ut
1656 1710 1754 1730 unam
1777 1699 1913 1744 longam
1934 1697 2057 1731 faciant
2080 1697 2212 1741 poetica

287 1746 431 1790 licentia,
458 1761 543 1792 quae
568 1750 672 1794 magis
697 1750 729 1781 in
748 1750 901 1782 iambicis
919 1749 1062 1781 versibus
1083 1754 1129 1781 est
1145 1749 1304 1793 permissa
1328 1745 1391 1781 et²⁰
1413 1749 1557 1782 celebris

289 1864 317 1899 ι’,
339 1863 372 1890 lzi
388 1865 498 1902 gladii.
521 1867 568 1895 Pe.
590 1866 705 1895 Putsch.
733 1884 775 1888 —
806 1866 832 1908 l)
856 1866 1034 1905 Praepositio
1056 1866 1178 1895 accessit
1194 1876 1232 1894 ex

290 1905 360 1934 Cod.
383 1907 453 1936 Bob.
479 1909 612 1937 Ceterum
637 1909 685 1937 hic
712 1910 815 1938 luibae
837 1911 868 1938 in
893 1910 962 1939 cod.
987 1909 1057 1937 Bob.
1086 1910 1124 1936 in.
1151 1909 1231 1936 hanc

289 1946 411 1975 eandem
448 1952 643 1979 novissimam
671 1952 818 1990 syllabam
850 1952 911 1980 cluo
944 1953 974 1981 .ι’.
1005 1957 1048 1979 est
1079 1950 1230 1987 diximus,

291 1989 400 2017 omisso
421 1991 481 2019 ulai.
505 1994 614 2031 Scripsi
642 1994 745 2031 igitur:
775 1997 815 2022 in
842 1995 916 2022 hac
943 1992 1044 2022 eadem
1067 1995 1230 2021 norissima

290 2031 423 2070 syllaba,
448 2033 499 2060 ula·
520 2039 572 2063 cel.
597 2052 636 2057 ——
667 2036 693 2073 2)
721 2038 794 2065 Hic
816 2037 1007 2075 qiizzclotplzzz.
1039 2036 1083 2064 Pe.
1110 2035 1228 2064 Putsch.

292 2073 363 2103 Cod.
385 2075 444 2102 Aut
463 2076 647 2105 scribendum
670 2079 741 2106 haee
760 2090 781 2106 S.
805 2085 856 2107 aut
880 2080 961 2117 prior
980 2089 1040 2107 vox
1057 2078 1226 2107 omittenda.

292 2132 330 2137 —
359 2116 389 2154 3)
419 2118 463 2143 Sic
486 2117 531 2148 Pe,
557 2119 675 2148 putsch.
700 2119 748 2148 Fit
774 2122 844 2149 eod.
862 2121 932 2150 Bob.
948 2121 1053 2160 scripsi
1076 2131 1142 2159 ergo
1154 2121 1227 2159 fiat.

293 2175 329 2179 ——
353 2157 381 2197 4)
402 2159 517 2187 Lucret.
539 2159 580 2195 ll,
604 2163 652 2192 59.
682 2177 723 2182 -
756 2167 782 2197 5)
817 2163 972 2200 Quomodo
993 2165 1004 2190 a·
1031 2164 1118 2191 litera
1137 2174 1227 2202 neque

291 2202 343 2229 int.
360 2201 406 2229 Pe.
429 2201 547 2231 Putsch.
574 2218 609 2222 —-
634 2201 663 2241 (5)
692 2204 810 2240 Voltcit5
834 2207 872 2234 ita
895 2216 1008 2244 semper
1028 2205 1059 2233 in
1081 2205 1137 2233 hac
1160 2207 1226 2234 for-

290 2242 369 2270 mula
389 2243 484 2281 prima
512 2254 615 2272 manus
641 2245 671 2272 in
696 2246 765 2273 eod.
786 2252 871 2285 atque
897 2248 983 2275 etiam
1009 2248 1039 2275 in
1062 2259 1146 2287 supp.
1171 2247 1228 2276 Sed

289 2285 397 2323 ubique
415 2295 489 2314 corr.
515 2287 659 2322 voluerit,
690 2287 767 2324 quod
791 2299 891 2316 verum
915 2294 965 2317 est.
994 2306 1035 2311 —
1062 2290 1094 2328 7)
1125 2290 1162 2318 Ut
1186 2295 1228 2317 est

294 2328 421 2366 lhgtlii
450 2328 556 2356 omisso
576 2329 759 2367 pronomine.
787 2329 834 2356 Pe.
862 2330 978 2358 Pulsch.
1009 2347 1050 2352 —
1084 2331 1116 2372 8)
1148 2332 1226 2370 Virg.

291 2370 394 2408 Georg.
414 2370 440 2407 I,
466 2372 536 2402 446.
558 2388 599 2393 -—
621 2372 650 2408 9)
667 2371 772 2399 Verba:
798 2371 960 2399 *scandum-
983 2374 1058 2399 enim
1076 2375 1120 2400 sic
1136 2375 1226 2402 omis-

1273 1877 1304 1895 sa
1326 1866 1356 1894 in
1381 1867 1451 1895 Cod.
1474 1867 1545 1895 Bob.
1577 1882 1618 1888 —
1649 1865 1694 1906 10)
1721 1868 1768 1895 De
1787 1867 1913 1895 ἱερέα-ει·
1936 1864 2006 1894 cod.
2029 1863 2102 1893 Bob.
2125 1863 2212 1893 Deest

1272 1909 1427 1948 inscriptio
1454 1909 1485 1936 in
1513 1910 1560 1937 Pe.
1584 1909 1705 1938 putsch.
1742 1925 1784 1931 —
1821 1908 1866 1949 11)
1892 1908 1954 1946 Qui
1980 1908 2068 1936 aliter
2093 1905 2210 1935 Putsch.

1275 1952 1358 1989 Quia
1380 1951 1427 1979 Pe.
1451 1951 1520 1979 cod.
1543 1951 1614 1980 Bob.
1636 1967 1678 1973 —
1702 1948 1744 1991 12)
1769 1950 1894 1979 Italiam
1915 1956 2021 1979 contra
2047 1949 2118 1978 cod.
2139 1947 2208 1978 Bob.

1271 1999 1360 2022 recte.
1388 1994 1500 2022 Contra
1524 2004 1610 2021 onim.
1633 1994 1680 2021 Pe.
1703 1993 1822 2023 Putsch.
1845 1993 1924 2031 Virg,
1950 1993 2022 2021 Aen.
2044 1991 2075 2029 I,
2100 1993 2147 2022 13.
2169 2004 2210 2013 -·

1274 2037 1318 2073 13)
1342 2037 1404 2064 Hic
1426 2037 1502 2063 enim
1523 2041 1625 2064 contra
1642 2042 1786 2064 naturam
1806 2036 1926 2074 Syllaba
1947 2035 1994 2065 Pe.
2013 2033 2133 2063 Putsch.
2166 2047 2210 2075 ἡ·

1272 2077 1315 2116 14)
1345 2079 1465 2107 ,Nece-sse
1493 2084 1533 2105 est
1563 2080 1639 2106 enim
1663 2079 1709 2109 Pe.
1736 2078 1856 2108 Putsch.
1884 2094 1927 2100 —
1957 2076 2002 2117 15)
2030 2073 2210 2114 Praepositid

1271 2121 1392 2149 accessit
1410 2131 1424 2149 e
1442 2120 1512 2149 Cod.
1530 2121 1602 2149 Bob.
1629 2137 1670 2142 —
1693 2120 1736 2160 16)
1761 2121 1796 2149 ln
1810 2122 1922 2159 Africa
1937 2121 2014 2148 enim
2031 2115 2208 2147 Pe.Pursch.
2258 2114 2259 2126 ¹

1273 2180 1308 2184 —
1334 2163 1379 2201 17)
1403 2163 1513 2191 Verba:
1535 2163 1675 2201 Antiqua
1694 2174 1708 2190 e
1725 2162 1810 2192 cedro
1828 2162 1931 2192 addidi
1947 2171 1962 2190 e
1977 2161 2048 2190 Cod.
2064 2159 2134 2189 Bob.
2149 2159 2208 2187 Lu-

1271 2215 1321 2234 cus
1343 2210 1386 2234 est
1410 2205 1490 2243 Virg.
1519 2205 1589 2234 Aen.
1615 2205 1685 2241 Vll,
1711 2208 1779 2237 177.
1809 2223 1851 2229 —
1880 2208 1923 2240 18)
1946 2202 2074 2232 Eadem
2109 2206 2145 2230 et
2174 2200 2207 2227 ln

1269 2248 1389 2276 Putsch.
1414 2246 1550 2275 Eandem
1577 2252 1602 2275 et
1624 2249 1655 2275 in
1683 2248 1728 2277 Pe.
1766 2264 1801 2271 --
1833 2246 1878 2286 19)
1900 2246 1956 2275 Hic
1976 2245 2083 2274 iterum
2102 2243 2206 2272 Germa

1270 2290 1411 2318 labant
1431 2290 1503 2319 cod.
1517 2290 1587 2318 Bob.
1608 2306 1650 2312 —-
1671 2290 1718 2328 ΞΟ)
1736 2290 1776 2318 Et
1793 2290 1977 2318 desideratur
1989 2287 2022 2316 in
2034 2287 2079 2316 Pe.
2088 2280 2203 2314 Putach.

1268 2348 1309 2354 —
1341 2331 1386 2370 21)
1414 2333 1543 2360 Heroico
1574 2333 1620 2360 Pe..
1643 2331 1762 2360 Putsch.
1791 2348 1833 2354 —
1861 2332 1908 2370 22)
1932 2328 2044 2359 Verba:
2065 2328 2204 2365 &spere-⁵¹3·

1269 2385 1360 2413 quam
1385 2378 1573 2404 accesserunt
1598 2384 1613 2403 e
1641 2374 1714 2404 cod.
1737 2374 1809 2404 Bob.
1846 2390 1884 2395 -—
1920 2374 1972 2406 23)
2003 2365 2202 2410 SyMk‘l’hm
