2263 2668
228 125 304 162 234

331 217 425 261 Virg.
445 216 528 249 Aen.
559 212 635 248 V.¹:
676 212 841 245 Loricam
873 210 995 245 Donat
1027 211 1158 245 habere
1191 213 1277 247 viro.

337 271 439 314 aptat
465 265 624 300 habendo
653 264 848 308 Ensemque
881 263 1116 308 clypeumque.

1003 116 1227 152 ARUSIANI
1252 117 1393 153 MESSI

1330 212 1500 247 Habendo
1533 217 1626 258 aptat
1637 210 1660 247 ².
1694 212 1791 257 Virg.
1824 212 1908 246 Aen.
1941 213 2034 248 x11.:
2072 213 2188 249 Simul

239 339 367 373 Hortor
389 336 465 368 illos
488 335 607 366 tacere.
641 331 736 376 Virg.
759 333 841 366 Aen.
873 327 955 364 11.³:
987 331 1186 365 Hortamur
1208 330 1288 378 sari
1314 343 1380 377 quo
1405 332 1581 377 sanguine
1610 337 1735 368 cretus.
1787 331 1917 365 Hortor
1947 332 2023 367 illos
2048 333 2186 377 factum,

339 389 408 421 hoc
435 390 481 418 est
507 380 652 418 factum⁴
678 383 737 420 ire.
767 383 891 418 Salust.
917 383 1002 417 Hist.
1027 383 1104 417 111.:
1131 383 1255 428 Neque
1279 395 1340 417 vos
1366 384 1475 416 ultum
1502 384 1649 417 iniurias
1676 384 1806 417 hortor.

236 457 340 492 Humi
367 457 550 487 nascuntur.
584 452 680 496 Virg.
710 448 868 485 Bucol.⁵:
902 450 952 484 Et
978 451 1075 484 humi
1100 452 1281 485 nascentia
1297 451 1434 498 Jiwga.
1470 451 1539 485 Sal.
1568 449 1705 486 Cati1.⁰:
1730 451 1840 485 Humi
1867 451 2062 497 depressus.
2089 453 2186 487 Idem

339 501 452 550 lug.⁷:
481 504 592 539 Humi
618 503 724 537 ariolo
751 507 855 548 atque
878 513 1024 536 arenoso
1049 507 1250 539 nascuntur.

237 576 316 610 Huc
341 572 484 608 include.
511 573 609 617 Virg.
634 571 763 616 Georg.
790 567 871 606 11.⁸:
897 571 979 605 Huc
1006 571 1159 605 alienum
1186 582 1229 605 ex
1256 570 1384 604 arbore
1409 581 1559 616 germen
1584 571 1781 605 Includu-nt.
1817 572 1896 605 Huc
1915 583 2067 617 asperge.
2090 570 2186 605 Idem

341 626 469 669 Georg.
490 621 588 658 1V.⁹:
624 623 705 656 Huc
736 627 773 656 tu
800 623 908 656 iussos
944 633 1100 668 asperge
1132 633 1287 668 sapores.

1341 623 1419 655 Huc
1445 623 1548 656 calca.
1576 623 1674 657 ldem
1700 623 1829 669 Georg.
1857 620 1950 658 11.¹⁰:
1983 623 2066 658 Huc
2091 633 2187 668 ager

342 677 402 710 ille
427 677 542 710 malus
568 675 755 720 dulcesque
781 685 805 709 a
821 673 983 721 sontibus
1009 674 1128 708 undae
1153 675 1215 708 Ad
1237 675 1381 720 plenum
1411 674 1602 708 calcentur.

1197 794 1225 827 1.

244 881 375 915 Inhiant
409 879 458 913 illi
483 880 541 913 rei.
576 879 670 924 Virg.
697 879 781 914 Aen.
808 874 934 912 1111.¹¹:
968 878 1218 924 Pecudumque
1247 878 1393 912 reclusis
1426 876 1633 912 Pectoribus
1664 878 1803 912 inhians
1831 879 2006 924 spirantia
2041 878 2186 912 consulit

345 935 437 965 exta.
467 931 537 966 Cic.
564 931 597 964 in
625 931 697 965 Cat.
724 927 834 966 lll.¹²:
865 931 978 972 Quem
1014 932 1216 964 inauratam
1251 931 1285 964 in
1316 930 1490 975 Capitolio
1520 941 1677 974 parvum
1703 935 1809 976 atque
1834 926 2048 964 lactentem¹³
2076 928 2184 976 [522]

342 982 506 1016 uberibus
533 983 659 1028 lupinis
693 983 884 1016 inhiantem
907 981 1024 1027 fuisse
1057 982 1266 1016 meministis.

344 1035 463 1067 varios
489 1034 622 1067 inhiant
647 1034 752 1067 varia
774 1033 946 1067 testudine
966 1037 1094 1079 postes.

1324 982 1457 1015 lnhiant
1490 981 1582 1015 illam
1616 993 1699 1018 rem.
1731 983 1827 1027 virg.
1855 982 1984 1027 Georg.
2014 978 2102 1017 11.¹⁴:
2136 980 2186 1015 Ni

242 1086 402 1131 Indulget
426 1086 482 1118 illa
510 1098 557 1120 re.
590 1085 685 1118 Idem
707 1085 836 1129 Georg.
864 1081 992 1118 1111.¹⁵:
1029 1085 1106 1119 Nec
1132 1083 1311 1118 concubitu
1338 1083 1535 1129 indulgent.
1569 1084 1704 1117 Terent.
1736 1083 1888 1129 Adelph.
1899 1079 1940 1117 ¹⁰:
1978 1082 2109 1116 Vestitu
2133 1082 2188 1115 ni-

343 1138 412 1170 mio
444 1137 619 1182 indulges.

345 1188 470 1222 labori.

678 1136 838 1182 Indulget
866 1136 915 1169 illi
941 1137 1001 1172 rei.
1035 1136 1131 1182 Virg.
1160 1137 1242 1170 Aen.
1268 1135 1311 1168 11.
1322 1131 1362 1169 ¹⁷:
1408 1135 1505 1182 Quid
1537 1136 1634 1169 iuvat
1668 1137 1789 1170 insano
1827 1139 1965 1170 tantum
1997 1134 2188 1179 indulgere

242 1239 367 1284 Implet
392 1240 451 1272 illa
475 1251 520 1272 re.
549 1239 644 1284 Virg.
672 1238 755 1272 Aen.
784 1233 894 1271 111.¹⁸:
924 1237 1087 1272 Animam
1111 1238 1142 1272 si
1166 1238 1259 1272 veris
1285 1237 1406 1283 implet
1430 1237 1568 1284 Apollo.
1619 1237 1783 1283 Impletur
1796 1237 1883 1271 illius
1904 1236 1962 1270 rei.
1987 1236 2084 1271 Idem
2100 1237 2185 1271 Aen.

346 1287 423 1324 1.¹⁹:
448 1290 645 1336 Implentur
670 1290 796 1324 veteris
821 1289 959 1323 Bacchi
979 1291 1195 1336 pinguisque
1210 1289 1370 1335 ferinae.

331 1407 359 1448 1)
386 1409 472 1448 Virg.
492 1408 569 1440 Aen.
599 1409 635 1438 V.
661 1411 732 1441 262.
753 1407 787 1439 A.
808 1407 847 1438 M.
876 1424 912 1430 —
936 1406 965 1446 2)
994 1408 1086 1446 Optat
1105 1413 1195 1438 utro-

246 1451 334 1489 bique
364 1452 435 1481 cod.
463 1451 496 1480 A.
520 1452 558 1481 Μ.
588 1452 678 1480 Recte
708 1456 805 1490 aptat
830 1451 902 1479 eod.
932 1450 987 1481 Gu.
1010 1450 1095 1479 Idem
1121 1451 1195 1480 XII.

248 1496 298 1526 88.
321 1494 355 1523 A.
384 1494 422 1522 Μ.
453 1495 539 1533 Virg.
561 1494 619 1523 XI.
655 1494 726 1523 cod.
754 1494 809 1522 Gu.
844 1494 1014 1532 Eri-remque
1037 1504 1095 1523 om.
1124 1493 1196 1522 cod.

250 1536 305 1564 Gu.
329 1536 466 1574 idemque
494 1536 615 1565 exhibet
646 1536 889 1574 clipaeumque.
912 1550 954 1557 —
980 1535 1009 1574 3)
1043 1535 1124 1564 Idem
1155 1537 1196 1566 II.

249 1579 300 1609 74.
324 1579 359 1608 A.
387 1579 424 1608 M.
450 1594 490 1601 —
511 1578 547 1617 4)
570 1578 667 1606 Facta
686 1578 756 1606 Cod.
774 1578 806 1606 A.
825 1578 864 1607 M.
890 1578 954 1606 Sal.
968 1579 1052 1608 Ilio-t.
1069 1581 1123 1607 HI.
1151 1581 1197 1610 10.

250 1620 282 1649 A.
303 1621 339 1648 M.
369 1621 522 1650 Invenitur
545 1622 577 1649 in
602 1621 734 1648 oratione
758 1620 797 1648 M.
819 1619 944 1656 Licinii,
969 1621 1079 1649 tribuni
1095 1621 1198 1659 plebis,

253 1661 289 1688 ad
313 1662 425 1699 plebem
441 1663 493 1692 lib.
517 1664 564 1692 Ill.
589 1665 639 1695 22.
660 1664 762 1701 Neque
783 1672 849 1700 ego
872 1672 924 1689 ros
941 1663 1040 1690 ultum
1064 1664 1197 1691 iniurias

252 1703 361 1730 hortor.
390 1721 422 1725 —
446 1704 474 1742 5)
497 1707 582 1744 sug.
596 1705 662 1735 Ecl.
681 1707 738 1735 III.
765 1706 814 1736 92,
837 1705 931 1732 Humi
952 1704 984 1733 A.
1001 1705 1039 1733 M.
1055 1707 1096 1733 Et
1110 1706 1198 1733 humi

254 1745 325 1772 Cod.
349 1746 404 1773 Gu.
434 1762 476 1768 ——
504 1749 534 1783 6)
558 1748 699 1786 Exempla
723 1747 795 1775 haec
816 1746 874 1775 duo
896 1746 976 1785 apud
998 1747 1033 1776 A.
1056 1748 1095 1779 M.
1119 1748 1200 1776 desi-

255 1786 405 1816 derantur.
438 1788 495 1816 Sal.
520 1790 582 1817 Cat.
607 1791 656 1820 55.
686 1790 767 1819 Cort.
797 1789 875 1818 Gerl.
910 1805 950 1811 υ·
978 1791 1005 1826 7)
1031 1790 1096 1818 Sal.
1130 1793 1199 1829 lug.

255 1829 303 1859 48.
327 1829 406 1858 Cort.
439 1830 517 1857 Gerl.
537 1831 612 1858 Citat
631 1830 757 1859 eundem
784 1830 884 1860 locum
913 1831 1053 1862 Priscian.
1076 1834 1114 1864 18
1148 1836 1199 1865 31.

254 1875 327 1900 tom.
350 1871 384 1901 ll.
412 1881 475 1909 pag.
496 1874 566 1903 271.
588 1873 640 1901 Kr.
671 1873 799 1901 Ona-oso
821 1884 876 1912 pro
902 1884 1027 1902 arenoso
1050 1874 1121 1904 cod.
1142 1876 1199 1904 Gu.

258 1913 434 1950 Gigantum·
457 1914 554 1943 editur
576 1914 656 1953 apud
678 1915 845 1943 Salustium.
871 1932 913 1938 —
935 1916 964 1953 8)
989 1916 1070 1945 Idem
1092 1918 1200 1957 Georg.

257 1956 296 1984 Π.
311 1957 361 1986 77.
383 1955 416 1983 A.
430 1956 467 1984 M.
483 1957 595 1985 Aliena
613 1957 710 1985 editur
734 1956 812 1996 apud
830 1957 909 1994 Virg.
929 1959 1064 1988 Ceterum
1088 1960 1200 1988 Inclu-

257 1995 295 2024 do
311 1997 340 2024 in
355 1997 521 2027 elocutione
542 1998 630 2028 habet
648 2000 682 2027 A.
699 1999 738 2028 M.
751 2015 793 2021 —
813 1998 841 2037 9)
864 2000 937 2027 IIuc
958 2012 1101 2041 asparge
1130 2002 1200 2031 Cod.

256 2039 291 2068 A.
310 2039 349 2068 M.
373 2040 452 2068 Idem
482 2042 554 2070 IIII.
582 2045 633 2074 62.
662 2042 693 2069 A.
715 2042 752 2070 Μ.
782 2041 891 2069 Iterum
913 2052 1041 2083 asparge
1064 2045 1135 2074 Cod.
1163 2047 1199 2075 A.

257 2079 296 2109 M.
318 2097 359 2103 —
389 2085 434 2117 10)
457 2081 541 2110 Idem.
568 2086 610 2116 ΙΙ,
635 2084 704 2115 244.
727 2085 761 2112 A.
784 2083 824 2113 M.
845 2083 1024 2123 Dulcisque
1045 2086 1080 2118 A⁵
1101 2087 1139 2117 M,
1157 2103 1200 2110 —.

259 2126 301 2158 11)
324 2122 405 2151 Idem
427 2124 502 2153 Aen.
528 2127 602 2155 IIII.
628 2128 676 2158 64.
695 2125 728 2154 A.
750 2125 787 2154 Μ.
814 2127 1017 2165 Pecorumqae
1045 2130 1116 2161 Cod.
1140 2131 1198 2158 Gu.

258 2165 306 2193 Et
323 2170 395 2203 spir.
418 2167 488 2195 Cod.
512 2167 544 2195 A.
568 2168 604 2196 M>
628 2183 668 2190 —
693 2168 737 2205 12)
764 2168 823 2196 Cic.
846 2169 877 2195 ιἰι
900 2168 964 2196 Cat.
984 2172 1040 2198 ΙΙῘ.
1058 2174 1086 2202 8,
1108 2173 1143 2202 Α.
1160 2172 1199 2200 Μ.

257 2223 299 2228 —-
323 2210 369 2244 13)
390 2210 579 2238 Lactantem
596 2210 677 2238 dedit
700 2220 714 2238 e
735 2210 806 2239 cod.
831 2220 884 2238 suo
909 2210 941 2239 A.
965 2211 1002 2241 M.
1034 2213 1122 2243 Recte
1149 2215 1200 2243 la-

259 2255 416 2287 cientem,
438 2257 470 2280 ut
491 2257 536 2280 est
563 2253 641 2292 apud
664 2252 742 2289 Cic.‚
773 2250 893 2280 exhibet
914 2253 985 2282 eod.
1010 2254 1067 2282 Gu.
1088 2272 1130 2278 —
1153 2255 1197 2296 14)

257 2290 345 2320 L-lhio
366 2293 453 2321 illam
471 2305 496 2323 r.
520 2295 550 2322 C.
580 2295 612 2323 A.
637 2294 676 2322 Μ.
705 2295 792 2332 Virg.
824 2295 931 2331 Georg.
957 2297 998 2324 II.
1017 2298 1087 2327 463.
1112 2299 1143 2326 A.
1158 2299 1196 2329 Μ.

258 2334 307 2362 Νί
328 2337 430 2363 varios
447 2336 516 2365 cod.
533 2336 568 2367 A.
585 2337 622 2367 M.
637 2338 689 2364 Hi?
715 2339 815 2364 varios
840 2337 908 2365 Cod.
930 2337 984 2366 Gu.
1006 2338 1094 2376 Apud
1120 2340 1197 2378 Virg.

254 2376 363 2416 legitur
383 2389 450 2406 nec
470 2389 532 2408 var.
553 2380 629 2408 Tum
653 2380 740 2408 varia
758 2379 829 2407 cod.
852 2383 982 2417 uterque.
1007 2380 1093 2419 Apud
1116 2382 1196 2420 Virg.

1237 1412 1280 1437 est
1294 1407 1441 1447 pulchra.
1462 1423 1503 1432 -
1535 1411 1578 1444 15)
1602 1407 1685 1437 Idem
1714 1409 1790 1438 IIII.
1812 1409 1882 1440 198.
1905 1405 1940 1436 A.
1957 1406 1996 1437 M.
2023 1407 2076 1435 Ne
2105 1416 2186 1436 cone.

1239 1451 1311 1480 Cod.
1335 1451 1368 1480 A.
1394 1452 1433 1481 M.
1466 1453 1549 1479 IIae
1572 1462 1651 1480 conc.
1675 1451 1748 1480 cod.
1776 1451 1833 1479 Gu.
1868 1451 1930 1478 Nec
1955 1449 2111 1488 legendum
2144 1454 2189 1478 est

1238 1494 1318 1532 apud
1340 1493 1420 1532 Virg.
1447 1494 1529 1532 quod
1549 1493 1668 1522 restitui
1697 1492 1914 1530 Grammatico,
1946 1493 2015 1531 quia
2048 1491 2189 1521 credibile

1239 1536 1375 1572 videtur,
1399 1547 1415 1563 c
1435 1547 1450 1564 a
1472 1547 1533 1574 seq.
1549 1547 1565 1563 c
1586 1537 1756 1575 absorptum
1777 1536 1875 1564 fuisse.
1897 1551 1939 1557 —-
1962 1534 2006 1574 16)
2021 1536 2084 1563 Ter.
2101 1533 2189 1564 Adel.

1240 1576 1266 1607 I.
1287 1582 1310 1609 l.
1331 1581 1379 1609 38.
1398 1580 1430 1607 A.
1452 1579 1489 1607 M.
1512 1579 1630 1607 Vestitu
1647 1585 1686 1606 tu
1704 1580 1798 1606 nimio
1821 1577 1892 1607 Cod.
1911 1578 1965 1606 Gu.
1984 1594 2019 1599 —
2044 1575 2088 1615 17)
2102 1577 2189 1615 Wrg.

1237 1620 1311 1649 Aen.
1335 1623 1374 1650 II.
1393 1624 1464 1653 776.
1495 1621 1528 1650 A.
1550 1622 1588 1651 M.
1611 1622 1728 1650 Labori
1752 1621 1821 1649 Cod.
1838 1625 1972 1658 uterque.
1997 1619 2084 1658 Apud
2109 1619 2189 1657 Virg-

1239 1668 1283 1691 est
1304 1661 1410 1693 dolori.
1435 1664 1488 1692 His
1511 1669 1609 1692 assuta
1631 1669 1700 1692 sunt
1722 1663 1794 1691 haec
1817 1664 1847 1691 in
1873 1663 1946 1692 Cod.
1969 1663 2025 1692 Gu.
2048 1660 2189 1701 Indulget

1240 1705 1329 1733 illam
1352 1717 1413 1733 rem
1439 1705 1581 1735 dicimus.
1606 1723 1649 1727 —
1683 1705 1728 1745 18)
1754 1705 1834 1734 Idem
1859 1704 1918 1733 ῙῙῙ.
1941 1707 2011 1737 434.
2041 1705 2074 1734 A.
2091 1704 2130 1733 M.
2146 1720 2189 1726 —·

1242 1751 1287 1784 19)
1312 1748 1437 1786 Itnplen
1448 1754 1500 1776 tur
1515 1749 1602 1777 illius
1627 1759 1651 1777 r.
1671 1749 1703 1777 A.
1726 1749 1763 1778 M.
1780 1747 1862 1776 Idem
1879 1746 1904 1776 I.
1919 1748 1989 1779 215.
2010 1746 2043 1776 A.
2061 1746 2101 1774 M.
2126 1745 2188 1775 Fa-

1241 1791 1327 1818 rinae
1349 1791 1421 1822 cod,
1447 1792 1502 1820 Gu.
1533 1808 1575 1812 —
1607 1789 1653 1831 20)
1681 1789 1762 1818 Idem
1786 1788 1840 1819 VI.
1866 1792 1935 1821 134.
1963 1789 1998 1818 A.
2019 1789 2058 1818 M.
2077 1805 2118 1810 —
2141 1787 2188 1828 21)

1242 1831 1323 1861 Idem
1341 1833 1447 1871 Georg.
1464 1833 1503 1863 ll.
1520 1835 1590 1865 451.
1610 1833 1644 1861 A.
1663 1833 1701 1863 Μ.
1729 1833 1805 1861 Tum
1829 1832 1968 1861 Terent.
1984 1830 2100 1860 unllam
2114 1831 2188 1861 cod.

1243 1876 1299 1905 Gu.
1322 1875 1341 1904 i.
1356 1886 1380 1904 e.
1411 1876 1583 1904 Torrentem
1603 1874 1734 1911 undam,
1757 1879 1792 1903 ut
1813 1874 1923 1912 legitur
1942 1875 2022 1914 apud
2045 1874 2124 1912 Virg.
2147 1889 2189 1895 —-

1241 1919 1292 1954 22)
1316 1917 1397 1946 Idem
1420 1918 1497 1947 Aen.
1533 1916 1626 1947 VIII.
1658 1920 1729 1950 691.
1759 1919 1790 1946 A.
1813 1917 1852 1946 M.
1880 1933 1923 1939 —
1942 1920 1986 1951 23)
2010 1915 2091 1946 Idem
2115 1915 2181 1945 Bel.

1246 1960 1330 1989 VIII.
1354 1962 1403 1992 16.
1428 1961 1462 1991 A.
1477 1960 1516 1989 Μ.
1529 1977 1571 1982 -
1591 1958 1638 2000 24)
1656 1961 1719 1988 Sal.
1735 1961 1819 1989 Ilist.
1835 1959 1889 1991 III.
1915 1962 1964 1992 12.
1983 1960 2017 1989 A.
2030 1959 2067 1987 Μ.
2091 1958 2189 1987 Arma

1241 2013 1301 2030 sua
1326 2004 1489 2041 quisquis
1518 2003 1588 2033 Cod.
1619 2002 1652 2031 A.
1676 2003 1714 2031 M.
1744 2002 1786 2031 A.
1807 2003 1841 2039 f.
1873 2003 2018 2041 quisque
2038 2001 2109 2030 Cod.
2132 2001 2188 2030 Gu.

1241 2045 1365 2073 Ins-tans
1388 2045 1458 2075 cod.
1482 2050 1616 2083 uterquc.
1641 2045 1773 2073 Eundem
1794 2045 1896 2074 locum
1922 2045 1965 2073 sic
1984 2043 2089 2073 citavit
2107 2044 2188 2072 Serv.

1241 2087 1279 2116 ad
1303 2089 1374 2117 Aen.
1391 2087 1441 2123 lx,
1456 2090 1527 2120 229.
1543 2087 1658 2116 Fessi
1673 2098 1760 2116 arma
1780 2098 1841 2115 sua
1861 2089 1990 2127 quisque
2009 2092 2124 2115 stantes
2138 2087 2189 2114 in—

1242 2130 1384 2159 cumbere.
1409 2130 1454 2160 Cf.
1479 2130 1559 2159 Gerl.
1581 2130 1726 2168 Fragnnn.
1747 2130 1799 2159 lib.
1822 2130 1869 2159 III.
1893 2132 1945 2162 25.
1966 2147 2008 2152 --
2034 2131 2080 2166 2⁵)
2104 2128 2188 2158 lubet

1242 2172 1276 2202 A.
1289 2173 1327 2201 Μ.
1343 2172 1490 2211 respicere
1507 2172 1544 2201 ad
1561 2182 1625 2211 cap.
1641 2173 1703 2201 eius
1720 2178 1793 2201 orat.
1802 2172 1867 2202 VlI.
1882 2173 1933 2202 ubi
1954 2172 2073 2210 legitur:
2099 2171 2188 2209 Qua-

1241 2226 1272 2243 re
1295 2215 1402 2251 ridete,
1433 2226 1506 2243 num
1529 2214 1733 2243 dubitandum
1761 2215 1841 2243 vobis
1876 2217 1936 2252 sit,
1972 2215 2056 2243 omni
2084 2211 2186 2242 studio

1242 2256 1287 2285 atl
1305 2257 1340 2286 id
1357 2258 1469 2286 bellum
1488 2258 1665 2286 incumbere.
1689 2274 1731 2280 —
1752 2260 1799 2293 26)
1821 2257 1902 2286 Idem
1917 2268 1975 2297 pro
1997 2257 2113 2286 Mareu.
2136 2255 2185 2285 26.

1240 2300 1273 2328 A.
1290 2300 1327 2330 M.
1351 2301 1530 2329 Muraena.
1554 2301 1625 2330 Cod.
1647 2301 1703 2329 Gu.
1718 2301 1795 2328 Tum
1816 2301 2000 2329 Praesertim
2015 2304 2078 2327 tam
2092 2299 2185 2325 incu-

1240 2341 1294 2369 hm·
1314 2343 1383 2371 Cod.
1411 2344 1467 2372 Gu.
1491 2342 1672 2372 Praesertim
1695 2353 1789 2381 quum
1811 2343 1951 2371 incubuit
1977 2340 2083 2377 legilul·
2103 2336 2184 2377 apud

1240 2384 1298 2414 Cic.
1321 2401 1361 2407 —
1383 2386 1431 2423 27)
1455 2385 1659 2415 Articulorum
1677 2386 1751 2415 ordo
1768 2390 1896 2414 mutatus
1916 2385 1946 2413 iu
1965 2383 2035 2413 eod.
2060 2381 2115 2409 GU·
2134 2379 2183 2409 ubi
