2263 2668
502 143 567 177 DE
594 139 984 177 SIGNIFICATIONE
1012 139 1297 176 VERBORUM.
1349 142 1494 176 LIBER
1519 142 1595 177 ΧΠ.
1941 143 2016 179 535

237 234 382 264 Numae.
426 233 562 265 Numam.
594 235 668 264 Vide
686 235 760 264 Plin.
775 234 827 263 lib.
840 233 919 263 XIIl.
935 242 1000 271 cap.
1015 234 1063 264 13.
1085 243 1122 262 ex
1145 234 1229 264 cuius
1252 235 1351 265 verbis
1374 235 1447 264 haec
1469 235 1636 264 sarcientur
1656 235 1779 272 melius,
1801 246 1889 274 quam
1912 247 1948 265 ex
1970 238 2015 275 iis,

73 288 149 319 quae
171 277 272 307 eadem
295 278 332 307 de
354 288 386 307 re
403 277 503 306 Livius
526 277 631 306 scribit
651 277 701 307 lib.
714 277 777 307 XL.
801 274 915 316 (c.29.)
939 281 968 304 et
984 275 1134 306 Plutarch.
1159 278 1189 306 in
1212 278 1307 307 Numa
1331 278 1368 317 (c.
1382 277 1453 317 22).
1469 278 1554 307 Ant.
1573 277 1666 317 Aug.
1698 278 1823 307 Numam
1838 279 2015 318 Pompilium

71 321 237 353 Ianiculum
266 319 416 349 habitasse
445 320 559 357 serunt,
597 321 629 348 in
659 330 718 359 quo
749 329 847 348 arcam
876 319 938 346 eius
967 317 1119 347 inventam
1149 319 1180 348 in
1209 321 1302 349 ruinis
1326 333 1341 349 a
1364 321 1501 349 Terentio
1529 321 1656 359 quodam
1685 322 1883 360 repastinante
1905 332 2016 360 agrum.

72 362 176 394 Scal.
202 363 285 392 Hanc
307 362 460 391 historiam
483 363 525 391 sic
548 363 648 391 Livius
671 363 721 392 lib.
734 363 795 390 XL.
818 366 888 390 sect.
900 363 966 393 29.:
991 359 1100 389 Eodem
1125 373 1201 391 anno
1223 364 1261 398 (a.
1282 366 1365 401 572.)
1389 365 1420 392 in
1442 373 1514 403 agro
1538 362 1576 393 L.
1600 361 1699 392 Petilii
1720 363 1834 393 scribae
1854 363 1907 392 sub
1930 364 2017 394 Iani-

72 405 158 442 culo,
193 404 263 434 dum
286 404 410 435 cultores
431 406 499 444 agr-i
519 403 610 434 altius
631 404 792 433 moliuntur
812 411 933 440 terram,
968 401 1043 430 duae
1065 401 1200 441 lapideae
1221 416 1309 435 arcae
1331 413 1452 435 octonos
1471 405 1573 447 ferme
1592 404 1679 445 pedes
1701 404 1822 446 longae,
1858 414 2014 446 quaternos

71 447 167 484 latae,
193 449 324 476 inventae
345 455 427 481 sunt,
454 446 597 487 operculis
616 446 737 487 plumbo
760 446 910 475 devinctis.
952 444 1062 474 Literis
1085 444 1186 475 latinis
1205 449 1375 488 graecisque
1398 455 1520 489 utraque
1540 459 1613 477 arca
1634 448 1775 487 inscripta
1797 456 1874 484 erat‚·
1907 450 1938 478 in
1960 449 2014 478 al-

71 498 133 520 tera
160 490 287 519 Numam
315 489 492 529 Pompilium
519 488 680 529 Pomponis
698 488 800 528 filium
830 500 920 528 regem
943 485 1145 516 Romanorum
1171 489 1313 528 sepultum
1343 502 1417 527 esse,
1455 491 1485 519 in
1514 489 1608 520 altera.
1636 488 1728 519 libros
1750 489 1891 530 Pompilii
1917 492 2017 521 inesse.

70 532 132 562 Eas
155 543 243 561 arcas
266 543 329 561 cum
352 543 393 561 eoe
415 533 576 561 amicorum
599 533 739 560 sententia
765 530 900 560 dominus
922 531 1094 569 aperuisset,
1133 542 1206 570 quae
1233 531 1350 561 titulum
1380 531 1485 571 sepulti
1513 534 1587 572 regis
1607 531 1748 560 habuerat
1771 534 1867 561 inanis
1890 534 2015 570 inventa,

72 577 136 604 sine
157 573 219 604 ullo
241 575 362 613 vestigio
385 575 516 614 corporis
539 573 660 602 humani
682 581 734 602 aut
756 573 846 602 ullius
869 574 921 610 rei,
942 584 994 612 per
1017 571 1112 600 tabem
1135 580 1177 601 tot
1200 585 1342 603 annorum
1366 574 1498 603 omnihus
1520 575 1670 603 absumtis.
1709 573 1746 603 In
1767 573 1860 603 altera
1883 574 1941 605 cluo
1961 575 2018 616 fw-

72 629 136 647 sces·
158 615 292 646 candelis
313 615 452 653 involuti,
477 624 608 653 septenos
630 615 753 645 habuere
775 615 867 645 libros
889 627 946 644 non
968 615 1095 653 integros
1117 614 1205 644 modo
1228 615 1279 645 sed
1301 618 1496 646 recentissima
1518 618 1618 656 specie.
1649 616 1763 656 Septem
1779 615 1885 646 Latini
1908 617 1943 646 de
1959 620 2020 647 iure

71 659 228 699 panificio
250 666 346 696 erant,
368 666 473 698 septem
491 657 598 688 Graeci
619 657 655 687 de
679 657 840 698 disciplina
862 657 1021 697 sapientiae
1041 668 1116 696 quae
1138 656 1220 686 illius
1241 660 1345 687 aetatis
1368 671 1427 688 esse
1446 661 1549 698 potuit.
1578 660 1653 689 Vide
1676 659 1907 689 Plin.lib.X111.
1933 660 2019 689 Dac.

236 700 481 730 Nonuncium.
533 701 662 730 Videtur
688 701 792 729 Festus
822 701 922 730 dicere
950 699 1119 729 teruncium
1149 705 1178 728 et
1209 702 1393 729 nonuncium
1424 701 1503 729 idem
1534 712 1610 738 esse,
1653 707 1682 730 et
1711 702 1877 740 significare
1908 712 2017 731 novem

70 744 192 780 uncias,
216 744 256 772 ita
278 748 311 772 ut
333 743 501 772 teruncium
525 748 722 782 componatur
744 754 759 772 e
783 754 835 772 sex
857 742 1005 772 sexunciis
1028 742 1091 771 sive
1113 743 1297 779 sexcunciis,
1325 744 1407 782 quod
1430 749 1508 772 certe
1531 745 1701 774 ridiculum.
1744 745 1917 773 Ter-unciam
1942 745 2019 773 enim

71 797 88 816 a
110 786 208 816 tribus
232 785 342 823 unciis,
373 790 407 814 ut
429 787 606 815 nonuncium
629 797 646 814 a
668 796 783 815 novem.
824 786 881 815 Sed
903 786 1040 815 mutilum
1064 795 1116 822 ego
1139 795 1200 813 esse
1222 785 1303 814 hunc
1325 787 1423 815 locum
1448 787 1610 823 contendo,
1644 787 1777 824 adeoque
1801 787 2019 825 supplendum:

70 837 102 858 ut
124 829 284 858 teruncium
313 827 388 857 duas
414 830 587 864 seaeuncias,
625 828 706 868 quod
733 827 849 868 singula
873 833 928 858 etc.
973 827 1063 856 Uncia
1092 832 1190 856 autem
1219 839 1279 856 non
1308 829 1344 857 ab
1373 839 1430 857 uno
1460 834 1493 857 ut
1515 830 1633 867 putavit
1655 829 1768 865 Varro,
1807 830 1858 858 sed
1881 840 1897 856 a
1919 830 2019 858 Siculo

71 869 193 912 οὖγκία,
217 876 246 900 et
268 867 374 911 οὖγκία
397 870 433 898 ab
457 870 541 907 ἐνὸς,
563 876 677 899 mutato
701 883 716 899 e
737 871 767 900 in
790 883 809 900 u
831 871 910 900 unde
926 882 1014 906 unus,
1038 875 1070 898 ut
1085 870 1195 909 optime
1211 881 1248 899 ex
1265 871 1384 899 Polluce
1400 871 1533 909 Scaliger
1550 872 1630 910 apud
1645 872 1812 900 Varronem
1829 872 1935 911 (p.40.
1953 871 2018 909 St.).

71 913 162 945 Dac.
194 913 311 944 Latinis
334 913 420 942 etiam
443 911 570 942 Doclras.
593 913 750 952 Theophil.
772 915 795 951 §.
809 914 838 945 5.
862 914 931 942 Inst.
953 913 989 941 de
1011 912 1131 942 haered.
1154 914 1221 943 inst.
1247 913 1422 942 Teruncium
1448 914 1556 942 Latinis
1582 914 1693 942 Triens.
1742 912 1847 943 Goth..

234 954 382 985 Nomen.
427 955 514 984 Deest
534 956 630 995 plima
652 956 744 985 linea:
772 955 885 985 Nomen
908 955 1018 985 dictum
1041 962 1097 992 est,
1123 956 1210 996 quasi
1231 957 1380 992 novimen,
1403 957 1461 984 sive
1483 967 1523 985 ex
1548 954 1659 985 Graeco
1682 954 1794 994 ὅνομα,
1819 955 1905 996 iclque
1917 955 2019 997 fami-

71 996 132 1027 liae
154 1005 214 1035 ατ,-
245 999 311 1027 item
333 1009 388 1037 pro
411 996 524 1035 debito,
552 1006 584 1027 ut
607 1006 746 1028 exactum
771 997 895 1028 dicimus
918 1009 1036 1035 nomen,
1059 1009 1122 1027 cum
1145 998 1269 1038 pecunia
1290 1000 1328 1026 sit
1350 1005 1461 1027 exacta
1482 1009 1501 1026 a
1524 997 1661 1027 debitore.
1704 999 1807 1027 Festus
1829 1009 2020 1038 καταχρηστι-

72 1043 132 1076 κῶς
150 1041 239 1079 ponit
260 1040 402 1069 familiam
426 1051 482 1079 pro
505 1046 607 1079 gente,
644 1051 710 1069 nam
734 1041 838 1080 potius
861 1051 967 1070 nomen
991 1041 1085 1078 gentis
1110 1045 1170 1077 est,
1207 1046 1240 1069 ut
1270 1051 1415 1078 agnomen
1443 1041 1579 1069 familiae.
1611 1038 1712 1070 Sca'l.
1757 1040 1869 1070 Nomen
1896 1042 1954 1070 sive
1981 1052 2022 1070 ex

74 1081 199 1112 Graeco.
240 1083 303 1112 Hac
326 1083 501 1112 traiectione
525 1084 612 1112 unius
634 1084 718 1112 vocis
740 1094 800 1112 non
824 1084 930 1112 leviter
953 1089 1094 1122 corrupta
1119 1087 1195 1113 sunt.
1234 1084 1324 1121 Lege:
1350 1082 1418 1112 Sive
1439 1094 1479 1113 ex
1501 1082 1612 1112 Graeco
1636 1080 1746 1121 ὄνομα,
1769 1085 1827 1112 sive
1848 1082 1959 1112 dictum
1982 1091 2022 1112 est

76 1126 162 1164 quasi
184 1127 317 1154 novimen
338 1124 419 1166 quod
440 1133 540 1155 nolum
553 1125 668 1168 saciat.
698 1125 843 1155 Familiae
865 1133 921 1163 est,
946 1131 1001 1157 etc.
1031 1127 1062 1154 Si
1085 1126 1168 1154 malis
1191 1136 1253 1154 esse
1270 1136 1284 1153 a
1302 1126 1415 1154 Graeco
1438 1123 1549 1165 ὄνομα,
1574 1137 1591 1155 ο
1611 1126 1811 1164 praeciditur,
1836 1130 1869 1154 ut
1892 1123 2021 1162 ὅόοντες,

70 1166 177 1198 dentes.
218 1168 277 1197 Sed
299 1169 404 1197 melius
426 1179 443 1196 a
466 1169 616 1204 novimen,
639 1180 758 1206 nomen,-
791 1169 838 1197 vel
859 1173 893 1197 ut
916 1169 981 1204 alii,
1006 1179 1022 1196 a
1043 1169 1150 1208 supino
1172 1175 1289 1204 notum,
1312 1180 1431 1204 nomen,
1456 1174 1488 1197 ut
1513 1179 1527 1196 a
1550 1175 1677 1205 motum,
1701 1179 1823 1197 momen.
1867 1168 1939 1196 Cum
1963 1169 2018 1197 Fe-

69 1214 132 1238 stus
155 1210 213 1246 ait,
237 1221 343 1239 nomen
366 1220 429 1240 esse
452 1210 597 1247 familiae,
625 1211 766 1240 familiam
791 1212 877 1250 ponit
898 1221 953 1249 pro
976 1216 1070 1249 gente.
1113 1211 1187 1239 Nam
1210 1211 1309 1249 potius
1332 1221 1438 1239 nomen
1462 1211 1554 1248 gentis
1579 1215 1639 1247 est,
1662 1215 1695 1239 ut
1716 1221 1859 1248 agnomen
1882 1211 2020 1240 familiae.

69 1251 161 1282 Dac.
192 1253 302 1282 Puruin
325 1257 433 1292 putum
455 1253 638 1282 Sanscritum
662 1258 722 1290 est,
747 1255 874 1291 naman,
898 1254 979 1292 quod
1003 1265 1019 1282 a
1043 1253 1173 1292 dsclzna,
1201 1263 1330 1292 gnosco‚
1359 1264 1460 1284 nosco.
1501 1253 1590 1289 Quod
1612 1258 1645 1282 ut
1668 1263 1704 1282 ne
1726 1254 1892 1290 dubitetur,
1917 1253 2021 1282 confe-

68 1300 154 1324 ratur
176 1305 205 1327 ν.
228 1296 407 1334 ignominia,
431 1295 461 1323 in
485 1305 542 1333 qua
563 1307 585 1334 g
607 1296 759 1326 remansit.

232 1336 392 1366 Noctua.
437 1337 533 1367 Verba
561 1338 665 1366 ultima
695 1344 806 1367 noctua
831 1336 925 1367 oculis
947 1345 988 1367 est
1011 1340 1115 1368 caesiis·
1137 1337 1298 1367 adhaesere
1320 1343 1389 1377 post
1412 1336 1579 1368 nonoeolae.
1626 1338 1666 1368 De
1690 1342 1799 1366 noctua
1821 1343 1919 1367 autem
1942 1338 2019 1366 idem

69 1378 165 1408 Varro
179 1378 230 1409 lib.
244 1379 292 1410 lV.
306 1379 343 1408 de
360 1380 390 1409 L.
403 1380 434 1409 L.
452 1380 494 1419 (p.
508 1382 585 1418 81.):
608 1379 725 1410 Noctua
747 1378 829 1420 quod
850 1388 939 1411 noctu
962 1382 1043 1410 canit
1065 1388 1091 1410 et
1113 1380 1226 1421 vigilat.
1255 1381 1396 1410 Similiter
1410 1381 1531 1409 Graecis
1549 1381 1682 1419 νυκτερὶς
1700 1381 1812 1410 dicitur
1826 1391 1842 1409 a
1859 1378 1925 1416 νύξ,
1949 1391 2022 1410 nox.

67 1421 202 1451 Minerva
226 1432 296 1451 vero
320 1422 401 1451 dicta
424 1425 595 1462 γλαυκῶπις
616 1433 677 1451 non
700 1434 716 1451 a
739 1428 866 1461 noctua,
894 1428 928 1453 ut
949 1428 1039 1463 putat
1053 1424 1176 1461 Festus,
1200 1423 1252 1453 sed
1275 1424 1345 1463 quia
1368 1424 1433 1463 ipsa
1457 1428 1520 1452 erat
1542 1422 1819 1464 λαμπρόφθαλμος,
1843 1423 1890 1451 vel
1908 1421 2024 1462 φοβερά

66 1466 108 1503 τῷ
130 1460 272 1505 ὁρᾶσθαι.
300 1465 358 1494 Sed
381 1465 418 1494 de
440 1464 498 1494 hoc
521 1466 602 1496 alibi.
646 1464 735 1496 Dac-

232 1506 438 1538 Noneolae.
481 1507 658 1538 Nonoeolae.
691 1507 865 1536 Mammulas
889 1508 1015 1547 pensiles
1037 1513 1127 1538 vocat
1149 1508 1243 1537 Varro
1268 1508 1305 1536 de
1327 1518 1359 1536 re
1381 1513 1454 1539 rust.
1477 1508 1578 1539 1ib.11.
1603 1518 1667 1547 cap.
1680 1510 1710 1539 3.
1734 1507 1785 1536 ubi
1808 1508 1836 1535 in
1862 1507 1939 1535 notis
1962 1508 2023 1535 suis

67 1549 183 1579 dubitat
204 1550 349 1587 Scaliger,
389 1561 460 1579 num
483 1551 564 1589 apud
587 1551 705 1578 Festum
729 1550 887 1587 legendum
911 1551 949 1579 sit
976 1550 1124 1580 naevolae.
1168 1551 1256 1586 Quod
1279 1551 1338 1579 sint
1361 1555 1393 1578 ut
1414 1552 1552 1588 naevuli,
1589 1550 1738 1589 quomodo
1761 1555 1791 1579 et
1814 1559 1878 1578 cum
1903 1550 1939 1578 de
1962 1559 2023 1577 ma-

67 1593 157 1621 millis
183 1602 349 1621 sermonem
379 1591 518 1629 haberet,
553 1593 686 1632 loquitur
709 1592 834 1621 Gellius.
876 1593 910 1621 In
938 1593 1082 1630 glossario
1105 1593 1214 1621 Isidori
1243 1593 1352 1631 legitur
1381 1592 1547 1630 nomicola,
1584 1591 1735 1622 tubercula
1758 1603 1832 1632 quae
1853 1590 1905 1620 sub
1928 1599 2023 1621 mento

68 1645 175 1674 caprae
195 1642 272 1664 sunt.
314 1635 392 1672 Lege
412 1633 572 1664 nonoeolae
595 1656 836 1665 ........
860 1646 894 1664 as
915 1642 956 1664 est
978 1636 1077 1666 caesis.
1121 1635 1201 1664 Haec
1228 1636 1296 1664 loco
1325 1645 1378 1663 suo
1403 1641 1483 1663 mota
1507 1640 1592 1671 sunt3
1630 1636 1700 1664 vide
1723 1642 1841 1664 noctua.
1886 1634 2021 1672 Reliqua,

68 1675 227 1706 nonoeolae
248 1684 392 1705 vocantur
411 1676 545 1716 papillae
566 1687 641 1717 quae
661 1687 702 1706 ex
718 1676 863 1718 faucibus
887 1688 1044 1717 caprarum
1067 1677 1254 1717 suppendent.
1277 1678 1365 1706 Dae.
1398 1676 1554 1706 Noneolae.
1584 1678 1742 1707 Noncolae.
1790 1675 1896 1705 Goth.

233 1717 486 1758 Noctilugam.
530 1718 727 1749 Noctilucam.
762 1720 869 1748 Deerat
892 1721 986 1759 prima
1008 1720 1103 1757 linea,
1127 1731 1202 1759 quae
1226 1721 1327 1749 forsan
1351 1718 1526 1748 adhaeserat
1548 1726 1617 1759 post
1640 1721 1740 1749 nivem.
1776 1719 1929 1747 Postrema
1952 1724 2021 1748 sunt

69 1760 176 1791 Lucilii
198 1760 298 1790 verba.
342 1761 400 1790 Sed
423 1771 477 1799 pro
500 1760 696 1798 noctilucam‚
726 1761 920 1800 noctilucum‚
959 1762 1018 1791 hoc
1040 1767 1098 1800 est,
1127 1762 1308 1803 noctilugum
1331 1762 1379 1791 vel
1402 1764 1504 1800 potius
1526 1761 1716 1801 noctulugum
1738 1761 1874 1790 emendat
1893 1761 2021 1799 Scaliger

66 1805 98 1833 in
120 1803 333 1839 coniectaneis,
364 1804 509 1843 additque
532 1815 595 1834 eam
618 1815 722 1833 vocem
744 1814 904 1843 usurpasse
926 1806 1072 1834 Lucilium
1096 1816 1150 1843 pro
1173 1806 1333 1842 obscaeno,
1363 1804 1423 1833 hoc
1444 1810 1487 1834 est
1509 1805 1579 1833 mali
1603 1805 1725 1841 ominis,
1749 1805 1852 1843 quales
1874 1809 1941 1832 sunt
1963 1804 2018 1832 bu.

65 1846 156 1876 bones
181 1851 231 1875 aut
253 1846 363 1875 similes
384 1856 454 1876 aves
476 1852 568 1876 noctu
596 1847 739 1885 lugentes.
783 1848 839 1876 Sed
869 1848 912 1876 sic
939 1849 1027 1877 etiam
1055 1853 1137 1877 recte
1166 1848 1346 1878 noctilucam
1378 1848 1531 1886 scripserit
1554 1848 1704 1882 Lucilius,
1742 1858 1798 1886 pro
1825 1845 2016 1886 noctilugam.

67 1889 198 1926 Quidam
220 1889 323 1927 legunt
344 1890 531 1929 noctipugam
555 1895 704 1918 veretrum
727 1890 938 1928 intelligentes,
961 1891 1043 1929 quod
1066 1896 1152 1920 nocte
1175 1896 1294 1929 pungat.
1323 1891 1361 1919 Et
1383 1889 1456 1918 haec
1479 1895 1523 1918 est
1545 1900 1615 1919 vera
1635 1890 1741 1926 lectio,
1764 1894 1798 1918 ut
1821 1889 1931 1927 optime
1953 1898 2017 1916 ma-

66 1942 143 1970 gnus
165 1931 326 1960 Salmasius
347 1931 378 1959 in
401 1932 545 1962 Solinum.
589 1933 632 1961 Ita
656 1933 752 1969 enim,
776 1933 886 1971 inquit,
912 1934 1044 1963 Lucilius
1067 1935 1216 1962 contraria
1239 1932 1456 1971 compositione
1477 1932 1564 1961 finxit
1586 1934 1793 1972 noctipugam,
1820 1931 1954 1960 alludens
1977 1930 2015 1959 ad

66 1973 250 2013 solipugum,
285 1983 374 2012 quam
402 1972 607 2013 η’λιοκεντρίδα
635 1976 758 2014 exponit
786 1976 874 2014 gloss.
897 1976 929 2005 in
953 1982 1012 2006 vet.
1036 1976 1100 2005 cod.
1124 1976 1159 2005 V.
1182 1976 1237 2006 CL.
1261 1975 1392 2005 Merserii
1415 1975 1523 2004 diserte
1546 1976 1691 2014 scriptum
1713 1975 1871 2012 noctinuga
1894 1983 1931 2002 ex
1954 1983 2014 2011 quo

66 2018 149 2046 sactu
172 2016 230 2045 suit
252 2016 337 2045 facile
358 2016 494 2046 divinare
516 2019 688 2057 nocdpuga,
713 2018 764 2046 sed
786 2024 901 2048 veteres
924 2019 1037 2057 glossae
1052 2019 1199 2048 Palatinae
1224 2029 1295 2057 quas
1318 2028 1410 2057 penes
1433 2028 1479 2046 me
1501 2017 1596 2047 habeo
1618 2017 1677 2047 hoc
1700 2017 1875 2046 confirmant
1896 2017 1927 2044 in
1949 2016 2014 2054 qui-

67 2060 124 2089 bus
147 2059 269 2097 legitur:
296 2060 485 2099 noctipugam
508 2059 683 2089 obscaenum
704 2059 785 2101 quod
806 2062 893 2101 quasi
914 2060 1049 2090 noctibus
1071 2069 1257 2100 compungat.
1297 2061 1465 2100 Noctipuga
1489 2063 1707 2100 νυκτίκεντρον.
1741 2059 1789 2087 Sic
1812 2068 1875 2087 eam
1899 2064 2014 2097 partem

65 2106 229 2133 vocaverat
251 2101 309 2129 hoc
332 2111 422 2130 versu
444 2102 567 2131 Sotades
591 2103 632 2138 εἰς
656 2099 712 2133 οὔκ
735 2099 823 2141 ὅσιήν
845 2103 1007 2143 τρυμαλιὴν
1033 2103 1065 2134 τὸ
1092 2105 1215 2142 κέντρον
1244 2100 1346 2134 ὠθεῖν.
1392 2103 1538 2142 Apuleius
1568 2104 1604 2133 de
1627 2101 1742 2141 Psyche
1771 2100 1908 2140 gravida,
1945 2112 2014 2130 cre-

65 2152 175 2174 scentes
202 2142 262 2172 dies
291 2150 317 2172 et
345 2155 454 2173 menses
481 2152 618 2174 exeuntes
646 2146 743 2174 anxia
771 2153 902 2174 numerat
924 2153 950 2174 et
973 2147 1105 2175 sarcinae
1126 2147 1224 2175 nescia
1247 2145 1411 2174 rudimenta
1435 2146 1558 2175 miratur
1578 2144 1614 2174 cle
1636 2144 1714 2174 breui
1733 2142 1875 2184 punctulo
1899 2151 2013 2173 tantum

65 2185 303 2217 incrementulum
326 2184 479 2226 locupletis
501 2188 582 2217 uteri.
605 2186 697 2217 Dac.
741 2188 837 2218 Gloss.
861 2187 1036 2225 Nocticula,
1067 2189 1160 2226 male,
1190 2199 1257 2217 cum
1281 2189 1437 2227 legendum
1459 2188 1498 2217 sit
1518 2186 1689 2225 Noctiluca,
1719 2197 1757 2216 ex
1780 2188 1893 2215 Graeca
1914 2186 2011 2216 inter-

65 2231 248 2269 pretatione,
270 2238 348 2267 quae
370 2229 441 2258 inibi
466 2234 523 2258 est:
542 2227 652 2268 Ἑκάτη
675 2231 932 2266 νυκτοφαίνουσα.
980 2229 1085 2260 Goth.

231 2270 410 2301 Nouerca.
456 2273 576 2310 Repone
606 2282 642 2300 ex
671 2272 822 2301 veteribus
853 2273 1034 2302 editionibus
1063 2271 1207 2302 arcendae
1224 2271 1378 2314 familiae.
1432 2272 1559 2303 arcendi
1586 2272 1681 2302 verbo
1708 2270 1887 2311 primigenio
1914 2269 2008 2299 utitur

63 2313 168 2342 Festus
190 2323 247 2352 pro
270 2313 405 2342 derivato
429 2325 543 2343 arcesso
569 2314 656 2350 alibi,
695 2325 762 2343 cum
786 2315 840 2344 ait:
879 2315 1021 2354 Sagmina
1043 2322 1185 2345 vocantur
1206 2314 1355 2353 verbenae,
1386 2314 1419 2346 id
1439 2323 1496 2352 est,
1526 2314 1631 2344 herbae
1649 2326 1757 2354 purae,
1789 2314 1859 2354 quia
1881 2322 1920 2340 ex
1941 2309 2005 2338 loco

64 2363 167 2386 nancto
191 2355 366 2385 arcebantur
388 2367 407 2385 a
429 2355 554 2386 consule.
599 2357 687 2392 Quod
711 2367 858 2387 consensu
880 2364 1033 2398 receptum
1062 2359 1198 2394 videtur,
1236 2368 1304 2386 cum
1327 2359 1376 2388 lex
1400 2364 1428 2388 et
1449 2358 1608 2398 proportio
1630 2358 1773 2386 sermonis
1796 2354 1876 2384 latini
1897 2361 2005 2391 posce-

64 2403 127 2436 ret,
150 2402 185 2428 ut
208 2399 360 2428 diceretur
382 2399 477 2428 arcire
499 2408 558 2428 non
580 2410 692 2436 arcere,
723 2400 806 2439 quod
827 2406 933 2440 postea
955 2401 1070 2430 dictum
1091 2401 1188 2431 accire
1208 2405 1241 2430 ut
1262 2401 1386 2440 urceolo,
1414 2399 1544 2440 σοι-σάος
1573 2401 1707 2438 amenio,
1735 2397 1865 2429 advenio.
1907 2393 2003 2423 Λνσίο
