2263 2668
227 172 301 209 442
651 166 994 203 COMMENTARII
1021 166 1069 202 IN
1095 167 1237 204 PAULI
1263 169 1460 205 mAcoNl
1485 171 1740 206 EXCERPTA

228 267 253 298 A
273 263 440 304 lugentibus
463 261 534 289 haec
556 269 640 289 sacra
663 260 763 299 peragi
786 269 846 288 non
869 263 1024 297 poterant,
1055 260 1122 297 quia
1146 266 1213 299 post
1233 267 1383 301 receptam
1407 263 1614 302 Proserpinam
1637 264 1798 303 (Fast.1v‚
1821 266 1921 301 615.):

757 310 832 338 Tum
856 307 970 338 demum
992 308 1159 350 vultumque
1183 310 1265 340 Ceres·
1286 313 1473 354 animumque
1495 315 1599 354 recepit

818 350 1016 392 Imposuitque
1038 363 1108 382 suae
1130 354 1227 393 spicea
1250 362 1324 383 serta
1350 366 1458 385 comae.

226 409 353 445 Ideoque
379 409 450 433 tunc
474 402 615 431 candidas
637 407 734 432 vestes
757 403 922 431 induebant
944 400 1058 444 (619.):

754 452 839 484 Alba
862 452 941 483 decet
965 452 1091 484 Cererem
1113 455 1214 492 vestis‚·
1250 454 1416 485 Cerealibus
1437 456 1537 487 albam

820 495 948 534 Sumite,
980 508 1055 526 nunc
1075 496 1153 538 pulli
1173 497 1286 527 velleris
1309 510 1376 527 usus
1399 498 1489 530 abest.

224 550 280 579 Sed
309 552 378 588 post
409 546 520 576 cladem
546 546 728 576 Cannensem
758 557 826 576 cum
855 552 977 587 propter
1002 547 1115 578 lucium
1140 554 1292 578 matronae
1317 548 1486 579 Cerealibus
1509 550 1627 590 operari
1649 561 1708 579 non
1732 555 1872 589 possent,
1907 551 2030 580 Senatus
2053 552 2168 584 luctum

222 592 299 622 finiri
322 590 423 626 iussit,
447 596 558 620 centum
583 587 698 625 diebus,
723 594 756 618 ut
778 591 899 628 festu„
926 595 958 618 ut
982 590 1080 619 Livius
1103 592 1233 631 triginta.
1267 591 1344 621 Livii
1366 593 1457 622 verba
1481 599 1548 623 sunt
1568 593 1630 622 Lib.
1643 593 1738 622 XXII.
1762 596 1916 625 sect.36.:
1942 594 2016 623 Tum
2036 595 2169 634 privatae

223 645 335 675 quoque
354 645 405 673 per
430 631 531 660 domos
554 629 653 660 clades
673 630 811 671 vulgatae
832 640 916 662 sunt.-
945 631 1075 672 acleoque
1095 641 1185 663 totam
1209 632 1305 663 urbem
1330 633 1455 674 opplevit
1479 635 1590 673 luctum,
1614 643 1644 665 ut
1666 646 1782 665 sacrum
1805 637 2034 666 anniversarium
2059 635 2169 667 Cereris

223 676 414 707 intermissum
432 675 486 709 sit,
510 674 578 713 quia
595 685 647 702 nec
670 673 833 713 lugentibus
855 674 888 703 id
900 674 1010 716 facere
1031 683 1071 704 est
1085 675 1158 717 fas,
1181 688 1232 705 nec
1255 674 1318 704 ulla
1340 677 1370 704 in
1393 676 1448 706 illa
1471 686 1634 717 tempestate
1658 685 1794 707 matrona
1817 689 1920 717 expers
1943 677 2039 709 luctus
2050 678 2168 721 fuerat.

225 717 327 759 Itaque
349 730 382 746 ne
404 716 440 745 ob
463 714 581 744 eandem
604 727 721 744 causam
745 716 807 745 alia
830 728 943 757 quoque
971 728 1055 746 sacra
1083 717 1205 757 publica
1234 725 1285 746 aut
1311 719 1430 757 privata
1459 718 1665 756 desererentur,
1707 719 1958 750 senatusconsulto
1984 719 2084 751 diebus
2106 722 2169 751 tri-

221 763 305 800 ginta
328 759 423 788 luctus
446 765 486 786 est
503 758 617 798 finitus.
663 758 734 787 Inde
757 760 880 798 proprie
906 760 998 788 minui
1019 758 1115 790 luctus
1137 760 1308 797 dicebatur,
1339 771 1407 789 cuni
1431 768 1515 792 erant
1536 763 1568 791 in
1591 767 1672 790 casto
1697 763 1828 798 Cereris,
1861 762 1918 791 hoc
1941 767 1999 799 est,
2025 773 2093 792 cum
2116 774 2168 792 re-

225 804 277 831 bus
300 801 439 830 Venereis
463 799 652 828 abstinebant
675 801 711 828 ad
735 812 818 830 sacra
843 802 958 830 Cereris
979 802 1130 831 obeunda:
1153 813 1218 831 nam
1245 803 1414 832 Cerealibus
1437 805 1507 833 vino
1532 810 1560 833 et
1578 805 1692 834 Venere
1713 804 1914 834 interdictum.
1953 804 2026 835 Vide
2048 805 2168 835 Minue-

224 844 317 875 batur.
352 844 444 872 Porro
469 843 597 870 Cerealia
621 848 703 871 erant
726 855 741 871 a
767 844 861 882 pridie
883 844 953 872 Idus
979 845 1087 883 Aprilis
1112 855 1165 884 per
1188 846 1248 874 dies
1273 851 1350 875 octo.
1374 845 1464 876 Dac.
1505 847 1578 876 Vide
1601 847 1679 876 Tull.
1697 847 1745 877 IV.
1769 847 1851 877 Verr.
1873 848 1950 886 (cap.
1963 848 2035 885 49.).
2062 846 2166 877 Goth.

389 884 532 914 Gruere.
578 885 716 914 Glossae:
743 884 871 923 Gruunt‚
895 888 1091 926 γερανίζουσι.
1116 886 1215 916 Scal.
1251 888 1325 916 Vide
1350 886 1519 928 Congruere.
1565 889 1653 918 Dac.

391 925 589 956 Gradivus.
634 928 709 963 Quia
733 929 861 965 gramine
885 930 922 958 sit
944 933 1039 958 ortus?
1068 931 1112 958 Ex
1134 930 1208 959 flore
1231 931 1331 958 nescio
1356 941 1415 969 quo
1439 932 1577 971 concepit
1597 942 1664 960 eum
1687 936 1788 960 mater.
1820 931 1947 959 Ovidius
1969 931 2020 960 lib.
2033 931 2067 961 V.
2089 932 2165 962 Fast.

224 970 302 1007 (255
315 970 425 1008 seqq.).
455 968 552 998 Scal.
597 970 716 999 Servius
734 971 784 999 ΙΙΙ.
812 972 881 999 Aen.
906 971 995 1010 (85.):
1037 971 1197 1001 Gradiuum
1220 971 1400 1001 exsilientem
1424 975 1453 1002 z'n
1474 973 1603 1014 proelia,
1638 973 1719 1014 quod
1741 974 1771 1002 in
1794 972 1970 1002 bellantibus
1992 975 2036 1003 sic
2057 985 2168 1003 necesse

224 1020 279 1050 est‚·
303 1019 354 1041 au:
374 1022 492 1051 gravem
517 1009 598 1040 deum
620 1020 750 1052 patrem,
774 1021 824 1041 aut
847 1013 928 1049 ideo,
952 1015 1022 1054 quia
1045 1013 1124 1053 apud
1144 1016 1298 1054 pontifices·
1320 1014 1409 1044 Mars
1429 1024 1513 1055 pater
1535 1015 1652 1046 dicitur.
1696 1015 1765 1045 Alii
1791 1014 1967 1052 Gradivum,
1995 1015 2076 1056 quocl
2096 1028 2166 1055 gra-

225 1054 291 1083 dum
316 1053 453 1094 inferant.
483 1052 552 1082 Alii
567 1066 584 1082 a
598 1054 779 1094 gratitudine
801 1056 875 1094 (lege
887 1055 1106 1095 graditutline),
1129 1055 1209 1096 quod
1231 1057 1287 1086 lzuc
1311 1064 1336 1085 et
1360 1057 1433 1087 illuc
1453 1058 1628 1097 gradiatur:
1654 1058 1728 1087 unde
1742 1057 1871 1087 Martem
1895 1069 2073 1088 communem
2096 1058 2167 1087 «lici.

223 1096 292 1127 Alii
318 1095 495 1132 Gradivum,
518 1097 586 1135 quia
611 1109 757 1137 nunquam
781 1105 921 1138 equester,
945 1106 995 1126 aut
1016 1110 1032 1126 a
1053 1098 1151 1137 gradu
1174 1097 1293 1128 dictum.
1320 1099 1408 1130 Dae.
1451 1100 1607 1129 Gradivus.
1644 1102 1842 1138 Κραὸαίνειν,
1864 1098 2027 1140 γραδεύειν.
2060 1099 2168 1129 Goth.

390 1136 580 1167 Grassari.
627 1137 779 1175 Gratum-i,
805 1136 980 1176 ὄξυποδεῖν,
1005 1142 1227 1179 ἐπερείδεσθαι,
1252 1143 1391 1180 βαδίζειν.
1433 1141 1561 1179 Grassa‚
1585 1141 1730 1182 βάδισμα,
1755 1145 1848 1182 βῆμα.
1890 1141 2049 1171 Grassarur
2070 1146 2167 1173 λωπο-

223 1182 312 1211 δυτεῖ.
351 1179 508 1209 Grassator
529 1179 713 1220 λωποδύτης.
738 1181 840 1211 Scal.
879 1185 901 1211 A
922 1182 1060 1222 gradior,
1081 1185 1226 1222 grassari,
1251 1184 1308 1220 ire,
1333 1185 1494 1216 ambulare.
1533 1186 1590 1214 Sed
1614 1191 1715 1225 postea
1738 1184 1795 1213 hoc
1819 1185 1941 1213 verbum
1966 1185 2041 1213 male
2062 1184 2166 1221 audiit,

224 1228 253 1252 et
270 1223 399 1264 grassari
422 1223 458 1251 de
480 1224 595 1252 viarum
620 1224 822 1253 obsessoribus
845 1225 975 1260 dictum,
1007 1225 1056 1263 qui
1079 1226 1108 1254 in
1132 1231 1352 1264 praetereuntes
1375 1228 1517 1268 impetum
1542 1229 1700 1257 faciebant.
1746 1228 1816 1256 lnde
1839 1232 1936 1256 autem
1956 1228 2091 1266 grassari
2112 1237 2166 1266 pro

222 1264 357 1299 adulari,
387 1265 467 1303 quod
490 1267 608 1304 parasiti
632 1272 720 1305 atque
743 1268 909 1296 adulatores
933 1279 985 1307 per
1005 1268 1116 1306 plateas
1140 1269 1325 1298 ambulantes
1349 1270 1379 1297 in
1402 1271 1521 1299 obvium
1545 1281 1690 1309 quemque
1713 1276 1933 1307 grassarentur,
1965 1275 1997 1298 ut
2019 1269 2167 1298 adulatio-

223 1308 308 1336 nibus
338 1308 399 1336 suis
429 1308 483 1336 sibi
513 1309 625 1337 victum
658 1315 841 1347 quaererent.
883 1311 920 1338 Et
948 1311 1016 1349 quia
1046 1313 1085 1339 ita
1113 1312 1182 1339 olim
1208 1312 1266 1340 sere
1290 1317 1412 1350 poetae,
1448 1313 1468 1340 ii
1492 1313 1577 1341 ctiam
1598 1320 1779 1352 grassatores
1801 1313 1872 1341 dicti
1896 1316 1974 1341 suni.
2020 1312 2113 1340 Varro
2135 1312 2167 1340 in

223 1351 300 1379 libro
323 1350 359 1378 de
382 1350 513 1378 moribus
538 1351 618 1389 apud
636 1352 763 1380 Gellium
787 1352 886 1382 111).st
906 1356 1026 1391 cap.2.:
1054 1353 1165 1382 Vestiri
1186 1355 1215 1382 in
1234 1353 1306 1394 soro
1330 1353 1448 1383 honesto
1471 1366 1534 1383 mos
1556 1363 1635 1393 erat‚·
1659 1354 1755 1390 domi,
1781 1354 1862 1394 quod
1882 1355 1956 1383 satis
1977 1361 2058 1393 erat5
2079 1365 2167 1394 equos

224 1393 337 1429 carius,
373 1404 460 1432 quam
484 1404 592 1434 coquos
615 1393 754 1423 emebant.
800 1394 935 1424 Poeticae
962 1397 1033 1424 ortis
1062 1395 1154 1424 honos
1183 1407 1240 1424 non
1264 1403 1332 1424 erat.
1378 1396 1411 1424 Si
1434 1397 1499 1436 quis
1521 1397 1550 1425 in
1573 1408 1606 1425 ea
1629 1395 1779 1430 studebat,
1816 1404 1868 1424 aut
1890 1407 1950 1425 sese
1970 1395 2011 1424 ad
2032 1396 2165 1425 convivia

223 1433 411 1474 applicabat,
441 1443 592 1475 grassator
614 1436 781 1465 vocabatur.
807 1437 894 1466 Dac.
939 1437 1023 1466 Adde
1047 1438 1171 1466 Nonium
1196 1439 1359 1476 (pag-315.
1384 1438 1488 1477 Merc.)
1514 1439 1544 1467 in
1570 1437 1716 1469 Grassarz'.
1767 1437 1872 1467 Goth.

390 1483 644 1516 Grallatores.
689 1487 810 1516 Plautus
832 1487 862 1516 in
886 1489 1004 1518 Poenul.
1028 1487 1097 1527 (Ill,
1124 1491 1155 1526 1,
1179 1491 1258 1525 27.):

758 1529 920 1559 l'inceretis
941 1542 1052 1560 cervom
1077 1542 1163 1559 cursu
1185 1529 1230 1559 vel
1248 1529 1439 1569 grallatorem
1460 1530 1566 1571 gradu.

225 1571 271 1598 Sic
295 1570 381 1598 etiam
411 1569 489 1608 apud
513 1570 675 1599 Varronem
700 1571 752 1599 lib.
766 1572 813 1600 VI.
837 1573 874 1601 de
896 1573 928 1601 L.
951 1573 981 1601 L.
1006 1571 1094 1612 (VH,
1119 1582 1183 1612 pag.
1197 1574 1267 1604 350.
1293 1571 1365 1613 Sp).
1395 1573 1483 1602 Ant.
1502 1573 1594 1612 Aug.
1641 1573 1841 1602 Glossarium:
1877 1570 2076 1609 Grumum-es,
2105 1583 2165 1603 πα-

225 1611 290 1643 νικοὶ
320 1615 494 1652 φοροῦντες.
538 1613 600 1641 Imo
625 1612 814 1642 Grallatores.
862 1612 983 1645 Haumol
1012 1618 1119 1653 φορεῖν
1149 1615 1295 1654 explicat,
1333 1615 1410 1652 quod
1433 1615 1470 1644 de
1494 1615 1691 1654 Aegipanibus
1714 1614 1764 1643 hic
1787 1614 1906 1643 dicitur.
1936 1613 2032 1644 Scal.
2077 1614 2167 1644 Gral-

225 1655 267 1683 lae
290 1659 359 1683 sunt
380 1655 508 1693 perticae
531 1655 643 1693 ligneae
667 1656 798 1684 furculas
822 1655 979 1692 habentes,
1005 1657 1112 1696 quibus
1137 1658 1225 1696 pedes
1249 1657 1406 1696 ponebant.
1442 1657 1518 1688 Gall.
1543 1656 1592 1686 des
1614 1656 1750 1686 echasses.
1788 1657 1813 1686 A
1836 1656 1994 1695 gradiendo
2017 1656 2166 1694 gradulae,

227 1697 343 1734 grallae.
378 1696 447 1725 lnde
469 1697 658 1734 grallatores,
684 1697 732 1736 qui
755 1699 855 1735 grallis
878 1699 1078 1730 ambulabant.
1115 1699 1166 1729 His
1190 1700 1307 1737 grallis,
1330 1705 1363 1728 ut
1385 1700 1425 1728 ait
1447 1700 1565 1736 Festus,
1587 1700 1761 1739 pantomimi
1784 1700 1958 1734 utebantur,
1984 1709 2050 1727 cum
2074 1699 2166 1727 Panae

227 1739 288 1768 sive
304 1740 465 1779 Aegipanas
482 1739 659 1776 induebant,
683 1750 810 1778 quorum
835 1742 944 1770 exsicci
967 1743 1061 1781 pedes
1083 1746 1112 1770 et
1135 1752 1222 1771 crura
1246 1753 1305 1771 non
1329 1743 1434 1772 melius
1457 1742 1673 1782 repraesentari
1696 1747 1848 1782 poterant,
1871 1752 1957 1780 quam
1981 1740 2084 1779 ligneis
2106 1741 2166 1770 illis

229 1782 351 1819 pedibus
382 1782 582 1817 granatorum.
629 1782 813 1812 Grallatores
836 1784 956 1813 Graecis
985 1784 1126 1813 dicuntur
1155 1781 1304 1823 γύπωνες,
1341 1784 1553 1813 colobaihrm-ii
1577 1790 1605 1813 et
1627 1785 1709 1823 ipsae
1736 1785 1845 1822 grallae
1868 1783 2050 1813 colobathra.
2078 1783 2164 1815 Dae.

229 1823 282 1852 Ad
303 1823 541 1862 similitudinem3
566 1825 603 1853 ad
628 1825 855 1855 simulationem.
884 1825 985 1857 Goth.
1020 1826 1058 1855 Et
1076 1825 1278 1867 grallatorem.
1310 1828 1348 1856 Et
1370 1828 1560 1856 clavatorem.
1596 1827 1669 1855 Vide
1694 1825 1849 1864 Clavawr,
1875 1825 1957 1856 Galo.
1991 1825 2100 1855 Idem.

393 1865 569 1895 Gravida.
614 1867 758 1897 Closs-m:
789 1867 931 1905 Incitante,
955 1870 1107 1905 innitente,
1129 1870 1275 1908 pariente,
1300 1880 1318 1897 a
1340 1868 1442 1899 ciendo
1465 1877 1491 1898 et
1514 1867 1680 1898 invocando
1700 1870 1857 1907 promimos
1879 1880 2007 1910 quosque
2028 1866 2165 1898 auxilia-

233 1911 312 1934 tores.
343 1907 421 1936 Haec
444 1909 479 1936 ad
503 1910 627 1938 verbum
647 1909 769 1940 Inciens,
792 1909 891 1941 Fulv.
914 1911 990 1940 Urs.
1026 1912 1104 1950 Lego
1119 1911 1209 1940 infra:
1234 1911 1401 1951 Praegnans
1422 1911 1498 1941 velut
1521 1919 1666 1950 occupata
1689 1912 1718 1940 in
1737 1910 1880 1950 genando.
1910 1911 1983 1940 Nam
1999 1921 2166 1950 praegnans

234 1951 278 1974 est
300 1950 380 1984 quasi
401 1961 587 1989 proegenons.
619 1953 655 1980 Et
678 1958 792 1981 veteres
812 1965 914 1992 genere
936 1959 963 1982 et
983 1965 1090 1993 genare
1113 1954 1252 1982 dicebant
1275 1965 1329 1992 pro
1351 1955 1475 1994 gignere.
1500 1954 1587 1982 Dae.
1619 1953 1689 1982 lude
1708 1951 1893 1993 gravidavit,
1916 1953 2059 1992 implevit.
2087 1953 2163 1981 Non.

236 1989 312 2025 (pag-
327 1991 393 2020 118.
416 1991 521 2029 ΜΕΝ.)
550 1992 655 2023 Goth.
700 1995 794 2023 Locus
818 1996 911 2024 Paulli
933 1998 974 2024 ita
997 1997 1136 2034 legendus
1159 2001 1186 2024 et
1209 1997 1449 2034 distinguendus:
1485 1995 1652 2025 Gravida
1674 2003 1731 2031 est,
1760 2007 1832 2036 quae
1854 1997 1912 2024 iam
1932 2003 2074 2035 gravatur
2093 2005 2165 2026 con-

235 2036 324 2068 ceptu.
368 2030 601 2072 Praegnans,
629 2035 705 2065 velut
727 2045 872 2076 occupata
895 2039 924 2067 in
944 2037 1126 2078 generando,
1148 2055 1203 2067 —.
1250 2037 1401 2068 Inciens
1421 2039 1587 2078 propinqua
1611 2044 1664 2066 cet.

400 2071 561 2104 Graculi.
607 2078 699 2107 Varro
723 2080 771 2107 lib.
784 2080 832 2110 lv,
857 2081 910 2116 (De
932 2082 963 2109 L.
990 2082 1018 2111 L,
1045 2081 1083 2116 V,
1108 2084 1159 2113 81.
1184 2083 1262 2120 Sp.):
1299 2079 1387 2119 Quod
1406 2081 1548 2119 gregatim
1572 2079 1676 2111 volent.
1722 2080 1777 2108 Sed
1802 2079 1905 2108 melius
1928 2080 2031 2112 Festus
2053 2090 2069 2108 a
2090 2088 2164 2108 sono

235 2112 310 2149 ⁰¹5⁸>
332 2116 366 2140 Ut
387 2118 416 2141 et
434 2114 563 2145 Isidorus
584 2119 711 2152 1ib.Xl[.
729 2125 852 2160 cap.7.:
881 2121 1028 2152 Graculus
1049 2134 1068 2151 a
1088 2122 1262 2162 garrulitate
1284 2131 1484 2160 nuncupatus,
1507 2134 1581 2157 non,
1605 2130 1636 2151 ut
1658 2121 1778 2162 quidam
1801 2121 1917 2158 volunt,
1937 2132 1992 2161 pro
2014 2132 2062 2158 eo,
2084 2119 2165 2161 quod

233 2155 374 2193 gregaffm
397 2153 505 2191 volens,
530 2169 592 2187 cum
615 2163 651 2189 sit
672 2163 876 2205 manifestum,
906 2176 946 2194 ex
966 2177 1036 2194 voce
1057 2177 1119 2193 eum
1143 2166 1315 2204 nuncupari.
1359 2164 1411 2193 Est
1434 2173 1528 2194 autem
1551 2164 1789 2205 loquacissimum
1809 2176 1899 2203 genus
1921 2172 1947 2193 et
1968 2163 2087 2193 vocibus
2107 2164 2164 2192 im-

232 2203 396 2234 Porsu'fflm·
439 2196 520 2245 ,Idem
544 2200 682 2234 QUlnCffl-
704 2206 754 2235 lib.
768 2207 790 2234 I.
814 2210 957 2244 cap-10:
998 2206 1162 2236 Graeculus
1185 2206 1388 2236 diminutivum
1412 2218 1431 2235 a
1450 2218 1593 2246 graccus,
1630 2214 1656 2235 et
1676 2218 1803 2246 graccus
1825 2217 1843 2235 a
1864 2217 1964 2245 graaeo
1991 2212 2043 2234 aut
2061 2215 2162 2245 gram,

236 2237 315 2285 914Ῡᾶ
337 2249 363 2286 α,
378 2240 508 2288 ’ξραβίὼ
545 2242 600 2268 Sed
626 2254 724 2273 verum
748 2253 865 2285 etymon
892 2249 1003 2278 invenit
1026 2250 1243 2280 eruditissimus
1266 2255 1293 2279 et
1316 2250 1548 2286 elegantissimus
1572 2250 1710 2286 Aegidius
1733 2249 1896 2286 Menagius,
1920 2249 2032 2277 amicus
2055 2252 2160 2282 noster,

238 2289 286 2316 ‘3¹¹¹
309 2280 411 2309 ⁵⁰f¹b¹t
434 2280 491 2311 0πό
515 2285 568 2311 Τθῦ
589 2282 715 2320 κόρακος
739 2289 911 2319 diminutiva
936 2293 1028 2320 forma
1051 2303 1188 2327 corocuS,
1218 2291 1386 2324 corcuculus,
1416 2291 1566 2328 oraculas,
1587 2291 1746 2330 graculus‚·
1776 2292 1915 2328 graculus
1937 2291 2012 2319 enim
2036 2300 2072 2318 ex
2094 2297 2161 2316 cor-

237 2330 341 2350 vorum
362 2333 472 2359 genere.
520 2322 661 2353 Graculus
683 2335 863 2359 contractum
885 2333 1024 2371 grauius,
1061 2334 1139 2364 unde
1161 2334 1299 2364 Italicum
1319 2333 1425 2374 grele,
1461 2335 1606 2364 Gallicum
1626 2332 1717 2373 grele.
1763 2334 1862 2369 Quare
1885 2331 2062 2363 corniculam
2085 2330 2160 2358 dixit

237 2362 376 2393 Horatius
397 2365 427 2392 in
449 2365 590 2404 Epistolis
612 2367 653 2403 (l,
676 2371 711 2405 3,
737 2372 813 2406 19.):

799 2412 841 2440 Ne
862 2416 886 2442 si
904 2415 984 2455 forte
1005 2428 1073 2445 suas
1095 2419 1242 2457 repetitum
1266 2419 1371 2448 venerit
1393 2417 1464 2448 olim
