<?xml version="1.0" encoding="UTF-8"?>
<!DOCTYPE html PUBLIC "-//W3C//DTD XHTML 1.0 Transitional//EN"
    "http://www.w3.org/TR/xhtml1/DTD/xhtml1-transitional.dtd">
<html xmlns="http://www.w3.org/1999/xhtml" xml:lang="en" lang="en">
 <head>
  <title>
</title>
<meta http-equiv="Content-Type" content="text/html;charset=utf-8" />
  <meta name='ocr-system' content='tesseract 3.04.00' />
  <meta name='ocr-capabilities' content='ocr_page ocr_carea ocr_par ocr_line ocrx_word'/>
</head>
<body>
  <div class='ocr_page' id='page_1' title='image "./corpusgrammatico01linduoft_0417.png"; bbox 0 0 2263 2668; ppageno 0'>
   <div class='ocr_carea' id='block_1_1' title="bbox 92 141 1979 161">
    <p class='ocr_par' dir='ltr' id='par_1_1' title="bbox 92 141 1979 161">
     <span class='ocr_line' id='line_1_1' title="bbox 92 141 1979 161; baseline 0 2507"><span class='ocrx_word' id='word_1_1' title='bbox 92 141 1979 161; x_wconf 95' lang='lat' dir='ltr'> </span> 
     </span>
    </p>
   </div>
   <div class='ocr_carea' id='block_1_2' title="bbox 427 530 1678 590">
    <p class='ocr_par' dir='ltr' id='par_1_2' title="bbox 427 530 1678 590">
     <span class='ocr_line' id='line_1_2' title="bbox 427 530 1678 590; baseline -0.003 0"><span class='ocrx_word' id='word_1_2' title='bbox 427 533 960 590; x_wconf 83' lang='lat' dir='ltr'><strong>PRAEFATIO</strong></span> <span class='ocrx_word' id='word_1_3' title='bbox 997 531 1233 588; x_wconf 78' lang='lat' dir='ltr'>ToMI</span> <span class='ocrx_word' id='word_1_4' title='bbox 1270 530 1678 587; x_wconf 79' lang='lat' dir='ltr'>SECUNDI.</span> 
     </span>
    </p>
   </div>
   <div class='ocr_carea' id='block_1_3' title="bbox 81 780 2034 2481">
    <p class='ocr_par' dir='ltr' id='par_1_3' title="bbox 81 780 2034 1708">
     <span class='ocr_line' id='line_1_3' title="bbox 82 780 2025 846; baseline -0.001 -12"><span class='ocrx_word' id='word_1_5' title='bbox 82 780 283 835; x_wconf 83' lang='lat' dir='ltr'>Iucundum</span> <span class='ocrx_word' id='word_1_6' title='bbox 318 805 381 843; x_wconf 86' lang='lat' dir='ltr'>est,</span> <span class='ocrx_word' id='word_1_7' title='bbox 428 813 552 846; x_wconf 85' lang='lat' dir='ltr'>magno</span> <span class='ocrx_word' id='word_1_8' title='bbox 587 813 627 836; x_wconf 90' lang='lat' dir='ltr'>ac</span> <span class='ocrx_word' id='word_1_9' title='bbox 660 802 814 835; x_wconf 86' lang='lat' dir='ltr'>diuturno</span> <span class='ocrx_word' id='word_1_10' title='bbox 847 802 964 835; x_wconf 87' lang='lat' dir='ltr'>itinere</span> <span class='ocrx_word' id='word_1_11' title='bbox 997 812 1148 842; x_wconf 86' lang='lat' dir='ltr'>emens0,</span> <span class='ocrx_word' id='word_1_12' title='bbox 1195 811 1297 843; x_wconf 89' lang='lat' dir='ltr'>quum</span> <span class='ocrx_word' id='word_1_13' title='bbox 1333 800 1375 833; x_wconf 88' lang='lat' dir='ltr'>ad</span> <span class='ocrx_word' id='word_1_14' title='bbox 1409 800 1557 833; x_wconf 89' lang='lat' dir='ltr'>ultimam</span> <span class='ocrx_word' id='word_1_15' title='bbox 1591 804 1712 832; x_wconf 86' lang='lat' dir='ltr'>metam</span> <span class='ocrx_word' id='word_1_16' title='bbox 1746 803 1939 844; x_wconf 84' lang='lat' dir='ltr'>perventum</span> <span class='ocrx_word' id='word_1_17' title='bbox 1967 804 2025 842; x_wconf 85' lang='lat' dir='ltr'>est,</span> 
     </span>
     <span class='ocr_line' id='line_1_4' title="bbox 81 851 2027 897; baseline -0.001 -12"><span class='ocrx_word' id='word_1_18' title='bbox 81 857 189 886; x_wconf 86' lang='lat' dir='ltr'>totum</span> <span class='ocrx_word' id='word_1_19' title='bbox 209 853 352 885; x_wconf 78' lang='lat' dir='ltr'><strong>remetiri</strong></span> <span class='ocrx_word' id='word_1_20' title='bbox 374 853 501 896; x_wconf 87' lang='lat' dir='ltr'>animo,</span> <span class='ocrx_word' id='word_1_21' title='bbox 529 853 666 897; x_wconf 89' lang='lat' dir='ltr'>aliisque</span> <span class='ocrx_word' id='word_1_22' title='bbox 688 865 773 897; x_wconf 90' lang='lat' dir='ltr'>quae</span> <span class='ocrx_word' id='word_1_23' title='bbox 796 854 959 893; x_wconf 88' lang='lat' dir='ltr'>volueris,</span> <span class='ocrx_word' id='word_1_24' title='bbox 987 864 1074 896; x_wconf 89' lang='lat' dir='ltr'>quae</span> <span class='ocrx_word' id='word_1_25' title='bbox 1095 853 1251 897; x_wconf 79' lang='lat' dir='ltr'>gesseriS,</span> <span class='ocrx_word' id='word_1_26' title='bbox 1279 863 1366 895; x_wconf 84' lang='lat' dir='ltr'>quae</span> <span class='ocrx_word' id='word_1_27' title='bbox 1388 852 1526 892; x_wconf 86' lang='lat' dir='ltr'>videris,</span> <span class='ocrx_word' id='word_1_28' title='bbox 1553 863 1639 895; x_wconf 84' lang='lat' dir='ltr'>quae</span> <span class='ocrx_word' id='word_1_29' title='bbox 1662 851 1832 892; x_wconf 89' lang='lat' dir='ltr'>didiceris,</span> <span class='ocrx_word' id='word_1_30' title='bbox 1860 863 2027 891; x_wconf 85' lang='lat' dir='ltr'>enarrare3</span> 
     </span>
     <span class='ocr_line' id='line_1_5' title="bbox 83 902 2028 950; baseline -0.001 -13"><span class='ocrx_word' id='word_1_31' title='bbox 83 915 150 948; x_wconf 86' lang='lat' dir='ltr'>qua</span> <span class='ocrx_word' id='word_1_32' title='bbox 175 905 208 937; x_wconf 89' lang='lat' dir='ltr'>in</span> <span class='ocrx_word' id='word_1_33' title='bbox 236 916 271 937; x_wconf 90' lang='lat' dir='ltr'>re</span> <span class='ocrx_word' id='word_1_34' title='bbox 299 910 331 937; x_wconf 86' lang='lat' dir='ltr'>et</span> <span class='ocrx_word' id='word_1_35' title='bbox 356 905 499 949; x_wconf 81' lang='lat' dir='ltr'>gaudia,</span> <span class='ocrx_word' id='word_1_36' title='bbox 533 917 618 949; x_wconf 88' lang='lat' dir='ltr'>quae</span> <span class='ocrx_word' id='word_1_37' title='bbox 644 906 855 950; x_wconf 78' lang='lat' dir='ltr'><strong>perceperis,</strong></span> <span class='ocrx_word' id='word_1_38' title='bbox 884 910 917 938; x_wconf 87' lang='lat' dir='ltr'>et</span> <span class='ocrx_word' id='word_1_39' title='bbox 942 905 1090 945; x_wconf 78' lang='lat' dir='ltr'>labores,</span> <span class='ocrx_word' id='word_1_40' title='bbox 1117 915 1201 947; x_wconf 89' lang='lat' dir='ltr'>quos</span> <span class='ocrx_word' id='word_1_41' title='bbox 1227 903 1435 944; x_wconf 79' lang='lat' dir='ltr'>exhauseris,</span> <span class='ocrx_word' id='word_1_42' title='bbox 1464 904 1574 935; x_wconf 88' lang='lat' dir='ltr'>omnia</span> <span class='ocrx_word' id='word_1_43' title='bbox 1601 902 1673 947; x_wconf 86' lang='lat' dir='ltr'>pari</span> <span class='ocrx_word' id='word_1_44' title='bbox 1698 902 1869 946; x_wconf 80' lang='lat' dir='ltr'>voluptate</span> <span class='ocrx_word' id='word_1_45' title='bbox 1896 914 2028 935; x_wconf 89' lang='lat' dir='ltr'>memo-</span> 
     </span>
     <span class='ocr_line' id='line_1_6' title="bbox 82 955 2028 997; baseline -0.001 -9"><span class='ocrx_word' id='word_1_46' title='bbox 82 967 154 989; x_wconf 85' lang='lat' dir='ltr'>rem</span> <span class='ocrx_word' id='word_1_47' title='bbox 182 956 326 988; x_wconf 89' lang='lat' dir='ltr'>animum</span> <span class='ocrx_word' id='word_1_48' title='bbox 354 957 489 989; x_wconf 80' lang='lat' dir='ltr'>afficere</span> <span class='ocrx_word' id='word_1_49' title='bbox 516 958 630 989; x_wconf 80' lang='lat' dir='ltr'><strong>solent.</strong></span> <span class='ocrx_word' id='word_1_50' title='bbox 683 957 778 989; x_wconf 90' lang='lat' dir='ltr'>Idem</span> <span class='ocrx_word' id='word_1_51' title='bbox 806 956 888 989; x_wconf 85' lang='lat' dir='ltr'>mihi</span> <span class='ocrx_word' id='word_1_52' title='bbox 915 967 975 989; x_wconf 89' lang='lat' dir='ltr'>usu</span> <span class='ocrx_word' id='word_1_53' title='bbox 1002 957 1122 989; x_wconf 80' lang='lat' dir='ltr'>evenit.</span> <span class='ocrx_word' id='word_1_54' title='bbox 1173 956 1287 989; x_wconf 86' lang='lat' dir='ltr'>Annus</span> <span class='ocrx_word' id='word_1_55' title='bbox 1315 960 1362 988; x_wconf 87' lang='lat' dir='ltr'>est</span> <span class='ocrx_word' id='word_1_56' title='bbox 1385 955 1616 997; x_wconf 76' lang='lat' dir='ltr'>circumactus,</span> <span class='ocrx_word' id='word_1_57' title='bbox 1661 965 1700 986; x_wconf 83' lang='lat' dir='ltr'>ex</span> <span class='ocrx_word' id='word_1_58' title='bbox 1726 965 1793 997; x_wconf 87' lang='lat' dir='ltr'>quo</span> <span class='ocrx_word' id='word_1_59' title='bbox 1821 959 2028 987; x_wconf 86' lang='lat' dir='ltr'>commenta-</span> 
     </span>
     <span class='ocr_line' id='line_1_7' title="bbox 83 1005 2029 1052; baseline -0.001 -12"><span class='ocrx_word' id='word_1_60' title='bbox 83 1007 149 1040; x_wconf 83' lang='lat' dir='ltr'>rios</span> <span class='ocrx_word' id='word_1_61' title='bbox 182 1007 326 1040; x_wconf 83' lang='lat' dir='ltr'>virorum</span> <span class='ocrx_word' id='word_1_62' title='bbox 354 1008 529 1041; x_wconf 85' lang='lat' dir='ltr'>doctorum</span> <span class='ocrx_word' id='word_1_63' title='bbox 557 1008 600 1040; x_wconf 90' lang='lat' dir='ltr'>ad</span> <span class='ocrx_word' id='word_1_64' title='bbox 623 1008 732 1040; x_wconf 81' lang='lat' dir='ltr'>Paulli</span> <span class='ocrx_word' id='word_1_65' title='bbox 759 1008 939 1052; x_wconf 88' lang='lat' dir='ltr'>epitomam</span> <span class='ocrx_word' id='word_1_66' title='bbox 967 1012 999 1040; x_wconf 89' lang='lat' dir='ltr'>et</span> <span class='ocrx_word' id='word_1_67' title='bbox 1024 1007 1115 1040; x_wconf 80' lang='lat' dir='ltr'>Festi</span> <span class='ocrx_word' id='word_1_68' title='bbox 1139 1007 1327 1051; x_wconf 82' lang='lat' dir='ltr'>fragmenta</span> <span class='ocrx_word' id='word_1_69' title='bbox 1354 1007 1531 1050; x_wconf 77' lang='lat' dir='ltr'>disponere</span> <span class='ocrx_word' id='word_1_70' title='bbox 1558 1011 1590 1039; x_wconf 89' lang='lat' dir='ltr'>et</span> <span class='ocrx_word' id='word_1_71' title='bbox 1617 1005 1751 1037; x_wconf 87' lang='lat' dir='ltr'>editioni</span> <span class='ocrx_word' id='word_1_72' title='bbox 1778 1011 1893 1049; x_wconf 87' lang='lat' dir='ltr'>aptare</span> <span class='ocrx_word' id='word_1_73' title='bbox 1921 1005 2029 1049; x_wconf 85' lang='lat' dir='ltr'>coepi.</span> 
     </span>
     <span class='ocr_line' id='line_1_8' title="bbox 83 1056 2030 1103; baseline -0.001 -12"><span class='ocrx_word' id='word_1_74' title='bbox 83 1059 122 1091; x_wconf 93' lang='lat' dir='ltr'>In</span> <span class='ocrx_word' id='word_1_75' title='bbox 150 1070 217 1102; x_wconf 91' lang='lat' dir='ltr'>quo</span> <span class='ocrx_word' id='word_1_76' title='bbox 244 1070 379 1091; x_wconf 89' lang='lat' dir='ltr'>munere</span> <span class='ocrx_word' id='word_1_77' title='bbox 406 1065 496 1093; x_wconf 86' lang='lat' dir='ltr'>reete</span> <span class='ocrx_word' id='word_1_78' title='bbox 523 1060 678 1092; x_wconf 90' lang='lat' dir='ltr'>obeundo</span> <span class='ocrx_word' id='word_1_79' title='bbox 707 1071 809 1103; x_wconf 90' lang='lat' dir='ltr'>quum</span> <span class='ocrx_word' id='word_1_80' title='bbox 837 1065 868 1092; x_wconf 85' lang='lat' dir='ltr'>et</span> <span class='ocrx_word' id='word_1_81' title='bbox 895 1059 1030 1092; x_wconf 87' lang='lat' dir='ltr'>facilem</span> <span class='ocrx_word' id='word_1_82' title='bbox 1058 1063 1091 1092; x_wconf 85' lang='lat' dir='ltr'>et</span> <span class='ocrx_word' id='word_1_83' title='bbox 1116 1058 1295 1093; x_wconf 85' lang='lat' dir='ltr'>iucundam</span> <span class='ocrx_word' id='word_1_84' title='bbox 1320 1070 1458 1102; x_wconf 77' lang='lat' dir='ltr'>operam</span> <span class='ocrx_word' id='word_1_85' title='bbox 1485 1057 1565 1090; x_wconf 85' lang='lat' dir='ltr'>mihi</span> <span class='ocrx_word' id='word_1_86' title='bbox 1590 1056 1820 1100; x_wconf 79' lang='lat' dir='ltr'>praestandam</span> <span class='ocrx_word' id='word_1_87' title='bbox 1844 1057 1916 1089; x_wconf 87' lang='lat' dir='ltr'>fore</span> <span class='ocrx_word' id='word_1_88' title='bbox 1940 1058 2030 1089; x_wconf 90' lang='lat' dir='ltr'>arbi-</span> 
     </span>
     <span class='ocr_line' id='line_1_9' title="bbox 83 1108 2031 1155; baseline -0.001 -12"><span class='ocrx_word' id='word_1_89' title='bbox 83 1114 186 1143; x_wconf 79' lang='lat' dir='ltr'>tratus</span> <span class='ocrx_word' id='word_1_90' title='bbox 215 1122 336 1152; x_wconf 87' lang='lat' dir='ltr'>essem,</span> <span class='ocrx_word' id='word_1_91' title='bbox 362 1111 540 1155; x_wconf 80' lang='lat' dir='ltr'>voluptatis</span> <span class='ocrx_word' id='word_1_92' title='bbox 566 1111 702 1154; x_wconf 87' lang='lat' dir='ltr'>quidem</span> <span class='ocrx_word' id='word_1_93' title='bbox 730 1112 870 1144; x_wconf 88' lang='lat' dir='ltr'>multum</span> <span class='ocrx_word' id='word_1_94' title='bbox 898 1122 937 1143; x_wconf 82' lang='lat' dir='ltr'>ex</span> <span class='ocrx_word' id='word_1_95' title='bbox 963 1111 1120 1143; x_wconf 83' lang='lat' dir='ltr'>immensa</span> <span class='ocrx_word' id='word_1_96' title='bbox 1149 1115 1248 1153; x_wconf 89' lang='lat' dir='ltr'>atque</span> <span class='ocrx_word' id='word_1_97' title='bbox 1274 1111 1364 1143; x_wconf 87' lang='lat' dir='ltr'>varia</span> <span class='ocrx_word' id='word_1_98' title='bbox 1389 1110 1533 1142; x_wconf 91' lang='lat' dir='ltr'>virorum</span> <span class='ocrx_word' id='word_1_99' title='bbox 1561 1118 1764 1141; x_wconf 86' lang='lat' dir='ltr'>summorum</span> <span class='ocrx_word' id='word_1_100' title='bbox 1791 1108 1940 1141; x_wconf 83' lang='lat' dir='ltr'>doctrina</span> <span class='ocrx_word' id='word_1_101' title='bbox 1965 1119 2031 1152; x_wconf 86' lang='lat' dir='ltr'>pe-</span> 
     </span>
     <span class='ocr_line' id='line_1_10' title="bbox 84 1160 2030 1207; baseline -0.002 -13"><span class='ocrx_word' id='word_1_102' title='bbox 84 1162 180 1195; x_wconf 83' lang='lat' dir='ltr'>nitius</span> <span class='ocrx_word' id='word_1_103' title='bbox 207 1163 443 1207; x_wconf 85' lang='lat' dir='ltr'>cognoscenda</span> <span class='ocrx_word' id='word_1_104' title='bbox 469 1163 606 1207; x_wconf 86' lang='lat' dir='ltr'>percepi</span> <span class='ocrx_word' id='word_1_105' title='bbox 633 1163 842 1206; x_wconf 87' lang='lat' dir='ltr'>multumque</span> <span class='ocrx_word' id='word_1_106' title='bbox 868 1162 980 1196; x_wconf 90' lang='lat' dir='ltr'>didici.</span> <span class='ocrx_word' id='word_1_107' title='bbox 1033 1163 1080 1196; x_wconf 80' lang='lat' dir='ltr'>At</span> <span class='ocrx_word' id='word_1_108' title='bbox 1105 1162 1238 1195; x_wconf 83' lang='lat' dir='ltr'>facilem</span> <span class='ocrx_word' id='word_1_109' title='bbox 1266 1162 1419 1206; x_wconf 83' lang='lat' dir='ltr'>opinatus</span> <span class='ocrx_word' id='word_1_110' title='bbox 1444 1172 1582 1204; x_wconf 82' lang='lat' dir='ltr'>operam</span> <span class='ocrx_word' id='word_1_111' title='bbox 1608 1169 1813 1203; x_wconf 83' lang='lat' dir='ltr'>magnopere</span> <span class='ocrx_word' id='word_1_112' title='bbox 1835 1171 1889 1192; x_wconf 80' lang='lat' dir='ltr'>ine</span> <span class='ocrx_word' id='word_1_113' title='bbox 1911 1160 2030 1192; x_wconf 88' lang='lat' dir='ltr'>falsum</span> 
     </span>
     <span class='ocr_line' id='line_1_11' title="bbox 86 1211 2031 1254; baseline -0.002 -8"><span class='ocrx_word' id='word_1_114' title='bbox 86 1225 174 1254; x_wconf 89' lang='lat' dir='ltr'>esse,</span> <span class='ocrx_word' id='word_1_115' title='bbox 201 1224 268 1246; x_wconf 92' lang='lat' dir='ltr'>non</span> <span class='ocrx_word' id='word_1_116' title='bbox 293 1214 360 1246; x_wconf 89' lang='lat' dir='ltr'>sine</span> <span class='ocrx_word' id='word_1_117' title='bbox 386 1225 514 1246; x_wconf 89' lang='lat' dir='ltr'>summo</span> <span class='ocrx_word' id='word_1_118' title='bbox 541 1213 654 1246; x_wconf 89' lang='lat' dir='ltr'>taedio</span> <span class='ocrx_word' id='word_1_119' title='bbox 682 1219 809 1247; x_wconf 89' lang='lat' dir='ltr'>mature</span> <span class='ocrx_word' id='word_1_120' title='bbox 836 1215 991 1247; x_wconf 83' lang='lat' dir='ltr'>intellexi.</span> <span class='ocrx_word' id='word_1_121' title='bbox 1044 1214 1130 1246; x_wconf 87' lang='lat' dir='ltr'>Nam</span> <span class='ocrx_word' id='word_1_122' title='bbox 1158 1214 1274 1247; x_wconf 86' lang='lat' dir='ltr'>citatos</span> <span class='ocrx_word' id='word_1_123' title='bbox 1301 1225 1320 1245; x_wconf 87' lang='lat' dir='ltr'>a</span> <span class='ocrx_word' id='word_1_124' title='bbox 1344 1213 1420 1245; x_wconf 87' lang='lat' dir='ltr'>viris</span> <span class='ocrx_word' id='word_1_125' title='bbox 1443 1212 1549 1246; x_wconf 85' lang='lat' dir='ltr'>doctis</span> <span class='ocrx_word' id='word_1_126' title='bbox 1572 1222 1612 1244; x_wconf 86' lang='lat' dir='ltr'>ex</span> <span class='ocrx_word' id='word_1_127' title='bbox 1633 1211 1861 1243; x_wconf 88' lang='lat' dir='ltr'>innumerabili</span> <span class='ocrx_word' id='word_1_128' title='bbox 1883 1216 2031 1244; x_wconf 88' lang='lat' dir='ltr'>veterum</span> 
     </span>
     <span class='ocr_line' id='line_1_12' title="bbox 86 1262 2032 1309; baseline -0.003 -11"><span class='ocrx_word' id='word_1_129' title='bbox 86 1266 285 1309; x_wconf 83' lang='lat' dir='ltr'>scriptorum</span> <span class='ocrx_word' id='word_1_130' title='bbox 318 1266 416 1308; x_wconf 87' lang='lat' dir='ltr'>copia</span> <span class='ocrx_word' id='word_1_131' title='bbox 449 1266 544 1298; x_wconf 89' lang='lat' dir='ltr'>locos</span> <span class='ocrx_word' id='word_1_132' title='bbox 578 1265 744 1308; x_wconf 87' lang='lat' dir='ltr'>requirere</span> <span class='ocrx_word' id='word_1_133' title='bbox 777 1271 896 1309; x_wconf 82' lang='lat' dir='ltr'>atque,</span> <span class='ocrx_word' id='word_1_134' title='bbox 942 1265 976 1298; x_wconf 88' lang='lat' dir='ltr'>id</span> <span class='ocrx_word' id='word_1_135' title='bbox 1010 1265 1103 1308; x_wconf 92' lang='lat' dir='ltr'>quod</span> <span class='ocrx_word' id='word_1_136' title='bbox 1131 1266 1329 1309; x_wconf 89' lang='lat' dir='ltr'>plerumque</span> <span class='ocrx_word' id='word_1_137' title='bbox 1355 1265 1398 1296; x_wconf 90' lang='lat' dir='ltr'>ab</span> <span class='ocrx_word' id='word_1_138' title='bbox 1423 1263 1655 1308; x_wconf 79' lang='lat' dir='ltr'>interpretibus</span> <span class='ocrx_word' id='word_1_139' title='bbox 1682 1262 1816 1294; x_wconf 88' lang='lat' dir='ltr'>illorum</span> <span class='ocrx_word' id='word_1_140' title='bbox 1842 1267 2032 1307; x_wconf 84' lang='lat' dir='ltr'>temporum</span> 
     </span>
     <span class='ocr_line' id='line_1_13' title="bbox 87 1313 2032 1361; baseline -0.002 -13"><span class='ocrx_word' id='word_1_141' title='bbox 87 1317 258 1356; x_wconf 85' lang='lat' dir='ltr'>omissum,</span> <span class='ocrx_word' id='word_1_142' title='bbox 286 1316 487 1357; x_wconf 80' lang='lat' dir='ltr'>accuratius,</span> <span class='ocrx_word' id='word_1_143' title='bbox 515 1317 572 1349; x_wconf 90' lang='lat' dir='ltr'>ubi</span> <span class='ocrx_word' id='word_1_144' title='bbox 595 1318 801 1361; x_wconf 83' lang='lat' dir='ltr'>legerentur,</span> <span class='ocrx_word' id='word_1_145' title='bbox 830 1317 1074 1358; x_wconf 83' lang='lat' dir='ltr'>demonstrare,</span> <span class='ocrx_word' id='word_1_146' title='bbox 1102 1318 1214 1360; x_wconf 85' lang='lat' dir='ltr'>capita</span> <span class='ocrx_word' id='word_1_147' title='bbox 1242 1328 1281 1350; x_wconf 85' lang='lat' dir='ltr'>ac</span> <span class='ocrx_word' id='word_1_148' title='bbox 1307 1320 1478 1361; x_wconf 84' lang='lat' dir='ltr'>segmenta</span> <span class='ocrx_word' id='word_1_149' title='bbox 1506 1321 1660 1354; x_wconf 84' lang='lat' dir='ltr'>enotare,</span> <span class='ocrx_word' id='word_1_150' title='bbox 1687 1325 1789 1356; x_wconf 91' lang='lat' dir='ltr'>quum</span> <span class='ocrx_word' id='word_1_151' title='bbox 1818 1313 1899 1345; x_wconf 85' lang='lat' dir='ltr'>mihi</span> <span class='ocrx_word' id='word_1_152' title='bbox 1924 1314 2032 1346; x_wconf 75' lang='lat' dir='ltr'>liabe-</span> 
     </span>
     <span class='ocr_line' id='line_1_14' title="bbox 85 1365 2032 1412; baseline -0.002 -12"><span class='ocrx_word' id='word_1_153' title='bbox 85 1379 156 1400; x_wconf 88' lang='lat' dir='ltr'>rem</span> <span class='ocrx_word' id='word_1_154' title='bbox 191 1368 419 1412; x_wconf 83' lang='lat' dir='ltr'>propositum3</span> <span class='ocrx_word' id='word_1_155' title='bbox 465 1368 530 1402; x_wconf 90' lang='lat' dir='ltr'>dici</span> <span class='ocrx_word' id='word_1_156' title='bbox 564 1369 618 1400; x_wconf 81' lang='lat' dir='ltr'>vix</span> <span class='ocrx_word' id='word_1_157' title='bbox 650 1373 778 1412; x_wconf 77' lang='lat' dir='ltr'>petest,</span> <span class='ocrx_word' id='word_1_158' title='bbox 824 1373 947 1412; x_wconf 85' lang='lat' dir='ltr'>quanto</span> <span class='ocrx_word' id='word_1_159' title='bbox 975 1380 1015 1401; x_wconf 85' lang='lat' dir='ltr'>ea</span> <span class='ocrx_word' id='word_1_160' title='bbox 1041 1380 1092 1401; x_wconf 90' lang='lat' dir='ltr'>res</span> <span class='ocrx_word' id='word_1_161' title='bbox 1122 1368 1203 1401; x_wconf 84' lang='lat' dir='ltr'>mihi</span> <span class='ocrx_word' id='word_1_162' title='bbox 1231 1368 1348 1401; x_wconf 84' lang='lat' dir='ltr'>labore</span> <span class='ocrx_word' id='word_1_163' title='bbox 1375 1367 1573 1408; x_wconf 88' lang='lat' dir='ltr'>constiterit,</span> <span class='ocrx_word' id='word_1_164' title='bbox 1614 1376 1715 1409; x_wconf 86' lang='lat' dir='ltr'>quam</span> <span class='ocrx_word' id='word_1_165' title='bbox 1743 1365 1902 1397; x_wconf 80' lang='lat' dir='ltr'>immensa</span> <span class='ocrx_word' id='word_1_166' title='bbox 1928 1376 2032 1409; x_wconf 84' lang='lat' dir='ltr'>opera</span> 
     </span>
     <span class='ocr_line' id='line_1_15' title="bbox 86 1416 2032 1464; baseline -0.001 -14"><span class='ocrx_word' id='word_1_167' title='bbox 86 1419 237 1451; x_wconf 84' lang='lat' dir='ltr'>navanda</span> <span class='ocrx_word' id='word_1_168' title='bbox 264 1419 380 1459; x_wconf 87' lang='lat' dir='ltr'>suerit,</span> <span class='ocrx_word' id='word_1_169' title='bbox 407 1425 588 1463; x_wconf 89' lang='lat' dir='ltr'>propterea</span> <span class='ocrx_word' id='word_1_170' title='bbox 615 1421 706 1463; x_wconf 91' lang='lat' dir='ltr'>quod</span> <span class='ocrx_word' id='word_1_171' title='bbox 735 1432 836 1464; x_wconf 83' lang='lat' dir='ltr'>saepe</span> <span class='ocrx_word' id='word_1_172' title='bbox 863 1421 956 1453; x_wconf 89' lang='lat' dir='ltr'>unius</span> <span class='ocrx_word' id='word_1_173' title='bbox 984 1420 1052 1452; x_wconf 91' lang='lat' dir='ltr'>loci</span> <span class='ocrx_word' id='word_1_174' title='bbox 1078 1420 1297 1464; x_wconf 79' lang='lat' dir='ltr'>investigandi</span> <span class='ocrx_word' id='word_1_175' title='bbox 1324 1431 1455 1460; x_wconf 84' lang='lat' dir='ltr'>caussa,</span> <span class='ocrx_word' id='word_1_176' title='bbox 1482 1430 1548 1451; x_wconf 92' lang='lat' dir='ltr'>non</span> <span class='ocrx_word' id='word_1_177' title='bbox 1570 1429 1651 1450; x_wconf 91' lang='lat' dir='ltr'>unus</span> <span class='ocrx_word' id='word_1_178' title='bbox 1674 1417 1778 1457; x_wconf 87' lang='lat' dir='ltr'>liber,</span> <span class='ocrx_word' id='word_1_179' title='bbox 1805 1416 1862 1448; x_wconf 88' lang='lat' dir='ltr'>sed</span> <span class='ocrx_word' id='word_1_180' title='bbox 1885 1417 2032 1449; x_wconf 86' lang='lat' dir='ltr'>universa</span> 
     </span>
     <span class='ocr_line' id='line_1_16' title="bbox 85 1467 2033 1516; baseline -0.001 -13"><span class='ocrx_word' id='word_1_181' title='bbox 85 1470 255 1504; x_wconf 83' lang='lat' dir='ltr'>volumina</span> <span class='ocrx_word' id='word_1_182' title='bbox 281 1471 522 1515; x_wconf 86' lang='lat' dir='ltr'>perquirenda,</span> <span class='ocrx_word' id='word_1_183' title='bbox 556 1483 623 1503; x_wconf 89' lang='lat' dir='ltr'>non</span> <span class='ocrx_word' id='word_1_184' title='bbox 648 1472 718 1504; x_wconf 89' lang='lat' dir='ltr'>dies</span> <span class='ocrx_word' id='word_1_185' title='bbox 745 1480 844 1512; x_wconf 83' lang='lat' dir='ltr'>unus,</span> <span class='ocrx_word' id='word_1_186' title='bbox 878 1472 936 1504; x_wconf 89' lang='lat' dir='ltr'>sed</span> <span class='ocrx_word' id='word_1_187' title='bbox 964 1472 1114 1516; x_wconf 83' lang='lat' dir='ltr'>integrae</span> <span class='ocrx_word' id='word_1_188' title='bbox 1141 1471 1374 1504; x_wconf 85' lang='lat' dir='ltr'>hebdomades</span> <span class='ocrx_word' id='word_1_189' title='bbox 1399 1470 1632 1509; x_wconf 81' lang='lat' dir='ltr'>insumendae‚</span> <span class='ocrx_word' id='word_1_190' title='bbox 1661 1479 1727 1500; x_wconf 91' lang='lat' dir='ltr'>non</span> <span class='ocrx_word' id='word_1_191' title='bbox 1755 1467 1859 1499; x_wconf 89' lang='lat' dir='ltr'>horae</span> <span class='ocrx_word' id='word_1_192' title='bbox 1886 1468 2033 1501; x_wconf 85' lang='lat' dir='ltr'>subseci-</span> 
     </span>
     <span class='ocr_line' id='line_1_17' title="bbox 87 1519 2034 1567; baseline -0.002 -13"><span class='ocrx_word' id='word_1_193' title='bbox 87 1533 166 1563; x_wconf 86' lang='lat' dir='ltr'>vae,</span> <span class='ocrx_word' id='word_1_194' title='bbox 208 1521 265 1554; x_wconf 86' lang='lat' dir='ltr'>sed</span> <span class='ocrx_word' id='word_1_195' title='bbox 301 1522 445 1555; x_wconf 86' lang='lat' dir='ltr'>diuturni</span> <span class='ocrx_word' id='word_1_196' title='bbox 470 1523 629 1567; x_wconf 87' lang='lat' dir='ltr'>temporis</span> <span class='ocrx_word' id='word_1_197' title='bbox 655 1524 744 1555; x_wconf 91' lang='lat' dir='ltr'>bona</span> <span class='ocrx_word' id='word_1_198' title='bbox 771 1523 837 1556; x_wconf 89' lang='lat' dir='ltr'>otia</span> <span class='ocrx_word' id='word_1_199' title='bbox 864 1523 1038 1567; x_wconf 86' lang='lat' dir='ltr'>perdenda</span> <span class='ocrx_word' id='word_1_200' title='bbox 1065 1528 1174 1564; x_wconf 89' lang='lat' dir='ltr'>erant,</span> <span class='ocrx_word' id='word_1_201' title='bbox 1221 1528 1253 1556; x_wconf 95' lang='lat' dir='ltr'>et</span> <span class='ocrx_word' id='word_1_202' title='bbox 1278 1527 1390 1555; x_wconf 85' lang='lat' dir='ltr'>tamen</span> <span class='ocrx_word' id='word_1_203' title='bbox 1415 1522 1484 1555; x_wconf 90' lang='lat' dir='ltr'>loci</span> <span class='ocrx_word' id='word_1_204' title='bbox 1510 1526 1600 1554; x_wconf 88' lang='lat' dir='ltr'>tanta</span> <span class='ocrx_word' id='word_1_205' title='bbox 1627 1531 1731 1563; x_wconf 88' lang='lat' dir='ltr'>opera</span> <span class='ocrx_word' id='word_1_206' title='bbox 1759 1519 1944 1563; x_wconf 83' lang='lat' dir='ltr'>investigati</span> <span class='ocrx_word' id='word_1_207' title='bbox 1970 1519 2034 1551; x_wconf 88' lang='lat' dir='ltr'>ali-</span> 
     </span>
     <span class='ocr_line' id='line_1_18' title="bbox 88 1569 2034 1618; baseline -0.002 -12"><span class='ocrx_word' id='word_1_208' title='bbox 88 1573 218 1616; x_wconf 87' lang='lat' dir='ltr'>quoties</span> <span class='ocrx_word' id='word_1_209' title='bbox 240 1584 306 1606; x_wconf 89' lang='lat' dir='ltr'>non</span> <span class='ocrx_word' id='word_1_210' title='bbox 329 1578 401 1606; x_wconf 89' lang='lat' dir='ltr'>sunt</span> <span class='ocrx_word' id='word_1_211' title='bbox 421 1575 553 1617; x_wconf 88' lang='lat' dir='ltr'>reperti.</span> <span class='ocrx_word' id='word_1_212' title='bbox 608 1574 677 1606; x_wconf 87' lang='lat' dir='ltr'>Sed</span> <span class='ocrx_word' id='word_1_213' title='bbox 699 1575 745 1608; x_wconf 92' lang='lat' dir='ltr'>uti</span> <span class='ocrx_word' id='word_1_214' title='bbox 769 1575 854 1616; x_wconf 83' lang='lat' dir='ltr'>dixi,</span> <span class='ocrx_word' id='word_1_215' title='bbox 881 1575 960 1606; x_wconf 88' lang='lat' dir='ltr'>talia</span> <span class='ocrx_word' id='word_1_216' title='bbox 982 1575 1185 1613; x_wconf 80' lang='lat' dir='ltr'>exanclasse,</span> <span class='ocrx_word' id='word_1_217' title='bbox 1212 1574 1328 1607; x_wconf 88' lang='lat' dir='ltr'>labore</span> <span class='ocrx_word' id='word_1_218' title='bbox 1350 1577 1500 1618; x_wconf 85' lang='lat' dir='ltr'>peracto,</span> <span class='ocrx_word' id='word_1_219' title='bbox 1527 1584 1593 1605; x_wconf 91' lang='lat' dir='ltr'>non</span> <span class='ocrx_word' id='word_1_220' title='bbox 1614 1569 1828 1604; x_wconf 90' lang='lat' dir='ltr'>iniucundum</span> <span class='ocrx_word' id='word_1_221' title='bbox 1849 1576 1906 1612; x_wconf 89' lang='lat' dir='ltr'>est,</span> <span class='ocrx_word' id='word_1_222' title='bbox 1933 1581 2034 1614; x_wconf 88' lang='lat' dir='ltr'>quam</span> 
     </span>
     <span class='ocr_line' id='line_1_19' title="bbox 89 1621 2034 1669; baseline -0.001 -13"><span class='ocrx_word' id='word_1_223' title='bbox 89 1625 295 1669; x_wconf 82' lang='lat' dir='ltr'>voluptatem</span> <span class='ocrx_word' id='word_1_224' title='bbox 328 1624 398 1658; x_wconf 89' lang='lat' dir='ltr'>hoc</span> <span class='ocrx_word' id='word_1_225' title='bbox 430 1637 532 1658; x_wconf 91' lang='lat' dir='ltr'>unum</span> <span class='ocrx_word' id='word_1_226' title='bbox 564 1626 690 1668; x_wconf 86' lang='lat' dir='ltr'>turbat,</span> <span class='ocrx_word' id='word_1_227' title='bbox 734 1626 826 1669; x_wconf 90' lang='lat' dir='ltr'>quod</span> <span class='ocrx_word' id='word_1_228' title='bbox 859 1627 981 1659; x_wconf 88' lang='lat' dir='ltr'>multus</span> <span class='ocrx_word' id='word_1_229' title='bbox 1014 1627 1110 1658; x_wconf 88' lang='lat' dir='ltr'>labor</span> <span class='ocrx_word' id='word_1_230' title='bbox 1142 1637 1209 1658; x_wconf 89' lang='lat' dir='ltr'>non</span> <span class='ocrx_word' id='word_1_231' title='bbox 1235 1626 1360 1668; x_wconf 90' lang='lat' dir='ltr'>ubique</span> <span class='ocrx_word' id='word_1_232' title='bbox 1388 1634 1567 1669; x_wconf 87' lang='lat' dir='ltr'>prosperos</span> <span class='ocrx_word' id='word_1_233' title='bbox 1594 1621 1711 1655; x_wconf 85' lang='lat' dir='ltr'>habuit</span> <span class='ocrx_word' id='word_1_234' title='bbox 1735 1632 1912 1656; x_wconf 83' lang='lat' dir='ltr'>successus.</span> <span class='ocrx_word' id='word_1_235' title='bbox 1963 1621 2034 1655; x_wconf 87' lang='lat' dir='ltr'>Sed</span> 
     </span>
     <span class='ocr_line' id='line_1_20' title="bbox 90 1675 396 1708; baseline 0 0"><span class='ocrx_word' id='word_1_236' title='bbox 90 1675 134 1708; x_wconf 86' lang='lat' dir='ltr'>ad</span> <span class='ocrx_word' id='word_1_237' title='bbox 160 1687 231 1708; x_wconf 90' lang='lat' dir='ltr'>rem</span> <span class='ocrx_word' id='word_1_238' title='bbox 257 1676 396 1708; x_wconf 82' lang='lat' dir='ltr'>veniam.</span> 
     </span>
    </p>

    <p class='ocr_par' dir='ltr' id='par_1_4' title="bbox 91 1723 2034 1872">
     <span class='ocr_line' id='line_1_21' title="bbox 255 1723 2033 1772; baseline -0.002 -13"><span class='ocrx_word' id='word_1_239' title='bbox 255 1726 351 1767; x_wconf 81' lang='lat' dir='ltr'>Quae</span> <span class='ocrx_word' id='word_1_240' title='bbox 374 1727 465 1760; x_wconf 84' lang='lat' dir='ltr'>Festi</span> <span class='ocrx_word' id='word_1_241' title='bbox 490 1728 563 1761; x_wconf 87' lang='lat' dir='ltr'>libri</span> <span class='ocrx_word' id='word_1_242' title='bbox 591 1728 632 1761; x_wconf 92' lang='lat' dir='ltr'>de</span> <span class='ocrx_word' id='word_1_243' title='bbox 659 1728 900 1772; x_wconf 78' lang='lat' dir='ltr'>significatione</span> <span class='ocrx_word' id='word_1_244' title='bbox 926 1729 1106 1762; x_wconf 86' lang='lat' dir='ltr'>verborum</span> <span class='ocrx_word' id='word_1_245' title='bbox 1132 1728 1199 1760; x_wconf 86' lang='lat' dir='ltr'>fata</span> <span class='ocrx_word' id='word_1_246' title='bbox 1226 1727 1396 1767; x_wconf 83' lang='lat' dir='ltr'>subierint,</span> <span class='ocrx_word' id='word_1_247' title='bbox 1425 1725 1630 1759; x_wconf 88' lang='lat' dir='ltr'>Gothofredi</span> <span class='ocrx_word' id='word_1_248' title='bbox 1655 1724 1781 1766; x_wconf 88' lang='lat' dir='ltr'>verbis,</span> <span class='ocrx_word' id='word_1_249' title='bbox 1815 1735 1916 1767; x_wconf 88' lang='lat' dir='ltr'>quam</span> <span class='ocrx_word' id='word_1_250' title='bbox 1942 1723 2033 1763; x_wconf 83' lang='lat' dir='ltr'>meis,</span> 
     </span>
     <span class='ocr_line' id='line_1_22' title="bbox 92 1776 2034 1825; baseline -0.002 -15"><span class='ocrx_word' id='word_1_251' title='bbox 92 1788 260 1822; x_wconf 79' lang='lat' dir='ltr'>exponere</span> <span class='ocrx_word' id='word_1_252' title='bbox 293 1780 401 1819; x_wconf 80' lang='lat' dir='ltr'>malo,</span> <span class='ocrx_word' id='word_1_253' title='bbox 444 1780 535 1812; x_wconf 88' lang='lat' dir='ltr'>cuius</span> <span class='ocrx_word' id='word_1_254' title='bbox 566 1785 746 1824; x_wconf 87' lang='lat' dir='ltr'>propterea</span> <span class='ocrx_word' id='word_1_255' title='bbox 779 1780 822 1813; x_wconf 91' lang='lat' dir='ltr'>ad</span> <span class='ocrx_word' id='word_1_256' title='bbox 849 1780 941 1813; x_wconf 87' lang='lat' dir='ltr'>Festi</span> <span class='ocrx_word' id='word_1_257' title='bbox 973 1781 1160 1825; x_wconf 81' lang='lat' dir='ltr'>fragmenta</span> <span class='ocrx_word' id='word_1_258' title='bbox 1192 1779 1436 1823; x_wconf 78' lang='lat' dir='ltr'>praefationem</span> <span class='ocrx_word' id='word_1_259' title='bbox 1468 1777 1548 1811; x_wconf 88' lang='lat' dir='ltr'>huic</span> <span class='ocrx_word' id='word_1_260' title='bbox 1580 1776 1847 1811; x_wconf 74' lang='lat' dir='ltr'>loco-reservavi</span> <span class='ocrx_word' id='word_1_261' title='bbox 1873 1786 1912 1808; x_wconf 89' lang='lat' dir='ltr'>ac</span> <span class='ocrx_word' id='word_1_262' title='bbox 1939 1786 2034 1808; x_wconf 90' lang='lat' dir='ltr'>meae</span> 
     </span>
     <span class='ocr_line' id='line_1_23' title="bbox 91 1829 684 1872; baseline 0.005 -12"><span class='ocrx_word' id='word_1_263' title='bbox 91 1829 289 1872; x_wconf 79' lang='lat' dir='ltr'>praefationi</span> <span class='ocrx_word' id='word_1_264' title='bbox 315 1830 570 1863; x_wconf 82' lang='lat' dir='ltr'>interserendam</span> <span class='ocrx_word' id='word_1_265' title='bbox 597 1831 684 1864; x_wconf 87' lang='lat' dir='ltr'>duxi.</span> 
     </span>
    </p>

    <p class='ocr_par' dir='ltr' id='par_1_5' title="bbox 93 1876 2034 2440">
     <span class='ocr_line' id='line_1_24' title="bbox 256 1876 2032 1927; baseline -0.003 -14"><span class='ocrx_word' id='word_1_266' title='bbox 256 1880 307 1914; x_wconf 90' lang='lat' dir='ltr'>M.</span> <span class='ocrx_word' id='word_1_267' title='bbox 334 1881 466 1914; x_wconf 88' lang='lat' dir='ltr'>Verrius</span> <span class='ocrx_word' id='word_1_268' title='bbox 492 1882 636 1915; x_wconf 87' lang='lat' dir='ltr'>Flaccus</span> <span class='ocrx_word' id='word_1_269' title='bbox 669 1882 713 1915; x_wconf 83' lang='lat' dir='ltr'>(le</span> <span class='ocrx_word' id='word_1_270' title='bbox 746 1882 934 1927; x_wconf 84' lang='lat' dir='ltr'>significatu</span> <span class='ocrx_word' id='word_1_271' title='bbox 967 1882 1146 1915; x_wconf 89' lang='lat' dir='ltr'>verborum</span> <span class='ocrx_word' id='word_1_272' title='bbox 1173 1882 1350 1924; x_wconf 85' lang='lat' dir='ltr'>scripserat</span> <span class='ocrx_word' id='word_1_273' title='bbox 1376 1879 1520 1923; x_wconf 76' lang='lat' dir='ltr'>(Festus</span> <span class='ocrx_word' id='word_1_274' title='bbox 1546 1879 1580 1912; x_wconf 74' lang='lat' dir='ltr'>in</span> <span class='ocrx_word' id='word_1_275' title='bbox 1606 1890 1636 1911; x_wconf 73' lang='lat' dir='ltr'>v.</span> <span class='ocrx_word' id='word_1_276' title='bbox 1665 1878 1822 1911; x_wconf 81' lang='lat' dir='ltr'>Pictor</span> <span class='ocrx_word' id='word_1_277' title='bbox 1849 1876 2032 1920; x_wconf 73' lang='lat' dir='ltr'>Zeuxis)</span> 
     </span>
     <span class='ocr_line' id='line_1_25' title="bbox 93 1929 2034 1975; baseline -0.002 -13"><span class='ocrx_word' id='word_1_278' title='bbox 93 1930 195 1962; x_wconf 87' lang='lat' dir='ltr'>libros</span> <span class='ocrx_word' id='word_1_279' title='bbox 229 1932 428 1975; x_wconf 81' lang='lat' dir='ltr'>complures.</span> <span class='ocrx_word' id='word_1_280' title='bbox 482 1934 534 1966; x_wconf 86' lang='lat' dir='ltr'>Ex</span> <span class='ocrx_word' id='word_1_281' title='bbox 564 1938 656 1966; x_wconf 89' lang='lat' dir='ltr'>tanto</span> <span class='ocrx_word' id='word_1_282' title='bbox 689 1934 849 1967; x_wconf 89' lang='lat' dir='ltr'>librorum</span> <span class='ocrx_word' id='word_1_283' title='bbox 877 1935 945 1967; x_wconf 89' lang='lat' dir='ltr'>eius</span> <span class='ocrx_word' id='word_1_284' title='bbox 972 1944 1110 1966; x_wconf 87' lang='lat' dir='ltr'>numero</span> <span class='ocrx_word' id='word_1_285' title='bbox 1139 1932 1214 1964; x_wconf 82' lang='lat' dir='ltr'>Sex.</span> <span class='ocrx_word' id='word_1_286' title='bbox 1238 1932 1418 1975; x_wconf 87' lang='lat' dir='ltr'>Pompeius</span> <span class='ocrx_word' id='word_1_287' title='bbox 1439 1931 1556 1964; x_wconf 88' lang='lat' dir='ltr'>Festus</span> <span class='ocrx_word' id='word_1_288' title='bbox 1583 1931 1797 1962; x_wconf 86' lang='lat' dir='ltr'>intermortua</span> <span class='ocrx_word' id='word_1_289' title='bbox 1822 1929 1887 1960; x_wconf 90' lang='lat' dir='ltr'>iam</span> <span class='ocrx_word' id='word_1_290' title='bbox 1915 1938 1954 1960; x_wconf 83' lang='lat' dir='ltr'>ae</span> <span class='ocrx_word' id='word_1_291' title='bbox 1980 1939 2034 1960; x_wconf 87' lang='lat' dir='ltr'>se-</span> 
     </span>
     <span class='ocr_line' id='line_1_26' title="bbox 93 1979 2033 2029; baseline -0.003 -14"><span class='ocrx_word' id='word_1_292' title='bbox 93 1982 189 2026; x_wconf 82' lang='lat' dir='ltr'>pulta</span> <span class='ocrx_word' id='word_1_293' title='bbox 223 1983 325 2015; x_wconf 80' lang='lat' dir='ltr'>verba</span> <span class='ocrx_word' id='word_1_294' title='bbox 352 1989 468 2027; x_wconf 91' lang='lat' dir='ltr'>atque,</span> <span class='ocrx_word' id='word_1_295' title='bbox 508 1985 581 2028; x_wconf 86' lang='lat' dir='ltr'>ipso</span> <span class='ocrx_word' id='word_1_296' title='bbox 607 1996 709 2029; x_wconf 85' lang='lat' dir='ltr'>saepe</span> <span class='ocrx_word' id='word_1_297' title='bbox 735 1986 913 2019; x_wconf 81' lang='lat' dir='ltr'>confitente</span> <span class='ocrx_word' id='word_1_298' title='bbox 935 1985 1070 2024; x_wconf 86' lang='lat' dir='ltr'>Verrio,</span> <span class='ocrx_word' id='word_1_299' title='bbox 1115 1984 1236 2015; x_wconf 85' lang='lat' dir='ltr'>nullius</span> <span class='ocrx_word' id='word_1_300' title='bbox 1265 1994 1339 2016; x_wconf 83' lang='lat' dir='ltr'>usus</span> <span class='ocrx_word' id='word_1_301' title='bbox 1366 1988 1421 2015; x_wconf 89' lang='lat' dir='ltr'>aut</span> <span class='ocrx_word' id='word_1_302' title='bbox 1447 1981 1667 2022; x_wconf 85' lang='lat' dir='ltr'>auctoritatis,</span> <span class='ocrx_word' id='word_1_303' title='bbox 1706 1980 1886 2024; x_wconf 83' lang='lat' dir='ltr'>praeterire</span> <span class='ocrx_word' id='word_1_304' title='bbox 1912 1979 2033 2017; x_wconf 83' lang='lat' dir='ltr'>voluit3</span> 
     </span>
     <span class='ocr_line' id='line_1_27' title="bbox 93 2030 2033 2081; baseline -0.003 -14"><span class='ocrx_word' id='word_1_305' title='bbox 93 2033 220 2076; x_wconf 80' lang='lat' dir='ltr'>reliqua</span> <span class='ocrx_word' id='word_1_306' title='bbox 252 2045 331 2066; x_wconf 74' lang='lat' dir='ltr'>vero</span> <span class='ocrx_word' id='word_1_307' title='bbox 358 2046 456 2078; x_wconf 88' lang='lat' dir='ltr'>quam</span> <span class='ocrx_word' id='word_1_308' title='bbox 483 2036 673 2069; x_wconf 84' lang='lat' dir='ltr'>brevissime</span> <span class='ocrx_word' id='word_1_309' title='bbox 698 2037 851 2081; x_wconf 86' lang='lat' dir='ltr'>redigere</span> <span class='ocrx_word' id='word_1_310' title='bbox 878 2037 911 2068; x_wconf 91' lang='lat' dir='ltr'>in</span> <span class='ocrx_word' id='word_1_311' title='bbox 936 2036 1036 2068; x_wconf 86' lang='lat' dir='ltr'>libros</span> <span class='ocrx_word' id='word_1_312' title='bbox 1064 2035 1247 2067; x_wconf 88' lang='lat' dir='ltr'>admodum</span> <span class='ocrx_word' id='word_1_313' title='bbox 1273 2045 1398 2079; x_wconf 88' lang='lat' dir='ltr'>paucos</span> <span class='ocrx_word' id='word_1_314' title='bbox 1425 2045 1501 2067; x_wconf 90' lang='lat' dir='ltr'>cum</span> <span class='ocrx_word' id='word_1_315' title='bbox 1526 2033 1590 2066; x_wconf 87' lang='lat' dir='ltr'>hac</span> <span class='ocrx_word' id='word_1_316' title='bbox 1616 2031 1846 2076; x_wconf 83' lang='lat' dir='ltr'>inscriptione:</span> <span class='ocrx_word' id='word_1_317' title='bbox 1890 2030 2033 2063; x_wconf 67' lang='lat' dir='ltr'>Prisco-</span> 
     </span>
     <span class='ocr_line' id='line_1_28' title="bbox 93 2082 2033 2132; baseline -0.002 -16"><span class='ocrx_word' id='word_1_318' title='bbox 93 2095 173 2116; x_wconf 80' lang='lat' dir='ltr'>rum</span> <span class='ocrx_word' id='word_1_319' title='bbox 199 2085 383 2119; x_wconf 77' lang='lat' dir='ltr'>verborum</span> <span class='ocrx_word' id='word_1_320' title='bbox 410 2097 487 2119; x_wconf 79' lang='lat' dir='ltr'>cnm</span> <span class='ocrx_word' id='word_1_321' title='bbox 515 2088 691 2132; x_wconf 75' lang='lat' dir='ltr'>exemplis.</span> <span class='ocrx_word' id='word_1_322' title='bbox 738 2088 862 2121; x_wconf 76' lang='lat' dir='ltr'>Festus</span> <span class='ocrx_word' id='word_1_323' title='bbox 888 2088 922 2119; x_wconf 78' lang='lat' dir='ltr'>in</span> <span class='ocrx_word' id='word_1_324' title='bbox 949 2098 979 2120; x_wconf 79' lang='lat' dir='ltr'>v.</span> <span class='ocrx_word' id='word_1_325' title='bbox 1005 2086 1258 2131; x_wconf 78' lang='lat' dir='ltr'>Prosanum.</span> <span class='ocrx_word' id='word_1_326' title='bbox 1308 2086 1339 2118; x_wconf 87' lang='lat' dir='ltr'>Is</span> <span class='ocrx_word' id='word_1_327' title='bbox 1365 2086 1448 2118; x_wconf 90' lang='lat' dir='ltr'>liber</span> <span class='ocrx_word' id='word_1_328' title='bbox 1475 2086 1565 2118; x_wconf 86' lang='lat' dir='ltr'>Festi</span> <span class='ocrx_word' id='word_1_329' title='bbox 1591 2085 1719 2128; x_wconf 85' lang='lat' dir='ltr'>integer</span> <span class='ocrx_word' id='word_1_330' title='bbox 1746 2083 1859 2116; x_wconf 86' lang='lat' dir='ltr'>adhuc</span> <span class='ocrx_word' id='word_1_331' title='bbox 1886 2082 2033 2114; x_wconf 81' lang='lat' dir='ltr'>exstabat</span> 
     </span>
     <span class='ocr_line' id='line_1_29' title="bbox 95 2133 2032 2182; baseline -0.002 -14"><span class='ocrx_word' id='word_1_332' title='bbox 95 2135 208 2168; x_wconf 89' lang='lat' dir='ltr'>Caroli</span> <span class='ocrx_word' id='word_1_333' title='bbox 236 2137 348 2181; x_wconf 81' lang='lat' dir='ltr'>magni</span> <span class='ocrx_word' id='word_1_334' title='bbox 372 2139 595 2182; x_wconf 77' lang='lat' dir='ltr'>temporlbus,</span> <span class='ocrx_word' id='word_1_335' title='bbox 625 2151 700 2172; x_wconf 91' lang='lat' dir='ltr'>cum</span> <span class='ocrx_word' id='word_1_336' title='bbox 722 2139 856 2172; x_wconf 83' lang='lat' dir='ltr'>Paullus</span> <span class='ocrx_word' id='word_1_337' title='bbox 882 2138 1018 2180; x_wconf 88' lang='lat' dir='ltr'>quidam</span> <span class='ocrx_word' id='word_1_338' title='bbox 1045 2138 1212 2170; x_wconf 76' lang='lat' dir='ltr'>Ditconus</span> <span class='ocrx_word' id='word_1_339' title='bbox 1237 2138 1319 2170; x_wconf 86' lang='lat' dir='ltr'>iusta</span> <span class='ocrx_word' id='word_1_340' title='bbox 1345 2137 1424 2181; x_wconf 85' lang='lat' dir='ltr'>lege</span> <span class='ocrx_word' id='word_1_341' title='bbox 1450 2136 1578 2169; x_wconf 87' lang='lat' dir='ltr'>talionis</span> <span class='ocrx_word' id='word_1_342' title='bbox 1601 2136 1690 2168; x_wconf 82' lang='lat' dir='ltr'>Festi</span> <span class='ocrx_word' id='word_1_343' title='bbox 1714 2135 1834 2168; x_wconf 91' lang='lat' dir='ltr'>librum</span> <span class='ocrx_word' id='word_1_344' title='bbox 1862 2134 1896 2166; x_wconf 91' lang='lat' dir='ltr'>in</span> <span class='ocrx_word' id='word_1_345' title='bbox 1923 2133 2032 2177; x_wconf 90' lang='lat' dir='ltr'>epito-</span> 
     </span>
     <span class='ocr_line' id='line_1_30' title="bbox 95 2184 2031 2235; baseline -0.002 -17"><span class='ocrx_word' id='word_1_346' title='bbox 95 2198 171 2219; x_wconf 86' lang='lat' dir='ltr'>men</span> <span class='ocrx_word' id='word_1_347' title='bbox 194 2188 342 2232; x_wconf 81' lang='lat' dir='ltr'>redegit3</span> <span class='ocrx_word' id='word_1_348' title='bbox 370 2200 410 2221; x_wconf 89' lang='lat' dir='ltr'>eo</span> <span class='ocrx_word' id='word_1_349' title='bbox 436 2189 574 2235; x_wconf 85' lang='lat' dir='ltr'>indigno</span> <span class='ocrx_word' id='word_1_350' title='bbox 601 2201 768 2230; x_wconf 88' lang='lat' dir='ltr'>successu,</span> <span class='ocrx_word' id='word_1_351' title='bbox 796 2195 832 2222; x_wconf 85' lang='lat' dir='ltr'>ut</span> <span class='ocrx_word' id='word_1_352' title='bbox 859 2201 939 2233; x_wconf 86' lang='lat' dir='ltr'>prae</span> <span class='ocrx_word' id='word_1_353' title='bbox 967 2200 1007 2221; x_wconf 89' lang='lat' dir='ltr'>eo</span> <span class='ocrx_word' id='word_1_354' title='bbox 1028 2189 1145 2221; x_wconf 86' lang='lat' dir='ltr'>Festus</span> <span class='ocrx_word' id='word_1_355' title='bbox 1170 2189 1406 2233; x_wconf 31' lang='lat' dir='ltr'>negligehetu·</span> <span class='ocrx_word' id='word_1_356' title='bbox 1460 2187 1554 2221; x_wconf 87' lang='lat' dir='ltr'>Unus</span> <span class='ocrx_word' id='word_1_357' title='bbox 1575 2192 1685 2220; x_wconf 90' lang='lat' dir='ltr'>tamen</span> <span class='ocrx_word' id='word_1_358' title='bbox 1708 2186 1820 2219; x_wconf 87' lang='lat' dir='ltr'>adhuc</span> <span class='ocrx_word' id='word_1_359' title='bbox 1841 2184 1929 2218; x_wconf 86' lang='lat' dir='ltr'>Festi</span> <span class='ocrx_word' id='word_1_360' title='bbox 1948 2185 2031 2216; x_wconf 89' lang='lat' dir='ltr'>liber</span> 
     </span>
     <span class='ocr_line' id='line_1_31' title="bbox 96 2234 2029 2284; baseline -0.002 -14"><span class='ocrx_word' id='word_1_361' title='bbox 96 2238 244 2271; x_wconf 81' lang='lat' dir='ltr'>exstabat</span> <span class='ocrx_word' id='word_1_362' title='bbox 277 2240 375 2272; x_wconf 88' lang='lat' dir='ltr'>totius</span> <span class='ocrx_word' id='word_1_363' title='bbox 408 2241 501 2283; x_wconf 85' lang='lat' dir='ltr'>quasi</span> <span class='ocrx_word' id='word_1_364' title='bbox 534 2242 638 2275; x_wconf 90' lang='lat' dir='ltr'>cladis</span> <span class='ocrx_word' id='word_1_365' title='bbox 672 2246 854 2284; x_wconf 82' lang='lat' dir='ltr'>superstes,</span> <span class='ocrx_word' id='word_1_366' title='bbox 903 2244 935 2272; x_wconf 92' lang='lat' dir='ltr'>et</span> <span class='ocrx_word' id='word_1_367' title='bbox 969 2240 995 2272; x_wconf 88' lang='lat' dir='ltr'>is</span> <span class='ocrx_word' id='word_1_368' title='bbox 1030 2240 1164 2283; x_wconf 88' lang='lat' dir='ltr'>quidem</span> <span class='ocrx_word' id='word_1_369' title='bbox 1199 2252 1261 2284; x_wconf 84' lang='lat' dir='ltr'>pro</span> <span class='ocrx_word' id='word_1_370' title='bbox 1292 2240 1451 2284; x_wconf 87' lang='lat' dir='ltr'>temporis</span> <span class='ocrx_word' id='word_1_371' title='bbox 1483 2240 1597 2272; x_wconf 78' lang='lat' dir='ltr'>iniuria</span> <span class='ocrx_word' id='word_1_372' title='bbox 1629 2238 1740 2271; x_wconf 87' lang='lat' dir='ltr'>media</span> <span class='ocrx_word' id='word_1_373' title='bbox 1773 2241 1868 2281; x_wconf 87' lang='lat' dir='ltr'>parte</span> <span class='ocrx_word' id='word_1_374' title='bbox 1900 2234 2029 2267; x_wconf 77' lang='lat' dir='ltr'>mutilus</span> 
     </span>
     <span class='ocr_line' id='line_1_32' title="bbox 96 2285 2028 2333; baseline -0.003 -12"><span class='ocrx_word' id='word_1_375' title='bbox 96 2289 210 2333; x_wconf 84' lang='lat' dir='ltr'>(huius</span> <span class='ocrx_word' id='word_1_376' title='bbox 236 2291 322 2323; x_wconf 89' lang='lat' dir='ltr'>enim</span> <span class='ocrx_word' id='word_1_377' title='bbox 349 2296 424 2324; x_wconf 86' lang='lat' dir='ltr'>ante</span> <span class='ocrx_word' id='word_1_378' title='bbox 451 2292 495 2324; x_wconf 85' lang='lat' dir='ltr'><em>M</em></span> <span class='ocrx_word' id='word_1_379' title='bbox 517 2293 657 2325; x_wconf 86' lang='lat' dir='ltr'>litteram</span> <span class='ocrx_word' id='word_1_380' title='bbox 684 2292 766 2324; x_wconf 88' lang='lat' dir='ltr'>nihil</span> <span class='ocrx_word' id='word_1_381' title='bbox 793 2295 911 2329; x_wconf 72' lang='lat' dir='ltr'>exstat3</span> <span class='ocrx_word' id='word_1_382' title='bbox 948 2296 979 2323; x_wconf 90' lang='lat' dir='ltr'>et</span> <span class='ocrx_word' id='word_1_383' title='bbox 1005 2292 1046 2324; x_wconf 91' lang='lat' dir='ltr'>ab</span> <span class='ocrx_word' id='word_1_384' title='bbox 1074 2304 1112 2324; x_wconf 84' lang='lat' dir='ltr'>ea</span> <span class='ocrx_word' id='word_1_385' title='bbox 1139 2291 1181 2324; x_wconf 89' lang='lat' dir='ltr'>ad</span> <span class='ocrx_word' id='word_1_386' title='bbox 1209 2292 1308 2324; x_wconf 78' lang='lat' dir='ltr'>linem</span> <span class='ocrx_word' id='word_1_387' title='bbox 1333 2292 1387 2324; x_wconf 81' lang='lat' dir='ltr'>vix</span> <span class='ocrx_word' id='word_1_388' title='bbox 1413 2291 1587 2324; x_wconf 88' lang='lat' dir='ltr'>dimidium</span> <span class='ocrx_word' id='word_1_389' title='bbox 1615 2291 1699 2331; x_wconf 76' lang='lat' dir='ltr'>eius,</span> <span class='ocrx_word' id='word_1_390' title='bbox 1732 2289 1823 2332; x_wconf 90' lang='lat' dir='ltr'>quod</span> <span class='ocrx_word' id='word_1_391' title='bbox 1851 2285 1961 2327; x_wconf 65' lang='lat' dir='ltr'>antea)</span> <span class='ocrx_word' id='word_1_392' title='bbox 1989 2293 2028 2315; x_wconf 83' lang='lat' dir='ltr'>ex</span> 
     </span>
     <span class='ocr_line' id='line_1_33' title="bbox 95 2334 2026 2387; baseline -0.004 -13"><span class='ocrx_word' id='word_1_393' title='bbox 95 2340 232 2384; x_wconf 82' lang='lat' dir='ltr'>Illyrico</span> <span class='ocrx_word' id='word_1_394' title='bbox 259 2342 433 2383; x_wconf 79' lang='lat' dir='ltr'>advectus,</span> <span class='ocrx_word' id='word_1_395' title='bbox 461 2343 551 2376; x_wconf 91' lang='lat' dir='ltr'>cuius</span> <span class='ocrx_word' id='word_1_396' title='bbox 577 2344 704 2386; x_wconf 89' lang='lat' dir='ltr'>aliquot</span> <span class='ocrx_word' id='word_1_397' title='bbox 729 2343 883 2387; x_wconf 85' lang='lat' dir='ltr'>pagellas</span> <span class='ocrx_word' id='word_1_398' title='bbox 906 2342 1110 2387; x_wconf 86' lang='lat' dir='ltr'>Pomponius</span> <span class='ocrx_word' id='word_1_399' title='bbox 1137 2343 1276 2383; x_wconf 84' lang='lat' dir='ltr'>Laetus,</span> <span class='ocrx_word' id='word_1_400' title='bbox 1301 2343 1460 2376; x_wconf 88' lang='lat' dir='ltr'>maiorem</span> <span class='ocrx_word' id='word_1_401' title='bbox 1487 2348 1617 2387; x_wconf 91' lang='lat' dir='ltr'>partem</span> <span class='ocrx_word' id='word_1_402' title='bbox 1643 2341 1801 2374; x_wconf 86' lang='lat' dir='ltr'>Manilius</span> <span class='ocrx_word' id='word_1_403' title='bbox 1826 2337 1959 2374; x_wconf 75' lang='lat' dir='ltr'>Rullus,</span> <span class='ocrx_word' id='word_1_404' title='bbox 1985 2334 2026 2364; x_wconf 82' lang='lat' dir='ltr'>ab</span> 
     </span>
     <span class='ocr_line' id='line_1_34' title="bbox 96 2384 2023 2440; baseline -0.003 -16"><span class='ocrx_word' id='word_1_405' title='bbox 96 2389 148 2424; x_wconf 90' lang='lat' dir='ltr'>his</span> <span class='ocrx_word' id='word_1_406' title='bbox 174 2393 325 2438; x_wconf 83' lang='lat' dir='ltr'>Angelus</span> <span class='ocrx_word' id='word_1_407' title='bbox 351 2395 529 2428; x_wconf 87' lang='lat' dir='ltr'>Politianus</span> <span class='ocrx_word' id='word_1_408' title='bbox 562 2396 682 2428; x_wconf 89' lang='lat' dir='ltr'>librum</span> <span class='ocrx_word' id='word_1_409' title='bbox 715 2395 845 2438; x_wconf 88' lang='lat' dir='ltr'>accepit</span> <span class='ocrx_word' id='word_1_410' title='bbox 877 2395 1012 2440; x_wconf 85' lang='lat' dir='ltr'>agnovit</span> <span class='ocrx_word' id='word_1_411' title='bbox 1043 2400 1076 2427; x_wconf 88' lang='lat' dir='ltr'>et</span> <span class='ocrx_word' id='word_1_412' title='bbox 1108 2395 1293 2439; x_wconf 82' lang='lat' dir='ltr'>exscripsit,</span> <span class='ocrx_word' id='word_1_413' title='bbox 1338 2399 1371 2428; x_wconf 88' lang='lat' dir='ltr'>et</span> <span class='ocrx_word' id='word_1_414' title='bbox 1399 2395 1442 2427; x_wconf 90' lang='lat' dir='ltr'>ab</span> <span class='ocrx_word' id='word_1_415' title='bbox 1470 2405 1511 2428; x_wconf 90' lang='lat' dir='ltr'>eo</span> <span class='ocrx_word' id='word_1_416' title='bbox 1540 2393 1696 2437; x_wconf 87' lang='lat' dir='ltr'>exemplo</span> <span class='ocrx_word' id='word_1_417' title='bbox 1722 2392 1838 2424; x_wconf 85' lang='lat' dir='ltr'>Petrus</span> <span class='ocrx_word' id='word_1_418' title='bbox 1864 2384 2023 2419; x_wconf 84' lang='lat' dir='ltr'>Victorius</span> 
     </span>
    </p>

    <p class='ocr_par' dir='ltr' id='par_1_6' title="bbox 145 2449 1626 2481">
     <span class='ocr_line' id='line_1_35' title="bbox 145 2449 1626 2481; baseline 0 -2"><span class='ocrx_word' id='word_1_419' title='bbox 145 2449 311 2480; x_wconf 77' lang='lat' dir='ltr'>GRAMMAT.</span> <span class='ocrx_word' id='word_1_420' title='bbox 329 2462 395 2481; x_wconf 78' lang='lat' dir='ltr'><strong>LAT.</strong></span> <span class='ocrx_word' id='word_1_421' title='bbox 418 2453 453 2481; x_wconf 82' lang='lat'>11.</span> <span class='ocrx_word' id='word_1_422' title='bbox 1571 2452 1626 2476; x_wconf 82' lang='lat'>**</span> 
     </span>
    </p>
   </div>
  </div>
 </body>
</html>
