2263 2668
216 115 289 149 714
642 108 987 142 COMMENTARII
1014 108 1060 140 IN
1089 106 1230 141 PAULI
1258 106 1455 140 DIACONI
1480 108 1736 143 EXCERPTA

380 204 547 232 Saturno
569 195 820 238 sacrificium
839 198 904 238 fit.
929 199 990 236 (Ad
1009 200 1138 238 p.263.)
1162 199 1239 228 festi
1263 199 1353 228 v'erba
1376 199 1518 228 videntur
1541 202 1688 239 pertinere
1712 201 1750 230 ad
1769 202 1885 229 Saturni
1909 202 2067 240 sacrificia,
2090 214 2167 243 quae

216 248 311 286 capite
335 251 436 286 aperto
459 244 577 276 fierent,
609 245 645 268 ut
667 240 760 267 verbo
785 239 927 270 Saturnia
951 242 1064 270 dictum
1089 246 1148 278 est,
1172 247 1201 270 et
1222 242 1373 271 Plutarch.
1397 243 1428 270 in
1452 243 1482 270 Pi
1493 243 1550 273 obl.
1573 244 1614 279 (9.
1640 248 1668 271 et
1693 246 1741 274 13.
1767 244 1898 279 Quaestt.
1921 245 2016 281 Rom.)
2038 246 2167 276 Macrob.

214 291 263 320 lib.
277 291 299 320 l.
325 290 360 325 (c.
377 291 424 319 10.
449 286 512 320 sin.)
536 284 595 312 Sat.
638 282 758 310 Servius
783 283 895 311 tib.111.
920 284 992 313 Aen.
1016 285 1073 313 lioc
1095 285 1172 313 idem
1197 285 1348 320 scribunt,
1374 285 1512 322 idemque
1536 286 1650 315 Honori
1672 286 1751 322 fieri,
1775 291 1951 325 propterea,
1976 288 2055 325 quod
2079 294 2168 326 caput

216 334 333 372 aperire
362 327 483 357 honoris
515 335 604 353 causa
634 325 854 363 potentioribus
883 327 989 363 soleat,
1026 333 1060 355 ut
1083 328 1158 356 Plin.
1182 328 1274 356 tradit
1296 328 1346 356 lib.
1359 328 1496 356 XXVIII.
1521 339 1585 367 cap.
1599 332 1628 360 6.
1675 328 1766 357 Addit
1789 329 1892 357 Festus
1914 329 1994 357 inter
2017 330 2168 359 Metellum

215 374 385 404 Pontificem
409 370 485 398 Max.
511 373 539 396 et:
563 368 717 395 Claudium
743 369 962 398 contentionem
987 370 1092 406 fuisse,
1133 380 1258 409 eumque
1281 371 1405 399 sottasse
1428 371 1586 408 multasse,
1622 371 1704 409 quod
1727 373 1855 400 Saturno
1879 372 1975 410 capite
1999 378 2102 410 operto
2125 373 2167 401 se-

216 419 301 446 cisset
324 416 353 441 in
377 411 503 450 Sulpicii
526 411 585 439 Ser.
610 410 640 438 F.
665 410 907 448 inauguratione,
949 412 1164 451 Claudiumque
1188 423 1383 451 provocasse,
1420 414 1472 441 sed
1500 424 1558 441 non
1582 414 1752 443 obtinuisse.
1797 414 1876 442 Haec
1899 414 2031 443 nondum
2054 416 2168 453 reperi-

214 469 278 487 mus
302 455 379 495 apud
404 454 476 482 alios
501 453 673 491 scriptores.
702 452 787 481 Ant.
810 454 905 492 Aug.
951 454 1079 485 Saturno
1107 456 1283 494 sacrificium
1308 456 1344 493 fit
1375 456 1470 495 capite
1492 463 1601 495 aperto.
1648 457 1789 494 Reliqua,
1826 456 1876 494 qui
1901 457 2022 485 meliore
2046 457 2164 495 ingenio

215 505 299 534 sunt,
337 496 522 526 divinabant.
569 496 685 523 Postea:
725 494 844 524 Samum
869 497 1025 535 'lbrpeium
1054 497 1220 537 appellatur
1245 509 1316 537 pars
1339 499 1459 534 montis,
1499 499 1549 538 qui
1571 498 1607 528 ob
1630 497 1772 538 sepultam
1799 499 1971 538 Tarpeiam,
2009 511 2082 539 quae
2104 511 2168 528 eum

216 549 341 571 montem
366 539 487 569 Sabinis
507 536 696 578 prodiderat,
720 539 888 567 nominatus
910 547 970 577 (Ἢ,-
993 539 1038 569 vel
1059 540 1096 569 ab
1119 551 1166 576 eo,
1191 540 1285 581 quod,
1312 552 1375 570 cum
1401 540 1437 570 L.
1465 541 1608 580 Tarpeius
1629 540 1760 570 Romulo
1783 542 1870 581 quasi
1891 540 1927 570 ob
1951 549 2053 581 raptas
2074 543 2168 581 virgi-

217 597 265 614 nes
287 583 506 617 adversaretur,
544 579 584 609 ad
613 578 691 608 illud
717 591 826 609 saxum
856 589 895 610 est
919 581 954 609 de
976 583 1070 611 noxio
1090 594 1185 622 poena
1208 591 1333 620 exacta,
1371 582 1524 611 noluerunt
1543 583 1698 624 funestum
1721 582 1818 612 locum
1842 595 1907 612 cum
1927 591 2012 623 parte
2033 583 2168 623 capitolii

215 628 362 666 coniungi.
409 624 536 654 Videtur
565 623 621 651 iste
646 623 676 651 L.
701 623 845 661 Tarpeius
869 625 1028 653 Romulum
1058 626 1138 664 apud
1162 626 1307 665 populum
1331 636 1500 662 accusasse,
1536 627 1618 664 quod.
1640 637 1708 655 cum
1731 626 1794 654 sine
1819 636 1906 654 causa
1929 627 2084 655 verisimili
2108 637 2167 655 non

213 673 329 709 posset,
362 668 420 696 hoc
443 666 561 695 nomine
583 665 731 693 infensum
756 667 868 705 populo
893 666 1009 695 efficere
1031 668 1178 703 voluisse,
1212 669 1291 707 quod
1316 668 1439 696 Sabinas
1461 669 1595 706 rapuerit
1617 674 1647 699 et:
1669 679 1732 697 eam
1754 669 1885 697 invidiae
1908 679 2040 698 caussam
2064 670 2167 698 obten-

215 713 300 742 disse.
325 709 425 740 Scal.
462 708 648 747 Sacrificium
674 708 804 738 Saturno
815 710 868 749 fit.
899 710 947 737 Ait
970 710 1088 740 Fvstus:
1112 713 1240 740 Saturno
1265 711 1361 749 capite
1384 716 1488 750 aperto
1512 712 1689 740 sacrificium
1712 711 1801 740 fiebat
1823 712 2045 749 Saturnalibus,
2068 712 2168 750 itaque

215 766 281 784 cum
305 755 365 781 Ser.
389 751 536 790 Sulpitius
561 751 655 778 [lusus
678 752 739 780 Ser.
766 752 855 780 Filius
879 752 1072 789 inauguratus
1096 759 1171 782 esset
1194 760 1222 782 et
1245 754 1304 782 eius
1326 754 1548 791 inaugurationi
1571 755 1708 783 Metellus
1733 754 1870 783 Pontifex
1896 755 2042 792 Augurem
2067 755 2168 783 adesse

214 798 344 831 iuberet,
381 793 537 823 excusavit
559 803 590 821 se
614 794 771 830 Claudius,
809 795 888 832 quod
913 795 1004 823 sacris
1027 797 1154 825 familiae
1177 807 1244 825 suae
1266 796 1428 835 impeditus
1451 801 1542 833 esset,
1580 797 1690 835 quibus
1712 796 1938 825 sacrificandum
1962 797 2040 825 soret
2063 801 2167 836 operto

215 840 326 877 capite,
358 847 425 865 cuin
449 838 577 864 Saturno
601 841 705 874 aperto
729 847 776 865 res
800 848 883 866 saera
908 838 1042 867 facienda
1067 845 1159 875 esset,
1191 849 1282 877 eaque
1306 840 1342 867 de
1366 849 1466 867 caussa
1489 840 1645 868 multatum
1670 851 1686 867 a
1708 839 1853 867 Pontifice
1877 840 2033 868 Claudium
2056 850 2167 878 provo-

214 891 308 916 casse,
348 879 456 908 deinde
485 879 711 907 reconciliatum
741 890 803 908 esse
833 885 862 908 et
892 881 1018 918 peractis
1049 882 1176 910 familiae
1206 892 1274 910 suae
1304 882 1397 910 sacris
1425 882 1568 920 religione
1597 883 1726 910 solutum
1748 883 1874 910 Saturno
1898 892 1981 911 sacra
2004 883 2108 910 fecisse
2131 882 2168 910 de

212 934 296 953 more
319 921 506 951 sacrificandi
531 922 659 950 Saturno
683 927 786 961 aperto
811 924 912 961 capite.
947 923 1022 952 Vide
1038 923 1181 953 Saturnia
1200 929 1228 953 et
1243 924 1355 953 Lucem
1369 924 1488 966 facere.
1516 925 1637 953 Servius
1654 925 1706 955 111.
1726 925 1795 953 Aen.
1814 923 1892 963 (pag.
1905 926 1977 956 300.
2003 924 2048 954 ed.
2066 923 2167 962 Dan.):

215 965 292 995 Sane
314 963 478 999 sciendum,
513 964 629 1002 inquit,
665 965 865 1004 sacrificantes
889 964 946 994 diis
969 966 1103 995 omnibus
1126 974 1213 1007 caput
1236 965 1331 995 velare
1354 975 1505 996 consuetos
1528 966 1563 996 ob
1586 967 1656 1003 Izoc,
1693 979 1727 996 ne
1749 978 1777 995 se
1799 968 1873 995 inter
1895 966 2061 1006 religionem
2083 967 2168 1006 vagis

213 1007 329 1048 aliquid
353 1008 470 1048 offerret
494 1005 657 1042 obtutibus,
692 1014 814 1045 excepto
837 1014 949 1036 tantum
975 1007 1118 1045 Saturno,
1156 1021 1189 1037 ne
1211 1010 1338 1037 numinis
1360 1010 1487 1039 imitatio
1509 1008 1671 1046 videretur,
1706 1010 1776 1049 quia
1800 1008 1930 1038 Saturno
1954 1009 2050 1049 capite
2070 1008 2166 1037 velato

213 1050 255 1079 ibi
277 1051 412 1079 cernitur.
441 1049 552 1077 Metelli
572 1049 720 1077 Pontificis
738 1050 857 1077 Maximi
881 1051 1015 1079 meminit
1033 1052 1163 1080 Macrob.
1181 1052 1229 1079 lib.
1242 1052 1293 1079 111.
1311 1063 1376 1091 cap.
1393 1054 1442 1083 13.
1475 1051 1505 1082 C.
1524 1062 1594 1089 vero
1613 1050 1733 1081 Claudii
1749 1052 1874 1089 Auguris
1891 1052 1991 1080 Livius
2014 1052 2064 1080 lib.
2076 1051 2165 1080 XLV.

214 1094 251 1129 (c.
264 1092 315 1124 44.
338 1092 430 1129 init.):
468 1091 577 1130 Augur
602 1090 634 1120 C.
658 1090 799 1120 Claudius
821 1100 968 1129 mortuus,
1007 1102 1120 1123 creatus
1146 1094 1179 1122 T.
1205 1094 1350 1132 Quintius.
1396 1094 1485 1129 Quod
1517 1100 1614 1123 autem
1638 1095 1857 1132 inaugurationi
1880 1095 1956 1131 eius,
1998 1095 2049 1132 qui
2073 1103 2168 1131 augur

214 1139 331 1164 creatus
362 1139 450 1171 esset,
490 1134 565 1162 alius
595 1144 691 1172 augur
719 1135 820 1163 adesse
850 1135 955 1164 solitus
985 1136 1023 1164 sit
1049 1141 1077 1166 et
1099 1137 1175 1165 Festi
1199 1136 1289 1165 verba
1312 1141 1341 1165 et
1362 1137 1453 1166 verba
1476 1138 1584 1166 Metelli
1607 1137 1696 1166 huius
1721 1137 1910 1174 confirmant,
1950 1147 2025 1174 quae
2048 1136 2168 1165 suntin

213 1178 312 1206 indice
334 1177 364 1208 4.
389 1176 471 1215 apud
495 1176 640 1214 macrob„
672 1177 780 1214 quibus
803 1178 1056 1216 inaugurationem
1082 1180 1195 1208 Lentuli
1220 1179 1359 1207 Flaminis
1383 1180 1526 1209 Martialis
1549 1181 1589 1208 ita
1613 1181 1767 1209 describit:
1795 1179 1838 1209 A.
1856 1179 1894 1210 D.
1912 1178 1972 1208 IX.
1988 1177 2060 1209 Kal.
2079 1178 2167 1218 Sept„

214 1232 271 1260 quo
295 1219 342 1249 die
362 1218 506 1248 Lentulus
531 1218 651 1248 Flamen
674 1218 831 1248 Martialis
853 1221 1046 1260 inauguratus
1069 1229 1123 1257 est,
1155 1221 1258 1251 (lomus
1282 1230 1387 1250 ornata
1399 1222 1485 1264 fuit,
1513 1222 1644 1252 triclinia
1667 1222 1750 1252 lectis
1773 1221 1902 1251 eburneis
1923 1229 2016 1250 strata
2030 1221 2168 1264 fuerunt,

215 1262 327 1292 duobus
351 1261 488 1290 tricliniis
510 1260 668 1301 Pontffices
690 1261 865 1295 cubuerunt,
894 1262 929 1301 Q
956 1262 1091 1300 Catulus,
1116 1264 1164 1293 M.
1182 1263 1331 1293 Aemilius
1353 1264 1499 1304 Lepidus,
1523 1265 1561 1294 D.
1579 1265 1713 1300 Silanus,
1739 1263 1769 1294 G.
1789 1263 1895 1294 Caesar
1918 1275 1973 1293 rex
1995 1263 2165 1294 Sacrorum.

214 1304 248 1334 P.
269 1303 420 1334 Scaevola.
445 1302 517 1333 Sex.
541 1303 614 1332 Pub.
641 1302 798 1334 Cornelius.
823 1304 896 1333 Pub.
923 1305 1108 1336 Volumnius.
1133 1305 1208 1338 Pub.
1231 1305 1440 1335 Albinovanus
1462 1315 1488 1336 et
1509 1307 1548 1335 L.
1567 1306 1660 1336 Iulius
1686 1306 1801 1337 Caesar.
1825 1318 1936 1346 augur,
1962 1307 2013 1346 qui
2034 1318 2097 1335 eum
2120 1307 2168 1335 in-

213 1348 377 1387 auguravit.
422 1347 463 1374 De
486 1345 658 1374 huiusmodi
681 1347 907 1382 iuauauratione
929 1348 969 1376 ita
994 1349 1054 1379 Liv.
1078 1349 1129 1378 lib.
1142 1349 1271 1383 XXVII,
1296 1350 1386 1386 (38.):
1418 1349 1455 1379 L.
1479 1348 1623 1389 Aquilius
1645 1350 1753 1389 Augur
1774 1356 1889 1379 creatus
1911 1350 2167 1389 inauguratusque.

213 1390 251 1418 Et
273 1390 323 1419 lib.
336 1390 441 1424 XXX,
465 1388 562 1426 (26.):
601 1388 712 1418 Fabius
733 1389 895 1418 Maximus
917 1390 1026 1429 Augur
1047 1403 1140 1420 annos
1162 1389 1271 1419 XLII.
1294 1398 1345 1420 etc.
1392 1390 1427 1420 Ῑη
1455 1393 1515 1420 eius
1537 1391 1634 1421 locum
1657 1393 1849 1431 inauguratus
1874 1390 1909 1429 Q
1932 1390 2042 1420 Fabius
2065 1391 2167 1420 Filius.

213 1433 334 1461 Sueton.
358 1432 389 1460 in
409 1431 478 1459 Caio
499 1442 563 1469 cap.
578 1434 642 1463 12:
666 1430 780 1460 Deinde
802 1443 896 1471 augur
918 1433 948 1460 in
971 1432 1067 1462 locum
1080 1434 1195 1474 fratris
1216 1434 1262 1462 sui
1278 1433 1369 1462 Drusi
1391 1432 1551 1462 destinatus
1571 1434 1742 1474 priusquam
1766 1435 2004 1472 inauguraretur,
2030 1432 2072 1461 ad
2089 1433 2166 1462 Pon-

213 1475 357 1515 tificatum
381 1473 536 1502 traductus
558 1481 607 1502 est.
654 1475 694 1502 De
719 1474 859 1503 Claudiae
882 1475 1011 1504 familiae
1034 1477 1125 1504 sacris
1148 1476 1215 1504 vide
1239 1486 1328 1513 supra
1351 1475 1558 1514 Propudianus
1578 1487 1693 1510 porcus.
1738 1476 1828 1505 Dae.

378 1516 519 1545 Saxum
548 1517 758 1556 Tarpeium.
806 1518 936 1545 Priorem
961 1518 1037 1546 Festi
1060 1519 1233 1547 sententiam
1257 1519 1351 1546 Varro
1375 1519 1427 1546 lib.
1442 1519 1489 1547 lV.
1513 1512 1623 1556 (lib.'V.
1647 1529 1713 1557 pag.
1726 1520 1778 1550 48.
1803 1517 1881 1556 Sp.):
1911 1517 1976 1546 Hic
1997 1528 2098 1554 mons,
2121 1517 2167 1545 in-

214 1559 293 1596 quit,
330 1566 398 1587 ante
422 1559 565 1598 Tarpeius
587 1557 683 1587 dictus
706 1571 724 1587 a
745 1560 856 1598 virgine
882 1559 997 1588 Vestali
1022 1561 1169 1600 Tarpeia:
1198 1571 1273 1600 quae
1293 1560 1336 1589 ibi
1355 1561 1392 1588 ab
1417 1560 1538 1589 Sabinis
1560 1568 1665 1589 necata
1687 1561 1779 1589 armis
1800 1568 1826 1589 et
1848 1558 1969 1599 sepulta.
2013 1559 2084 1588 Eius
2110 1570 2167 1588 no—

214 1602 300 1629 minis
322 1602 529 1630 monimentum
554 1599 702 1637 relictum,
729 1601 809 1641 quod
832 1602 998 1631 etiamnunc
1019 1603 1079 1631 eius
1101 1615 1185 1642 rupes
1210 1603 1366 1642 Tarpeium
1390 1602 1557 1643 appellatur
1580 1602 1707 1633 Saxum.
1753 1603 1814 1631 Alii
1837 1614 1852 1630 a
1876 1602 1951 1632 duce
1972 1602 2100 1641 Tarpeio
2123 1602 2168 1630 di-

214 1649 295 1672 ctum
317 1648 434 1682 putant.
480 1644 613 1682 Propert.
638 1644 710 1681 eleg.
727 1647 758 1674 4.
781 1644 893 1675 lib.lV.
917 1646 960 1681 (v.
976 1647 1056 1682 93,);

790 1686 824 1714 A
848 1686 920 1715 (luce
946 1687 1071 1727 Tarpeio
1096 1699 1178 1716 mons
1201 1695 1241 1715 est
1265 1698 1423 1727 cognomen
1446 1686 1576 1726 adeptus.

216 1727 302 1757 Dac.
338 1729 449 1756 Saxum
472 1728 649 1766 Tarpeium,
672 1727 709 1755 de
733 1738 792 1766 quo
817 1729 936 1767 Dionys.
961 1735 988 1758 et
1012 1730 1112 1758 Livius
1135 1730 1334 1768 scripserunt,
1365 1741 1380 1758 a
1404 1730 1528 1769 Tarpeia
1552 1730 1584 1759 L.
1608 1729 1726 1768 Tarpeii
1748 1730 1823 1766 fitia,
1848 1739 1935 1768 quam
1959 1729 2044 1758 multi
2067 1729 2168 1757 ferunt

217 1770 330 1798 Sabinis
353 1770 491 1809 Capitolii
515 1781 612 1799 arcem
637 1771 820 1809 prodidisse,
858 1772 938 1809 quod
965 1773 1106 1811 Dionysio
1130 1783 1187 1800 non
1213 1772 1365 1811 probatur.
1415 1773 1454 1800 De
1483 1783 1556 1800 saxo
1579 1777 1675 1800 autem
1700 1773 1913 1801 deiiciebantur
1934 1772 2044 1809 insigni
2066 1772 2168 1810 aliquo

218 1813 338 1841 crimine
366 1813 514 1849 damnati,
553 1823 645 1851 eaque
675 1813 711 1841 de
743 1824 830 1841 causa
862 1819 895 1842 ut
923 1815 1009 1844 locus
1032 1817 1167 1843 l'uncstus
1192 1826 1258 1843 cum
1282 1815 1396 1853 reliqua
1421 1820 1506 1853 parte
1530 1816 1667 1854 Capitolii
1693 1826 1752 1843 non
1776 1820 1839 1844 erat
1859 1816 2044 1844 coniunctus
2090 1814 2168 1842 Vide

221 1853 368 1893 Tarpeiae.
390 1856 480 1885 Ant.
500 1855 594 1895 Aug.
634 1854 764 1885 Saturno
788 1854 849 1884 dies
861 1856 976 1897 fastus.
1013 1858 1095 1886 Adde
1118 1858 1195 1886 ritus
1218 1858 1421 1886 Saturnalium
1445 1868 1482 1885 ex
1503 1867 1578 1886 voce
1603 1856 1714 1886 Cereus.
1741 1856 1845 1887 Goth.
1880 1856 1963 1886 Falx
1984 1864 2024 1886 est
2046 1858 2072 1885 ei
2092 1857 2167 1885 insi-

216 1906 278 1933 gne·
313 1897 386 1926 Vide
408 1908 498 1936 supra
523 1897 630 1936 Opima
654 1903 682 1926 et
706 1898 892 1936 Fulgentiuin
917 1900 1133 1939 Mythologicis.
1159 1899 1268 1928 Idem.
1308 1899 1424 1928 Saxum
1450 1900 1616 1939 Tarpeium.
1653 1899 1738 1929 Adde
1763 1900 1934 1940 Tarquitius
1957 1898 2055 1929 scalas
2075 1903 2105 1927 et:
2125 1899 2167 1927 le-

219 1946 282 1973 gem
303 1940 351 1969 25.
371 1940 400 1966 in
423 1940 471 1970 fin.
495 1940 525 1969 ff.
549 1940 585 1969 de
609 1941 720 1978 poenis.
765 1940 876 1971 Idem.

383 1980 540 2021 Scaptia
563 1982 694 2011 tribus.
739 1983 871 2012 Meminit
894 1985 955 2013 Liv.
980 1986 1030 2013 lib.
1045 1985 1129 2021 VIII,
1154 1987 1219 2015 17.:
1250 1983 1360 2013 Eodem
1384 1994 1462 2012 anno
1485 1995 1586 2013 census
1608 1990 1692 2013 actus
1714 1985 1836 2024 novique
1859 1985 1933 2013 cives
1955 1984 2047 2021 censi,
2075 1982 2168 2012 tribus

218 2027 336 2058 propter
362 2032 408 2049 eos
435 2023 555 2053 additae
579 2024 700 2054 Maecia
721 2033 747 2054 et
771 2026 902 2066 Scaptia.
951 2026 1088 2057 Censores
1115 2025 1294 2056 addiderunt
1318 2026 1354 2064 Q.
1377 2024 1526 2055 Publilius
1548 2025 1646 2057 Philo.
1669 2026 1719 2066 Sp.
1744 2026 1920 2055 Postumius.
1965 2026 2010 2054 Ob
2036 2026 2167 2055 Pedanos

222 2062 341 2090 civitate
364 2071 496 2101 receptos
519 2067 614 2095 tribus
637 2067 738 2096 addita
762 2070 889 2108 Scaptia.
935 2071 1086 2109 Scaptiam
1110 2070 1211 2098 urbem
1234 2070 1264 2098 in
1287 2070 1370 2097 Latio
1396 2075 1532 2097 numerat
1555 2069 1629 2099 Ptin.
1653 2068 1702 2107 (H.
1729 2070 1762 2097 N.
1784 2069 1844 2102 ΙΙΙ,
1868 2070 1901 2104 5,
1924 2068 1977 2107 9.).
2021 2068 2112 2099 Dae.

386 2103 610 2137 Stellatina.
635 2108 694 2149 (Ad
719 2121 746 2149 p.
759 2111 844 2151 263.)
869 2111 1028 2142 Stellatina
1051 2111 1143 2141 tribus
1166 2123 1223 2141 non
1246 2123 1264 2140 a
1288 2110 1427 2147 Stellam,
1458 2122 1563 2150 campo
1586 2122 1633 2146 eo,
1660 2112 1712 2151 qui
1733 2112 1763 2139 in
1790 2110 1951 2150 Campania
1973 2118 2029 2147 est,
2052 2109 2103 2139 sed
2123 2121 2166 2146 eo,

222 2146 275 2185 qui
296 2153 336 2174 est
363 2167 370 2175 .
396 2167 403 2175 .
430 2168 435 2175 .
463 2168 470 2176 .
494 2148 622 2178 miliario
645 2163 664 2179 a
684 2161 770 2191 porta
795 2153 927 2193 Capena,
964 2167 1004 2184 ex
1027 2165 1085 2196 quo
1111 2155 1202 2184 Tusci
1228 2166 1289 2182 eum
1320 2165 1454 2192 campum
1483 2155 1525 2182 ita
1551 2152 1779 2193 appellaverunt.
1823 2153 1903 2182 Haec
1925 2153 1972 2181 vel
1993 2153 2039 2181 his
2061 2153 2167 2181 similia

222 2188 335 2217 Festus·
370 2189 561 2219 LiV·llb-V1-
579 2193 715 2229 (5.s1n.):
742 2195 849 2224 Tribus
871 2206 1009 2236 quattuor·
1030 2209 1069 2226 ια.-
1092 2199 1174 2226 nouis
1197 2196 1308 2226 civibus
1330 2196 1467 2232 additae,
1492 2195 1665 2232 Stellatina,
1692 2196 1898 2233 Tromentina,
1923 2194 2080 2231 Sabatina,
2101 2194 2167 2224 Ar-

223 2231 317 2277 nensis
340 2240 416 2259 anno
439 2231 519 2259 urbis
543 2233 685 2264 CCCLVI.
708 2247 743 2264 ex
766 2239 858 2266 Fastis
876 2240 1058 2278 Capitolinis.
1078 2241 1166 2269 Ant.
1185 2239 1281 2278 Aug.
1314 2239 1386 2267 Vide
1412 2239 1473 2267 Liv.
1496 2239 1547 2266 lib.
1561 2239 1613 2273 VI,
1639 2240 1667 2269 5.
1698 2238 1834 2267 Stellates
1858 2239 1986 2277 populos
2007 2238 2039 2266 in
2061 2237 2166 2266 Tuscia

224 2277 355 2301 nominat
378 2273 449 2301 Cato
473 2274 502 2302 in
526 2275 703 2311 Oiiginibus.
728 2278 816 2308 Dac.
850 2281 923 2310 Vide
947 2283 1020 2310 Ptin.
1044 2282 1157 2313 lib,lIl.
1187 2283 1261 2309 Sunt
1285 2282 1335 2319 qui
1359 2282 1444 2309 etiam
1470 2282 1569 2319 legunt
1591 2280 1650 2309 hoc
1673 2281 1738 2309 loco
1765 2279 1889 2320 Capena.
1936 2279 2039 2310 Goth.

388 2314 588 2345 Sabatina.
632 2319 768 2347 Sabatina
791 2322 900 2359 tribus,
931 2335 1005 2362 quae
1029 2336 1096 2353 cum
1120 2324 1293 2360 Stellatina,
1317 2324 1507 2352 Tromentina
1532 2328 1561 2352 et
1584 2324 1719 2352 Arniensi
1742 2323 1865 2362 reliquis
1887 2323 1944 2351 suit
1966 2322 2066 2351 addita
2089 2331 2164 2350 anno

225 2356 398 2387 CCCLXVI.
427 2358 489 2387 Liv.
512 2358 561 2388 lib.
577 2359 621 2387 Vl.
645 2362 739 2397 (e.5.)
763 2372 779 2389 a
801 2364 870 2392 lacu
893 2367 1000 2395 Sabate
1024 2368 1120 2403 dicta,
1145 2367 1195 2405 qui
1218 2367 1275 2395 suit
1297 2367 1326 2394 in
1342 2367 1456 2395 Tuscia.
1491 2367 1577 2395 Hunc
1600 2367 1698 2395 lacum
1721 2365 1810 2395 hodie
1825 2365 2040 2404 Anguillarium
2064 2363 2163 2392 vocari
