2263 2668
240 165 315 201 646
667 154 1014 188 COMMENTARn
1039 155 1087 187 IN
1113 152 1257 187 PAULI
1282 152 1480 187 DIACONI
1504 154 1761 189 EXCERPTA

242 260 339 295 Quam
363 255 529 294 opinionem
553 251 696 285 sequutus
712 246 895 282 Macrobius,
919 246 970 283 qui
987 246 1139 284 Tarquinii
1162 246 1261 285 sugam
1284 247 1321 276 ad
1336 247 1487 275 Kalendas
1511 247 1611 276 Iunias
1633 248 1732 277 refert.
1765 248 1874 277 Contra
1896 258 1968 277 vero
1985 249 2072 280 Ovid.
2087 251 2137 280 lib.
2150 252 2185 280 11.

241 302 275 340 (l.
295 301 334 335 c.)
357 299 435 327 Fast.
459 290 611 329 Tarquinii
635 290 711 327 regis
735 290 834 326 sugam
860 290 896 317 ad
922 289 969 318 Vl.
992 289 1140 317 Kalendas
1166 290 1300 318 Martias:

755 331 843 360 Nunc
867 330 991 360 dicenda
1015 331 1088 359 mila·
1110 333 1183 371 regis
1196 332 1296 372 fuga,·
1319 331 1415 360 traxit
1438 330 1476 359 ab
1499 329 1555 359 illa

798 374 922 411 Quintus
946 373 1082 412 (Sextus)
1105 374 1141 402 ab
1164 383 1295 403 extremo
1317 374 1437 403 nomina
1460 385 1554 402 mense
1576 372 1646 402 dies.

241 428 280 456 At
301 423 376 460 regis
400 428 551 449 sacrorum
576 428 590 446 e
614 416 733 445 comitio
757 416 855 454 sugam
879 417 915 445 ad
939 417 989 445 IX.
1013 417 1078 446 Kal.
1103 417 1208 447 lunias.
1240 418 1314 446 Vide
1337 426 1442 454 supra:
1468 415 1595 453 Quaado
1618 417 1688 445 Rex
1710 417 1873 446 comitiavit
1885 415 1955 458 fas.
1986 417 2125 447 Mendose
2147 419 2190 447 ci-

242 474 320 497 tatur
342 464 392 493 hic
418 461 536 491 Tullius
559 459 593 487 cle
618 459 707 487 Feriis
730 470 784 498 pro
809 458 902 488 Iulius
926 458 960 487 (le
972 459 1082 500 feriis,
1112 461 1162 498 qui
1185 463 1292 488 citatur
1315 471 1330 488 a
1354 458 1506 487 Macrobio
1529 458 1560 486 iu
1583 459 1797 487 Saturnalibus.
1826 460 1915 488 Dae.
1962 460 2074 489 Glossis
2096 473 2189 491 καπα-

241 507 332 549 φυγή,
360 505 415 536 VI.
431 503 503 534 Kal.
521 503 616 531 Martii
641 503 770 539 scilicet3
794 502 825 530 id
849 504 926 530 enim
950 503 989 530 ita
1013 513 1091 537 esse,
1115 507 1239 531 testatur
1256 502 1389 530 Ovidius.
1420 501 1476 530 Sed
1502 506 1597 530 tamen
1622 502 1750 530 Macrob.
1768 503 1886 531 Satura.
1902 502 1931 539 I,
1955 503 2030 539 (12.)
2056 503 2103 534 Vt.
2119 504 2190 533 Idus

240 552 316 581 lunii
340 554 461 579 exactos
484 557 566 584 reges
589 545 679 573 fuisse
702 545 823 582 scribit,
848 555 941 582 eoque
965 545 1110 583 pertinet,
1136 546 1216 583 quod
1240 545 1338 584 paullo
1363 549 1431 584 post
1454 544 1635 572 adscribitur
1658 545 1694 573 de
1718 545 1783 573 Kal.
1805 545 1905 573 Iuniis.
1952 543 2057 575 Goth.

405 590 531 629 Regia.
581 586 620 618 Τὸ
645 589 802 627 βασίλειον.
843 587 935 615 Urbes
958 589 1060 619 etiam,
1090 588 1141 615 ubi
1164 589 1248 616 aulae
1270 597 1389 625 regum,
1419 587 1517 615 (lictae
1540 587 1643 626 regiae.
1689 587 1729 615 Ut
1754 587 1866 616 Plinius
1892 592 1921 616 et
1943 588 2019 616 Mela
2044 588 2189 628 oppidum

241 637 285 666 Iol
307 634 398 664 Iubae
421 634 529 671 regiani
554 635 659 659 vocant
665 651 804 660 .....
828 628 929 669 aliquo
953 631 1048 669 regiae
1060 629 1108 671 fe,
1155 631 1304 659 Odoratus
1333 639 1416 666 sum,
1453 629 1511 657 hoc
1540 630 1738 667 fragmentum
1766 630 1918 659 divulsum
1947 641 2010 660 esse
2033 641 2071 659 ex
2093 631 2190 671 capite

242 679 336 719 regiae
348 676 464 718 feriae,
489 675 571 702 cuius
597 673 698 701 ultima
721 673 810 701 verba
834 674 908 701 male
932 671 980 700 hic
1004 673 1173 702 haeserunt.
1219 673 1307 701 Dac.

406 718 528 756 Regia
552 715 664 744 dicta.
690 713 747 755 (Ad
771 727 800 755 p.
815 715 899 754 230.)
925 715 972 743 Ait
996 715 1098 743 Festus
1116 716 1239 755 Regiam
1264 715 1388 751 dictam,
1412 714 1461 743 vel
1484 714 1563 752 quod
1587 714 1617 742 in
1641 725 1703 743 eam
1727 715 1856 754 populus
1879 715 2053 744 conveniret
2075 727 2091 744 a
2112 716 2190 744 Pon-

242 763 320 794 tifice
344 764 540 794 convocatus,
565 758 616 796 qui
634 758 772 787 Pontifex
796 758 873 795 regia
898 763 961 786 erat
984 758 1147 795 maiestate,
1173 759 1219 787 vel
1243 758 1351 786 dictam
1375 757 1483 796 regiam
1506 768 1521 785 a
1544 758 1622 795 Rege
1645 758 1831 794 sacrificulo,
1856 758 1904 796 qui
1928 757 1972 786 ibi
1993 768 2078 786 sacra
2100 758 2191 787 facie-

242 808 299 836 bat,
344 803 431 839 Quod
456 807 483 830 et
505 802 592 829 sentit
617 801 710 829 Varro
734 801 785 829 lib.
800 801 832 828 V.
857 800 917 840 (lV.
939 811 968 839 p.
985 801 1052 832 194.
1072 801 1148 841 Sp‚):
1174 801 1242 829 Dies
1264 798 1431 839 Agonales,
1455 800 1566 838 inquit,
1588 811 1640 838 per
1662 811 1735 839 quos
1757 811 1812 829 rex
1833 801 1863 829 in
1887 801 1966 840 regia
1989 800 2106 829 arietem
2128 801 2192 830 im-

242 846 349 882 molat,
374 850 429 874 etc.
455 844 544 873 Dac.
582 844 651 872 Post
672 843 872 884 Regifugium.
913 843 1001 881 Regia
1026 854 1193 879 sacrorum,
1221 843 1299 881 quod
1323 843 1353 870 in
1377 842 1479 870 sanum
1502 853 1516 872 a
1542 842 1683 871 Pontifice
1707 844 1862 871 convocati
1886 843 2081 880 conveniant3
2111 843 2192 882 quod

241 892 271 919 in
295 901 327 919 ea
350 899 433 917 sacra
457 898 472 915 a
497 888 572 924 Rege
595 891 663 914 sunt
686 887 772 914 solita
797 885 945 924 usurpari.
989 886 1096 924 Regem
1122 891 1219 914 auten]
1243 885 1376 923 intellige
1400 886 1507 923 Regem
1531 895 1692 916 sacrorum.
1738 886 1835 914 Prima
1858 885 1948 914 verba
1969 885 2194 925 interpretanda

242 938 326 968 sunt,
357 942 391 959 ac
414 931 437 959 si
459 930 561 958 Festus
585 929 722 957 dixisset:
760 929 846 965 Regia
871 938 1021 957 sacrorum
1046 934 1089 957 est
1111 929 1229 964 sanum,
1266 928 1297 956 in
1321 928 1402 966 quod
1426 938 1440 955 a
1463 928 1605 956 Pontifice
1628 928 1784 957 convocati
1808 928 1994 958 conveniant.
2039 930 2082 957 lta
2104 938 2194 968 saepe

242 976 376 1014 loquitur
402 974 504 1001 Varro.
536 972 584 999 Sic
606 982 710 1009 supra:
737 971 835 999 Nauia
859 982 898 998 εει·
921 981 977 999 nno
1001 969 1080 1010 ligno
1102 970 1257 1009 est-sculpto
1281 978 1311 999 ut
1335 971 1432 1006 navis,
1457 981 1515 1009 qno
1538 978 1659 999 utuntur
1680 969 1763 999 alveo
1786 971 1816 1000 ἰη
1838 969 1994 1000 vindemia.
2029 971 2192 1000 Dicendum

242 1019 320 1047 euim
344 1021 421 1045 erat:
453 1015 568 1050 Navia,
598 1013 697 1042 alveus
720 1025 759 1042 ex
782 1024 840 1041 uria
864 1012 944 1052 ligno
967 1012 1138 1052 exsculpto,
1171 1025 1227 1053 quo
1248 1020 1370 1041 utuntur
1390 1014 1419 1041 in
1442 1011 1598 1043 vindemia.
1644 1013 1725 1049 Quae
1749 1019 1931 1052 sequuntur,
1955 1013 2095 1042 videntur
2116 1013 2193 1042 dicta

243 1061 279 1090 de
296 1060 387 1097 Regio
410 1057 528 1096 Lepidi,
554 1056 633 1095 quod
657 1057 823 1091 nundinae,
848 1056 963 1092 sorum,
987 1062 1152 1084 conventus
1175 1061 1330 1093 agerentur
1352 1056 1382 1083 in
1406 1066 1437 1083 ea
1462 1055 1596 1091 civitate,
1619 1057 1714 1084 videri
1738 1056 1849 1084 dictum
1873 1067 1888 1084 a
1911 1056 2069 1085 maiestate.
2104 1056 2194 1092 Quod

245 1108 273 1132 et
295 1102 450 1131 confirmat
467 1099 589 1135 Sti-abo,
613 1099 663 1137 qui
688 1109 746 1127 non
770 1098 805 1126 de
829 1097 886 1126 hoc
905 1098 992 1136 Regio
1011 1099 1125 1127 Galliae
1143 1098 1325 1137 Cisalpinae,
1349 1098 1401 1126 sed
1425 1098 1461 1126 de
1479 1098 1568 1136 Regio
1583 1098 1716 1126 Fretensi
1739 1099 1863 1138 loquens
1885 1099 1927 1127 ita
1951 1098 2053 1127 scribit
2070 1097 2132 1138 (lib.
2146 1098 2194 1128 VI.

244 1143 421 1185 pag.258.):
460 1142 548 1181 Πλήν
572 1142 627 1172 εἴτε
652 1140 701 1171 διὰ
724 1138 835 1179 ταύτην
858 1141 955 1171 αἰτίαν
978 1139 1045 1177 (διὰ
1068 1140 1100 1171 τό
1125 1142 1270 1180 ῥαγῆναι)
1295 1139 1429 1179 τοῦνομα
1452 1143 1488 1181 τῇ
1510 1137 1592 1171 πόλει
1614 1141 1752 1181 γέγονεν,
1784 1142 1841 1172 εἴτε
1865 1140 1914 1171 διὰ
1936 1139 1989 1180 τὴν
2012 1138 2194 1179 ἐπιφάνειαν

241 1191 296 1227 τῆς
317 1184 447 1222 πόλεως,
473 1183 513 1221 ὥς
536 1182 573 1214 ἂν
597 1186 750 1224 βασίλειον
773 1185 809 1224 τῇ
832 1185 947 1221 Λατίνῃ
972 1187 1060 1225 φωνῇ
1082 1182 1393 1223 προςαγορευσοὶντωυ
1416 1186 1474 1213 τῶν
1499 1186 1655 1213 Σαυνιτῶν
1680 1189 1734 1212 etc.
1781 1185 1804 1212 A
1828 1184 1977 1212 maiestate
2001 1193 2069 1221 ergo
2092 1183 2195 1212 Festus

244 1231 367 1268 Regium
392 1228 510 1266 Lepidi,
541 1232 572 1255 ut
595 1225 643 1257 ὸιά
666 1224 720 1264 τήν
742 1223 920 1263 ἐπιφάνειαν
942 1227 1064 1263 Strabo,
1096 1227 1217 1264 Regium
1242 1226 1422 1264 Samnitum,
1449 1236 1500 1255 seu
1522 1226 1706 1256 Brutiorum.
1753 1227 1836 1263 Quae
1859 1231 2035 1265 supersunt,
2059 1236 2111 1265 ego
2133 1236 2194 1255 non

243 1273 392 1310 intelligo,
416 1281 512 1308 neque
534 1269 675 1298 videntur
698 1268 757 1297 huc
780 1269 964 1307 pertinuisse.
1010 1267 1110 1299 Scal.

410 1312 704 1352 Regiaeferiae.
729 1309 788 1350 (Ad
809 1322 835 1350 p.
849 1310 935 1351 230.)
960 1312 1033 1348 Lege
1057 1312 1148 1340 infra:
1174 1310 1234 1340 Sed
1257 1323 1314 1340 non
1337 1323 1446 1351 semper
1468 1310 1504 1340 ob
1528 1310 1605 1340 hanc
1628 1323 1715 1340 uriam
1741 1322 1875 1340 caussam
1900 1319 2029 1347 tantum,
2051 1311 2122 1351 quia
2144 1310 2195 1339 Ῐιο-

242 1358 317 1386 mini
339 1355 409 1385 talis
438 1355 600 1383 maiestatis
628 1365 699 1382 cara
730 1353 831 1390 datur,
868 1352 919 1382 secl
947 1355 1033 1382 eiiam
1064 1365 1129 1383 cum
1153 1359 1207 1382 etc.
1254 1355 1300 1381 Ait
1323 1354 1444 1387 Festus,
1478 1354 1582 1391 Regias
1605 1354 1691 1382 ferias
1714 1355 1808 1383 dictas
1829 1365 1887 1383 non
1910 1354 2006 1382 solum
2030 1363 2105 1391 quae
2128 1353 2195 1387 sori,

245 1404 410 1428 conventus
427 1405 453 1426 et
470 1398 685 1431 nundinarum,
708 1396 759 1424 sed
782 1396 867 1424 eiiam
891 1406 965 1434 quae
989 1397 1113 1433 fulguris
1137 1397 1183 1424 vel
1209 1397 1338 1434 portenti
1361 1396 1464 1424 similis
1487 1396 1627 1433 expiandi
1652 1407 1755 1425 caussa
1782 1407 1835 1434 per
1853 1396 2037 1425 sacerdotem
2055 1395 2194 1433 aliquem,

245 1443 297 1480 qui
320 1446 395 1470 esset
417 1441 496 1477 regia
521 1440 686 1476 maiestate,
720 1438 920 1467 edicebantur.
966 1439 1115 1467 Postrema
1144 1438 1251 1467 verba:
1289 1445 1339 1467 aut
1368 1439 1397 1466 in
1425 1436 1614 1477 procurando
1637 1446 1771 1477 portento
1794 1438 1886 1467 simili
1909 1449 1965 1478 quo
1990 1437 2197 1478 regiaeferiae

244 1490 299 1513 etc.
322 1484 396 1512 male
421 1482 620 1512 adhaeserunt
642 1486 710 1520 post
733 1482 811 1520 regia
836 1479 955 1518 (lomus,
991 1481 1041 1509 ubi
1066 1491 1168 1509 eorum
1192 1481 1323 1519 vestigia.
1368 1481 1401 1509 lu
1425 1481 1481 1509 fine
1504 1485 1618 1509 tantum
1642 1481 1764 1509 verbum
1789 1481 2004 1520 supplendum:
2045 1479 2111 1517 Quo
2134 1480 2196 1508 Re-

242 1527 309 1566 giae
322 1525 424 1568 firiae
446 1524 550 1554 solitae
573 1531 639 1552 sunt
652 1524 732 1562 fieri.
778 1523 866 1551 Dae.

410 1569 482 1606 ΗΒΕ
495 1566 618 1595 lescit.
663 1566 780 1593 Scribe:
804 1563 950 1603 Reglescii
974 1575 1037 1592 cum
1063 1564 1143 1593 dixit
1168 1563 1308 1600 Plaums,
1330 1564 1478 1603 significat
1495 1562 1618 1600 Crescit,
1641 1565 1671 1592 in
1694 1564 1748 1594 illo
1770 1576 1868 1594 versu:
1893 1563 1981 1593 Nihil
2000 1571 2143 1603 superest3
2165 1575 2198 1592 ve

246 1612 350 1640 misero
373 1610 445 1639 milii
467 1621 503 1637 ac
527 1607 657 1647 reglescit
681 1607 774 1636 clolor.
806 1606 882 1635 unde
903 1607 990 1634 etiam
1016 1605 1125 1643 Glires,
1150 1613 1204 1636 etc.
1236 1605 1382 1645 Reglesci!
1407 1616 1476 1643 ergo
1499 1617 1553 1644 pro
1578 1605 1729 1646 Regliscit.
1754 1606 1854 1637 Scal.
1887 1607 1961 1635 Vide
1982 1605 2095 1635 Gliscie.
2125 1605 2198 1634 Inde

246 1655 333 1681 etiam
353 1651 443 1692 glires
467 1650 540 1679 [licii
561 1649 703 1678 videniur.
735 1650 861 1677 Fallitur
876 1649 986 1677 Festus.
1023 1648 1088 1677 Glis
1111 1651 1188 1677 enim
1212 1654 1255 1677 est
1278 1660 1293 1676 a
1313 1650 1428 1677 Graeco
1453 1649 1560 1686 ἐ’λειος,·
1583 1649 1686 1677 addito
1709 1659 1823 1687 gamma
1846 1648 1972 1688 γὲλειος,
1996 1648 2075 1677 unde
2095 1647 2198 1688 gleioS,

245 1694 333 1734 gleis,
354 1693 422 1734 glis.
467 1694 573 1721 Graeci
596 1693 697 1730 glirem
721 1692 814 1721 ἕλειον
838 1693 895 1730 μῦν
919 1691 1109 1729 appellarunt
1133 1693 1216 1730 quasi
1240 1692 1397 1720 arboreum
1422 1701 1555 1728 murum,
1581 1702 1648 1720 nam
1671 1692 1701 1720 in
1725 1692 1818 1730 sylvis
1842 1691 1937 1728 degit,
1963 1695 1992 1719 et
2013 1691 2090 1719 inter
2113 1690 2199 1719 arbo-

247 1748 294 1766 res
317 1747 433 1775 semper
457 1736 591 1768 oberrat,
624 1740 651 1762 et
674 1735 703 1762 in
727 1734 832 1763 iisdem
856 1734 939 1762 sedes
962 1739 990 1761 et
1013 1734 1121 1762 cubilia
1144 1734 1233 1763 habet
1255 1734 1359 1762 hiemis
1381 1740 1516 1773 tempore
1540 1744 1606 1762 cum
1630 1739 1776 1773 perpetuo
1800 1734 1919 1764 dormit.
1953 1731 2029 1772 ΓἘλη
2052 1732 2200 1770 Hesychio

249 1779 424 1819 σύνδενδροι
445 1776 542 1808 τόποι.
587 1777 680 1805 Varro
705 1777 783 1815 apud
807 1777 992 1815 sosipatrum
1016 1776 1092 1815 (pag.
1107 1780 1158 1809 69.
1183 1776 1332 1816 Putsch.):
1368 1776 1405 1805 In
1433 1788 1497 1805 mea
1525 1775 1601 1805 silva
1625 1775 1686 1816 glis
1708 1784 1748 1806 est
1771 1776 1878 1806 nullus.
1924 1775 2011 1815 Apud
2035 1775 2200 1805 Martialem

248 1822 298 1852 lib.
314 1823 360 1852 111.
385 1832 430 1861 ep.
443 1822 494 1853 58.
519 1820 561 1848 sic
584 1820 871 1858 interpungendum:

889 1860 1061 1901 Metamque
1083 1860 1187 1897 lactis,·
1224 1860 1377 1890 Sassinate
1398 1859 1434 1889 de
1455 1859 1538 1900 sylva

891 1902 1114 1933 Somniculosos
1136 1903 1187 1933 ille
1206 1904 1333 1943 porrigit
1352 1902 1451 1942 glires.

255 1946 339 1974 Hunc
361 1948 460 1984 glirem
485 1947 571 1975 etiam
595 1943 708 1985 μυοξόν
722 1946 827 1974 Graeci
851 1951 1006 1976 vocarunt.
1043 1948 1155 1976 Gloss.:
1178 1944 1305 1986 μυοξός,
1325 1945 1394 1986 glis.
1422 1946 1517 1974 Hodie
1539 1957 1668 1983 vost-um,
1690 1946 1738 1975 vel
1760 1955 1904 1974 vooeosum
1928 1943 2106 1984 appellitant
2128 1953 2203 1972 voce

256 1997 292 2017 ex
314 1999 439 2017 muooeus
462 1990 586 2018 detorta.
620 1989 741 2017 Salmas.
764 1989 795 2016 in
818 1989 911 2017 Solin.
956 1988 1044 2017 Dae.

417 2031 566 2070 Reapse.
611 2032 670 2060 Cic.
688 2032 724 2060 de
742 2031 871 2060 Divinat.
887 2031 911 2061 Ι.
930 2031 965 2067 (e.
978 2033 1058 2068 37.):
1084 2030 1224 2067 Formae,
1247 2041 1322 2071 quae
1344 2041 1443 2071 reapse
1464 2029 1563 2060 nullae
1583 2037 1665 2067 sunt,
1687 2030 1809 2069 speciem
1832 2036 1928 2058 autem
1945 2028 2081 2070 ffrunt.
2112 2027 2203 2057 Duc.

417 2072 600 2111 Regimen.
624 2074 692 2114 (Ad.
715 2084 744 2113 p.
758 2072 841 2112 231.)
866 2074 976 2102 Gloss.:
999 2074 1156 2112 Regimen,
1179 2071 1338 2113 οἰάκισμα,
1362 2071 1548 2114 ἰθυντήριον.
1584 2074 1659 2102 Usus
1682 2077 1724 2102 est
1742 2073 1858 2102 Lueret.
1877 2072 1978 2101 Livius
2001 2071 2106 2108 etiam,
2127 2070 2202 2099 Plin.

257 2117 286 2142 et
307 2112 367 2140 alii.
410 2113 520 2143 Versus
543 2116 629 2145 Ennii
651 2117 694 2145 sic
716 2117 877 2155 legendus,
901 2121 934 2144 ut
956 2117 988 2144 in
1011 2116 1096 2145 edin:

833 2175 868 2180 —-
913 2174 955 2181 —
997 2175 1039 2181 —
1083 2170 1112 2187 se

830 2200 945 2230 Primus
967 2212 1019 2230 nec
1042 2199 1152 2229 bradus
1173 2200 1204 2229 in
1227 2200 1366 2239 regimen,
1397 2198 1521 2240 bellique
1540 2200 1660 2238 peritus.

258 2238 346 2266 Deest
366 2247 427 2285 yox
449 2238 553 2277 ingerit
576 2240 622 2267 vel
645 2250 719 2277 quae
742 2242 856 2271 similis.
899 2244 936 2271 Et
959 2243 996 2271 de
1019 2244 1071 2272 Cn.
1095 2243 1205 2271 Manlio
1228 2243 1408 2280 loquebatur
1430 2242 1557 2279 Ennius,
1595 2242 1664 2280 quia
1692 2241 1834 2271 adversus
1858 2241 2068 2279 Gallograecos
2091 2249 2203 2278 pugna-

258 2285 344 2309 turus
365 2289 429 2318 ipse
451 2280 570 2308 minime
593 2283 696 2310 tardus
720 2284 847 2322 bellique
870 2285 1066 2323 peritissimus
1089 2296 1119 2314 se
1142 2286 1172 2314 in
1194 2286 1323 2323 regimen
1348 2285 1463 2323 ingerit.
1489 2284 1541 2313 Da
1551 2296 1574 2313 c.
1608 2285 1747 2324 Regimen
1767 2295 1823 2324 pro
1846 2285 2011 2324 regimenio.
2044 2279 2204 2320 Regimenti

259 2322 352 2352 verbo
374 2321 471 2350 utitur
494 2322 630 2351 Aurelius
655 2324 797 2353 Arcadius
821 2327 850 2354 in
872 2328 892 2355 l.
917 2329 1003 2356 unica
1026 2330 1050 2365 ᾖ.
1066 2331 1092 2359 1.
1109 2328 1138 2357 ff.
1163 2328 1199 2356 de
1222 2328 1299 2358 offic.
1324 2329 1355 2357 P.
1378 2327 1539 2356 Praetorio.
1587 2326 1691 2358 Goth.

424 2363 612 2404 Relegaii.
635 2365 695 2403 (Ad
717 2367 839 2404 9231.)
863 2370 992 2398 Exulum
1015 2373 1073 2398 tria
1097 2371 1179 2399 suere
1202 2381 1317 2408 genera.
1355 2370 1412 2398 Alii
1435 2369 1601 2405 interdicti,
1630 2369 1753 2406 relegati
1776 2369 1835 2397 alii.
1874 2368 1932 2397 Alii
1956 2365 2113 2405 deportati.
2153 2366 2203 2393 In-

262 2406 382 2437 terdicti
404 2405 562 2444 dicuntur,
591 2407 699 2446 quibus
722 2409 911 2439 interdictum
934 2417 978 2440 est
1003 2413 1077 2441 certi
1100 2413 1158 2440 loci
1182 2414 1265 2442 aditu
1288 2413 1536 2450 commercioque.
1577 2412 1725 2450 Relegati,
1759 2412 1805 2440 vel
1827 2411 1878 2449 qui
1901 2411 1932 2438 in
1953 2410 2052 2438 locum
2075 2408 2203 2446 aliquem
