2263 2668
537 160 602 193 DE
628 155 1015 193 SIGNlFlCATIONE
1042 155 1327 192 VERBORUM.
1378 158 1524 191 LIBER
1549 158 1608 191 ΙΙΙ.
1969 162 2043 199 861

97 251 225 284 nubatur·
247 249 437 288 cilibantum,
475 259 506 280 ut
529 254 685 281 etiamnum
708 253 739 281 in
763 251 883 285 castris-3
917 246 951 277 id
971 246 1085 276 videtur
1109 246 1285 277 declinatum
1309 261 1328 278 a
1351 250 1464 280 Graeco
1488 247 1562 282 οἷπό
1585 253 1650 282 τοῦ
1672 248 1837 288 κύλικος.
1882 254 1990 285 Verum
2013 257 2043 287 in

97 301 196 335 etymo
218 294 333 323 fallitur
351 294 455 323 Varro.
479 295 553 323 Nam
578 294 697 324 cillibae
719 294 799 323 dicta
818 304 833 321 a
851 293 964 321 Graeco
987 291 1136 329 κιλλίβας,
1160 301 1258 320 mensa
1277 293 1386 331 tripes,
1410 303 1500 333 supra
1524 304 1610 333 quam
1635 294 1798 333 antiquitus
1818 295 1898 326 bello
1920 299 2043 329 redeun-

97 345 142 368 tes
166 338 286 377 clypeos
308 337 501 376 reponebant.
546 337 695 377 Aristoph.
720 337 749 365 in
773 335 900 364 Acharn.
925 333 966 373 (v.
981 335 1072 377 1122:
1097 333 1142 363 ed.
1168 334 1286 374 l)ind.):

725 377 801 414 Τοὺς
823 378 1011 416 κιλλίβαντας
1035 378 1099 406 οἰσε
1123 379 1177 405 παῖ
1196 379 1248 414 τῆς
1269 374 1407 418 danicos.

96 423 153 453 Ubi
168 422 362 451 scholiastes:
385 422 648 462 Κιλλίβαντας
670 423 849 460 τρισκελῆ
870 431 957 450 τινα
980 415 1242 456 σκενάσματα,
1265 417 1322 457 ἐφ’
1343 420 1392 450 ὠν
1414 420 1634 452 ἐπιτιθέασι
1657 418 1723 456 τοὶς
1746 417 1927 460 ἀσπίδας,
1950 424 2044 456 ἐπει-

97 465 167 497 δὰν
196 463 344 503 κάμωσι
372 467 641 504 πολεμοῦντες.
688 464 732 493 Ab
756 464 862 493 horum
886 460 1080 491 similitudine
1103 461 1280 500 poculorum
1310 472 1425 492 mensae
1449 464 1567 492 cillibae
1590 465 1676 494 etiam
1700 464 1806 495 dictae.
1836 465 1924 496 Dac.
1969 467 2043 497 Vide

98 508 188 538 Goth.
211 507 250 537 ad
273 507 414 536 Varronis
437 508 456 536 l.
480 517 504 535 c.

267 549 384 579 Chilo.
428 549 535 578 Graeci
556 550 790 588 interpretantur
813 546 1014 588 προκέφαλον.
1045 544 1148 575 Scal.
1195 547 1218 575 A
1243 547 1356 576 Graeco
1387 550 1483 586 χεῖλος
1510 547 1634 577 labrum.
1679 547 1759 577 Idem
1783 549 1932 579 Charisius
1955 552 2006 580 lib.
2020 552 2043 581 I.

99 593 143 632 (p.
155 594 206 624 98.
231 592 286 620 Ed.
308 592 425 630 Frob.):
471 591 586 621 Cilones
609 591 763 628 dicuntur,
794 601 915 632 quorum
938 589 1036 628 capita
1060 587 1188 628 oblonga
1210 597 1235 618 et
1259 601 1422 630 compressa
1443 598 1516 619 sunt.
1562 589 1696 620 Chilones
1717 598 1812 621 autem
1837 603 1901 621 cum
1924 595 2044 632 aspira-

98 636 176 664 tione
197 645 237 664 ex
265 633 377 664 Graeco
400 647 418 664 a
440 633 531 664 labris
553 634 795 673 improbioribus‚
832 643 905 674 quae
927 630 975 660 illi
996 632 1116 670 χείλη,
1154 631 1230 660 unde
1252 631 1379 661 chilones
1404 631 1563 672 improbius
1585 632 1703 662 labrati.
1736 633 1822 663 Dac.
1866 635 1890 663 A
1915 634 1979 665 Cilo
2003 642 2045 666 est

98 677 207 706 Fabius
231 676 295 705 Cilo
319 677 349 706 in
370 678 389 706 l.
407 681 433 708 1.
450 677 481 706 fl'.
501 678 537 706 de
562 677 610 705 off.
628 678 659 705 P.
680 677 752 705 Urbi
772 677 791 705 l.
810 676 862 704 ult.
879 675 909 704 fl'.
933 674 969 703 de
993 674 1090 702 officio
1114 674 1144 704 P.
1164 674 1301 712 Vigilum.
1334 673 1435 704 Gotlt.
1485 673 1548 704 Cilo
1581 681 1705 704 iocatur
1735 681 1763 705 et
1789 675 1901 717 Capito.
1936 677 2044 708 Iclem.

267 716 452 748 Cisterna.
497 720 586 755 Quod
608 720 642 748 fit
664 719 706 747 cis
728 725 856 755 terram,
894 717 977 756 quasi
1005 717 1167 747 cistert-ena.
1214 717 1270 746 Sed
1293 718 1386 755 magis
1408 718 1506 756 placet
1529 728 1590 747 esse
1614 729 1628 746 a
1653 720 1743 755 cista,
1783 729 1858 757 quae
1881 721 2049 758 sacculum,-

99 769 271 789 crumenam
294 762 446 800 significat.
488 760 584 799 Cista,
609 763 734 791 cisterna
757 771 850 800 aquae
872 760 1104 799 receptaculum.
1142 759 1208 788 Vini
1232 760 1318 788 etiam
1343 760 1420 788 fossa
1444 761 1481 788 ad
1505 760 1605 788 vinum
1628 761 1830 799 recipiendum
1855 763 1979 791 cisterna
2002 763 2046 791 di-

100 803 188 831 citur.
218 803 272 832 Da
283 815 307 832 c.
351 805 435 834 Adde
456 804 476 833 l.
491 808 517 836 l.
542 806 564 842 §.
578 804 606 835 4.
622 805 651 832 ff.
676 804 712 833 de
734 806 824 834 sonte.
869 803 946 831 Hinc
967 803 1091 832 cisterna
1112 803 1174 831 vini
1196 802 1414 841 metaphoricos
1437 803 1466 830 in
1490 803 1551 840 lege
1573 806 1622 834 21.
1641 805 1663 840 §.
1688 803 1739 831 sed
1761 804 1785 831 si
1809 804 1845 832 de
1867 806 1937 833 navi
1958 805 1986 835 ff.
2010 805 2046 834 de

99 845 196 875 furtis.
235 846 347 875 Glossis
370 845 490 882 λάκκος.
528 848 640 876 Glossis
663 848 721 876 MS.
745 848 873 875 Cisterna
898 851 940 874 est
963 846 1043 873 lacus
1069 845 1269 874 collectorius.
1299 844 1401 874 Gotlz.
1448 845 1535 883 Apud
1558 845 1693 874 Paullum
1722 846 1848 876 sortasse
1873 848 2045 886 legendum:

102 886 190 927 Quod
213 889 255 918 cis
277 896 317 917 est
339 897 461 926 terram,
486 890 551 926 vel,
576 890 654 928 quod
674 890 777 918 ottoni
801 899 865 918 meo
889 889 1002 927 placet,
1026 886 1105 927 quod
1129 889 1186 924 cis,
1210 887 1242 916 id
1264 895 1320 923 esi,
1344 887 1426 928 infra
1450 894 1563 916 terram.

268 929 464 962 Camillus.
509 932 678 961 versiculus
700 932 750 961 ille
773 932 936 969 exagitatus
960 942 976 959 a
998 930 1148 959 veteribus
1172 930 1299 958 criticis:

677 974 866 1004 Praeteaetum
890 975 920 1002 in
943 974 1018 1003 cista
1039 984 1133 1001 mures
1155 984 1248 1002 rosere
1270 971 1393 1002 camilli.

101 1013 257 1043 Camillum
280 1015 428 1046 intellexit
451 1017 578 1046 Ovidius
602 1017 690 1057 (Fast.
705 1019 748 1054 ΙΙ,
771 1019 877 1054 650.),
901 1027 967 1045 cum
990 1016 1046 1044 ait:

678 1060 743 1089 Stat
764 1072 835 1100 puer
857 1067 882 1087 et
904 1058 1039 1088 manibus
1061 1057 1124 1087 lata
1149 1059 1278 1087 canistra
1301 1065 1384 1087 tenet.

100 1099 177 1128 Vide
201 1100 393 1130 Coniectassea
416 1107 517 1130 nostra
541 1100 582 1141 (Ρ.
597 1105 687 1139 120·).
727 1102 925 1131 Glossarium:
949 1101 1086 1137 Camilla,
1111 1101 1211 1140 ἱέρεια.
1234 1101 1355 1129 Servius
1379 1101 1408 1130 P.
1434 1099 1577 1128 Danielis:
1605 1098 1799 1138 Alexander,
1822 1100 1933 1139 inquit,
1956 1100 2048 1130 Aeto-

100 1140 147 1171 lus
167 1151 253 1182 poeta
277 1144 307 1171 in
323 1143 422 1172 Il'lusis
445 1144 532 1186 refert
558 1143 714 1174 Camillam
738 1157 840 1174 nomen
859 1144 954 1185 fuisse
974 1144 1090 1172 Dianae
1112 1143 1149 1172 ab
1167 1143 1300 1183 Ephesiis
1324 1142 1458 1171 dedicato
1481 1140 1588 1180 templo
1611 1143 1637 1170 ei
1659 1144 1834 1182 impositum.
1881 1144 1959 1172 Haec
1983 1145 2047 1172 Scr-

100 1184 170 1213 vius
193 1185 222 1213 in
246 1185 364 1214 schedis
387 1187 564 1224 reconditis,
604 1197 678 1225 quae
707 1193 776 1217 sunt
801 1189 831 1216 in
854 1186 1036 1215 bibliotheca
1060 1186 1190 1214 Danielis
1214 1186 1320 1215 nostri.
1364 1186 1419 1213 Sed
1444 1185 1579 1222 profecto
1602 1195 1723 1223 magnus
1746 1186 1795 1214 ille
1819 1186 1933 1223 Virgilii
1955 1186 2049 1215 inter-

101 1238 171 1266 pres
194 1228 316 1257 fallitur.
360 1229 433 1257 Nam
462 1230 492 1258 in
516 1240 550 1258 eo
579 1235 714 1268 poemate
739 1230 909 1260 Alexander
930 1229 1053 1258 Aetolus
1080 1239 1138 1257 non
1163 1229 1334 1263 Camillam,
1372 1229 1422 1256 scd
1440 1224 1532 1257 ἷΩπιν
1556 1228 1675 1256 Dianam
1699 1234 1802 1264 vocat,
1836 1229 1920 1257 cuius
1946 1238 2049 1258 versus

101 1270 192 1299 habes
215 1270 296 1309 apud
319 1270 511 1300 Macrobium.
555 1272 613 1301 Sed
637 1277 680 1301 est
701 1271 890 1312 μνημονικὸν
914 1270 1081 1311 ἁμάρτημα.
1106 1270 1204 1300 Scal.
1253 1272 1405 1309 Καὸμίλος
1430 1270 1545 1298 Boeotis
1577 1271 1707 1298 minister
1737 1271 1861 1299 deorum
1886 1271 2050 1308 dicebatur,

102 1322 191 1351 quam
214 1323 318 1341 vocem
341 1325 356 1342 a
379 1313 574 1343 Phoenicibus
598 1315 748 1350 didicere,
776 1316 827 1353 qui
850 1315 1014 1343 ministrum
1037 1319 1147 1342 vocant
1172 1312 1325 1350 Chadmel,
1359 1319 1387 1342 et
1409 1313 1449 1341 ita
1472 1312 1593 1352 proprie
1615 1313 1733 1342 Boeotis
1756 1313 1853 1341 dictus
1876 1314 2050 1350 Mercurius,

102 1355 183 1393 quod
207 1355 330 1384 deorum
354 1362 430 1385 essct
451 1357 593 1386 minister.
640 1358 661 1385 A
685 1357 844 1386 cadmillus
873 1358 982 1386 factum
1013 1355 1182 1394 casmillus,·
1220 1362 1247 1385 et
1270 1355 1408 1385 camillus
1431 1360 1460 1384 et
1483 1354 1649 1384 casmillum
1678 1356 1792 1384 dictum
1811 1356 1990 1384 Mercurium
2014 1367 2052 1385 ex

102 1397 283 1426 Callimacho
302 1399 395 1427 Varro
418 1400 521 1428 scribit
542 1400 583 1428 lib
595 1400 643 1430 IV.
668 1399 723 1439 (De
746 1401 777 1429 L.
799 1401 829 1429 L.
853 1400 922 1437 VII,
946 1402 1016 1431 321.
1033 1409 1092 1437 seq.
1116 1400 1179 1437 Sp.)
1203 1399 1254 1427 alii
1277 1397 1447 1436 camillum,·
1478 1403 1513 1426 ut
1535 1398 1645 1427 Statius
1668 1399 1831 1428 Tullianus.
1877 1399 1998 1427 Servius
2020 1399 2052 1427 in

102 1440 154 1471 XI.
171 1440 289 1471 Aeneid.
314 1441 413 1479 (543.)
436 1442 504 1470 inde
528 1443 580 1481 qui
603 1442 658 1472 diis
681 1443 864 1481 serviebant,
887 1443 935 1473 vel
958 1443 989 1470 in
1012 1442 1103 1470 sacris
1125 1441 1332 1471 sacerdotibus
1355 1440 1579 1479 ministrabant,
1605 1439 1740 1471 Casmilli
1762 1446 1791 1470 et
1812 1440 1932 1480 dempto
1956 1453 1969 1471 s
1993 1439 2052 1471 Ca-

102 1481 180 1512 milli
201 1482 282 1512 dicti.
325 1483 402 1513 Hinc
425 1485 572 1515 Pacuvius
595 1486 625 1514 in
647 1486 762 1515 Medea:

598 1527 740 1558 Caelitum
764 1528 885 1558 camilla
907 1535 1078 1569 exspectata
1100 1526 1235 1566 advenis,-
1265 1527 1345 1558 salue
1366 1527 1492 1567 hospita.

103 1567 141 1598 Et
164 1568 232 1606 quia
254 1567 326 1597 huic
349 1569 448 1598 officio
470 1570 555 1609 pueri
577 1571 696 1609 ingenui
719 1572 936 1609 deligebantur,
960 1581 1029 1600 usus
1052 1575 1153 1609 postea
1177 1571 1323 1608 obtinuit,
1350 1576 1382 1599 ut
1405 1571 1529 1609 quilibet
1552 1569 1637 1608 pueri
1659 1569 1779 1606 ingenui
1803 1574 1983 1599 vocarentur
2005 1581 2053 1599 ca-

104 1608 196 1647 milli,
227 1616 261 1640 ut
282 1611 333 1639 hic
355 1612 473 1650 Festus,
503 1618 533 1642 et
555 1614 684 1642 ostendit
706 1619 793 1643 vetus
817 1624 934 1643 carmen
958 1613 1050 1653 (apud
1074 1613 1192 1642 Festum
1216 1624 1244 1644 v.
1267 1612 1433 1642 Flaminius
1456 1611 1620 1651 camillus):
1649 1610 1782 1640 Hiberno
1804 1611 1937 1651 pulvere,
1968 1623 2054 1641 verno

105 1650 185 1688 luto,
205 1652 334 1691 grandia
346 1653 441 1694 sarra
464 1654 580 1684 camille
603 1663 696 1684 metes.
741 1657 842 1694 Neque
866 1656 1000 1685 homines
1023 1660 1138 1683 tantum
1160 1655 1276 1685 camilli
1298 1655 1388 1692 dicii,
1418 1655 1469 1685 sed
1493 1655 1642 1694 quaelibet
1663 1654 1736 1689 alia,
1759 1664 1834 1692 quae
1857 1655 1900 1683 rei
1924 1655 2054 1693 cuipiam

106 1693 299 1731 inservirent,
322 1701 356 1724 ut
378 1696 454 1725 infra
468 1698 570 1726 Festus
594 1699 724 1735 notavit,
749 1710 911 1735 cumeram,
936 1699 998 1727 sive
1020 1708 1089 1734 vaS,
1113 1699 1143 1726 in
1166 1709 1225 1736 quo
1250 1698 1386 1726 nubentis
1408 1699 1544 1727 utensilia
1568 1697 1751 1733 ferebantur,
1776 1695 1941 1726 casmillum
1963 1697 2054 1726 fuisse

105 1741 254 1765 vocatum.
284 1737 371 1767 Dac.
415 1739 500 1768 Adde
522 1740 652 1769 Macrob.
668 1741 702 1777 5,
727 1741 804 1780 (111‚).
827 1744 856 1773 8.
890 1740 995 1770 Goth.
1042 1740 1200 1769 Descendit
1223 1739 1360 1769 camillus
1383 1751 1398 1768 a
1423 1740 1571 1769 Sanscrita
1594 1750 1667 1768 voce
1689 1738 1843 1774 kumwas,
1871 1750 1955 1778 puer,
1988 1745 2017 1768 et
2039 1749 2055 1767 a

107 1775 209 1807 kumel
229 1779 346 1816 radice,
381 1791 455 1819 quae
478 1782 638 1820 significat,
668 1781 783 1820 ludere,
814 1789 848 1812 ut
869 1783 975 1814 infans.
1021 1783 1106 1811 Unde
1129 1783 1253 1812 soitasse
1276 1783 1363 1812 etiam
1383 1782 1519 1823 famulus
1542 1788 1570 1811 et
1589 1780 1711 1822 familia
1734 1781 1925 1812 descendunt.

274 1820 444 1861 Capuam.
488 1826 563 1854 Sane
586 1827 683 1865 Capys
707 1827 854 1855 Graecum
878 1827 925 1855 vel
947 1826 1141 1854 Tarentinum
1165 1825 1285 1854 videtur
1308 1825 1409 1853 Latine
1432 1835 1604 1864 expressum
1628 1834 1682 1862 per
1702 1822 1871 1854 Falconem.
1902 1824 1977 1852 Nam
2000 1822 2055 1854 uoi-

107 1875 166 1899 πυς
188 1861 270 1902 παρὰ
290 1863 323 1895 τό
345 1863 526 1905 κάπτεσθαι,
555 1865 651 1908 ἤγουν
674 1868 880 1907 κάμπτεσθαι,
917 1869 998 1907 quod
1021 1868 1163 1896 incurvos
1186 1868 1293 1897 habeat
1316 1867 1422 1906 pedes,
1461 1868 1538 1896 unde
1561 1872 1590 1896 et
1615 1865 1711 1905 Capus
1733 1866 1830 1894 dictus
1853 1863 1919 1896 κατ’
1942 1863 2054 1904 ἔξοχήν,

108 1910 142 1934 ut
164 1903 248 1945 ὅρνις
269 1907 378 1944 gallina
401 1906 469 1939 κατ’
492 1909 614 1950 ἐξοχὴν,
644 1916 674 1940 ct
693 1912 787 1940 multa
811 1912 865 1940 alia
890 1910 1052 1947 eiusmodi,
1083 1915 1117 1939 ut
1140 1915 1168 1939 et
1189 1921 1266 1939 unus
1287 1915 1403 1938 tantum
1427 1921 1463 1938 ex
1486 1920 1593 1947 genere
1617 1909 1792 1947 accipitrum
1815 1913 1938 1937 vocatus
1950 1907 2054 1949 falco,

108 1959 170 1976 non
188 1959 289 1978 omnes
308 1951 480 1990 accipitres,
504 1954 641 1991 quamvis
666 1964 764 1982 omnes
785 1955 845 1983 sint
860 1951 1076 1993 γαμψώνυχοι,’
1100 1953 1157 1981 hoc
1181 1953 1258 1981 enim
1282 1953 1427 1990 significat
1439 1951 1542 1993 falco.
1567 1950 1669 1982 Scal.
1693 1951 1773 1989 Virg.
1791 1950 1864 1981 Aen.
1877 1951 1916 1988 X,
1941 1949 2054 1990 (145.):

642 1995 679 2024 Et
705 1995 817 2036 Capy55
845 1996 914 2026 hinc
937 2007 1039 2024 nomen.
1063 1994 1230 2034 Campanae
1252 1994 1369 2024 ducitur
1391 1995 1465 2023 urbi.

109 2034 166 2063 Ubi
189 2035 327 2063 Servius:
355 2034 485 2073 Caelius,
508 2039 560 2078 qui
582 2039 744 2067 Troianum
770 2037 871 2078 Capyn
895 2036 1062 2068 condidisse
1088 2037 1218 2076 Capuam
1241 2036 1382 2074 tradidit,
1406 2048 1525 2076 eumque
1547 2035 1664 2065 Aeneae
1676 2034 1778 2077 fuisse
1798 2033 1957 2063 sobrinum.
1987 2033 2057 2064 Alii

107 2075 185 2106 lzunc
211 2076 311 2118 Capyn
330 2077 434 2118 filium
461 2079 563 2119 Capeti
589 2080 689 2110 volunt
719 2093 777 2109 esse
801 2081 932 2110 Tiberini
960 2091 1063 2116 avum,
1098 2090 1138 2108 em
1160 2090 1217 2119 quo
1237 2080 1352 2119 fluvius
1381 2079 1492 2108 Tiberis
1514 2077 1678 2118 appellatus
1700 2084 1760 2115 σείς
1796 2088 1915 2117 eumque
1939 2074 2056 2117 Capuae

108 2117 288 2148 conditorem
309 2119 456 2159 produnt:
487 2121 541 2151 alii
566 2122 664 2163 Capyn
688 2122 849 2152 Samnitem
874 2121 1039 2152 condidisse
1063 2120 1193 2160 Capuam
1217 2122 1400 2162 confirmant.
1444 2120 1504 2150 Sed
1530 2121 1659 2160 Capuam
1681 2118 1743 2148 vult
1765 2117 1870 2147 Livius
1893 2117 1963 2159 (IV,
1987 2118 2054 2158 37.)

109 2171 129 2189 a
152 2160 226 2191 locis
248 2162 458 2201 campestribus
481 2163 607 2202 dictam,
636 2167 665 2194 in
688 2165 792 2205 quibus
814 2166 871 2194 sila
895 2172 944 2195 esi.
992 2162 1111 2193 Constat
1135 2171 1246 2200 tamen,
1275 2175 1337 2192 eam
1361 2175 1379 2192 a
1409 2164 1509 2192 Tuscis
1532 2161 1680 2192 conditam
1704 2159 1739 2189 de
1759 2162 1820 2190 viso
1832 2159 1973 2201 falconis
1995 2172 2056 2189 au-

106 2204 209 2242 gurio,
246 2206 296 2245 qui
322 2205 419 2234 Tusca
441 2205 544 2245 lingua
567 2219 656 2248 capys
680 2207 804 2244 (licitur,
841 2206 917 2235 uncle
939 2214 978 2235 est
1004 2205 1106 2245 Capua
1130 2207 1292 2237 nominata.
1339 2206 1451 2235 Tuscos
1473 2213 1567 2234 autem
1592 2215 1703 2233 omnem
1723 2214 1815 2243 paene
1837 2202 1958 2232 Italiam
1981 2203 2056 2232 sub-

108 2247 224 2285 iugasse
245 2246 433 2287 manifestum
455 2256 504 2277 est.
537 2249 607 2278 Alii
628 2261 647 2278 a
670 2250 773 2278 Tuscis
796 2248 911 2290 quidem
934 2256 1072 2277 retentam
1094 2255 1119 2276 el
1139 2250 1221 2288 prius
1244 2248 1413 2278 Aliternum
1435 2255 1588 2281 vocatam5
1616 2248 1725 2275 Tuscos
1747 2257 1766 2274 a
1789 2245 1972 2274 Samnitibus
1994 2256 2054 2274 ex-

109 2295 192 2317 actos
217 2287 348 2328 Capuam
371 2301 489 2320 vocasse
510 2291 547 2320 ob
570 2292 641 2328 hoc,
665 2290 744 2332 quod
767 2291 843 2320 hanc
867 2290 987 2331 quidam
1013 2289 1103 2320 Falco
1128 2289 1320 2327 condidisset,
1350 2291 1398 2320 cui
1416 2288 1538 2330 pollices
1557 2287 1663 2328 peclum
1687 2289 1769 2318 curvi
1787 2287 1925 2329 fuerunt,
1949 2297 2053 2326 quem-

109 2328 270 2360 admodum
284 2330 428 2373 falcones
451 2344 516 2362 aves
539 2334 660 2370 liabent,
691 2344 763 2374 quos
785 2335 862 2362 viros
888 2334 978 2362 Tusci
1002 2344 1113 2372 capuas
1133 2341 1317 2362 vocaverunt.
1364 2332 1461 2362 Varro
1485 2333 1528 2372 (L.
1545 2332 1577 2360 L.
1596 2332 1656 2367 lX,
1680 2330 1723 2370 1.)
1748 2329 1821 2360 dicit
1840 2337 1958 2369 propter
1979 2325 2052 2356 coeli

108 2375 270 2412 stmperiem
294 2381 319 2403 ei
343 2375 457 2414 cespitis
473 2375 710 2415 foecunditatem
735 2387 870 2415 campum
894 2374 1012 2404 eundem
1038 2374 1237 2415 Campuanum
1259 2376 1318 2404 sive
1342 2374 1522 2414 Campanum
1546 2372 1656 2403 dictum
1681 2374 1767 2413 quasi
1787 2373 1880 2401 sinum
1902 2368 2004 2398 salutis
2024 2374 2049 2395 ‘f

106 2413 268 2455 fructuum.
312 2417 402 2445 Unice
425 2418 522 2456 placet
544 2420 620 2448 Livii
643 2420 805 2454 sententia,
843 2418 927 2447 cuius
949 2418 1039 2448 vei-ba
1064 2418 1112 2448 lib.
1126 2418 1176 2448 lv.
1196 2420 1288 2453 (37.)
1317 2416 1495 2447 Vulturnum
1516 2415 1706 2445 Etruscorum
1731 2414 1842 2448 urbem,
1878 2421 1952 2450 quae
1973 2420 2048 2438 nunc

155 2467 321 2496 GRAMMAT.
342 2478 410 2497 mr.
434 2469 467 2498 11.
1581 2468 1608 2500 Z
1624 2478 1643 2500 z
