2263 2668
218 150 294 186 656
650 139 997 174 COMMENTARn
1022 139 1069 171 lN
1095 136 1239 171 PAULl
1264 137 1461 172 niAcom
1485 138 1741 174 EXCERPTA

383 234 726 272 Redemptitavere.
771 230 796 259 A
819 229 944 267 redimo,
968 228 1129 269 redempto,
1153 230 1232 259 unde
1255 229 1434 271 redemptito.
1479 230 1546 267 Quo
1570 231 1657 260 etiam
1680 241 1751 261 usus
1776 238 1820 262 est
1843 233 1955 264 Plaut:
1978 251 2018 256 —
2042 235 2168 266 Redem-

218 286 357 324 pfflavgn
380 280 421 309 ad
443 287 527 306 unum
552 281 662 313 captos.
686 273 775 303 Dac.
812 271 993 314 IVIalefacta.
1029 273 1142 300 Efacta.
1190 271 1294 303 Goth.

381 316 600 357 Repulsior.
647 315 717 345 Nec.
758 315 815 344 Alii
838 314 917 344 haec.
954 315 1011 343 Alii
1034 314 1085 344 Ec.
1132 313 1236 345 Goth.

380 360 606 391 Ratissima.
651 358 714 386 Hoc
739 363 783 387 est
806 357 986 394 certissima,
1009 368 1024 385 a
1049 365 1145 394 ratus,
1169 362 1282 394 certus,
1306 357 1425 393 flrmm,
1448 357 1526 386 unde
1548 359 1640 395 ratio,
1664 359 1746 397 quod
1769 363 1848 388 certa
1871 360 1918 390 sit.
1964 359 2054 389 Dae.

382 400 565 441 Regillis.
612 400 670 440 (Ad
692 399 817 440 p-236.)
843 401 916 429 Vide
938 399 1056 429 Rectae.
1080 399 1166 429 Ant.
1187 401 1279 439 Aug.
1322 398 1451 439 Regillis
1479 401 1586 429 tunicis
1614 400 1692 430 albis
1721 409 1747 430 et
1775 400 1904 431 reticulis
1934 401 2018 431 luteis
2040 402 2169 443 utrisque

220 450 303 479 rectis
324 447 414 475 textis
436 456 534 473 susum
556 454 684 480 versum,
708 449 763 474 etc.
800 443 951 480 Reticula,
976 443 1084 471 fasciae
1107 443 1255 481 capitales.
1293 441 1399 471 Susum
1419 452 1474 481 pro
1496 441 1626 472 Sursum.
1650 443 1740 474 Dac.
1779 445 1922 481 Reginam
1945 450 2055 473 vestem
2078 445 2168 474 dimi-

218 492 319 520 nutive
343 500 358 517 a
382 487 460 525 regia
483 486 592 514 dietam
616 486 718 515 scribit
739 487 851 515 Nonius
877 483 919 526 (p.
933 487 1004 518 539.
1027 483 1141 525 mere).
1173 485 1271 514 Actis.
1294 485 1417 515 Erectis.
1458 484 1600 525 Virginis.
1631 486 1778 525 VirgineS.
1811 485 1925 517 Ominis
1948 498 2062 517 caussa.
2094 487 2168 518 Vide

218 544 306 573 supra
330 530 449 560 Recine.
500 528 604 558 Goth.

381 571 483 611 Rapa·
511 569 729 600 simulatur.
773 570 846 600 Inde
870 570 978 598 Catull.
1002 570 1039 598 de
1062 570 1230 608 Hymenaeo
1255 569 1348 609 (LXI,
1372 568 1431 606 2.):

859 612 917 651 Qui
939 613 1019 652 rapis
1042 619 1167 641 teneram
1189 612 1230 641 ad
1251 614 1344 641 virum
1366 612 1516 652 virginem.

218 662 291 689 Item
316 657 401 695 (ibid.
422 657 503 691 56.);

862 697 907 725 Tu
931 708 996 725 vero
1019 697 1114 726 iuveni
1136 698 1166 725 ia
1190 708 1293 725 manus

860 738 1014 768 Floridam
1037 741 1097 779 ipse
1115 738 1277 779 puellulam

856 781 971 811 ΖΚῙαίνίς
993 794 1007 810 e
1027 784 1136 822 gremio
1161 793 1229 811 suae

862 823 961 853 Dedis-

218 872 305 900 Dac.
341 867 488 897 Trahitur.
523 867 672 896 Traditur.
721 865 827 896 Goth.

380 909 481 948 Rapi
511 908 607 938 solet
631 909 720 951 fax.
767 910 861 937 Aliam
889 919 1023 939 caussam
1051 910 1152 939 reddit
1175 909 1306 944 Servius,
1345 909 1396 947 qui
1424 908 1522 937 adhuc
1552 910 1624 938 latet
1653 910 1684 938 in
1707 908 1890 938 Bibliotheca
1916 908 2044 937 Danielis
2073 909 2168 938 nostri

218 957 297 995 (pag.
311 954 362 985 44.
386 952 432 981 ed.
456 950 557 990 Dan.):
589 952 716 983 FACES.
761 953 898 981 Servius:
931 952 1026 990 Quae,
1049 953 1160 991 inquit,
1184 951 1275 981 solen!
1295 952 1409 990 praeire
1431 950 1566 980 nubentes
1586 951 1717 991 puellae,
1742 963 1862 981 corneae
1884 963 1953 980 sane
1964 950 2072 991 faces,
2095 962 2169 992 quae

217 998 302 1038 quasi
325 995 486 1024 diutissime
507 993 636 1031 luceant,
673 1006 745 1035 quas
768 996 886 1034 rapiunt
910 1002 1051 1035 tanquam
1074 997 1150 1024 vitae
1170 993 1329 1034 praesidia.
1374 993 1509 1034 Namque
1536 994 1581 1023 lzis
1607 996 1657 1034 qui
1679 1002 1745 1023 sunt
1765 995 1867 1033 potiri,
1905 993 2014 1023 diutius
2026 993 2169 1034 fimatur

216 1041 335 1069 vixisse.
368 1035 469 1067 Scal.
513 1037 587 1065 Vide
600 1037 713 1078 secem.
754 1037 843 1072 Quod
872 1037 913 1065 ait
934 1038 1038 1066 Festus
1069 1048 1100 1066 ea
1130 1038 1194 1066 face
1225 1036 1396 1073 combusta,
1433 1047 1459 1065 Sl
1481 1037 1527 1065 vir
1551 1047 1612 1065 eam
1641 1037 1871 1065 comburendam
1895 1041 2029 1073 curaret,
2066 1037 2169 1065 uxoris

217 1087 341 1111 mortem
365 1079 537 1117 significari,
568 1080 615 1108 vel
638 1080 695 1108 viri
720 1080 822 1117 etiam,
852 1081 874 1108 si
898 1090 960 1108 eam
984 1090 1061 1109 uxor
1083 1081 1136 1108 sub
1160 1081 1236 1109 lecto
1260 1080 1317 1108 viri
1342 1090 1374 1108 ea
1399 1084 1486 1108 nocte
1509 1085 1649 1118 poneret,
1680 1080 1755 1108 illud
1779 1080 1881 1118 utique
1904 1079 1940 1108 ab
1962 1078 2083 1108 historia
2107 1079 2170 1107 Me-

216 1124 307 1162 leagri
336 1127 463 1152 sumtum
492 1122 626 1154 videtur.
665 1122 749 1150 cuius
779 1124 840 1150 vita
865 1133 878 1151 e
902 1123 984 1151 fatali
1014 1123 1140 1161 quodam
1172 1128 1252 1151 torre
1281 1122 1446 1161 pendebat,
1482 1123 1539 1159 ita,
1576 1128 1609 1151 ut
1639 1123 1753 1151 tamdiu
1784 1123 1899 1150 viveret
1926 1122 1990 1158 ille,
2027 1121 2170 1160 quamdiu

217 1169 306 1196 torris
322 1165 526 1195 incombustus
543 1170 720 1194 servaretur.
750 1164 809 1194 Sed
832 1175 866 1194 eo
889 1165 920 1193 in
942 1165 1040 1203 ignem
1064 1167 1199 1194 coniecto
1223 1165 1265 1193 sic
1289 1170 1316 1193 et
1338 1166 1401 1203 ipse
1424 1164 1536 1203 pariter
1559 1170 1694 1194 ureretur
1716 1170 1745 1194 et
1765 1169 1961 1194 evanesceret.
1993 1163 2067 1193 Vide
2081 1163 2169 1193 Ovid.

217 1207 413 1247 Metamorph.
436 1208 487 1235 lib.
501 1208 576 1236 vul.
600 1208 657 1235 fab.
674 1209 703 1238 4.
725 1207 755 1235 in
778 1208 834 1236 fine
859 1209 1002 1245 (v.512.).
1027 1208 1116 1237 Dac.
1151 1208 1224 1237 Vide
1241 1218 1331 1246 supra
1350 1208 1464 1236 Facem.
1494 1208 1626 1237 Patrimi.
1661 1207 1805 1248 Utrisque.
1837 1207 2006 1245 Utriusque.
2036 1204 2170 1236 Alterius

217 1253 319 1281 utrius.
352 1250 543 1280 Alterutrius.
592 1249 698 1278 Goth.

384 1291 504 1322 Ritus.
550 1292 623 1320 Vide
638 1303 709 1321 mos.
745 1292 827 1328 Quae
843 1297 1026 1331 sequuntur,
1049 1293 1136 1331 plane
1161 1293 1315 1332 deplorata
1338 1297 1423 1329 sunt,
1445 1302 1541 1330 neque
1565 1293 1604 1322 ad
1626 1293 1706 1322 idem
1730 1296 1823 1332 caput
1844 1293 1994 1331 pertinere
2017 1291 2168 1320 videntur.

218 1336 307 1365 Dac.
341 1333 375 1363 In
399 1336 562 1374 sacrificiis.
596 1335 677 1362 Facit
699 1335 812 1363 Nonius
835 1335 914 1374 (pag.
927 1336 999 1366 494.
1024 1335 1127 1374 ΜΕΝ.)
1150 1336 1179 1364 in
1204 1335 1314 1364 Riiuis.
1363 1333 1466 1364 Goth.

381 1376 583 1416 Religiosi.
631 1377 759 1406 Macrob.
784 1377 897 1408 lib.lll.
923 1379 1029 1415 (c.3.):
1056 1377 1220 1407 Secundum
1245 1377 1415 1416 Pompeium
1439 1376 1553 1405 Festum
1578 1376 1707 1416 religiosi
1727 1384 1809 1413 sunt,
1835 1377 1886 1416 qui
1897 1374 2049 1416 facienda
2071 1382 2097 1403 et
2118 1376 2169 1404 υἰ-

217 1419 309 1449 tanda
334 1417 508 1448 discernunt.
535 1418 635 1449 Scal.
679 1420 735 1448 Hic
759 1425 953 1458 opponuntur
976 1421 1202 1459 superstitiosis,
1226 1425 1260 1449 ut
1283 1425 1310 1448 et
1333 1420 1403 1448 alibi
1427 1419 1529 1457 religio
1554 1425 1581 1448 et
1604 1419 1790 1458 superstitio,
1814 1419 1876 1449 l.2.
1892 1418 1921 1448 ff.
1946 1418 1981 1446 de
2004 1417 2117 1446 iustitia
2141 1422 2169 1446 et

217 1464 290 1491 iure.
315 1462 334 1490 l.
350 1465 376 1492 1.
401 1464 423 1499 §.
439 1465 466 1493 1.
481 1462 508 1490 ss'.
533 1462 569 1490 de
592 1463 732 1500 collegiis.
756 1463 838 1493 ].50.
853 1463 882 1490 ff.
906 1462 943 1492 de
972 1463 1084 1501 poenis.
1130 1464 1181 1492 Est
1213 1463 1382 1502 exemplum
1411 1463 1645 1500 superstitionis,
1681 1472 1757 1500 quae
1786 1466 1814 1490 et
1836 1460 2009 1499 simplicitas
2031 1460 2061 1489 in
2082 1460 2101 1490 l.
2119 1460 2167 1491 14.

217 1507 239 1542 §.
254 1506 283 1537 5.
297 1504 326 1532 ss'.
350 1505 387 1532 de
410 1504 564 1542 religiosis.
609 1505 694 1533 Adde
717 1505 843 1532 Nonium
868 1506 946 1543 (pag.
962 1508 1032 1536 378.
1057 1511 1086 1533 et
1110 1506 1180 1536 431.
1205 1505 1309 1544 Merc.)
1332 1505 1363 1532 in
1386 1503 1513 1543 Religio.
1561 1503 1667 1533 Goth.

381 1545 668 1576 Renovativum.
693 1548 754 1583 (Ad
779 1558 808 1586 p.
822 1548 910 1584 236.)
937 1548 1009 1575 Vide
1024 1547 1195 1576 Aclresmm.
1221 1546 1321 1578 Scal.
1356 1547 1536 1575 Renovativa
1559 1547 1677 1584 fulgura
1700 1545 1802 1574 eadem
1826 1554 1901 1583 quae
1924 1542 2081 1575 adustam.
2111 1545 2168 1574 Sed

218 1601 277 1619 non
300 1591 370 1619 satis
393 1590 543 1627 intelligo,
580 1590 650 1627 quid
674 1590 728 1617 ista
752 1589 934 1626 significant:
971 1601 1035 1618 cum
1060 1601 1099 1617 ex
1121 1588 1224 1629 aliquo
1240 1588 1365 1631 fulgure
1378 1589 1502 1630 functio
1517 1589 1588 1628 fieri
1611 1590 1712 1628 coepit.
1759 1588 1803 1615 An
1826 1586 1924 1615 voluit
1947 1587 2065 1623 Festus,
2101 1597 2169 1616 cum

218 1634 296 1672 quod
328 1633 410 1671 prius
440 1632 539 1669 fulgur
568 1632 722 1668 amiserat,
756 1631 832 1660 illud
857 1641 943 1669 agere
967 1633 1153 1670 inceperant,
1186 1637 1240 1660 etc.
1286 1632 1379 1667 Quasi
1402 1641 1474 1660 vero
1498 1636 1525 1659 et
1547 1641 1607 1659 non
1631 1636 1698 1660 ante
1722 1630 1890 1668 incoeptam
1914 1638 1975 1657 rem
1999 1630 2169 1659 renovativa

218 1676 268 1704 illa
293 1674 422 1703 secunda
447 1675 571 1702 fulmina
596 1675 772 1702 dicerentur.
819 1674 911 1711 Lego:
951 1672 1021 1703 Cum
1052 1685 1092 1702 ex
1120 1673 1222 1713 aliquo
1244 1673 1371 1714 fulgure
1394 1674 1573 1714 significatio
1593 1674 1666 1713 fieri
1695 1673 1798 1712 coepit.
1843 1672 1928 1700 Nunc
1952 1672 2050 1699 omnia
2072 1672 2170 1710 plana.

219 1718 434 1746 Renovativum
467 1717 567 1754 fulgur
596 1718 758 1745 secundum
789 1716 890 1754 fulgur
918 1717 995 1745 idem
1019 1716 1187 1754 significans
1212 1718 1293 1755 quod
1316 1717 1400 1756 prius
1422 1716 1649 1755 significaverat.
1693 1716 1806 1755 Nempe
1828 1714 1976 1753 scriptum
2001 1715 2097 1744 suerat
2117 1725 2171 1753 per

220 1760 427 1800 compendium
450 1758 567 1800 Snfnio.
599 1760 632 1787 Et
657 1760 724 1787 inde
748 1764 848 1787 natum
865 1758 1000 1800 functio.
1047 1759 1137 1788 Dac.

382 1800 547 1843 Referri.
579 1802 645 1839 (Ad
669 1802 802 1841 p.236.)
834 1802 935 1830 Livius
963 1801 1021 1830 hoc
1048 1802 1134 1831 dicit:
1168 1800 1318 1842 praeferre
1341 1800 1416 1830 diem
1439 1800 1601 1840 (anticiper
1623 1799 1650 1829 Ie
1666 1801 1746 1840 jour.
1770 1798 1895 1836 Dae.);
1932 1798 2105 1837 oppositum
2128 1802 2172 1841 τῷ

222 1843 375 1873 Ρνοᾶἰοενε
398 1842 482 1874 diem.
515 1842 614 1874 Scal.
658 1845 718 1873 Lex
738 1844 788 1875 34.
810 1843 846 1872 de
867 1845 1012 1883 receptis:
1047 1843 1171 1874 Arbiter
1193 1845 1234 1872 ita
1256 1851 1382 1880 sumtus,
1417 1850 1449 1872 ui
1472 1841 1546 1872 diem
1568 1842 1702 1884 proferre
1722 1842 1831 1882 possit,
1865 1848 1961 1869 tamen
1983 1840 2090 1883 referre
2112 1852 2170 1871 non

221 1892 321 1922 potest.
366 1887 442 1914 Infra
473 1896 606 1916 censores
634 1888 826 1916 nominantur
856 1887 886 1916 L.
909 1887 1019 1922 Julius,
1056 1892 1084 1915 et
1110 1887 1139 1915 P.
1164 1886 1310 1922 Licinius,
1348 1896 1454 1925 nempe
1477 1886 1509 1915 L.
1530 1886 1626 1914 Julius
1650 1886 1758 1914 Caesar
1780 1888 1809 1913 et
1830 1883 1861 1913 P.
1882 1883 2012 1911 Licinius
2036 1884 2170 1918 Crassus,

225 1937 298 1964 quos
321 1939 455 1957 censores
478 1929 568 1958 fuisse
592 1941 615 1958 a.
638 1931 673 1958 U.
697 1931 768 1961 664.
792 1929 879 1957 fidem
903 1930 1016 1958 faciunt
1038 1929 1156 1958 tabulae
1180 1929 1250 1968 Cap.
1296 1929 1350 1957 Da
1360 1940 1385 1958 c.

384 1969 549 2009 Regalia
578 1979 678 2001 exta.
724 1972 927 2011 Quaecunque
955 1974 1032 2001 enim
1061 1972 1214 2000 luculenta
1243 1976 1272 2000 et
1302 1972 1376 2000 laeta
1410 1976 1520 2008 essent,
1555 1968 1667 2009 regalia
1689 1968 1838 1999 dicebant.
1867 1967 1953 1997 Dae.
1990 1967 2169 1999 Potentibus.

225 2010 400 2039 l‘etentibus.
446 2012 550 2042 Goth,

385 2052 599 2098 Respicere.
623 2056 686 2093 (Ad
708 2067 737 2096 p.
750 2057 836 2095 236.)
861 2056 978 2096 Spicere
1000 2062 1029 2085 et
1052 2057 1189 2096 respicere
1212 2056 1333 2095 propria
1358 2057 1509 2094 Augurum
1531 2055 1623 2084 verba
1647 2059 1725 2084 sunt.
1757 2053 1830 2082 Vide
1852 2053 1882 2081 in
1904 2053 2023 2092 spectio.
2052 2053 2169 2093 Respici

226 2095 597 2164 autemGavishdicebatur‚
622 2109 689 2127 cum
712 2099 815 2129 eodem
838 2100 1061 2137 revertebatur,
1091 2099 1170 2128 unde
1193 2110 1256 2128 eam
1279 2109 1373 2137 augur
1397 2103 1544 2137 spexerat.
1568 2098 1660 2127 Dae.
1697 2095 1854 2136 Respicere
1876 2103 1970 2125 nutem
1992 2103 2042 2125 est.
2078 2096 2170 2125 Avem

226 2141 278 2165 est.
360 2143 394 2164 oi
425 2158 430 2163 .

362 2219 366 2224 ,
390 2176 634 2217 Βεῑίὲἶίθδῐίηλ
667 2181 726 2222 (Ad
750 2195 777 2223 p-
790 2182 876 2225 236.)
906 2184 974 2213 Non
998 2184 1096 2224 utique
1118 2195 1233 2213 sacrum
1257 2191 1315 2221 esi,
1350 2191 1381 2211 ut
1402 2181 1552 2222 sepulcra,
1587 2180 1668 2222 quod
1689 2193 1722 2210 ea
1744 2192 1801 2210 non
1824 2192 1928 2218 sacra,
1960 2179 2012 2210 sed
2033 2179 2170 2220 religiosa

226 2226 301 2247 sunt.
339 2219 386 2246 Sic
408 2219 485 2248 Festi
510 2222 598 2249 verba
624 2226 726 2253 sarciri
750 2232 882 2264 possunt.
911 2227 997 2256 Ant.
1020 2227 1116 2265 Aug.
1159 2225 1341 2265 Religiosum
1366 2237 1403 2255 ac
1424 2237 1540 2254 sacrum
1563 2232 1612 2253 est.
1652 2225 1688 2254 Ut
1710 2224 1820 2262 templa
1844 2224 1957 2260 omnia,
1988 2233 2064 2262 quae
2086 2233 2169 2252 sacra

227 2266 311 2296 sunt,
349 2261 416 2299 quia
442 2262 500 2308 Deo
531 2271 710 2294 consecrata.
755 2269 901 2306 Religiosa
932 2279 1018 2303 vero,
1056 2270 1125 2307 quia
1155 2269 1241 2307 plena
1266 2269 1443 2302 maiestatis,
1480 2273 1569 2306 atque
1591 2267 1672 2306 quod
1695 2266 1738 2295 ibi
1760 2268 1799 2294 sit
1821 2266 1932 2305 aliquid
1956 2266 2036 2304 quod
2058 2265 2167 2295 homini

228 2303 323 2350 tacere
346 2313 405 2331 non
428 2304 524 2332 liceat.
571 2305 618 2332 Sic
642 2307 774 2346 religiosa
798 2309 919 2338 delubra
943 2312 1020 2339 dixit
1044 2312 1156 2339 Cicero.
1202 2311 1388 2340 Differentias
1415 2311 1493 2340 inter
1522 2320 1653 2346 sacrum,
1691 2314 1824 2338 sanctum
1856 2314 1885 2338 et
1908 2308 2077 2346 religiosum
2100 2306 2167 2335 vide

227 2345 314 2374 infra·
348 2344 394 2374 At
409 2345 488 2385 quod
502 2358 553 2386 per
569 2358 599 2375 se
614 2346 788 2386 religiosum.
826 2353 960 2390 Optime:
988 2354 1126 2392 sepulcra
1151 2353 1226 2382 enim
1250 2364 1310 2382 non
1333 2353 1556 2382 consecratione
1580 2357 1607 2381 et
1629 2351 1727 2382 verbis
1751 2351 1939 2387 solennibus,
1961 2351 2012 2379 sed
2035 2350 2166 2378 illatione

229 2392 414 2416 mortuorum
443 2388 576 2426 religiosa
607 2388 816 2420 efficiebantur.
862 2394 943 2422 Unde
970 2405 1064 2433 neque
1093 2396 1171 2424 arari
1194 2406 1226 2424 ea
1249 2406 1343 2434 neque
1367 2396 1424 2424 coli
1448 2396 1493 2424 ius
1519 2395 1626 2430 fuisse,
1665 2395 1752 2423 docet
1775 2395 1878 2423 Cicero
1903 2394 1939 2421 de
1960 2393 2045 2430 Legg.
2069 2391 2117 2419 lib.
2132 2390 2164 2420 ΙΙ.
