2263 2668
265 98 317 134 96

684 94 826 128 PAULI
850 94 971 130 DIAC.
997 95 1251 133 EXGERPTA
1276 100 1339 134 EX
1364 100 1454 136 LIB.
1481 100 1624 136 POMP.
1651 102 1789 136 FESTl

366 195 416 225 est
441 200 567 229 manes,
612 198 695 230 quos
723 188 804 222 deos
830 188 974 232 deasque
1001 191 1180 235 putabant,
1223 204 1373 237 quosque
1400 195 1442 227 ab
1464 194 1576 229 inferis
1601 196 1645 229 ad
1672 207 1810 241 superos
1836 209 1989 235 emanare
2015 203 2204 240 credebant,

368 244 469 281 Sunt,
496 239 551 282 qui
572 238 721 271 Maniam
746 240 912 274 larvarum
938 246 1078 275 matrem
1104 242 1274 278 aviamve¹
1300 251 1418 290 putant
1428 242 1450 278 ².

266 295 437 338 BIanceps
463 291 568 323 dictus
580 286 602 332 ³,
629 290 722 333 quod
749 303 847 324 manu
874 290 1055 335 capiatur&

266 343 438 380 Mandaei
447 339 459 358 ⁵
482 342 612 385 effigies
637 343 671 374 in
699 353 826 387 pompa
852 345 1062 387 antiquorum
1084 345 1172 379 inter
1198 350 1322 379 ceteras
1349 347 1505 381 ridiculas
1531 348 1833 393 formidolosasque
1855 351 1903 384 ire
1925 352 2055 388 solebat
2075 357 2205 402 magnis

365 394 457 428 malis
483 403 524 427 ac
549 394 615 426 late
640 393 815 428 dehiscens
843 401 876 428 et
901 396 1069 440 ingentem
1097 397 1249 430 dentibus
1276 398 1418 432 sonitum
1445 400 1589 443 faciens,
1617 401 1660 434 de
1686 413 1752 445 qua
1774 403 1909 436 Plautus
1936 401 2021 438 ait⁶z

637 443 756 491 Quid'
775 443 827 480 si³
848 447 898 480 acl
923 448 1026 481 ludos
1051 460 1106 481 me
1127 460 1197 493 pro
1224 450 1400 483 manduco
1426 449 1567 485 locem?

636 495 913 543 Quctproptevss?
945 499 1043 532 clare
1069 501 1201 545 crepito
1229 501 1398 536 dentibus.

263 548 422 584 Mancini
448 545 554 592 lzj'ata
564 542 589 562 ¹⁰
610 546 912 593 appellabantur¹¹,
947 551 1040 594 quod
1065 551 1240 586 Mancinus
1266 552 1384 585 habuit
1410 553 1572 598 insignem
1584 550 1607 571 ¹²
1630 553 1787 596 domum,
1812 567 1899 599 quae
1925 556 2098 601 publicata
2124 554 2206 592 estu

365 610 406 633 eo
428 598 614 632 interfecto.

266 653 472 687 Mamercus
498 661 702 694 praenomen
729 655 777 684 est
801 652 926 686 Oscum
953 649 1031 686 ab¹⁴
1054 665 1110 695 eo,
1138 655 1230 698 quod
1257 654 1294 687 hi
1304 651 1328 672 ¹5
1348 654 1508 689 M‘clrtem
1528 655 1731 689 Mamertem
1759 657 1873 690 dicunt
1883 654 1918 692 ¹⁶.

263 704 446 747 Municeps
459 698 491 742 Π,
518 701 574 745 qui
601 702 634 734 in
661 704 840 748 municipio
867 705 953 737 liber
979 710 1072 737 natus
1100 711 1155 741 est.

364 759 434 787 ctus
457 757 513 787 est.

566 753 667 795 ltem,
693 756 750 797 qui
774 756 807 788 in
835 757 1014 801 municipio
1027 753 1049 773 ¹⁰
1070 769 1089 790 a
1111 758 1263 791 servitute
1287 770 1321 791 se
1344 759 1497 791 liberavit
1518 771 1537 791 a
1558 759 1735 803 municipe.

1209 707 1310 747 ltem,
1338 707 1394 749 qui
1422 719 1461 740 ex
1484 708 1591 740 alieno
1603 703 1626 724 ¹⁸
1646 719 1771 752 genere
1793 708 1967 742 hominum
1987 720 2105 743 munus
2125 710 2206 743 fun-

1788 760 1873 793 ltem
1896 761 2079 804 municipes
2101 766 2205 802 erant,

363 805 420 849 qui
447 815 487 837 ex
514 804 584 837 aliis
611 805 794 840 civitatibus
814 808 958 840 Romam
986 809 1162 851 venissent,
1190 810 1308 852 quibus
1334 821 1400 842 non
1427 811 1547 844 licebat
1574 811 1802 854 magistratum
1830 822 1970 855 capere,
1997 812 2055 845 sed
2078 817 2206 845 tantum

362 856 506 889 muneris
533 861 680 900 partem,
717 863 753 890 ut
778 859 912 892 fuerunt
938 859 1097 901 Cumani,
1129 862 1305 900 Acerrani,
1340 862 1503 902 Atellani,
1538 862 1594 905 qui
1621 868 1653 894 et
1663 858 1688 878 ²⁰
1714 863 1801 896 cives
1824 863 1971 896 Romani
1997 868 2108 905 erant,
2138 859 2204 897 et²¹

361 909 394 941 in
421 907 554 952 legione
581 909 768 950 merebant,
804 911 861 943 sed
889 911 1065 956 dignitates
1092 923 1158 944 non
1186 913 1362 956 capiebant
1372 909 1406 945 ²².

261 960 434 995 Illamurii
466 959 482 991 1
488 959 597 992 'esurii
605 957 630 977 ²³

656 971 778 994 nomen
812 962 1001 1005 frequenter
1035 964 1067 996 in
1101 964 1247 996 cantibus
1277 965 1422 997 Romani
1458 964 1712 1007 frequentabant
1745 963 1811 998 1130
1847 964 1890 997 de
1927 976 2034 998 causa.

2094 966 2205 999 Numa

361 1010 533 1054 Pompilio
559 1017 720 1056 regnante
746 1025 764 1045 e
791 1014 888 1047 coelo
915 1015 1072 1048 cecidisse
1097 1016 1201 1048 fertur
1211 1013 1236 1033 Ἠ
1258 1016 1382 1058 ancile,
1416 1015 1451 1048 id
1479 1021 1528 1048 est
1552 1020 1680 1049 scutum
1707 1016 1825 1057 breve,
1860 1017 1953 1060 quod
1979 1017 2057 1049 ideo
2084 1017 2132 1051 sic
2157 1021 2205 1050 est

362 1062 569 1107 appellatum
579 1059 614 1104 ²⁵,
641 1064 718 1106 quia
745 1076 785 1097 ex
812 1072 953 1109 utroque
979 1066 1082 1099 latere
1111 1072 1180 1099 erat
1205 1067 1362 1105 recisunu
1400 1072 1435 1100 ut
1462 1079 1625 1099 summum
1652 1067 1869 1111 infimumque
1897 1068 1964 1101 eius
1989 1064 2110 1101 latus²⁶
2132 1079 2204 1101 me-

362 1115 419 1147 dio
441 1118 587 1158 pateret,
612 1125 745 1158 unaque
773 1117 861 1149 edita
887 1129 951 1150 vox
978 1119 1126 1150 omnium
1153 1119 1412 1162 potentissimam
1438 1119 1512 1151 fore
1538 1119 1725 1160 civitatem,
1752 1119 1911 1161 quamdiu
1937 1119 1972 1152 id
1994 1119 2027 1152 in
2048 1131 2088 1153 ea
2108 1130 2205 1152 man-

360 1167 462 1200 sisset.

514 1165 632 1209 ltaque
663 1166 753 1200 facta
778 1173 850 1201 sunt
877 1169 1025 1202 eiusdem
1051 1171 1182 1214 generis
1209 1171 1323 1214 plura,
1366 1170 1485 1213 quibus
1510 1170 1545 1202 id
1572 1170 1764 1203 misceretur
1776 1167 1811 1210 ²⁷,
1851 1182 1892 1204 ne
1919 1171 2096 1204 internosci
2122 1181 2205 1204 coe-

2100 1218 2125 1238 3⁰

361 1217 446 1250 leste
470 1222 590 1261 posset.
640 1218 822 1252 Probatum
849 1231 934 1264 opus
961 1227 1009 1253 est
1035 1222 1177 1254 maxime
1187 1218 1212 1238 ²³
1236 1222 1394 1254 Mamurii
1421 1221 1549 1255 Veturii
1559 1219 1594 1264 ²⁹,
1636 1222 1694 1265 qui
1722 1223 1863 1265 praemii
1888 1222 1966 1256 loco
1994 1222 2090 1267 petiit
2125 1245 2135 1264 ,
2168 1226 2205 1255 ut

359 1280 454 1302 suum
480 1279 602 1301 nomen
628 1269 712 1302 inter
739 1271 883 1304 carmina
909 1272 992 1304 Salii
1019 1278 1182 1307 canerent.

259 1320 420 1354 Mamers
441 1319 615 1353 Mamertis
640 1321 738 1365 facit,
764 1323 800 1355 id
827 1328 874 1356 est
899 1323 1016 1369 lingua
1037 1324 1129 1358 Osca
1151 1324 1244 1357 Mars
1272 1324 1409 1366 Martis,
1436 1323 1525 1357 unde
1553 1328 1585 1356 et
1607 1322 1799 1356 Mamertini
1823 1324 1856 1356 in
1883 1324 1996 1358 Sicilia
2022 1323 2120 1365 dicti,
2147 1323 2204 1368 qui

359 1371 535 1404 Messanae
561 1371 723 1406 habitant.

259 1423 442 1458 DIartialis
468 1434 605 1467 campus
630 1424 663 1456 in
690 1424 809 1457 Coelio
836 1430 948 1459 monte
975 1426 1113 1468 dicitur,
1154 1426 1247 1471 quod
1280 1427 1314 1460 in
1345 1438 1385 1460 eo
1411 1426 1551 1471 Equiria
1576 1427 1727 1460 solebant
1752 1426 1843 1468 fieri,
1882 1425 1909 1459 si
1934 1425 2070 1470 quando
2096 1436 2204 1470 aquae

362 1475 495 1508 Tiberis
520 1486 678 1519 campum
698 1476 858 1510 Martium
885 1483 1111 1522 occupassent.

342 1567 372 1606 1)
391 1567 543 1607 aviamve]
567 1569 615 1597 Sic
632 1570 664 1598 L.
679 1570 712 1598 B.
727 1570 764 1601 M.
780 1571 873 1602 Gu.2.
890 1571 918 1598 S.
950 1572 1113 1609 aviamque
1129 1570 1210 1608 vulg.

261 1627 296 1631 --
322 1611 350 1645 9.)
372 1610 495 1648 putant]
520 1611 569 1639 Sic
586 1612 615 1640 L.
630 1613 661 1640 B.
677 1613 715 1641 M.
731 1614 863 1644 Gu.1.2.
880 1624 925 1652 pr.
940 1615 970 1643 S.
1001 1619 1110 1652 putent
1127 1614 1209 1651 vulg.

259 1667 298 1673 -
321 1651 350 1692 3)
375 1651 486 1691 dictas]
511 1654 558 1682 Sic
573 1654 611 1683 M.
625 1655 681 1683 Gu.
698 1658 727 1686 2.
763 1655 878 1684 (licitur
893 1657 972 1694 vulg.
994 1672 1037 1679 ·—-
1058 1656 1087 1695 4)
1103 1657 1211 1694 capia-

261 1693 320 1732 tur]
344 1697 463 1733 capitur
477 1705 524 1734 pr.
557 1697 615 1725 Pro
633 1697 716 1736 quod
729 1698 760 1726 B.
779 1699 899 1727 exhibet
916 1700 977 1737 qui.
1000 1715 1043 1720 —
1064 1698 1094 1738 5)
1116 1700 1210 1727 ,Mun—

261 1735 348 1774 duci]
376 1737 542 1766 Manduces
561 1739 592 1767 L.
607 1740 640 1770 B.
664 1741 719 1769 Gu.
735 1743 761 1771 1.
782 1752 827 1780 pr.
873 1741 1047 1769 Mandncus
1066 1741 1093 1769 S.
1115 1757 1157 1763 --
1180 1742 1209 1779 6)

262 1777 319 1815 ait]
343 1780 373 1806 in
389 1779 526 1808 Rudente
541 1782 621 1820 vulg.
638 1783 773 1820 additur,
797 1784 847 1812 sed
864 1794 920 1814 om.
938 1785 969 1815 L.
980 1785 1011 1812 B.
1022 1784 1058 1812 M.
1075 1784 1208 1814 Gu.1.2.

263 1828 309 1856 pr.
330 1835 370 1841 —
391 1823 420 1858 7)
447 1823 540 1861 Quid]
565 1824 647 1863 quod
661 1827 692 1856 L,
715 1842 756 1847 —-
778 1828 805 1863 8)
829 1827 867 1865 si]
890 1828 996 1865 aliquo
1014 1826 1081 1854 add.
1097 1827 1124 1855 S.
1140 1827 1209 1855 Dae.

263 1875 305 1881 —
325 1863 355 1896 9)
380 1863 576 1905 Quapropter]
602 1868 656 1905 qui
670 1874 758 1906 pater
774 1869 867 1901 Gu.2.
892 1887 930 1891 —
954 1870 1000 1907 10)
1018 1870 1157 1897 Mancini
1172 1870 1210 1896 ti-

259 1902 345 1940 sala]
368 1904 414 1931 Sic
430 1906 535 1944 scripsi
549 1919 563 1936 e
579 1909 751 1939 coniectura
765 1911 921 1950 Scaligeri,
945 1923 960 1940 a
978 1922 1034 1951 qua
1050 1922 1143 1950 prope
1159 1911 1210 1940 ab·

264 1949 334 1972 sunt
350 1945 449 1982 codd.‚
473 1958 598 1984 quorum
612 1953 642 1981 Β.
656 1953 694 1982 Μ.
712 1954 768 1983 Gu.
785 1957 810 1985 1.
828 1958 856 1985 2.
873 1965 917 1993 pr.
931 1954 1072 1983 exhibent
1086 1956 1208 1982 ,Manci-

264 1987 432 2034 ''ath'f‘fff‘q'
455 1988 486 2017 L.
503 1992 682 2022 Mancinum
691 1997 778 2033 fata.
811 1997 898 2034 Vulg.
915 2003 958 2025 est
974 1998 1206 2035 stlccncc'nifata,

265 2029 348 2076 quod
369 2028 443 2056 1111111
461 2035 511 2060 est.
556 2035 629 2065 Scal.
644 2038 706 2075 ipse
723 2039 843 2078 scripsit
858 2040 1002 2069 Ilffmzcini
1018 2041 1108 2077 fana.
1150 2040 1207 2068 Sed

265 2075 464 2118 coniecturam
480 2072 548 2102 fecit
560 2075 624 2112 ipso
639 2079 722 2108 Festo
738 2082 822 2118 duce,
846 2083 897 2121 qui
918 2084 1022 2119 Tasata
1037 2083 1138 2110 ilicem
1154 2093 1207 2111 ex—

264 2113 356 2152 plicat
370 2123 392 2141 s.
405 2123 434 2142 v.
456 2114 567 2149 Tfitta.
604 2119 662 2147 Csr.
675 2121 777 2152 Dacer.
796 2125 831 2153 ad
850 2124 879 2153 h.
896 2125 915 2154 1.
948 2125 996 2153 Sic
1013 2135 1102 2164 supra
1118 2127 1205 2164 p.38.

266 2155 453 2184 scribendum
471 2161 533 2184 erat
548 2167 576 2185 v.
594 2160 713 2189 Curiati
724 2166 821 2200 fana.-
855 2167 950 2195 Curia
967 2169 1072 2205 iifatcc.
1097 2184 1133 2189 -
1160 2166 1206 2207 11)

265 2198 511 2236 appellabantur]
525 2202 719 2237 appellabant
735 2207 789 2234 Gu.
804 2211 830 2238 1,
849 2226 890 2231 —
911 2211 958 2246 η)
972 2211 1130 2248 insignem]
1149 2220 1206 2238 om.

264 2239 297 2268 L.
319 2255 360 2260 ·-
383 2239 426 2278 13)
450 2240 503 2278 e⁸³]
528 2251 584 2271 om.
602 2243 657 2273 Gu.
677 2249 702 2274 1.
724 2261 766 2268 —
789 2249 834 2284 14)
859 2250 908 2289 ab]
931 2263 988 2281 om.
1005 2254 1035 2281 B.
1052 2254 1089 2282 M.
1107 2254 1162 2282 Gu.
1180 2255 1206 2283 1.

264 2292 310 2320 pr.
326 2282 355 2310 S.
379 2297 416 2303 —-—
440 2283 486 2320 15)
509 2283 552 2322 hi]
577 2285 625 2313 Sic
644 2286 673 2314 L.
690 2287 719 2314 Β.
737 2288 772 2316 Μ.
791 2290 845 2319 Gu.
864 2296 889 2322 1.
906 2296 933 2323 2.
952 2305 996 2332 pr.
1012 2297 1040 2323 S.
1084 2297 1108 2322 ii
1126 2295 1205 2332 vulg.

265 2340 306 2345 -
324 2322 367 2362 16)
382 2322 498 2362 dicunt}
517 2327 563 2354 Sic
579 2327 608 2356 L.
623 2328 654 2356 B.
672 2329 708 2356 M.
725 2330 779 2357 Gu.
794 2335 819 2360 1.
832 2335 859 2362 2.
876 2344 919 2370 pr.
956 2337 1111 2373 appellant
1128 2338 1205 2373 vulg.

265 2382 307 2388 —
330 2364 377 2405 17)
400 2367 567 2407 stlu'niceps]
591 2370 653 2406 Sic,
677 2375 710 2399 nt
727 2372 846 2410 scripsi,
870 2374 1007 2405 exhibent
1031 2378 1108 2406 hanc
1130 2367 1207 2416 glos-

1248 1580 1314 1598 sam
1329 1569 1417 1598 codd.
1435 1574 1463 1599 et
1479 1569 1550 1599 edit.
1565 1570 1661 1609 princ.
1698 1569 1786 1608 Vulg.
1801 1579 1891 1608 quam
1906 1568 2030 1608 praebet
2044 1568 2120 1599 Scal.
2132 1572 2204 1607 post

1252 1614 1411 1650 Municeps
1434 1612 1500 1641 add.
1517 1618 1562 1641 est
1583 1619 1618 1641 ut
1637 1614 1684 1640 ait
1698 1613 1809 1640 Aelius
1826 1613 1938 1641 Gallu-s
1955 1617 1985 1640 et
2001 1615 2072 1650 post
2081 1616 2202 1649 partem

1253 1655 1372 1684 exhibet
1386 1654 1474 1683 haec:
1495 1656 1540 1683 At
1555 1656 1776 1694 Servius-filius
1791 1655 1892 1683 aiebat
1906 1655 1996 1683 initio
2007 1655 2124 1691 faisse,
2142 1654 2203 1692 ,qui

1254 1709 1288 1726 ea
1305 1697 1476 1726 conditione
1492 1699 1570 1726 cives
1581 1700 1718 1727 Romani
1726 1699 1877 1735 fuissent,
1901 1703 1938 1726 ut
1952 1706 2065 1735 smper
2081 1705 2204 1734 rempu-

1253 1741 1364 1769 blicam
1378 1743 1541 1779 separatim
1557 1752 1577 1769 a
1586 1741 1703 1780 populo
1718 1742 1858 1769 Romano
1873 1740 2024 1769 haherent.
2061 1740 2136 1768 Tum
2150 1748 2203 1767 ax-

1251 1783 1347 1812 hibet:
1374 1783 1529 1812 Cumanos
1542 1783 1689 1821 videlieet,
1708 1784 1890 1820 Acerranos,
1911 1782 2080 1811 Atellanos.
2111 1780 2202 1817 Quod

1251 1837 1305 1855 nos
1322 1826 1475 1863 dedimus,
1497 1831 1541 1855 est
1555 1827 1648 1855 Pauli.
1668 1844 1711 1848 —
1734 1825 1779 1864 18)
1802 1825 1913 1864 alieno]
1937 1825 1986 1854 Sic
2003 1824 2059 1855 Gu.
2074 1827 2104 1856 2.
2137 1823 2201 1852 alio

1250 1870 1333 1906 vulg.
1357 1886 1395 1891 —
1419 1871 1463 1905 19)
1488 1870 1542 1907 qai
1554 1871 1586 1899 in
1603 1868 1780 1907 municipio]
1803 1870 1836 1897 in
1851 1868 2017 1906 municipio
2033 1868 2088 1906 qui
2102 1866 2159 1894 Gu.
2172 1867 2200 1897 1.

1252 1913 1284 1940 in
1298 1921 1357 1940 om.
1374 1911 1404 1939 L.
1419 1911 1451 1940 B.
1469 1912 1526 1942 Gu.
1546 1915 1572 1943 1.
1596 1929 1635 1934 —-
1657 1915 1702 1947 20)
1727 1911 1765 1950 et]
1789 1911 1837 1940 Sic
1852 1912 1884 1940 L.
1897 1912 1930 1940 B.
1942 1911 1982 1940 M.
1997 1910 2055 1939 Gu.
2071 1911 2098 1940 1.
2110 1910 2140 1939 2-
2153 1917 2200 1946 pr·

1252 1965 1343 1993 aeque
1356 1954 1436 1990 vulg.
1458 1970 1501 1975 --
1521 1954 1570 1993 21)
1594 1954 1632 1992 et]
1651 1964 1708 1983 om.
1725 1954 1821 1984 Gu.1.
1842 1970 1883 1976 —
1906 1951 1954 1993 22)
1976 1951 2030 1981 sed
2041 1950 2124 1990 dign.
2139 1959 2199 1978 non

1250 1996 1328 2035 cap.]
1350 2006 1407 2024 om.
1423 1997 1455 2025 L.
1479 2012 1516 2018 —
1541 1995 1589 2037 23)
1612 1998 1761 2025 Mamm-ii
1778 1996 1809 2024 V
1807 1995 1915 2034 eturii]
1936 1996 2076 2024 Alam-mi
2093 1992 2199 2022 Veturi

1249 2041 1282 2069 Β.
1299 2040 1336 2068 Μ.
1352 2039 1409 2067 Gu.
1426 2042 1452 2069 1.
1469 2041 1500 2069 2.
1518 2049 1563 2077 pr.
1586 2056 1628 2061 -—
1649 2041 1694 2074 24)
1711 2039 1830 2078 fertur]
1848 2040 1956 2076 ferunt
1969 2038 2002 2066 B.
2025 2053 2064 2059 —
2085 2037 2133 2070 25)
2154 2038 2199 2062 eet

1250 2081 1337 2121 app]
1360 2081 1409 2109 Sic
1430 2081 1462 2110 L.
1477 2081 1515 2111 M.
1536 2082 1592 2110 Gu.
1612 2085 1636 2112 1.
1652 2084 1682 2112 2.
1708 2092 1753 2120 pr.
1796 2092 1867 2120 app.
1886 2087 1929 2110 est
1948 2080 2029 2117 vulg.
2073 2086 2132 2107 om.
2151 2081 2198 2105 esc

1250 2126 1281 2154 B.
1305 2141 1343 2146 —-
1367 2122 1415 2162 26)
1437 2123 1531 2162 lalus]
1548 2124 1645 2152 latias
1661 2124 1736 2154 MS.
1757 2139 1800 2146 —
1821 2123 1868 2162 27)
1891 2123 1927 2152 id
1941 2119 2123 2157 misceretur]
2140 2116 2198 2146 ad-

1249 2169 1422 2195 misceretur
1439 2166 1495 2195 Gu.
1512 2169 1538 2196 1.
1583 2166 1769 2195 admiscetur
1783 2167 1813 2194 L.
1834 2181 1877 2188 -
1897 2166 1945 2206 28)
1968 2161 2106 2200 maxime]
2128 2159 2194 2207 adq..

1249 2210 1307 2238 hoc
1325 2210 1352 2237 L.
1370 2209 1399 2238 B.
1416 2208 1452 2238 M.
1470 2208 1528 2236 Gn.
1547 2211 1573 2240 1.
1589 2213 1618 2242 2.
1634 2220 1680 2248 pr.
1725 2220 1782 2238 om.
1797 2208 1879 2246 vulg.
1906 2223 1949 2230 -
1976 2206 2024 2244 29)
2046 2205 2193 2236 Mannum

1253 2251 1385 2290 Vena-ii]
1409 2251 1544 2279 Mamun·
1561 2252 1668 2280 Veturi
1683 2251 1720 2280 M.
1735 2252 1792 2280 Gu.
1805 2254 1835 2282 2.
1878 2249 2027 2279 Mamur-ii
2040 2256 2097 2275 om.
2112 2244 2142 2272 L·
2157 2241 2191 2272 Β.

1248 2295 1305 2325 Gu.
1321 2297 1347 2325 1.
1395 2294 1514 2322 J'emrii
1537 2304 1592 2322 om.
1612 2295 1643 2323 L.
1665 2310 1708 2316 —-
1728 2295 1776 2331 30)
1794 2293 1900 2331 petiit]
1923 2291 1972 2320 sic
1986 2291 2017 2320 L.
2030 2289 2062 2317 B.
2077 2285 2116 2315 Μ.
2133 2284 2192 2332 Gu-

1250 2340 1278 2369 1.
1295 2340 1322 2369 2.
1340 2346 1383 2375 pr.
1399 2338 1426 2364 S.
1467 2337 1542 2374 petit
1565 2338 1644 2375 vulg.
1674 2353 1713 2358 —-
1741 2333 1791 2375 31)
1820 2334 2028 2364 Mamilc'orum
2044 2326 2116 2376 εἰῇ]
2143 2328 2191 2355 Sic

1249 2379 1392 2408 exhibent
1415 2379 1543 2417 glossam
1566 2380 1653 2408 codd.
1669 2383 1699 2407 et
1711 2377 1779 2406 edit.
1795 2387 1840 2415 pr.
1885 2375 1969 2412 Vulg.
1982 2370 2191 2401 Mamclcorum
