2263 2668
374 183 449 218 212
999 180 1140 216 SEXTI
1165 181 1363 217 POMPEII
1391 183 1530 218 FESTI

375 304 381 310 ,
438 302 444 309 ,
499 300 505 306 .
559 299 566 306 .
745 302 753 309 .
806 275 914 308 infirm
968 304 976 312 .
1091 302 1098 309 .
1153 303 1160 310 .
1214 304 1221 310 .
1276 305 1284 313 .
1339 304 1346 311 .
1525 302 1542 312 2
1562 279 1789 312 iacularia
1822 278 2049 323 appellabant
2082 293 2147 314 au-

373 328 503 372 spicia,
530 325 569 358 id
596 329 645 358 est
671 326 871 373 sacrificia,
899 327 1045 372 antiqua
1071 328 1230 372 loquendi
1257 329 1523 372 consuetudine,
1551 342 1629 363 cum
1656 334 1717 363 aut
1744 330 1858 362 hostia
1885 330 1931 363 ab
1958 343 2027 365 ara
2050 332 2147 377 effu-

374 379 440 423 git,
476 381 532 409 aut
552 388 725 422 percussa
752 379 928 423 mugitum
955 379 1073 420 dedit,
1108 385 1169 414 aut
1196 382 1230 414 in
1257 382 1367 414 aliam
1395 393 1500 426 quam
1529 382 1677 426 oportuit
1702 385 1842 426 partem
1868 383 2023 427 corporis
2050 384 2146 417 deci-

373 429 434 461 dit.
487 427 641 474 Pestis
644 440 719 462 era
754 431 914 475 auspicia
947 437 1039 472 sunt,
1080 442 1154 465 cum
1183 443 1241 466 cor
1267 433 1302 465 in
1330 434 1436 474 extis,
1473 437 1534 466 aut
1561 437 1669 478 caput
1696 444 1762 466 non
1778 432 1910 478 fuisset
1935 434 1968 465 in
1988 434 2146 470 iocinore.

372 478 647 513 Pullarium1
673 492 696 513 a
713 482 824 526 pullis
851 482 1072 527 appellatum
1098 484 1233 526 quidam
1267 490 1399 528 putant,
1442 485 1519 528 quia
1545 496 1611 517 non
1638 484 1757 528 aliud,
1798 484 1862 518 sed
1889 484 1955 518 hoc
1982 486 2013 518 ei
2033 497 2146 531 pecu—

371 530 456 563 liare
477 536 542 572 est,
572 543 668 564 avem
695 534 901 577 auspicando
928 532 1124 568 observare.
1177 536 1419 580 Praepetes
1446 548 1521 569 aves
1549 536 1720 578 dicuntur,
1748 547 1834 579 quae
1860 548 1894 568 se
1921 540 2003 569 ante
2026 538 2145 582 auspi-

370 585 507 615 cantem
525 582 660 628 serunt.
687 595 764 617 nam
792 585 914 628 antiqui
937 592 1136 630 praepetere
1157 586 1321 620 dicebant
1339 598 1411 632 pro
1434 588 1577 621 anteire.
1630 587 1817 621 Pecunia
1843 587 2041 621 sacrificium
2054 588 2147 634 fieri

232 634 268 659 ‘fi
287 634 343 658 fru-
370 633 551 675 dicebant,
594 646 673 667 cam
688 635 866 681 frugum,
892 635 1147 682 fructumque*
1169 650 1267 672 causa
1294 639 1384 672 mola
1411 650 1504 684 pura
1531 638 1749 686 offerebatur
1775 639 1809 672 in
1835 638 2033 685 sacrificio,
2067 640 2146 684 quia

224 672 359 702 ctuumque

369 685 474 717 omnis
500 697 551 718 res
578 686 779 728 familiaris,
817 700 922 732 quam
949 700 1039 722 nunc
1061 691 1250 734 pecuniam
1277 691 1434 731 dicimus,
1476 702 1515 724 ex
1543 691 1593 723 his
1620 692 1719 724 rebus
1746 690 1938 724 constabat.
1991 691 2145 724 Proie-

369 740 440 769 cta
467 748 602 771 sacra
629 739 860 783 appellantur,
906 752 992 784 quae
1019 741 1220 786 fulgurante
1246 742 1344 775 caelo
1358 742 1478 788 fiunt,·
1519 746 1601 775 tunc
1628 743 1718 776 enim
1738 742 1896 788 proiecta
1921 742 2142 786 depellendo—

366 799 440 820 ruiu
462 789 631 822 malorum
647 790 862 836 fulgurum,
886 792 942 825 vel
960 794 1272 836 procurandorum
1298 794 1464 827 bonorum
1490 805 1589 827 causa
1615 794 1707 829 fiunt.
1760 794 1937 827 Parilia
1953 793 2057 839 festa
2079 793 2145 828 sibe·

196 840 233 865 Ὗ·
246 839 312 865 domi
330 840 356 866 in
367 839 576 873 observanda
602 842 751 876 iudicant
777 843 939 887 privatim
966 844 1066 889 ipsae
1092 856 1226 890 quoque
1246 857 1444 890 puerperae
1470 846 1700 879 administratis
1711 846 1740 887 *,
1789 845 1837 878 uti
1860 845 2053 891 pariendo,
2097 844 2144 879 ab

195 878 416 935 -ff‘ggffifissis
442 892 543 936 quasi
574 893 805 927 stabiliantur*
832 895 954 928 Parilia
986 893 1106 944 festam
1147 924 1153 931 .

237 947 313 970 antur

1252 949 1385 992 parilia
1569 976 1577 983 .
1632 976 1639 983 .
1693 973 1701 981 .
1939 975 1946 982 .
1997 975 2006 982 .
2059 946 2141 994 [53]

366 1005 422 1026 um
442 995 475 1027 in
513 1020 520 1027 .
636 1021 643 1029 .
697 1024 704 1031 .
759 1022 765 1028 .
882 1024 890 1032 .
943 1025 950 1031 .
1005 1024 1012 1031 .
1067 1027 1074 1033 .
1251 1024 1259 1032 .
1313 1026 1320 1032 .
1359 999 1538 1033 Publici
1556 996 1946 1045 Augures2eodem
1966 999 2042 1032 iure
2064 1011 2143 1032 cum

366 1046 489 1079 ceteris
513 1046 711 1091 Auguribus
739 1059 805 1081 non
833 1053 954 1082 erant:
989 1061 1071 1083 nam
1100 1062 1177 1083 cum
1206 1055 1316 1084 essent
1337 1052 1508 1097 Augures
1534 1062 1678 1085 numero
1704 1051 1840 1096 plures,
1870 1050 2005 1096 publici
2031 1051 2142 1084 maie-

364 1101 455 1130 state
483 1102 615 1131 ceteros
642 1099 831 1135 anteibant.
858 1101 957 1146 origo
985 1106 1137 1143 vetusta,
1170 1102 1318 1148 ideoque
1345 1103 1514 1137 obscura.-
1548 1103 1638 1137 illud
1664 1102 1908 1148 manifestum,
1935 1103 2043 1136 ductu
2068 1114 2141 1136 sor-

364 1149 403 1181 tis
440 1149 554 1194 deligi
587 1151 721 1192 solitos,
766 1152 825 1197 qui
854 1153 1020 1198 Augures
1049 1153 1184 1198 publici
1216 1155 1254 1189 P.
1285 1155 1331 1190 R.
1361 1155 1547 1202 Quiritium
1583 1155 1617 1188 in
1650 1153 1900 1200 Auguralibus
1931 1154 2141 1188 dicerentur.

369 1199 574 1245 captabant
600 1203 773 1247 auspicia,
812 1205 940 1249 templo
968 1205 1059 1238 caeli
1085 1205 1288 1251 regionibus
1314 1207 1518 1252 designato,
1554 1207 1648 1252 quod
1674 1207 1777 1250 lituo,
1813 1206 1872 1251 qui
1893 1205 2047 1248 Quirinal
2074 1217 2141 1250 ap-

363 1252 538 1295 pellatur,
566 1253 822 1299 designabant,
849 1256 884 1288 in
906 1257 1086 1301 pomoerio
1114 1262 1204 1290 extra
1228 1258 1344 1291 urbem
1398 1285 1405 1293 .
1460 1285 1468 1293 .
1522 1283 1530 1290 .
1585 1283 1592 1291 .
1646 1283 1654 1290 .
1707 1284 1716 1291 .
1769 1283 1777 1291 .
1832 1283 1839 1290 .
2020 1269 2054 1290 es
2076 1257 2142 1291 faci

1106 1309 1224 1344 fecisti.
1282 1311 1412 1343 Picus
1445 1307 1537 1343 rex3
1559 1309 1643 1354 pico
1670 1320 1737 1342 ave
1762 1308 1945 1351 utebatur,
1988 1312 2025 1341 ut
2053 1308 2141 1342 Ver—

363 1354 437 1387 rius
464 1355 525 1397 ait,
569 1356 613 1388 ob
641 1358 853 1401 augurium,
891 1370 914 1391 a
941 1371 1007 1404 quo
1033 1360 1083 1393 sic
1110 1361 1233 1394 dictus.
1269 1361 1299 1394 is
1324 1373 1449 1406 regem
1471 1361 1640 1401 Fatuum,
1684 1361 1836 1395 Faunum
1864 1360 1928 1393 alii
1952 1371 2053 1404 quem
2078 1371 2140 1393 vo-

364 1409 463 1449 cant,
492 1410 523 1439 et
551 1406 700 1440 Fatuam
723 1411 944 1453 procreavit:
972 1416 1004 1444 et
1031 1423 1070 1444 ex
1098 1412 1145 1445 eis
1174 1411 1318 1445 Latinus
1344 1417 1456 1453 ortus,
1489 1412 1657 1445 Troianos
1682 1423 1816 1445 summo
1842 1412 1973 1445 honore
1997 1411 2139 1445 adfecit:

362 1462 398 1490 ut
425 1457 531 1491 etiam
558 1468 677 1492 eorum
710 1471 835 1505 regem
859 1461 1063 1507 fugientem
1089 1464 1241 1508 Argivos
1267 1465 1404 1497 Aenean
1438 1464 1585 1509 hospitio
1616 1464 1784 1509 suscepit,
1828 1463 1927 1496 dedit
1961 1462 2138 1504 civitatem,

361 1509 464 1541 iunxit
490 1513 613 1542 natam
641 1512 817 1546 connubio.
855 1513 1119 1547 Polubrum4
1147 1526 1220 1548 esse
1247 1516 1434 1549 eoeisthnant
1460 1527 1560 1559 quam
1587 1526 1649 1548 nos
1669 1515 1803 1560 pelvim
1828 1525 2012 1556 vocamus,
2042 1514 2139 1548 cuius

362 1560 488 1593 eadem
515 1562 678 1605 formula,
714 1575 800 1606 quae
824 1569 871 1597 est
893 1565 1053 1609 polubri,
1096 1570 1298 1611 teneturque
1324 1579 1430 1600 manu
1456 1567 1606 1607 sinistra,
1643 1571 1678 1599 ut
1705 1567 1774 1600 eius
1800 1565 1999 1611 significatio
2026 1565 2137 1599 docet.

361 1611 487 1645 Patres
514 1613 746 1657 appellantur,
790 1627 829 1648 ex
856 1617 977 1659 quibus
1000 1617 1139 1651 Senatus
1166 1622 1319 1660 constat,
1365 1630 1450 1664 quos
1481 1619 1577 1652 initio
1603 1617 1700 1652 urbis
1725 1617 1882 1652 conditae
1905 1616 2072 1651 Romulus
2099 1616 2138 1650 C.

425 1731 453 1767 1)
475 1729 675 1768 Pullariumfl
702 1733 774 1764 Livi.
797 1735 847 1765 lib.
862 1737 891 1767 9.
924 1737 1065 1776 Auspicia
1087 1738 1231 1766 servanda

362 1780 425 1799 esse
440 1773 587 1810 pullarius
604 1777 735 1805 nunciat.
752 1782 781 1806 et
797 1778 847 1808 lib.
866 1781 912 1810 10.
956 1780 1120 1809 Pullarium
1133 1781 1164 1808 in
1178 1791 1232 1809 au-

363 1814 489 1851 spicium
508 1817 599 1846 mittit
616 1823 670 1849 etc.
715 1819 788 1848 Nam
806 1830 874 1849 cum
893 1822 968 1860 pulli
988 1832 1047 1851 non
1066 1833 1231 1861 pasceren-

363 1859 430 1902 ἴξιν,
465 1859 615 1896 pullarius
643 1862 760 1890 mentiri
792 1873 900 1901 ausus,
932 1869 987 1893 etc.
1031 1865 1127 1894 Valer.
1151 1866 1230 1895 Max.

363 1897 412 1926 hb.
437 1902 462 1929 1.
487 1911 554 1940 cap.
571 1904 600 1933 4.
644 1903 680 1932 Et
699 1905 845 1943 pullarius
866 1916 925 1935 non
951 1908 1031 1936 exire
1055 1909 1154 1947 pullos
1176 1919 1230 1937 ca-

363 1948 417 1967 vea
435 1944 604 1987 nuntiasset.
629 1956 683 1984 pro
702 1947 809 1984 verbo,
833 1950 1034 1987 auspicando,
1059 1951 1139 1988 quod
1158 1961 1231 1990 sup-

367 1980 524 2022 plewnius,
548 1987 680 2024 placeret
699 1991 806 2028 magis,
825 1992 997 2030 auspicandi
1017 1994 1120 2030 gratia.
1151 1995 1228 2024 Ura.

370 2037 416 2068 -.
435 2024 464 2063 2)
488 2025 605 2058 Publici
628 2032 788 2071 augurem]
819 2033 893 2063 Vide
916 2035 947 2063 in
976 2034 1122 2064 Publicus
1145 2047 1227 2075 ager,

365 2067 393 2110 ef
409 2074 439 2091 ln
465 2068 603 2107 Quinque
619 2084 730 2111 genera
748 2077 917 2114 signorum.
947 2078 1095 2107 videndus
1123 2079 1227 2108 Cicero

362 2104 414 2132 hb-
430 2109 457 2137 2.
485 2108 520 2137 de
543 2112 655 2149 legibus
679 2121 709 2145 et
728 2123 813 2146 vetus
835 2119 1007 2159 inscriptio,
1032 2121 1062 2149 in
1086 2131 1144 2159 qua
1170 2127 1225 2151 est.

363 2147 589 2181 EGNATIVS
613 2158 904 2191 FAVENTINVS.
933 2163 968 2191 V.
996 2163 1027 2192 C.
1057 2164 1225 2195 AVGVR.

362 2187 475 2218 PVB.
500 2192 535 2222 P.
550 2196 588 2223 fl.
610 2199 644 2235 Q.
658 2197 812 2233 PATER.
836 2205 904 2235 ET.
928 2205 1149 2236 HIEROCER
1160 2208 1226 2236 YX.

361 2232 404 2259 D.
421 2233 451 2263 S.
469 2232 493 2262 I.
509 2236 551 2264 M.
568 2238 923 2278 ARCHIBVLOCVS.
946 2248 1035 2278 DEI.
1057 2248 1224 2280 LIBERI.

360 2271 471 2304 HIER
477 2275 694 2328 OPJIAJYTA.
728 2287 852 2317 IIECA
857 2289 952 2320 ΤΛΕ.
986 2292 1041 2320 SA
1044 2292 1126 2320 CER
1130 2292 1223 2325 DOS.

361 2313 499 2348 ISIDIS.
544 2321 665 2370 Servius
688 2325 717 2352 in
737 2328 787 2357 lib.
800 2333 825 2360 1.
848 2333 920 2361 Aen.
937 2333 1093 2371 Templum
1111 2335 1225 2364 dicitur

358 2356 442 2406 locus
461 2371 552 2391 manu
572 2363 739 2403 designatus
762 2370 792 2398 in
815 2383 897 2409 aere,
919 2379 985 2412 post
1003 2386 1089 2413 quem
1114 2378 1223 2406 factum

358 2400 439 2430 illico
468 2409 605 2443 captatur
628 2409 793 2445 augurium.
844 2414 927 2444 Idem
948 2417 979 2444 iu
999 2417 1051 2446 lib.
1076 2422 1103 2450 6.
1148 2420 1222 2449 Aen.

359 2441 438 2481 Ager
458 2452 527 2485 post
546 2452 747 2489 pomoerium,
771 2453 820 2482 ubi
844 2458 1052 2496 captabantur,
1089 2462 1223 2499 auguria,

1276 1737 1431 1767 dicebatur
1455 1736 1567 1768 effatus.
1612 1736 1717 1767 Varro.
1748 1736 1825 1766 Hinc
1848 1736 1933 1766 effari
1954 1736 2064 1774 templa
2085 1736 2137 1765 di-

1275 1785 1386 1809 cuntur
1410 1780 1445 1809 ab
1461 1780 1631 1818 auguribus.
1672 1780 1756 1809 Idem
1778 1780 1811 1808 in
1832 1780 1933 1817 Eclog.
1951 1781 1981 1810 9.
2002 1780 2137 1816 Augures

1275 1823 1431 1861 designant
1446 1824 1540 1862 spatia
1556 1823 1647 1860 lituo,
1671 1827 1701 1852 et
1718 1823 1759 1852 eis
1782 1822 1854 1851 daut
1867 1821 2003 1858 uomina,
2026 1826 2060 1850 ut
2075 1821 2137 1860 pri·

1273 1876 1319 1894 ma
1348 1876 1418 1905 pars
1441 1865 1551 1894 dicitur
1572 1866 1687 1904 antica,
1723 1864 1888 1904 posterior,
1918 1864 2042 1903 postica.
2065 1864 2136 1892 item

1272 1919 1287 1937 a
1304 1908 1425 1944 dextra,
1450 1913 1479 1937 et
1501 1908 1630 1937 sinistra.
1678 1908 1723 1937 Ex
1742 1906 1789 1936 his
1814 1906 1909 1936 Servii
1931 1906 2023 1943 locis,
2045 1911 2073 1935 et
2090 1906 2135 1941 iis,

1272 1960 1349 1989 quae
1368 1961 1458 1989 supra
1483 1951 1656 1985 citavimus,
1679 1951 1715 1979 de
1730 1950 1861 1979 Publicis
1878 1949 2044 1987 Auguribus
2058 1948 2136 1977 Festi

1271 1994 1467 2031 fragmentum
1486 1994 1706 2024 resarcivimus.
1741 1993 1819 2022 Urs.
1839 2009 1875 2014 —
1900 1990 1929 2030 3)
1951 1991 2044 2021 Picus
2062 1991 2134 2029 rem]

1272 2036 1345 2065 Vide
1365 2036 1490 2065 Paulum
1505 2036 1537 2064 in
1556 2036 1654 2065 Picus.
1696 2035 1869 2064 Lactantius
1889 2034 1941 2066 lib.
1957 2037 1984 2066 1.
2006 2034 2133 2069 Faunus,

1270 2078 1388 2117 inquit,
1410 2079 1442 2107 in
1463 2079 1563 2116 Latio,
1586 2079 1637 2117 qui
1655 2083 1683 2107 et
1699 2079 1828 2107 Saturno
1850 2087 1907 2106 avo
1923 2076 2034 2106 nefaria
2052 2085 2133 2104 sacra

1271 2121 1442 2158 constituit,
1474 2126 1502 2150 et
1520 2121 1623 2150 Picum
1640 2122 1754 2150 Patrem
1773 2121 1851 2149 inter
1871 2119 1943 2149 deos
1964 2118 2132 2154 honoravit,

1268 2169 1298 2192 et
1318 2174 1450 2193 sororem
1479 2174 1561 2192 suam
1586 2164 1733 2197 Faunum,
1771 2162 1955 2201 eandemque
1981 2161 2132 2198 coniugem

1267 2207 1412 2236 sacravit:
1437 2216 1525 2245 quam
1549 2207 1579 2235 C.
1596 2207 1704 2235 Bassus
1726 2206 1850 2235 Fatuam
1873 2205 2051 2235 nominatum
2071 2206 2132 2231 tra-

1267 2248 1329 2286 dit,
1373 2250 1455 2288 quod
1486 2249 1658 2278 mulieribus
1698 2250 1757 2277 sata
1786 2258 1891 2277 canere
1921 2245 2132 2280 consuevisset,

1266 2296 1300 2320 ut
1323 2292 1443 2321 Faunus
1464 2291 1544 2321 viris.
1595 2292 1720 2330 Reliqua
1749 2301 1808 2320 non
1831 2290 1963 2327 indigent
1984 2289 2130 2325 interpre-

1266 2335 1390 2363 tatione.
1421 2335 1467 2363 Ur
1476 2345 1500 2365 s,
1521 2350 1554 2356 —
1579 2332 1610 2374 4)
1627 2333 1817 2372 Polabram.]
1840 2332 1947 2361 Fabius
1964 2332 2063 2360 Pictor
2076 2327 2127 2356 lib.

1269 2379 1317 2408 16.
1347 2378 1426 2416 apud
1450 2377 1587 2405 Nonium.
1633 2377 1747 2416 Aquam
1769 2375 1921 2410 manibus,
1948 2371 2129 2412 pedibusque

1266 2418 1352 2456 dato,
1374 2419 1535 2459 polubrum
1559 2419 1679 2448 sinistra
1702 2428 1791 2448 manu
1814 2421 1932 2451 teneto,
1956 2415 2058 2460 dextra
2073 2422 2127 2459 vu-

1265 2471 1332 2490 sum
1355 2472 1423 2490 cum
1446 2472 1531 2499 aqua.
1576 2461 1623 2490 Ex
1644 2461 1691 2490 his
1713 2460 1813 2490 verbis
1830 2459 1929 2487 locum
1946 2456 2024 2485 Fesu
2040 2459 2127 2484 resu-
