2263 2668
523 115 587 148 DE
618 114 1003 149 SIGNIFICATioNE
1036 113 1318 150 VERBORUM.
1370 115 1515 153 LIBER
1543 117 1584 151 X.
1949 117 2022 155 471

85 210 178 246 devii,
201 210 252 239 ubi
270 208 295 280 ld
316 208 347 236 in
370 206 382 237 l
403 207 536 244 transiit,
559 212 592 236 ut
615 208 644 236 in
668 206 809 245 lacrima,
832 207 895 237 oleo
917 208 965 245 (ex
981 205 1056 244 ὄζω,
1078 204 1191 245 wado)
1207 206 1309 247 lingua
1326 205 1449 247 (dingua
1467 209 1504 239 cs.
1522 209 1593 238 Mar.
1611 209 1724 239 Victor.
1740 219 1769 248 p.
1782 209 1874 243 2457.
1890 209 2023 250 Putsch.)

84 258 113 283 et
144 263 228 283 >auca
252 263 266 280 a
282 263 317 281 ia.

135 263 145 292 l
244 302 367 331 Leria.
411 301 444 329 In
467 300 646 329 ornamentis
668 300 860 329 muliebribus
883 300 934 339 qui
958 299 1016 328 sint
1038 301 1122 338 λῆροι
1144 300 1174 328 in
1198 299 1400 329 Coniectaneis
1423 300 1499 340 (pag.
1516 304 1581 334 136.
1595 312 1655 340 seq.
1679 300 1733 341 St.)
1756 301 1894 331 diximus.
1918 301 2018 334 Scal,

83 348 186 385 Λῆροι
210 344 346 380 Graecis3
370 342 514 382 Hesych.:
540 345 642 382 Λῆροι
664 341 699 374 τοὶ
721 343 788 382 περὶ
810 346 869 379 τοῖς
890 343 1073 382 γυναικείοις
1095 345 1196 381 χιταῖσι
1217 343 1432 382 κεχρυσωμένα.
1478 345 1537 373 Etsi
1560 355 1621 374 vox
1643 345 1731 374 latius
1753 349 1847 383 patet,
1871 355 1937 373 nam
1958 349 2019 384 χλι-

83 390 175 424 δῶνες
195 398 296 416 omnes
318 386 495 422 muliebres,
519 390 691 414 ornamenta
716 386 829 421 omnia,
854 395 927 424 quae
951 385 1040 422 vulgo
1064 383 1175 414 iocalia
1197 395 1356 422 vocatum,
1384 387 1534 416 veteribus
1558 387 1732 416 dicebantur
1753 387 1855 427 λῆροι,
1878 388 1896 418 i.
1916 398 1940 418 e.
1964 399 2019 416 nu-

81 442 137 470 gae
159 435 188 459 et
210 427 381 470 nugivendi,
413 427 463 467 qui
486 438 519 457 ea
541 428 717 457 vendebant.
762 429 854 459 Plaut.
877 428 942 456 Aul.
966 427 1037 467 (111,
1060 427 1096 464 5,
1120 426 1200 467 51.):

702 478 760 508 Ubi
781 477 950 520 nugivendis
973 489 1016 507 res
1037 475 1134 506 soluta
1157 485 1197 507 est
1220 476 1364 507 omnibus.

83 532 172 561 Dac.
195 531 299 560 Laena
322 530 388 567 alii5
411 539 438 558 v.
459 529 625 565 Pollucem,
651 529 831 568 Hesychium
854 535 882 558 et
903 532 931 561 6.
957 529 1105 568 Epigram.
1131 526 1236 559 Goth.
1267 528 1373 557 Suidas
1395 528 1426 557 in
1449 539 1476 558 v.
1499 532 1598 569 ληρεῖς
1620 529 1692 570 ἔχων
1716 529 1801 560 affert
1824 539 1850 558 v.
1874 532 1960 568 λῆροι
1984 540 2020 561 ex

84 580 183 603 vetere
205 574 296 613 epigr.
319 573 357 601 cf.
380 572 446 601 lntt.
468 571 505 599 ad
529 571 655 610 Hesych.

248 614 430 645 Lesbium.
474 614 633 642 Meminere
658 613 840 650 Athenaeus,
872 613 978 642 Pollux
1001 612 1108 641 etalii.
1154 612 1240 643 Dac.

247 656 432 696 Legimus.
477 656 579 685 Plures
602 657 830 694 significationes
851 659 906 686 τοῦ
927 654 1018 694 legere
1039 665 1067 686 v.
1090 655 1168 693 apud
1192 656 1320 685 Nonium
1344 655 1420 693 (pag.
1434 657 1504 687 331.
1519 666 1576 694 seq.
1597 656 1699 693 Mero.)
1721 655 1750 683 in
1774 654 1889 695 Legere.
1916 653 2019 685 Goth.

87 698 199 730 Oleum.
224 700 322 729 Olera.
346 697 453 727 Idem.
491 696 676 727 Glandemve.
701 699 732 729 V.
756 699 785 727 ff.
809 699 845 727 de
866 698 971 736 glande
993 697 1122 735 legenda.
1168 696 1279 726 Idem.
1447 734 1459 739 ᾖ

246 741 440 771 Lectosia.
488 740 607 779 Dionys.
631 741 682 769 lib.
695 741 716 769 1.
742 738 806 781 (53.
830 752 859 780 p.
871 740 951 781 43.):
981 738 1101 771 Ἔπειτα
1123 736 1206 778 νήσῳ
1229 739 1405 778 προςὲσχον,
1438 740 1456 780 ῄ
1481 738 1613 778 τοῦνομα
1640 740 1804 777 Λευκασία,
1835 737 1894 770 «ind
1917 751 2022 780 γυναι-

85 782 138 819 κὸς
161 780 290 822 οἷνεψιᾶς
313 784 439 814 Αἰνείου
462 780 538 823 πρὸς
560 781 645 814 τόνδε
668 783 721 814 τὸν
742 781 834 814 τόπον
858 781 1086 820 ἀποθανούσης.
1116 783 1280 820 Legendum
1304 782 1392 820 igitur
1415 781 1567 812 Leucosia.
1593 781 1691 812 Fulv.
1720 782 1793 811 Urs.
1831 783 1920 820 Lege:
1944 781 2020 810 Leu-

84 827 173 856 cosia.
218 827 314 855 Insula
338 832 380 854 est
403 826 564 857 Leucaniae
588 826 618 856 in
641 826 707 855 sinu
729 827 882 857 Paestano.
928 825 1015 854 Ovid.
1037 826 1152 856 Metam.
1169 825 1241 861 XV,
1265 823 1374 864 (708.):

613 876 785 917 Evincilque
804 875 930 916 fretum,
965 875 1114 916 Siculique
1134 882 1259 914 angusta
1283 873 1383 903 Pelori

616 917 863 959 Hippotadaeque
884 918 986 948 domos
1009 920 1097 958 regis,
1134 917 1337 957 Themesesque
1359 914 1480 945 metalla

614 961 846 1002 Leucosiamque
864 962 953 1000 petit,
987 960 1131 1001 tepidique
1153 961 1266 989 rosaria
1288 958 1395 990 Paesti.

82 1012 192 1041 Verum
214 1011 287 1040 haec
311 1021 369 1040 non
395 1011 431 1039 ab
456 1012 568 1040 Aeneae
591 1012 786 1048 consobrina,
825 1011 875 1040 sed
900 1023 915 1040 a
939 1012 1079 1041 Leucosia
1103 1012 1238 1040 Sirenum
1261 1020 1317 1038 una
1342 1020 1447 1039 nomen
1471 1009 1579 1045 traxit,
1614 1014 1646 1038 ut
1668 1008 1866 1048 Lycophron,
1902 1009 2019 1044 Strabo,

84 1054 254 1083 Eustathius
277 1055 306 1082 in
332 1054 448 1092 Dionys.
470 1054 600 1092 ·Perieg.,
623 1055 734 1083 Plinius
758 1060 786 1083 et
809 1054 858 1082 alii
881 1059 1038 1083 testantur.
1078 1054 1177 1089 Quare
1201 1053 1356 1090 legendum
1381 1052 1499 1080 omnino
1524 1051 1669 1081 Leucosia
1692 1052 1733 1088 (id
1758 1052 1836 1089 quod
1861 1056 1887 1079 et
1910 1051 2021 1080 doctis-

82 1097 156 1126 simo
180 1098 307 1125 Cantero
331 1097 360 1124 in
385 1101 508 1125 mentem
531 1097 623 1134 venit)
647 1108 683 1125 ex
708 1098 847 1135 Dionysio
872 1097 902 1134 (l.
922 1099 967 1134 c.).
1013 1098 1048 1125 Et
1071 1097 1179 1125 Solin.:
1217 1094 1267 1124 Eae
1295 1094 1470 1125 consobrina
1493 1093 1668 1123 Leucasiam
1691 1093 1825 1123 insulam.
1872 1093 1951 1122 Haec
1974 1093 2019 1122 in-

83 1140 145 1169 sula
168 1140 200 1168 in
222 1139 294 1168 mari
319 1139 402 1167 Ionio
425 1144 453 1167 et
476 1139 549 1167 male
573 1140 629 1168 viri
653 1140 734 1168 docti
757 1150 818 1168 eam
843 1149 909 1168 cum
929 1139 1076 1168 Leucosia
1099 1138 1296 1168 confundunt.
1318 1138 1406 1166 Dac.
1436 1137 1467 1167 V.
1489 1137 1601 1165 Canter*
1618 1138 1646 1168 3.
1669 1136 1779 1165 Novar.
1803 1146 1828 1165 c.
1844 1138 1890 1167 10.
1916 1134 2019 1166 Goth.

246 1181 428 1211 Lictores.
474 1181 668 1210 Scribendum
692 1189 863 1221 apparentes
885 1192 939 1221 pro
960 1189 1101 1220 parentes.
1140 1181 1213 1210 Vide
1236 1181 1265 1208 in
1289 1181 1423 1209 viatores.
1447 1178 1549 1208 Fulv.
1577 1178 1654 1207 Urs.
1699 1178 1757 1207 Alii
1780 1189 1796 1206 a
1818 1178 1941 1214 ligandis
1965 1179 2020 1207 reis

82 1223 178 1252 dictos
192 1224 317 1260 volunt,
339 1233 375 1252 ex
394 1223 445 1251 illo
464 1224 556 1252 Cicer.
574 1234 628 1262 pro
646 1225 677 1253 C.
695 1224 813 1253 Rabirio
830 1226 900 1261 (4.):
925 1223 945 1253 I
964 1223 1051 1252 lictor
1074 1222 1184 1264 colliga
1207 1234 1319 1252 manus.
1349 1222 1422 1250 Vide
1438 1222 1574 1250 Gellium.
1599 1221 1685 1250 Dae.
1711 1220 1795 1249 Adde
1818 1221 1834 1249 l.
1848 1223 1877 1251 8.
1896 1221 1914 1248 l.
1928 1222 1977 1252 23.
1990 1220 2019 1249 ff.

81 1266 118 1295 de
141 1266 324 1295 manumissis
347 1265 486 1294 vindicta.
519 1266 592 1295 Gell.
618 1267 701 1303 (XII,
725 1269 774 1304 3,).
800 1265 904 1295 Goth.
943 1265 1030 1304 Quod
1042 1265 1150 1308 fasces
1172 1267 1318 1305 virgarum
1342 1263 1449 1304 ligatos
1462 1263 1576 1305 ferunt
1618 1264 1692 1292 Hinc
1715 1263 1817 1301 glossis
1841 1263 1926 1292 lictor
1948 1263 2019 1302 ῥαβ-

81 1310 208 1348 δοῦχος,
232 1308 322 1337 lictor
342 1317 473 1336 summus
491 1306 734 1349 ἆρχιραβδοῦχος.
763 1309 785 1337 Δ
803 1309 922 1347 ligando
938 1309 1053 1338 Nonius
1076 1308 1217 1348 (pag.51.
1239 1306 1340 1346 Mero.)
1365 1307 1487 1336 derivat.
1511 1305 1621 1334 Idem.
1653 1305 1797 1335 Parentes.
1821 1307 2020 1344 Apparentes;

81 1361 108 1381 v.
131 1351 210 1380 intra
234 1349 380 1379 Viatores.
424 1349 533 1380 Idem.

243 1392 368 1424 Liber.
414 1392 471 1421 Alii
495 1392 575 1432 quod
598 1394 729 1422 animum
752 1394 830 1423 curis
852 1393 958 1424 liberet
981 1398 1009 1423 et
1033 1393 1183 1423 tristitiom
1205 1393 1305 1433 pellat.
1350 1393 1459 1421 Seneca
1487 1391 1535 1429 (de
1557 1392 1664 1430 Tranq.
1681 1391 1759 1428 15.);
1792 1389 1882 1419 Liber
1904 1400 1961 1419 non
1983 1389 2019 1419 ob

81 1433 228 1464 licentiam
259 1433 376 1475 linguae
406 1433 502 1465 dictus
529 1443 570 1465 est
599 1437 730 1466 inventor
758 1437 834 1474 vini,
873 1435 925 1466 secl
950 1437 1020 1477 quia
1043 1435 1163 1466 liberum
1186 1436 1301 1466 servitio
1325 1446 1461 1464 curarum
1484 1435 1612 1463 animum
1635 1434 1752 1469 asserit,
1791 1440 1974 1472 vegetamque
1995 1439 2021 1461 el

80 1475 253 1506 alacriorem
277 1478 307 1506 in
331 1488 428 1506 omnes
451 1485 573 1507 conatus
585 1478 681 1521 facit.
725 1479 845 1508 Servius
867 1478 918 1518 (ad
941 1480 1047 1517 Georg.
1063 1479 1093 1515 Ι,
1115 1482 1144 1511 7.
1166 1489 1232 1517 pag.
1246 1481 1296 1510 16.
1320 1478 1417 1516 l)an.):
1451 1476 1591 1506 Liberum
1616 1475 1697 1515 quasi
1720 1474 1874 1504 Libasium
1897 1475 2020 1510 dictum,

80 1520 151 1558 quia
172 1519 286 1548 Graece
308 1521 392 1559 λοίβη
415 1519 527 1549 dicitur
548 1531 596 1549 res
620 1521 729 1550 divina.
766 1521 823 1549 Alii
846 1522 946 1557 aliter,
968 1521 1020 1549 sed
1042 1522 1127 1549 unice
1148 1522 1245 1559 placet
1268 1519 1432 1550 doctissimi
1454 1518 1594 1548 Bocharti
1617 1518 1771 1548 sententia.
1802 1518 1911 1556 Nempe
1936 1517 2020 1545 Libe-

80 1571 146 1591 rum
175 1561 321 1590 Bacchum
349 1562 409 1590 dici
438 1562 571 1591 Hebraea
599 1562 698 1601 phrasi
722 1573 780 1601 qua
809 1562 904 1592 horim
932 1567 1077 1591 vocantur
1106 1563 1256 1601 principes
1278 1562 1297 1590 i.
1317 1572 1341 1591 e.
1364 1561 1461 1591 liberi.
1506 1562 1555 1589 Sic
1580 1561 1745 1590 Ecclesiast.
1763 1562 1818 1596 10,
1846 1563 1909 1590 17.:
1947 1558 1974 1588 Ο
1995 1566 2021 1588 ie

81 1603 194 1632 beatam
217 1605 374 1644 regionem,
410 1605 492 1632 cuius
514 1615 568 1633 reae
590 1612 631 1633 est
642 1603 732 1645 filius
753 1604 846 1633 horim
869 1603 1041 1641 liberorum,
1078 1604 1097 1634 i.
1115 1615 1140 1635 e.
1164 1603 1326 1644 praeclaris
1356 1607 1441 1632 ortus
1471 1603 1643 1642 parentibus
1667 1608 1696 1632 et
1719 1603 1754 1631 ab
1777 1602 1835 1630 illis
1858 1601 2019 1630 liberaliter

81 1646 244 1675 institutus.
289 1646 384 1684 Atque
406 1646 446 1674 ita
469 1646 660 1676 nominantur
683 1647 839 1685 Babylonii
862 1647 1012 1686 principes
1035 1647 1081 1676 Es.
1099 1647 1157 1683 34,
1184 1650 1249 1683 l2.‚
1273 1646 1324 1674 ubi
1348 1645 1513 1674 Chaldaeus
1536 1645 1624 1674 habet
1647 1644 1714 1674 bene
1736 1644 1828 1673 horim
1850 1644 1926 1672 filios
1950 1643 2020 1672 libe—

81 1698 183 1718 rorum
207 1698 259 1716 seu
281 1687 416 1717 heroum.
461 1688 532 1716 Inde
560 1689 635 1717 enim
658 1689 782 1718 heroum
805 1699 926 1719 nomen:
962 1695 996 1718 ut
1018 1699 1077 1718 non
1099 1689 1247 1719 immerito
1269 1688 1445 1717 Nimrodum
1467 1687 1636 1717 Methodius
1660 1687 1789 1726 appellet
1811 1684 1942 1724 ἀδελφὸν
1963 1688 2021 1716 τῶν

80 1728 198 1769 ἡρώων.
220 1729 311 1761 Dac.
348 1730 583 1769 Perstringamus
605 1730 654 1760 hic
675 1732 779 1771 paucis
803 1732 899 1760 omnia
922 1732 977 1761 ista
1001 1731 1162 1768 vocabula,
1186 1741 1262 1770 quae
1285 1729 1358 1760 liber
1380 1735 1487 1759 sonant
1511 1735 1539 1759 et
1562 1730 1706 1760 similiter.
1744 1730 1781 1758 Et
1802 1729 1931 1768 primum
1954 1729 2021 1767 qui-

81 1773 149 1802 dem
171 1771 259 1809 liber,
291 1773 453 1811 penultima
478 1774 642 1812 producta,
678 1785 737 1803 non
760 1774 883 1802 dubium
906 1779 966 1812 est,
1004 1774 1074 1813 quin
1098 1774 1133 1803 ab
1158 1771 1314 1811 ἐλεύθερος
1337 1773 1508 1811 descendat,
1546 1773 1594 1801 vel
1618 1772 1716 1810 potius
1739 1781 1807 1800 cum
1829 1771 1886 1800 hoc
1908 1771 1946 1799 sit
1969 1781 2020 1799 co-

81 1819 211 1854 gnatum.
256 1815 328 1845 Nam
350 1820 384 1844 ut
405 1815 440 1844 ab
463 1814 611 1856 ἐρυθρός,
641 1816 741 1854 ruber,
774 1817 816 1845 sic
840 1817 875 1846 ab
897 1815 1071 1856 ἐλεύθερος,
1102 1815 1183 1846 liber.
1229 1816 1307 1845 lllud
1332 1816 1428 1855 ipsum
1452 1820 1549 1845 auten]
1573 1813 1727 1850 ἐλεύθερος
1749 1813 1901 1843 descendit
1922 1824 1937 1841 a
1960 1810 2020 1843 λύω

81 1859 186 1894 solvo,
208 1861 242 1885 ut
263 1856 337 1886 liber
359 1868 375 1886 a
396 1859 545 1887 Sanscrita
568 1868 642 1887 voce
663 1858 711 1895 li,
743 1860 844 1896 solvo,
875 1859 953 1890 unde
977 1861 1063 1888 etiam
1088 1857 1153 1895 luo,
1183 1857 1243 1896 leo,
1273 1857 1350 1895 levo,
1378 1856 1450 1888 λύω
1475 1857 1614 1888 derivata.
1661 1858 1761 1895 ltaque
1783 1860 1907 1896 apparet
1928 1854 2019 1888 Deum

82 1899 238 1935 Liberum,
261 1898 399 1928 Liberum
419 1908 532 1939 patrem
555 1901 670 1930 nullum
694 1911 772 1938 esse,
796 1902 853 1931 nisi
876 1901 1074 1938 liberatorem,
1104 1905 1224 1938 λυαῖον,
1254 1902 1339 1930 cuius
1363 1901 1495 1930 Graecae
1518 1900 1602 1928 vocis
1626 1899 1728 1928 Latina
1751 1903 1793 1927 est
1815 1897 2019 1936 interpretatio

81 1941 180 1971 Liber.
224 1941 303 1971 [dem
326 1942 505 1972 vocabulum
530 1948 574 1973 est
596 1942 696 1980 liberi,
727 1945 758 1975 οἵ
777 1946 896 1981 παῖδες,
927 1945 980 1983 qui
1002 1944 1124 1983 proprie
1147 1949 1216 1974 sunt
1238 1941 1406 1982 ἐλεύθεροι,
1438 1942 1547 1982 quibus
1570 1946 1765 1981 opponuntur
1785 1940 1865 1969 servi.
1911 1939 2018 1968 Contra

81 1983 170 2022 liber,
193 1984 357 2023 penultima
380 1990 534 2024 correpta,
558 1986 711 2016 descendit
732 1997 748 2015 a
769 1988 881 2016 Graeca
904 1997 975 2016 voce
998 1987 1098 2023 λέπος,
1121 1986 1139 2014 i.
1158 1997 1181 2015 e.
1206 1984 1329 2024 φλοιός,
1353 1986 1401 2014 cui
1426 1990 1549 2024 cognata
1573 1990 1657 2014 sunt:
1678 1982 1794 2023 glaber,
1814 1979 1931 2020 ὅῖῑῑόθν,
1952 1979 2018 2021 32¹¹·

81 2026 159 2063 bere,
183 2031 212 2055 et
230 2025 361 2066 glubare.
406 2028 439 2056 In
461 2027 518 2057 hoc
541 2028 633 2066 igitur
657 2033 806 2067 postremo
829 2029 991 2064 vocabulo,
1024 2033 1058 2057 ut
1080 2039 1166 2067 saepe
1189 2028 1463 2065 animadvertimus,
1491 2038 1557 2056 cum
1581 2027 1729 2056 vocalium
1752 2023 1951 2054 demutatione
1974 2024 2019 2052 in-

81 2069 212 2098 flectitur
235 2069 367 2108 paullum
388 2070 489 2099 notio:
510 2069 627 2109 glaber,
654 2069 743 2108 liber,
765 2070 881 2111 glaber,
901 2070 1027 2110 glubere.
1072 2072 1223 2100 Praeterea
1248 2071 1535 2100 commemorandum
1560 2074 1605 2099 est
1627 2079 1654 2098 v.
1677 2066 1769 2103 libra,
1793 2065 1872 2104 quod
1895 2076 2018 2105 respon-

81 2111 130 2140 det
153 2112 267 2141 Graeco
289 2112 388 2151 λίτρα;
421 2117 450 2141 et
472 2112 721 2151 quemadmodum
745 2124 783 2143 ex
807 2115 918 2143 Graeco
939 2111 1030 2153 λυτήρ
1054 2114 1164 2142 sactum
1189 2124 1250 2143 esse
1271 2114 1391 2143 videtur
1413 2112 1519 2150 Liber,
1551 2112 1600 2142 vel
1622 2110 1737 2150 potius,
1768 2108 2017 2147 quemadmodum

80 2152 173 2194 λυτήρ
203 2158 232 2183 et
254 2152 345 2183 Liber
372 2154 427 2183 sibi
457 2155 653 2194 respondent,
691 2156 733 2184 sic
763 2161 886 2194 cognata
910 2146 985 2185 isunt
1014 2166 1062 2184 vv.
1085 2155 1163 2185 libra
1185 2161 1213 2184 et
1235 2157 1325 2195 λίτρα.
1371 2157 1422 2186 Est
1451 2160 1546 2184 nutem
1575 2154 1658 2194 λίτρα
1685 2156 1765 2183 recta
1796 2151 1976 2180 descendens
2002 2161 2015 2178 ³

80 2197 232 2226 Sanscrito
256 2194 293 2233 li,
331 2197 412 2235 quod
434 2196 543 2226 solvere
564 2203 660 2234 notat,
698 2198 776 2227 unde
798 2197 868 2228 lits-a
891 2197 964 2227 nihil
988 2199 1068 2228 aliud
1092 2203 1136 2228 est
1157 2199 1214 2228 nisi
1236 2198 1341 2236 litura,
1379 2198 1408 2227 h.
1429 2209 1454 2228 e.
1481 2198 1629 2232 solutura,
1670 2193 1796 2230 solutio,
1835 2193 2015 2229 Bezablung,

80 2249 155 2278 quae
178 2243 222 2268 est
244 2238 344 2268 nativa
367 2239 537 2278 significatio
560 2240 699 2269 vocabuli
721 2239 806 2270 libra.
843 2242 936 2270 Porro
960 2239 1087 2278 Libido,
1112 2240 1197 2277 libet,
1221 2240 1372 2278 Libitina,
1397 2240 1578 2270 descendunt
1601 2249 1616 2267 a
1641 2237 1790 2267 Sanscrita
1813 2236 1914 2265 radice
1936 2234 2012 2267 Zublz,

80 2291 155 2320 quae
178 2281 300 2311 denotat
322 2292 438 2321 cupere,
461 2280 640 2319 desiderare,
663 2293 754 2322 quare
776 2283 954 2321 intelligitur
975 2283 1100 2321 rectius,
1124 2284 1226 2313 saltem
1251 2284 1418 2322 antiquius,
1442 2282 1532 2312 scribi
1553 2279 1671 2318 lubido,
1694 2279 1788 2316 lubet,
1813 2284 1867 2308 cet.

244 2324 376 2353 Limis.
419 2324 533 2354 Limus.
567 2325 645 2355 Bene
668 2336 726 2354 non
749 2323 837 2355 limis.
869 2326 1033 2365 Obliquus,
1056 2331 1250 2355 transversus,
1278 2327 1395 2357 Terent.
1421 2325 1507 2366 (Eun.
1523 2324 1577 2361 ΙΙΙ,
1601 2324 1637 2361 5,
1660 2321 1742 2363 53.):
1766 2319 1828 2360 Ego
1852 2319 1928 2350 limis
1950 2327 2012 2355 spe-

81 2372 136 2395 ero.
168 2365 352 2395 Subauditur
374 2365 476 2397 oculis.
506 2366 601 2396 Limia
623 2367 716 2397 oculis
737 2367 754 2400 i.
773 2378 797 2398 e.
820 2368 964 2408 obliquiS,
987 2374 1154 2400 transversa
1177 2369 1338 2401 tuentibus.
1361 2368 1448 2401 Dae.
1479 2367 1511 2398 V.
1530 2366 1679 2406 Hyginum
1703 2370 1731 2395 et
1754 2365 1828 2393 Non.
1851 2363 1925 2400 (pag.
1942 2359 2008 2390 133.
