2263 2668
216 178 292 213 468
644 177 987 211 COMMENTARII
1012 178 1059 211 ΙΝ
1085 179 1226 213 PAULI
1252 182 1447 217 DtACONI
1473 184 1726 217 EXCERPTA

381 269 493 310 Infra
516 267 680 297 classem.
711 270 776 298 Non
801 270 921 298 dubium
945 275 1002 306 est,
1027 270 1098 308 quin
1121 272 1262 310 loquatur
1285 274 1320 303 de
1343 275 1436 303 classe
1460 276 1572 314 prima,
1595 276 1625 304 in
1650 286 1706 314 qua
1731 276 1926 305 censebantur
1947 277 1985 313 ii,
2009 278 2060 316 qui
2083 289 2153 307 cen-

219 320 279 343 tum
302 313 392 341 millia
415 310 489 339 aeris
513 315 563 338 aut
584 321 672 348 supra
695 321 757 340 eam
781 322 924 340 summam
947 313 1135 351 possidebant
1157 325 1192 343 ex
1217 317 1336 355 Dionys.
1362 323 1390 345 et
1414 318 1507 347 Livio.
1551 319 1663 346 Plinius
1686 323 1784 346 tamen
1809 319 1884 354 CX„
1917 319 1973 346 nisi
1994 320 2153 349 mendosus

219 358 295 385 liber
317 356 368 390 sit,
392 352 508 390 scripsit
530 353 580 383 lib.
594 354 734 384 XXXIII.
759 358 864 394 cap.3.
890 356 1032 383 Asconius
1055 361 1170 385 centum
1195 359 1284 387 millia
1308 360 1512 389 sestertiorum
1536 361 1586 388 lib.
1600 361 1649 389 Ill.
1671 361 1702 388 in
1726 361 1806 388 Verr.
1831 362 1871 398 (p.
1886 363 1935 393 98.
1960 362 2062 399 Lugd.)
2081 363 2153 391 Gel—

219 399 276 427 lius
297 396 427 430 CXXV„
451 394 541 421 millia
565 396 639 423 aeris
662 396 711 424 lib.
727 397 788 427 vlt.
814 399 920 433 c.13.,
944 398 1048 426 festus
1065 400 1155 429 CXX.
1195 401 1273 429 Haec
1296 402 1335 429 ita
1360 403 1439 430 varie
1464 403 1637 439 traduntur,
1661 403 1707 431 vel
1732 403 1800 440 quia
1824 405 1976 431 immutata
2001 409 2043 432 est
2067 405 2154 433 aesti-

220 441 325 474 matio,
353 437 400 465 vel
422 437 491 474 quia
515 447 705 467 numerorum
729 446 812 468 notas
835 440 946 468 librarii
971 441 1051 469 varie
1073 441 1257 481 interpretati
1281 449 1356 472 sunt.
1381 445 1468 475 Ani.
1486 445 1581 484 Aug.
1620 447 1660 474 De
1683 445 1777 484 prima
1800 446 1891 473 classe
1914 445 1961 473 hic
1984 446 2087 474 Festus
2109 447 2155 475 lo-

220 484 334 519 quitur,
357 481 386 507 in
411 489 467 516 qua
492 480 688 509 censebantur
710 481 746 518 ii,
770 483 819 520 qui
844 487 961 511 centum
985 484 1088 521 viginti
1111 485 1218 522 millia,
1242 487 1304 523 vel,
1330 491 1361 515 ut
1384 487 1472 516 habet
1491 488 1619 525 Gellius,
1644 493 1763 516 centum
1785 487 1888 526 viginti
1912 488 2041 527 quinque
2064 488 2154 517 millia

221 524 295 552 aeris
317 521 517 561 possidebant.
560 522 648 552 Dac.

381 562 422 591 In
432 571 462 592 ie
471 576 484 591 r
495 575 510 592 c
518 576 535 592 u
545 572 554 591 t
563 566 589 593 it
599 578 616 593 u
624 577 646 594 s.
691 566 765 595 Vide
789 565 868 595 Inter
890 574 982 596 cutem
994 568 1163 608 flagitato-5.

382 604 424 634 In
434 604 546 634 licita
556 614 590 635 io
599 619 621 635 r.
664 608 761 637 Liceri
783 614 810 637 et
833 610 940 638 licitari
965 615 1007 639 est
1030 611 1137 640 licente
1160 612 1259 651 aliquo
1282 623 1372 652 supra
1396 613 1525 643 adiicere
1533 636 1540 650 ‚
1572 614 1715 651 encherir,
1742 614 1822 643 unde
1844 613 2007 644 inlicitator
2030 619 2155 653 emptor.

220 649 307 678 Dae.
356 647 438 676 Adde
461 649 535 676 infra
560 649 693 679 Licitati.
740 650 846 680 Goth.

381 689 605 731 Infibulaii.
648 693 760 722 Fibulis
782 700 878 723 vestes
901 694 1035 724 subnexi.
1061 695 1146 726 Dac.
1196 696 1357 737 Flamines‚·
1380 698 1557 728 sacerdotes,
1605 696 1712 728 Goth.

384 731 633 764 Immussulus.
680 736 753 765 Vide
775 735 960 766 Immusulus.

383 773 611 805 Inar-culum.
654 777 729 806 Vide
758 778 790 807 A.
816 780 888 808 Gell.
907 780 957 810 lib.
970 781 1008 810 X.
1032 791 1097 821 cap.
1113 783 1162 813 15.
1209 782 1336 810 Verbum
1366 784 1539 822 sacrificans
1567 782 1639 811 mihi
1667 788 1835 821 suspectum
1865 787 1918 814 est.
1948 781 2051 812 Fulv.
2079 782 2155 811 Urs.

221 816 360 845 Serviane
384 816 556 854 Fragmenta
582 819 633 857 (ad
657 821 726 849 Aen.
742 822 797 858 IV,
825 824 892 853 137.
915 833 942 861 p.
956 825 1027 855 333.
1054 825 1156 863 l)an.):
1194 823 1340 853 Arculum
1364 832 1405 853 est
1426 826 1509 864 virga
1532 836 1572 854 ex
1594 824 1674 854 malo
1697 825 1809 854 Punica
1830 826 2001 862 incurvata,
2030 836 2103 865 quae
2119 825 2157 864 fit

221 859 306 899 quasi
329 869 453 894 corona,
489 867 515 888 et
535 861 595 888 ima
617 873 786 904 summaque
807 865 880 893 inter
901 877 930 893 se
952 865 1094 905 alligatur
1115 865 1232 895 vinculo
1256 866 1340 896 laneo
1363 866 1450 903 albo,
1484 879 1572 907 quam
1595 868 1624 896 in
1648 869 1803 907 sacrificiis
1825 868 1908 896 certis
1930 868 2028 907 regina
2050 867 2080 896 in
2103 878 2157 896 ca-

218 901 278 941 pite
297 900 440 929 habebat.-
463 901 631 932 Flaminica
653 913 746 934 autem
771 906 868 935 Dialis
892 909 972 936 omni
992 910 1208 948 sacrficatione
1229 910 1273 938 uti
1295 908 1425 939 debebat.
1471 910 1598 938 Gellius:
1626 909 1751 939 Eaedem
1763 910 1863 951 ferme
1884 910 2061 939 ceremoniae
2081 916 2157 947 sunt,

220 954 294 983 quas
314 941 496 972 Flaminicas
517 945 716 976 sacerdotulas
740 948 841 977 Diales
863 961 988 978 seorsum
1011 952 1094 980 aiunt
1117 951 1305 989 observiiare,
1327 951 1416 980 velun·
1438 960 1496 982 est:
1522 951 1609 990 Quod
1631 960 1767 981 venenam
1791 952 1925 992 operitur.
1964 951 2002 980 Et
2024 950 2104 999 quod
2126 952 2157 980 in

221 986 284 1014 rica
306 985 454 1014 surculum
478 987 513 1015 de
534 987 638 1017 arbore
658 989 765 1030 siliqua
788 990 883 1021 habet.
912 992 946 1020 In
970 993 1077 1031 quibus
1100 1004 1158 1022 non
1182 994 1217 1022 de
1240 994 1349 1023 Punica
1372 995 1468 1032 malo,
1491 995 1543 1023 sed
1567 995 1603 1024 de
1625 996 1729 1033 siliqua
1753 995 1857 1023 arbore
1878 993 1941 1024 fieri
1963 994 2157 1034 praecipitur,

222 1028 354 1066 quamvis
378 1028 426 1056 alii
450 1029 529 1057 felici
552 1031 657 1060 arbore
680 1033 787 1070 legant.
835 1034 874 1062 De
897 1040 1039 1063 venenato
1063 1037 1149 1065 etiam
1173 1037 1293 1065 Servius
1316 1037 1344 1065 in
1366 1037 1470 1065 iisdem
1494 1037 1689 1066 membranis:
1725 1037 1827 1065 Vetere
1849 1038 2074 1066 ceremoniarum
2097 1037 2158 1064 iure

219 1077 403 1109 praeceptum
426 1079 484 1107 est,
523 1080 554 1100 ut
574 1072 742 1104 Flaminica
769 1084 907 1105 venenato
937 1086 1036 1117 operia
1066 1080 1111 1107 sit.
1154 1079 1234 1106 Idem
1265 1080 1350 1108 etiam
1380 1080 1438 1107 ait:
1473 1079 1670 1109 Flaminicam
1691 1080 1870 1118 praecipitur
1892 1078 1995 1108 habere
2014 1077 2157 1113 arculam,

221 1113 331 1148 ricam,
360 1122 544 1151 venenatum,
565 1115 705 1155 fibulam.
750 1119 889 1156 Sequitur
912 1120 989 1158 apud
1014 1121 1158 1149 Gellium:
1194 1121 1230 1149 Et
1253 1121 1333 1161 quod
1355 1121 1468 1158 scalas,
1498 1133 1572 1162 quae
1597 1121 1706 1151 Graece
1727 1123 1864 1160 κλίμακες
1884 1120 2085 1161 appellantur,
2109 1131 2158 1148 eas

221 1153 374 1183 ascendere
396 1156 421 1184 ei
440 1155 508 1195 plus
530 1157 622 1186 tribus
640 1159 784 1198 gradibus
808 1160 971 1200 religiosum
995 1170 1043 1191 est.
1089 1165 1176 1201 Lege:
1212 1163 1249 1192 Et
1271 1163 1352 1204 quorl
1372 1163 1490 1201 scalas,
1524 1165 1581 1192 nisi
1607 1176 1680 1203 quae
1705 1162 1812 1193 Graece
1840 1162 2035 1203 appellantur.
2079 1162 2157 1191 Idem

221 1197 341 1225 Servius
365 1197 421 1226 alio
445 1199 527 1227 loco:
555 1201 650 1239 Apud
672 1209 775 1231 veieres
798 1202 991 1233 Flaminicam
1015 1205 1111 1234 scalas
1131 1205 1199 1245 plus
1222 1205 1314 1234 tribus
1332 1205 1492 1245 gradibus,
1517 1207 1573 1234 nisi
1595 1205 1723 1235 Graecas
1743 1204 1880 1235 scandere
1902 1216 1959 1234 non
1982 1204 2103 1242 licebat,
2125 1215 2160 1233 ne

221 1237 284 1268 ulla
304 1250 375 1278 pars
394 1240 499 1279 pedum
523 1243 582 1270 eius
605 1254 754 1273 crurumve
775 1244 871 1274 subter
890 1248 1116 1286 conspiceretur,
1140 1259 1228 1288 eoque
1250 1260 1301 1277 nec
1320 1248 1454 1287 pluribus
1473 1247 1633 1287 gradibus,
1656 1248 1706 1277 sed
1729 1248 1836 1285 tribus,
1861 1255 1892 1277 ut
1915 1249 1944 1276 in
1959 1259 2078 1277 ascensu
2101 1245 2159 1297 clu-

219 1279 311 1320 plices
333 1283 412 1311 nisus
435 1294 492 1312 non
510 1292 676 1322 paterentur
697 1286 806 1316 extolli
827 1296 944 1325 vestem,
980 1297 1030 1317 aut
1054 1289 1160 1319 nudari
1182 1302 1277 1320 crura.
1322 1290 1400 1319 Nam
1426 1289 1491 1319 ideo
1513 1298 1539 1318 et
1565 1289 1693 1320 Graecae
1713 1290 1813 1319 scalae
1835 1289 1989 1327 dicuntur,
2023 1290 2094 1330 quia
2115 1296 2159 1318 ita

217 1322 426 1363 fabricantur,
450 1333 480 1354 ut
503 1328 583 1355 omni
604 1339 642 1356 ex
663 1337 747 1367 parte
769 1332 938 1369 compagine
960 1331 1124 1360 tabularum
1150 1331 1267 1361 clausae
1288 1334 1362 1368 sint,
1386 1344 1420 1360 ne
1442 1339 1589 1371 aspectum
1613 1332 1653 1360 acl
1676 1334 1807 1371 corporis
1829 1332 1961 1373 aliquam
1975 1339 2089 1372 partem
2106 1329 2160 1379 ‘ul‘

220 1366 346 1395 minant.
391 1367 461 1397 Hoc
485 1369 631 1407 egregium
656 1372 751 1400 Servii
774 1373 985 1409 fragmentum,
1019 1380 1053 1402 ut
1076 1379 1103 1402 et
1125 1375 1195 1403 alias
1219 1375 1281 1403 eius
1306 1375 1496 1403 Grammatici
1518 1375 1674 1411 reliquias,
1708 1375 1848 1403 debemus
1871 1375 1983 1412 optimo
2006 1379 2034 1402 et
2056 1373 2160 1402 erudi—

220 1408 335 1437 tissime
359 1411 453 1438 amico
476 1416 578 1440 nostro
601 1413 632 1440 P.
655 1414 784 1450 Danieli,
809 1416 830 1442 Ι.
855 1417 902 1451 (3.,
927 1427 961 1444 ex
986 1418 1070 1444 cuius
1093 1417 1152 1444 loci
1175 1418 1320 1445 sententia
1342 1418 1380 1445 ita
1408 1417 1504 1445 locum
1529 1417 1632 1450 Gellii,
1662 1417 1713 1454 qui
1735 1427 1851 1456 semper
1873 1417 1985 1454 alioqui
2007 1425 2159 1454 nunquam

221 1461 279 1478 non
304 1451 375 1479 mihi
398 1459 553 1491 suspectus
575 1455 649 1492 suit,
674 1457 838 1487 emendavi.
865 1457 968 1487 Scal.
1013 1459 1134 1487 Servius
1158 1459 1195 1487 ad
1218 1460 1265 1488 IV.
1288 1460 1330 1496 (V.
1347 1461 1427 1496 137.)
1451 1458 1571 1487 Aeneid.
1619 1459 1704 1488 Dac.
2077 1501 2083 1506 .

385 1493 549 1534 Iniuges.
595 1497 732 1527 Nondum
764 1499 864 1536 iugum
897 1501 985 1538 passi.
1032 1502 1142 1532 Gloss.:
1182 1500 1276 1531 Iniusz·
1305 1501 1372 1537 bos,
1411 1500 1539 1529 nondum
1568 1502 1636 1540 iugo
1665 1502 1788 1531 iunctus.
1833 1501 1881 1529 Sic
1908 1500 2019 1529 hostiae
2039 1501 2159 1538 inunges,

220 1545 295 1573 quae
318 1547 469 1575 nunquam
493 1538 621 1567 domitae
644 1551 678 1568 ac
700 1542 769 1579 iugo
791 1543 937 1572 subactae.
967 1544 1098 1572 Macrob.
1122 1545 1197 1581 (Sat.
1215 1544 1271 1580 llI,
1296 1544 1351 1580 5.).
1385 1543 1459 1572 Vide
1482 1543 1608 1572 Nonium
1633 1542 1674 1582 (p.
1688 1546 1760 1574 560.
1785 1544 1896 1583 Merc.).
1925 1541 2049 1581 Iniuges.
2072 1541 2159 1570 Dac.

220 1577 302 1607 Adde
322 1579 397 1607 infra
421 1578 514 1619 luges.
561 1580 664 1612 Goth.

382 1628 572 1661 Insanum.
615 1633 712 1662 Plaut.
736 1634 766 1662 in
789 1635 916 1663 Mostell.
941 1635 1008 1674 (Ill,
1031 1638 1066 1673 3,
1089 1635 1146 1675 5.):

674 1683 868 1722 Quoiusmodi
886 1686 1090 1726 gynaeceum?
1119 1685 1191 1727 quid
1211 1685 1383 1727 porticum?
1412 1687 1545 1716 insanum
1570 1686 1684 1716 bonam.

221 1729 304 1759 Ant.
328 1731 423 1770 Aug.
469 1733 542 1771 Lege
573 1744 640 1763 cum
669 1735 786 1774 Lipsio:
826 1735 967 1766 Insanum
997 1749 1134 1777 magnum
1164 1748 1220 1777 pro
1250 1736 1336 1766 valde
1364 1750 1510 1777 magnum.
1556 1739 1627 1767 Nam
1656 1737 1778 1776 respicit
1806 1738 1904 1766 locum
1932 1736 2029 1765 Plauti
2051 1733 2160 1763 Bacch.

221 1772 285 1808 (iv,
310 1774 342 1810 5,
368 1777 394 1805 1.
418 1785 424 1802 :

396 1773 410 1811 )
669 1818 808 1849 Insanum
831 1832 968 1860 magnum
992 1821 1098 1852 molior
1121 1823 1276 1862 negotium.

225 1864 342 1902 Alioqui
371 1867 507 1897 insanum
537 1869 610 1898 nihil
642 1871 723 1899 aliud
753 1876 798 1900 est
827 1882 915 1909 quam
943 1872 1038 1902 valde.
1084 1875 1131 1902 Sic
1160 1874 1240 1913 apud
1266 1874 1394 1902 Graecos
1416 1870 1554 1911 μανικόν.
1582 1873 1636 1901 Da
1647 1885 1671 1903 c.
1717 1872 1799 1901 Adde
1822 1877 1850 1900 et
1873 1872 1977 1900 confer
2001 1870 2072 1899 huic
2094 1870 2161 1898 loco

226 1905 347 1935 Nonium
370 1911 546 1950 (pag.127.)
568 1913 597 1941 in
620 1913 770 1942 Insanum.
819 1913 922 1943 Goth.

384 1958 489 1990 Ircei.
532 1962 595 1991 Imo
618 1964 726 2000 ircens,
751 1970 784 1993 ut
807 1965 892 1993 infra.
937 1966 1039 2004 Neque
1062 1967 1168 1994 iterum
1193 1966 1363 2005 ponendum
1387 1972 1458 1995 erat.
1485 1965 1587 1995 Scal.
1633 1965 1678 1994 Ab
1701 1965 1814 2001 hircus,
1843 1963 1956 1994 hirceus
1977 1964 2040 1993 sive
2060 1963 2162 1999 irceus,

224 2005 313 2033 genus
335 1998 492 2030 farciminis
515 2014 549 2032 ex
573 2004 688 2034 hircino
712 2008 863 2043 sanguine.
886 2007 975 2038 Dac.
1019 2009 1155 2037 Fortasse
1179 2009 1351 2046 legendum:
1383 2007 1490 2043 Isicia,
1522 2013 1555 2037 ut
1578 2019 1623 2046 ap.
1649 2008 1753 2038 Isidor.
1768 2008 1835 2035 XX.
1859 2017 1923 2046 cap.
1936 2009 1966 2038 2.
2013 2004 2118 2035 Goth.

385 2040 606 2077 Incalaiive.
652 2049 724 2077 Vide
748 2048 916 2078 Incalanio.
2106 2090 2111 2095 ι

386 2080 648 2123 Indigitanio:
682 2092 930 2129 imprecante.
975 2093 1019 2121 Ab
1043 2092 1142 2121 indico
1166 2091 1307 2129 indicito,
1344 2091 1489 2131 indigiio,
1528 2093 1563 2120 ad
1588 2093 1713 2130 digitum
1738 2091 1877 2127 ostendo,
1912 2101 2002 2127 voco,
2033 2099 2161 2124 nomino,

224 2132 331 2150 nomen
354 2123 460 2159 laude,
483 2128 558 2155 unde
581 2132 666 2160 etiam
690 2133 831 2172 indigito‚
854 2135 1018 2172 imprecor,
1040 2136 1160 2164 invoco.
1205 2135 1336 2163 Mam-ob.
1359 2135 1447 2166 lib,1.
1470 2137 1529 2163 Sat.
1555 2145 1618 2174 cap.
1637 2138 1700 2166 17.:
1726 2134 1861 2174 Namque
1882 2134 2007 2172 virgines
2031 2129 2162 2161 Vestales

224 2165 266 2192 ita
289 2163 464 2204 indigitant,
493 2169 606 2206 Apollo
628 2176 749 2210 musice,
772 2175 887 2215 Apollo
908 2188 1014 2215 paean.
1038 2177 1128 2207 Dae.
1162 2178 1387 2214 Indignitando,
1411 2177 1609 2216 imprecando.
1635 2175 1739 2207 Goth.
1779 2177 1863 2205 Adde
1887 2174 2013 2215 Indiges.
2123 2216 2129 2222 ι
2155 2216 2160 2221 .

386 2205 578 2239 Inlicium.
623 2212 772 2246 Colliciae.
811 2219 832 2245 Α
858 2219 1048 2249 conficiendo.
1079 2221 1191 2248 Plinius
1217 2219 1359 2249 collicias
1381 2225 1470 2248 vocat
1493 2221 1591 2248 sulcos
1614 2220 1675 2255 agri
1701 2220 1853 2257 aquarios,
1877 2228 1952 2257 quos
1976 2216 2071 2247 Elices
2093 2215 2162 2245 alibi

224 2252 313 2275 V⁰C³t
334 2248 447 2278 Festus·
486 2251 519 2278 ΙΙ]
543 2252 597 2280 fine
621 2265 674 2291 pro
697 2258 724 2284 in
747 2270 798 2287 vas
822 2260 881 2297 lege
903 2262 932 2289 in
955 2263 1027 2291 vias.
1050 2261 1137 2293 Dac.
1178 2262 1312 2291 Collicia.
1338 2263 1370 2290 V.
1403 2262 1486 2291 Adde
1509 2273 1600 2301 supra
1625 2260 1766 2298 Incillae,
1790 2260 1911 2297 filices,
1935 2259 2072 2290 Elicium.
2104 2259 2160 2286 Ca-

224 2289 288 2317 toni
303 2289 325 2318 I.
347 2290 384 2319 de
407 2302 438 2320 re
460 2298 531 2322 rust.
555 2293 725 2325 colliciares.
752 2298 853 2331 Goth.
899 2303 982 2331 Adde
1005 2303 1142 2333 Inlgcium
1165 2316 1279 2334 vocare-
2143 2341 2148 2347 .

387 2331 697 2373 Indigitamenia.
744 2342 888 2373 Glossar.:
920 2343 1060 2383 Ἱερατικᾶ
1087 2349 1196 2386 βιβλία.
1226 2345 1327 2376 Fulv.
1357 2346 1431 2376 Urs.
1477 2346 1645 2385 Explicatio
1676 2345 1750 2374 haec
1779 2345 1861 2374 Pauli
1890 2349 1952 2381 est,
1987 2353 2045 2372 non
2073 2342 2159 2370 Feci!-

226 2373 300 2408 Quis
323 2373 453 2412 ignorat,
489 2378 657 2415 pontificios
681 2380 770 2408 libros
792 2384 830 2410 ita
853 2389 996 2415 vocatos'?
1030 2388 1131 2417 Scal.
1174 2390 1222 2417 Sic
1244 2389 1366 2427 proprie
1395 2389 1585 2425 dicebantur,
1622 2389 1651 2416 in
1676 2388 1786 2426 quibus
1808 2387 1890 2416 varia
1912 2390 2010 2415 essent
2034 2385 2158 2413 Deorum

225 2416 415 2454 cognomina,
436 2422 469 2447 ut
490 2425 558 2448 sunt
580 2420 690 2459 Orphei
715 2422 751 2450 ad
774 2423 922 2455 Musaeum
945 2430 1028 2457 initia
1051 2431 1112 2458 sive
1135 2430 1252 2469 hymni3
1282 2429 1506 2470 indigitamenta
1529 2437 1626 2460 autem
1649 2430 1685 2459 ab
1707 2428 1879 2468 indigitare,
1902 2428 2043 2457 indicare.
2069 2425 2157 2455 Dae.
