2263 2668
567 144 631 177 DE
658 141 1046 179 SIGNIFICATIONE
1073 140 1357 178 VERBORUM.
1408 144 1554 179 LIBER
1580 146 1638 179 111.
1999 149 2074 185 355

125 237 213 268 dictet
236 237 364 267 nomina.
388 237 443 265 Da
454 248 477 267 c.
508 236 592 267 Adde
615 238 691 267 infra
714 235 887 274 Incalamo,
911 233 1124 271 laudationes,
1149 232 1328 274 Ῑηοαῖαιίυε,
1351 234 1518 267 Procalare.
1544 237 1650 267 Goth.
1681 239 1828 267 Graecum
1850 243 1950 271 καλεῖν
1969 247 1998 271 et
2018 245 2073 273 La-

125 282 256 311 tinorum
271 278 379 315 calare,
404 281 456 308 Ge]
465 291 623 309 manorum
637 280 699 320 gal,
722 279 795 316 hall,
819 279 1005 308 descendunt
1023 288 1037 305 a
1055 277 1207 305 communi
1225 278 1325 307 radice
1344 279 1494 308 Sanscrita
1513 279 1615 320 khja,
1639 291 1756 318 vocare,
1779 282 1941 320 nominare,
1965 285 2073 316 dicere.

291 320 493 352 Conclulus.
537 324 581 352 lta
607 323 731 362 propius
755 322 911 351 accederet
934 320 971 350 ad
994 320 1137 357 originem
1161 329 1261 357 suum,
1300 320 1464 360 κόνδυλος;
1502 323 1553 351 sed
1577 325 1684 352 scimus
1706 329 1821 353 veteres
1845 325 2006 356 condatum
2028 329 2074 357 di-

125 365 204 394 xisse
228 370 254 393 et
278 364 472 402 Condalium,
495 378 515 396 -υ
538 366 568 394 in
592 377 626 402 a,
652 371 686 394 ut
709 363 807 401 κύλιξ,
831 365 917 394 calix.
942 363 1062 392 Plautus
1086 372 1204 401 quoque
1228 363 1358 392 fabulam
1379 364 1534 394 Menandri
1558 365 1715 397 δακτύλιον
1740 377 1806 395 cum
1831 373 1972 404 verteret,
1999 369 2072 400 Gon-

126 406 237 436 dalium
261 417 323 435 eam
345 408 516 438 nominavit.
541 407 641 439 Scal.
677 409 728 437 Est
749 413 846 436 autem
870 404 1039 436 condalium
1063 406 1166 433 annuli
1189 415 1297 443 genus,
1322 407 1404 445 quod
1427 409 1504 437 servi
1529 408 1627 447 digitis
1650 409 1790 441 serebant.
1822 411 1917 439 Plani.
1940 412 2072 442 Trinum.

125 451 160 486 4,
184 451 214 481 3.
240 449 356 490 (V.7.):

704 510 738 514 —
789 509 825 514 -—
870 490 966 520 Satin'
986 491 1017 520 in
1043 489 1248 529 Ther-mopoZio

618 534 794 566 Condalium
817 546 845 563 es
868 532 990 571 oblitus,
1025 531 1144 573 quando
1167 532 1389 572 thermopotasti
1407 542 1560 573 gutturem.

124 575 213 605 Dac.
237 576 293 605 Alii
312 574 496 606 Condalium.
522 575 626 606 Goth.
650 579 688 606 Et
704 578 807 606 Latina
831 581 859 605 et
876 577 987 605 Graeca
1010 585 1070 604 vox
1092 575 1204 604 sontem
1226 575 1314 604 habet
1335 577 1465 606 radicem
1481 578 1659 607 Sanscritam
1682 576 1819 615 kumscb,
1841 579 1982 609 inflexum
2000 591 2072 611 esse.

294 617 521 648 contestari.
565 621 816 659 Interpunctionis
838 624 908 648 nota
931 618 1050 648 videtur
1073 618 1209 647 addenda
1232 619 1270 647 ad
1293 619 1416 648 verbum
1440 628 1564 660 uter-que.
1596 619 1695 650 Fulv.
1723 620 1801 650 Urs.
1848 621 1937 660 Apud
1961 628 2073 653 veteres

126 660 244 689 Latinos
268 661 395 699 petitor,
435 666 465 690 et
491 662 516 691 is
544 663 624 691 unde
653 663 810 702 petebatur
835 662 886 691 ille
916 667 1034 700 petens,
1070 660 1120 689 hie
1145 671 1253 698 negans
1276 662 1403 700 primum
1426 663 1504 690 inter
1526 673 1557 691 se
1579 663 1626 691 vel
1649 663 1679 691 in
1701 664 1766 692 iure
1789 664 1870 702 apud
1892 665 2072 703 Praetorem,

126 703 174 731 vel
196 703 226 731 in
250 703 361 732 iudicio
384 704 463 743 apud
492 705 646 743 pedarium
676 705 804 734 iudicem
833 704 1067 740 contendebant,
1105 704 1312 742 praesentibus
1342 704 1483 740 testibus,
1523 716 1596 743 quos
1618 710 1744 743 uterque
1766 716 1812 734 sui
1836 707 1906 735 sacti
1929 718 2073 737 memores

125 755 188 774 esse
210 738 330 775 iubebat
352 745 408 775 hac
430 748 573 776 formula:
602 756 683 777 testes
706 756 800 777 estote.
843 748 917 776 Inde
940 746 1097 776 contestari
1118 745 1197 775 litem
1222 752 1251 774 et
1273 745 1333 775 litis
1357 748 1529 776 contestatio
1553 748 1610 775 dici
1634 753 1737 786 coepta
1759 753 1845 786 sunt,
1876 759 1934 788 qua
1957 750 2073 780 scilicet

125 787 184 816 litis
207 789 437 826 contestatione,
469 795 596 829 uterque
619 801 648 820 se
671 791 718 819 liti
741 790 960 829 persequendae
984 789 1183 827 obsti-ingebat
1206 789 1284 828 apud
1308 789 1434 817 iudicem
1458 800 1474 817 a
1494 790 1633 818 Praetore
1656 791 1802 827 dandum,
1843 797 1871 820 et
1893 800 1930 820 ex
1953 802 1983 820 ea
2008 793 2073 822 sor-

125 830 221 867 mula,
249 842 336 869 quam
361 832 460 869 daret,
485 832 523 861 ita
548 838 581 862 ut
604 845 618 861 a
643 839 746 862 neutro
770 834 871 862 liceret
894 833 972 861 salva
997 833 1048 860 lite
1072 831 1234 860 discedere.
1274 832 1359 860 Unde
1383 833 1479 861 Gloss.
1503 831 1566 860 lites
1589 840 1777 869 contestatae,
1801 833 1834 863 αἵ
1855 830 1947 874 ἀρχὴν
1969 837 2073 876 λαβοῦ-

126 882 176 903 σαι
199 873 230 904 ἕν
251 876 431 915 ὸικᾱστηρίῳ
456 876 534 906 δίκαι
557 877 586 913 ἐξ
609 873 883 906 ἆντικαθεστώτων.
906 876 1008 904 Cicero
1033 884 1087 913 pro
1111 875 1219 903 Roscio
1244 874 1396 914 (comoed.
1414 877 1461 906 18.
1485 873 1558 913 in.):
1596 876 1646 914 qui
1669 887 1720 913 per·
1741 886 1770 903 se
1792 874 1870 904 litem
1896 884 2074 906 contestatur

124 914 182 943 sibi
204 915 261 944 soli
280 917 369 955 petit,
398 916 484 946 alteri
506 929 587 947 nemo
609 926 718 957 potest,
752 919 810 947 nisi
833 919 966 957 cognitor
988 924 1028 946 est
1040 916 1158 957 factus.
1203 917 1288 946 Nunc
1310 917 1342 945 in
1365 917 1438 946 soris
1462 917 1621 945 Gallicanis
1644 916 1704 945 litis
1727 919 1897 947 contestatio
1919 929 1978 948 non
2002 924 2073 959 pot-

126 962 170 985 est
193 963 328 987 constare
351 960 459 988 actoris
482 960 661 997 intentione,
698 965 726 989 et
749 961 792 989 rei
815 961 992 989 infitiatione
1015 960 1094 997 sola,
1129 959 1186 988 nisi
1208 959 1401 988 intervenerit
1422 959 1531 987 iudicis
1555 969 1645 998 super
1669 970 1700 987 ea
1723 970 1754 987 re
1778 960 1926 989 decretum
1950 962 2073 1001 aliquod

125 998 185 1028 litis
208 1002 414 1030 contestationi
438 1003 651 1039 absolvendae,
680 1003 712 1032 in
736 1004 807 1032 soris
838 1004 912 1031 enim
942 1003 1068 1032 dieitur:
1097 1000 1127 1031 Il
1142 1013 1164 1043 y
1186 1013 1204 1030 a
1227 1003 1419 1031 contestation
1442 1001 1477 1030 de
1500 1012 1585 1031 cause
1607 1000 1708 1041 quand
1730 1001 1756 1030 le
1778 1003 1841 1041 iuge
1863 1014 1880 1031 a
1905 1002 2000 1033 donne<
2020 1016 2073 1034 son

125 1043 318 1081 apointement
341 1044 359 1072 12
381 1043 471 1073 ecrit-e
492 1053 517 1074 et
541 1045 556 1073 ἃ
578 1045 725 1085 produit-e.
749 1046 801 1074 Da
811 1058 835 1075 c.
863 1045 936 1074 Vide
959 1045 1063 1075 l.1.ff.
1087 1045 1168 1083 quod
1190 1045 1273 1074 iussu
1296 1045 1364 1073 hinc
1388 1044 1577 1073 contestatio.
1601 1044 1682 1072 Paul.
1695 1046 1723 1074 2.
1747 1050 1818 1072 sent.
1837 1046 1882 1076 14.
1908 1051 2072 1076 contestato

125 1084 145 1114 1.
162 1087 188 1114 l.
213 1087 236 1123 ᾗ.
260 1086 401 1116 lulianus.
426 1088 455 1116 ss'.
478 1088 514 1117 de
540 1088 641 1117 liberis
671 1089 874 1126 agnoscendis.
920 1088 1031 1116 Glossis
1054 1095 1232 1116 contestatae
1256 1084 1493 1128 μαρτυρήσασαι.
1539 1085 1721 1116 Contestatur
1744 1086 1984 1127 συνμαρτύρεται.
2020 1089 2072 1118 His

126 1126 216 1164 adde,
246 1139 321 1167 quae
345 1130 380 1158 de
402 1130 608 1159 Antestatione
629 1132 736 1170 scripsi
758 1132 792 1159 ad
817 1132 894 1169 leges
917 1131 982 1159 xit.
1012 1130 1192 1159 Tabularum
1215 1131 1304 1159 Titul.
1322 1134 1351 1161 7.
1401 1128 1504 1160 Goth.
1802 1165 1804 1169 .

292 1169 441 1201 Codeta.
487 1173 542 1201 Pro
566 1172 689 1202 candela
713 1185 728 1202 a
752 1174 862 1210 cauda,
886 1184 941 1212 pro
962 1183 1022 1212 quo
1046 1173 1150 1202 dixere
1173 1172 1266 1210 coda,
1293 1177 1327 1201 ut
1348 1172 1418 1201 alibi
1442 1172 1564 1201 dictum.
1608 1170 1665 1199 Hic
1688 1181 1757 1210 ager
1782 1170 1945 1201 codetanus
1966 1172 1996 1200 in
2021 1172 2073 1201 de-

126 1211 200 1240 cima
225 1219 329 1251 quarta
353 1215 471 1251 regione
493 1220 575 1244 trans
597 1216 736 1246 Tiberim.
782 1216 870 1245 Dac.

292 1254 527 1286 Condictum.
571 1258 644 1287 Nam
675 1259 832 1287 condicere
861 1262 904 1286 est
927 1257 1016 1286 simul
1039 1257 1146 1287 dicere.
1182 1258 1286 1296 Pomp.
1309 1256 1358 1285 lib.
1374 1259 1425 1288 66.
1450 1256 1487 1285 de
1510 1260 1598 1294 empt.
1635 1253 1668 1283 Ῑη
1692 1254 1839 1284 vendendo
1853 1254 1956 1297 fundo
1978 1267 2073 1296 quae—

126 1294 194 1325 dam
217 1297 318 1332 etiam,
351 1299 378 1326 si
399 1310 457 1327 non
480 1299 689 1337 οοηᾶἱοαηίιιν,
717 1299 899 1341 praestanda
921 1307 996 1328 sunt.
1040 1299 1128 1328 Dae.

293 1339 452 1370 Coctum.
496 1342 520 1370 A
543 1343 708 1381 coquendo.
744 1343 871 1383 Coquere
894 1354 908 1370 a
933 1353 1048 1381 cogere,
1072 1353 1201 1382 congere.
1227 1341 1314 1371 Dae.
1356 1339 1523 1377 Coartetur‚
1550 1344 1713 1369 coercetur.
1762 1338 1865 1368 Goth.

291 1380 438 1412 Cocula.
483 1386 560 1413 Sunt
581 1386 703 1414 Homeri
726 1384 861 1426 κάγκανα
884 1382 955 1422 ξύλα
978 1390 1006 1413 et
1029 1385 1123 1413 varro
1148 1395 1201 1413 nos
1225 1385 1311 1413 docet
1335 1383 1410 1412 libro
1429 1387 1456 1414 1.
1480 1383 1517 1412 de
1541 1383 1601 1412 vita
1624 1384 1655 1412 P.
1678 1384 1731 1411 Ro.
1765 1380 1890 1418 Cocula,
1922 1393 1995 1422 qnae
2017 1393 2073 1411 co-

124 1422 248 1462 quebant
267 1435 389 1463 panem,
419 1427 547 1465 primum
569 1427 735 1464 subcinere5
770 1435 871 1467 postea
896 1429 925 1456 in
941 1426 1055 1467 forno,-
1091 1428 1239 1467 utriusque
1260 1425 1435 1456 vocabulum
1458 1425 1598 1468 aformo
1623 1424 1756 1458 ductum,
1790 1423 1822 1452 iel
1843 1432 1884 1452 est
1906 1435 1923 1452 a
1947 1423 2073 1456 caldore.

124 1465 272 1495 Isidorus:
309 1466 433 1505 Cocuhz,
463 1468 545 1509 ligna
567 1469 672 1507 arida,
699 1482 772 1500 vasa
794 1482 885 1500 aerea.
910 1469 1011 1500 Scal.
1056 1470 1114 1498 Pro
1137 1471 1215 1499 vasis
1239 1469 1331 1498 aereis
1354 1479 1426 1497 usus
1453 1474 1497 1497 est
1520 1469 1642 1497 Plautus
1666 1469 1748 1506 Capt.
1762 1467 1820 1503 IV,
1842 1469 1871 1498 2.
1896 1468 1989 1505 (67.):

659 1513 744 1542 Iubes
766 1524 864 1542 annon
886 1511 966 1541 iubes
988 1512 1090 1541 astitui
1110 1511 1212 1548 aulas,
1244 1512 1364 1551 patinas
1386 1510 1469 1541 elui?

660 1555 808 1584 Lariclum
831 1561 918 1595 atque
938 1553 1040 1594 epulas
1053 1553 1159 1595 foveri
1180 1553 1291 1583 coculis
1312 1552 1490 1583 ardentibus.

127 1593 307 1632 (Legendum
319 1594 456 1636 foculis;
479 1596 539 1626 vid.
563 1602 664 1625 notam
687 1598 724 1626 ad
746 1598 775 1627 h.
797 1598 841 1634 1.).
869 1598 906 1625 Et
929 1597 1001 1625 Cato
1025 1606 1048 1626 c.
1064 1600 1094 1628 2.
1120 1597 1156 1625 de
1178 1597 1212 1625 R.
1230 1597 1261 1625 R.
1287 1595 1364 1635 (cap.
1380 1597 1442 1635 11.)
1465 1596 1540 1624 dixit
1563 1594 1685 1623 ahenum
1709 1592 1852 1623 coculam.
1877 1593 1960 1622 Dac.
1992 1592 2074 1628 Quae

127 1636 299 1664 coenatoria
323 1638 353 1666 in
375 1638 395 1666 l.
418 1649 484 1677 pen.
507 1639 537 1667 ff.
561 1640 596 1667 de
621 1650 687 1678 pen.
712 1645 739 1668 et
764 1640 942 1668 cocinatoria
966 1639 996 1666 in
1019 1639 1038 1667 l.
1055 1641 1102 1670 19.
1127 1639 1263 1674 §.12.ff.
1287 1639 1323 1667 de
1347 1648 1429 1668 auro.
1476 1639 1512 1667 Et
1543 1637 1733 1677 coquinaria5
1769 1636 1833 1664 aliis
1859 1635 2073 1674 coquinatoria,

128 1678 193 1706 aliis
217 1680 398 1710 coenatoria.
425 1679 529 1710 Goth.
571 1682 637 1711 Vid.
660 1682 753 1711 Index
777 1683 898 1720 Scriptt.
923 1683 987 1710 Ber.
1010 1682 1093 1710 l'iust.
1117 1681 1162 1710 ed.
1187 1680 1305 1719 Bipont.
1327 1691 1355 1710 v.
1379 1679 1528 1709 Cocalum.

293 1720 433 1753 Colzum.
478 1723 573 1752 Varro
601 1724 652 1752 lib.
668 1725 715 1753 lv.
741 1725 776 1753 de
800 1725 868 1762 ling.
892 1724 941 1752 lut.
972 1721 1022 1763 (L.
1044 1724 1072 1753 L.
1096 1724 1136 1760 V,
1161 1734 1189 1761 p.
1204 1725 1253 1755 23.
1278 1725 1327 1761 Sp.
1351 1723 1401 1751 ubi
1424 1733 1503 1751 nunc
1527 1719 1655 1759 aliter.):
1690 1719 1797 1749 Cavum
1822 1732 1840 1748 a
1864 1730 1935 1749 cavo
1963 1718 2074 1749 caelum

128 1767 183 1791 etc.
207 1761 305 1792 Fqu.
333 1763 408 1793 Urs.
453 1766 580 1804 Ennius,
616 1772 649 1796 ut
670 1769 771 1796 notavi
792 1767 824 1795 in
847 1767 975 1806 quadum
999 1766 1094 1795 veteri
1118 1766 1304 1794 membrana:

1009 1825 1052 1830 -—
1074 1825 1115 1830 -—
1135 1807 1228 1847 pilam
1251 1808 1306 1836 vix

663 1850 719 1880 Sol
741 1850 885 1890 mediam5
922 1850 1064 1889 complere
1087 1850 1190 1879 celtum
1214 1848 1364 1878 terroribu'
1389 1847 1470 1878 coeli.

128 1890 169 1918 De
192 1889 249 1919 hoc
272 1891 359 1929 plura
381 1891 449 1920 vide
471 1892 502 1921 in
527 1893 728 1922 Coniectaneis
749 1892 791 1934 (p.
806 1895 871 1931 12.)
898 1893 997 1923 Scat.
1043 1894 1115 1922 Cum
1140 1894 1237 1922 lorum
1261 1892 1407 1930 significat
1429 1901 1486 1928 quo
1509 1895 1587 1918 temo
1612 1889 1700 1917 aratri
1723 1897 1790 1917 cum
1815 1887 1882 1925 iugo
1905 1887 2071 1925 colligatur,

127 1932 213 1970 quasi
236 1933 370 1962 colzibum
393 1934 512 1964 dicitur.
551 1937 623 1965 Cum
646 1947 716 1965 vero
740 1948 795 1975 pro
820 1935 900 1966 coelo
923 1937 1068 1972 sumitur,
1094 1941 1136 1964 est
1159 1947 1175 1964 a
1197 1936 1311 1964 Graeco
1335 1933 1409 1969 κόος
1432 1933 1560 1968 cai-itas,
1587 1943 1645 1960 non
1669 1941 1739 1960 vei-0
1764 1942 1779 1959 a
1804 1930 1907 1966 chaos,
1930 1933 1964 1957 ut
1985 1934 2073 1968 putat

128 1975 240 2004 Festus.
273 1974 389 2005 Caelum
414 1982 510 2006 autem
534 1989 593 2007 non
619 1990 634 2008 a
660 1977 738 2008 Chao
762 1985 794 2008 ut
818 1980 935 2015 Festus,
958 1979 1005 2008 vel
1028 1989 1043 2006 a
1068 1989 1158 2015 cavo,
1181 1977 1263 2017 quod
1286 1988 1301 2005 a
1325 1976 1414 2012 chao,
1439 1981 1471 2004 ut
1492 1976 1595 2004 Varro.
1632 1974 1689 2003 Sed
1711 1985 1727 2002 a
1749 1976 1867 2009 κοῖλον,
1892 1970 1970 2010 quod
1993 1971 2072 2000 idem

127 2022 170 2046 est
193 2028 226 2046 ac
250 2016 334 2048 κόον.
374 2019 459 2048 Unde
482 2026 510 2050 et
532 2020 638 2050 coitum
663 2022 740 2060 apud
765 2027 886 2050 veteres.
932 2021 1058 2049 Ennius:

709 2063 836 2093 Tollitur
857 2065 886 2092 in
910 2062 1018 2092 coilum
1042 2061 1154 2092 clamos
1175 2069 1296 2090 emortus
1319 2062 1471 2100 utrimque.

127 2101 218 2131 Dac.
249 2100 364 2132 Coelum
388 2104 529 2134 dixerunt
551 2116 565 2133 a
589 2105 697 2143 chaos,
726 2117 761 2135 ex
786 2117 845 2144 quo
869 2106 1012 2144 putabant
1035 2103 1144 2135 eoelum
1168 2114 1230 2133 esse
1253 2105 1422 2132 formatum.
1470 2100 1572 2131 Goth.

294 2144 523 2176 Comoedias.
562 2148 587 2176 A
609 2146 694 2187 κώμη
717 2150 798 2178 vicus
820 2154 848 2178 et
872 2146 935 2190 93δή
959 2156 1078 2184 cantus,
1104 2147 1174 2186 quia
1198 2146 1227 2175 hi
1251 2147 1331 2175 lusus
1354 2146 1384 2174 in
1408 2145 1481 2174 vicis
1504 2144 1626 2180 fiebant,
1653 2146 1811 2180 antequam
1833 2140 1862 2167 in
1886 2139 1974 2167 urbes
1998 2149 2071 2166 con-

126 2187 284 2217 venissent.
328 2188 416 2219 Dae.

294 2229 486 2261 Coclacae.
531 2232 643 2270 Nempe
674 2232 854 2261 Graecanice
883 2233 1050 2268 detortum,
1085 2230 1233 2270 κόχλακες.
1262 2230 1358 2260 Scal.
1404 2230 1528 2259 Doctiss.
1556 2227 1675 2256 Vossius
1705 2229 1793 2265 putat
1821 2222 1993 2253 cochleae-ae
2020 2222 2067 2250 vel

127 2271 289 2302 cochlecae.
333 2274 390 2302 Sed
415 2274 534 2302 omnino
558 2274 713 2312 legendum
737 2274 892 2304 cocltlacae
915 2286 929 2303 a
954 2276 1068 2303 Graeco
1091 2275 1204 2303 scilicet
1227 2272 1372 2313 κόχλακες.
1396 2273 1480 2302 Dae.
1514 2269 1664 2300 Coclacae.
1695 2267 1906 2296 conchatacae.
1933 2264 2037 2294 Goth.

293 2314 340 2345 Co
351 2325 478 2346 cetum.
524 2317 723 2346 Tertullianus
746 2318 823 2346 libro
847 2323 949 2346 contra
973 2317 1193 2346 Valentinianos
1214 2316 1347 2355 (c.12.):
1375 2314 1540 2344 Pandoram
1565 2310 1710 2341 Hesiodi:
1735 2310 1818 2340 Acci
1834 2309 1985 2348 patin‘mb‘
2005 2304 2064 2333 Ne·

126 2358 213 2387 storis
235 2366 382 2387 cocetum·
412 2359 634 2389 Miscellaniam
657 2359 824 2389 Ptolemaei.
851 2359 951 2389 Scal.
989 2360 1011 2388 Α
1036 2361 1149 2389 Graeco
1172 2357 1275 2389 κυκᾶω
1299 2359 1420 2395 misceo,
1447 2356 1567 2396 proprie
1590 2354 1626 2383 de
1648 2353 1831 2393 potionibus.
1871 2349 2019 2381 Caeterum,
2042 2355 2062 2373 u

127 2399 158 2428 in
180 2411 198 2429 ο
220 2383 380 2430 cocetum.²
398 2402 531 2432 Nestoris
554 2408 688 2432 cocetum
711 2402 844 2431 nominat
866 2402 1073 2432 Tertullianus.
1120 2402 1175 2431 Ubi
1198 2403 1351 2430 manifesto
1375 2402 1513 2431 κυκεῶνα
1535 2397 1666 2426 Nestoris
1689 2396 1825 2435 respicit,
1862 2391 1900 2419 de
1920 2398 1974 2427 ‘³¹³³
1998 2387 2061 2415 ΗΟ·

1554 2450 1658 2493 Yy*
