2263 2668
239 157 314 191 554
667 148 1014 185 COMMENTARII
1038 149 1086 182 ΙΝ
1112 149 1255 183 PAULI
1282 149 1479 185 DIACONI
1504 150 1759 185 EXCERPTA

243 249 342 281 Scal.
380 250 417 277 Ut
440 247 593 280 iminium,
622 243 733 271 insecta
756 252 841 277 εει-ο,
878 240 975 278 inquit
998 242 1171 280 Turnebus,
1202 244 1244 272 sic
1267 245 1429 283 prosicium
1453 249 1508 274 etc.
1555 244 1662 272 Tamen
1687 255 1831 283 nusquam
1855 246 1912 283 legi
1936 253 2008 285 puto
2029 252 2188 288 proficiam

242 296 271 323 in
294 297 397 322 neutro
422 297 541 326 genere,
570 287 619 314 sed
645 285 772 324 prosicia
797 288 825 311 et
848 283 1001 321 prosicies.
1049 284 1141 313 Varro
1166 287 1326 315 undecimo
1351 297 1450 315 rerum
1474 287 1615 317 divinam:
1652 286 1812 316 Prosiciem
1835 296 1970 318 extorum
1994 291 2040 319 vel
2059 294 2088 321 in
2111 306 2189 322 men-

243 348 304 366 mm
326 334 477 373 porricere.
522 330 546 357 A
572 329 758 367 prosecaudo
782 331 879 353 autem
900 326 1062 365 prosiciae‚
1099 333 1132 355 ut
1154 329 1188 356 ab
1212 328 1370 358 insecundo
1393 330 1522 358 insiciae.
1570 330 1662 358 Varro
1686 330 1795 359 liulv.
1821 332 1989 368 (pag.114.
2014 335 2096 371 Sp.);
2132 335 2189 365 Ιη-

243 380 316 408 M‘cia
338 375 374 403 ab
399 383 446 407 eo,
470 370 549 411 quod
572 372 682 399 insecta
706 381 793 405 caro,
819 375 849 396 ut
870 368 901 396 in
924 369 1053 398 carmine
1077 368 1227 400 Saliorum
1249 380 1308 401 est.-
1338 371 1417 411 quod
1440 373 1468 399 in
1493 373 1571 400 extis
1593 371 1702 400 dicitur
1724 384 1801 401 nunc
1820 381 1993 411 prosectum.
2040 377 2096 405 Per
2115 389 2189 416 pro-

241 427 346 449 secrum
372 415 515 454 prosicias
532 414 624 441 Varro
648 412 804 449 intelligit,
828 421 903 449 quae
926 411 1011 439 etiam
1033 420 1168 449 prosecta
1192 414 1376 442 dicebantur.
1414 415 1447 442 ln
1471 414 1529 442 fine
1552 415 1708 452 legendum
1734 420 1806 453 puto
1828 417 1995 453 porricitur.
2034 419 2091 447 Deo
2113 421 2190 449 enim

243 460 439 490 offerebantur
460 457 613 496 prosiciae.
660 455 808 484 Arnobius
831 453 882 482 lib.
898 454 958 483 Vll.
984 453 1050 482 adv.
1075 455 1199 484 Gentes:
1233 455 1347 494 Quodsi
1370 468 1467 485 omnes
1490 456 1542 484 lias
1562 464 1676 496 partes,
1703 469 1774 496 quas
1796 459 1939 496 prosicias
1963 458 2078 496 dicitis,
2103 462 2191 491 acci-

239 514 304 542 pere
327 500 370 529 dii
392 507 509 533 amant,
540 505 661 537 suntque
683 497 744 526 illis
764 503 868 536 gratae
890 495 935 524 vel
956 495 1116 535 voluptatis
1137 498 1263 528 alicuius
1285 498 1331 527 vel
1353 497 1517 527 dulcedinis
1540 511 1638 535 sensu,
1668 499 1740 539 quid
1763 499 1927 536 intercedit,
1956 501 2027 540 quid
2047 503 2190 542 prohibet,

241 553 270 573 ut
294 555 350 573 non
374 541 461 571 semel
483 541 552 569 haec
575 541 673 569 omnia
698 541 766 569 totis
790 550 853 568 cum
877 538 1076 567 animantibus
1098 540 1261 582 inferatis?
1294 542 1433 570 Inseratis
1456 541 1487 569 id
1510 547 1554 570 est
1575 543 1762 580 porriciatis,
1794 543 1824 571 in
1847 553 1930 572 aram
1954 543 2072 574 indatis.
2102 546 2188 575 Dac.

404 591 602 622 Proseclas.
649 592 742 620 Plaut.
765 591 795 619 in
820 590 960 619 Poenulo.
984 589 1075 618 Ant.
1098 591 1192 631 Aug.
1226 592 1255 627 I,
1280 596 1314 628 2,
1340 593 1431 629 (55.):

775 659 816 664 —
858 658 900 664 —
944 652 983 669 an
1004 648 1030 669 te
1052 640 1093 669 ibi
1114 643 1157 670 vis
1178 644 1323 671 interistas
1345 644 1490 672 versarier

775 683 935 719 Prosedas‚
963 684 1105 722 pistorum
1129 686 1256 722 amicas,
1286 684 1424 726 reliquias
1447 685 1613 715 alicarias?

242 741 328 770 Duc.
361 735 555 767 Prostibulae.
591 735 666 764 Vide
690 745 779 775 supra
802 734 967 764 Alicariae.
1014 733 1118 764 Goth.

404 788 474 817 Pro
500 787 697 816 sententia.
743 786 802 815 Pro
826 787 935 815 rostris.
982 786 1054 815 Vide
1076 797 1167 826 supra
1190 787 1257 816 Pro.
1306 786 1410 818 Goth.

403 838 610 868 Prosumia.
658 837 778 875 Antiqui
799 838 947 876 protumia
971 849 1026 876 pro
1047 840 1210 877 portumia,
1236 849 1250 866 a
1274 839 1389 868 Graeco
1412 842 1588 879 πορθμεῖον.
1615 839 1713 870 Scal.
1750 841 1895 870 Caecilius
1918 843 2073 872 meretrice
2096 842 2188 882 (apud

239 886 312 913 Non.
337 893 401 922 pag.
416 884 487 913 536.
521 881 564 911 Cf.
587 881 710 919 Spengel
734 881 878 918 Fragmm.
900 881 1019 908 Caecilii
1042 891 1106 920 pag.
1119 883 1193 917 32.):

820 921 873 951 Cui
892 922 1069 961 gubernator·
1089 935 1209 963 propere
1228 925 1311 952 vertit
1331 926 1522 963 prosumiam.

238 969 320 997 Idem
347 966 510 996 Aethrione
533 965 626 1005 (apud
649 966 723 994 Non.
747 965 819 994 ibid.
857 966 940 994 Adde
963 967 1086 1004 Spengel
1108 967 1254 1004 Fragmm.
1278 967 1397 995 Caecilii
1423 978 1487 1005 pag.
1505 970 1581 1004 10.):

816 1007 860 1035 DC
882 1015 965 1036 110012
987 1007 1028 1036 ad
1047 1016 1163 1047 portum
1187 1021 1247 1037 sum
1269 1008 1421 1050 PYOfCCUlS
1441 1012 1601 1048 prosumia.

237 1055 326 1082 Putat
343 1052 471 1089 Scaliger
495 1052 632 1089 antiquos
653 1051 833 1090 protumiam
857 1050 967 1078 dixisse
990 1062 1045 1089 pro
1066 1052 1213 1090 portumia
1231 1062 1246 1079 a
1263 1052 1377 1080 Graeco
1400 1056 1579 1091 πορθμεῖον.
1611 1053 1667 1082 Sed
1690 1054 1804 1091 egregie
1827 1053 1949 1083 fallitur.
1983 1053 2056 1082 Nam
2080 1064 2095 1082 a
2115 1065 2186 1093 pro-

236 1095 375 1125 sumendo
396 1095 565 1134 prosumia,
604 1094 684 1132 quod
708 1104 768 1121 cain
793 1098 1001 1131 prosuuierent
1025 1094 1199 1132 speculandi
1222 1104 1332 1122 caussa.
1378 1095 1460 1123 Unde
1483 1100 1512 1123 et
1534 1096 1563 1123 in
1589 1096 1683 1124 Gloss.
1703 1097 1854 1135 prosumia
1877 1095 2083 1133 κατασκοπῆς,
2119 1107 2187 1135 spe-

237 1140 383 1167 culatoria
407 1138 498 1165 navis.
525 1136 612 1164 Dae.
646 1136 717 1164 Vide
742 1136 871 1164 Nonium
896 1135 971 1176 (pag.
989 1137 1061 1167 536.
1085 1136 1188 1177 Mero)
1212 1137 1240 1165 in
1264 1136 1428 1166 Prosumia.
1459 1138 1535 1167 Gell.
1551 1139 1593 1174 X,
1617 1138 1668 1169 25.
1691 1139 1721 1167 in
1743 1138 1792 1166 fin.
1822 1139 1879 1166 Alii
1901 1139 2004 1176 legunt
2021 1138 2186 1174 Protumia,

236 1182 285 1209 alii
310 1180 490 1209 Portumnia.
539 1177 643 1209 Goth.

402 1221 567 1251 Prosita.
614 1221 693 1250 Nihil
722 1220 771 1250 hic
802 1222 898 1250 video.
937 1222 1013 1250 Puto
1043 1222 1188 1261 scriptum
1217 1222 1308 1251 fuisse
1329 1223 1435 1261 posita.
1474 1222 1585 1252 Ponere
1607 1234 1662 1261 pro
1683 1235 1852 1263 proponere.
1890 1224 1926 1252 Et
1948 1224 1988 1252 ita
2013 1228 2064 1252 est.
2097 1222 2184 1252 Dac.

235 1265 367 1294 Prositus
395 1264 592 1302 compositum
624 1270 668 1292 est
696 1274 732 1293 ex
757 1276 812 1303 pro
842 1270 869 1294 et
891 1266 963 1293 situs
986 1266 1005 1293 i.
1026 1275 1049 1293 e.
1072 1267 1204 1303 positus,
1241 1265 1320 1294 unde
1340 1267 1518 1305 pro—situs,
1543 1267 1723 1304 propositus.
1769 1265 1850 1295 Situs
1873 1271 1971 1295 autem
1994 1265 2148 1295 descendit
2171 1276 2186 1293 a

235 1308 384 1337 Sauscrita
408 1307 508 1336 radice
530 1308 578 1347 ci,
603 1307 706 1335 iacere.

400 1349 542 1378 Privos.
589 1349 684 1377 Verba
707 1357 732 1377 et
752 1350 886 1389 privatus
907 1350 953 1377 vel
977 1349 1116 1378 mendosa
1139 1355 1224 1385 sunt,
1247 1351 1294 1379 vel
1318 1362 1333 1378 a
1355 1350 1448 1378 Paulo
1472 1349 1657 1381 detruncata.
1700 1351 1774 1380 Nam
1799 1351 1822 1378 si
1846 1350 2025 1379 addidisset:
2049 1361 2113 1379 cum
2138 1348 2186 1377 di—

235 1393 393 1431 stinguitur
416 1392 453 1420 al>
476 1403 523 1427 eo,
550 1393 601 1431 qui
623 1403 689 1421 cum
711 1399 854 1431 potestate
876 1399 933 1429 est,
966 1397 1030 1420 tuin
1054 1397 1134 1420 recte
1158 1398 1253 1421 cetera
1278 1392 1479 1421 cohaererent.
1502 1392 1587 1421 Ant.
1611 1393 1704 1431 Aug.
1751 1393 1883 1421 offendit
1906 1403 1966 1428 ine,
2002 1392 2082 1430 quod
2106 1393 2185 1429 apud

236 1436 407 1463 Ciceronem
441 1446 494 1471 pro
525 1434 580 1462 hac
609 1445 683 1463 voce
710 1435 858 1473 privatum
890 1435 1111 1471 substituerint,
1149 1440 1182 1464 ut
1204 1436 1233 1464 in
1257 1446 1289 1464 ea
1313 1447 1367 1474 pro
1392 1437 1481 1463 domo
1506 1437 1541 1471 (c.
1560 1437 1634 1473 l7.):
1672 1434 1780 1463 Vetant
1804 1434 1879 1473 leges
1901 1443 2050 1470 sacratae,
2089 1441 2186 1462 vetant

235 1477 312 1506 XII.
336 1476 453 1505 tabulae
482 1476 557 1516 leges
584 1478 676 1516 privis
706 1475 871 1505 hominibus
901 1478 1036 1516 irrogari.
1083 1480 1119 1506 At
1149 1477 1237 1507 hodie
1266 1478 1343 1517 (non
1367 1477 1512 1516 ainplius)
1537 1478 1639 1515 legunt
1659 1478 1790 1516 privatis,
1837 1478 1909 1505 ltein
1925 1477 1975 1505 Ill.
2000 1477 2036 1505 de
2062 1476 2185 1514 Legibus

235 1520 276 1558 (c.
293 1519 374 1558 19.):
415 1527 528 1548 tantum
552 1521 676 1548 maiores
700 1519 729 1547 in
752 1526 898 1557 posterum
918 1519 1098 1558 providisse:
1133 1519 1167 1548 In
1188 1521 1319 1559 privatos
1341 1520 1471 1549 homines
1495 1519 1570 1559 leges
1582 1520 1664 1561 ferri
1689 1518 1857 1555 noluerunt,
1891 1529 1959 1547 cum
1983 1519 2086 1547 Cicero
2111 1519 2185 1548 scri—

235 1563 329 1601 pserit
351 1564 379 1590 in
400 1563 499 1602 privos
522 1561 660 1591 homines.
706 1562 834 1589 Subiit-it
857 1562 947 1590 enim:
976 1561 1008 1589 id
1031 1570 1071 1590 est
1094 1563 1168 1591 enim
1188 1562 1383 1601 privilegium.
1429 1563 1535 1590 Postea
1559 1564 1788 1600 interpretatur:
1828 1561 1907 1590 Ferri
1930 1561 1965 1590 de
1987 1559 2109 1600 singulis
2130 1562 2188 1590 nisi

236 1605 405 1634 centuriatis
436 1605 563 1633 comitiis
594 1603 755 1632 noluerunt.
803 1604 876 1632 Vide
907 1605 1035 1632 Gellium
1067 1605 1116 1633 lib.
1131 1606 1167 1633 X.
1192 1607 1321 1643 cap.20.
1352 1603 1452 1634 Scal.
1500 1605 1571 1633 Vide
1595 1605 1707 1633 Cuiacii
1735 1605 1882 1633 observat.
1905 1604 2031 1633 lib.XV.
2055 1614 2120 1643 cap.
2135 1606 2184 1635 18.

237 1646 340 1675 Privus
363 1652 460 1675 nutem
486 1653 529 1675 est
552 1647 697 1685 cuiusque
721 1647 876 1685 proprius,
901 1656 979 1674 suus.
1027 1647 1129 1676 Horat.
1154 1647 1204 1675 lib.
1217 1648 1237 1675 Ι.
1261 1647 1315 1685 Ep.
1335 1650 1366 1683 1,
1391 1645 1486 1687 (93.):

772 1688 905 1717 Nauseat
926 1698 951 1717 et
975 1688 1119 1728 locuples,
1155 1701 1238 1730 quem
1262 1688 1343 1718 ducit
1363 1690 1449 1728 priva
1472 1690 1606 1718 triremis.

237 1733 338 1760 Livius
364 1732 413 1760 lib.
428 1731 495 1766 Vll,
520 1732 614 1769 (37.);
650 1730 762 1760 Milites
785 1731 908 1770 singulis
933 1731 1023 1761 bobus
1046 1732 1075 1760 in
1096 1732 1278 1770 praesentia.-
1310 1730 1423 1770 duplici
1436 1731 1593 1773 frumento
1617 1731 1647 1760 in
1666 1739 1850 1770 perpetuum,
1874 1729 2005 1771 binisque
2024 1731 2117 1770 privis
2139 1738 2186 1759 tu-

238 1775 310 1802 nicis
334 1773 443 1804 donati.
476 1774 525 1802 Est
549 1779 645 1803 autem
670 1785 684 1801 a
707 1774 802 1812 πρίω,
826 1786 904 1809 emo,
929 1775 996 1812 quia
1021 1775 1102 1812 quod
1127 1776 1192 1813 quis
1217 1775 1304 1811 emit,
1328 1776 1352 1803 is
1377 1775 1433 1803 sibi
1455 1775 1532 1803 illud
1556 1774 1710 1812 proprium
1733 1774 1818 1810 fecit,
1843 1778 1871 1802 et
1893 1773 1961 1801 inde
1984 1783 2038 1811 pro
2061 1773 2187 1811 singulo,

240 1817 341 1852 unico,
379 1817 512 1844 solitario
533 1817 633 1855 privus
657 1816 763 1846 dictus.
810 1816 872 1846 Liv.
896 1817 948 1846 lib.
962 1818 1058 1845 XXX.
1082 1819 1210 1854 (e.43.):
1248 1815 1416 1846 Fecialibus
1441 1815 1658 1857 postulantibus
1688 1814 1979 1845 Senatusconsultum
2000 1815 2125 1856 factum
2146 1824 2188 1845 est

240 1858 268 1884 in
291 1857 360 1888 haec
384 1858 489 1888 verba.-
522 1866 552 1888 ut
572 1860 671 1898 privos
693 1857 806 1898 lapides
828 1858 925 1888 silices
946 1860 1101 1899 priuasque
1122 1859 1260 1888 verbenas
1282 1871 1378 1888 secum
1390 1858 1518 1900 ferrerm
1561 1860 1597 1887 Et
1620 1858 1729 1887 Lucil.:

775 1899 939 1930 Culcitulae
961 1901 1105 1931 accedunt
1125 1903 1225 1941 privae
1248 1901 1410 1931 centonibu'
1433 1901 1517 1932 binis.

242 1940 266 1966 A
286 1942 382 1977 prinus
406 1949 448 1971 est
467 1946 600 1983 privatus
623 1949 651 1972 et
670 1944 794 1983 privare.
832 1945 871 1972 De
888 1943 1045 1984 Privilegio
1066 1945 1153 1973 infra.
1177 1944 1230 1973 Da
1242 1956 1266 1974 c.
1304 1944 1377 1973 Vide
1391 1944 1520 1972 Nonium
1544 1945 1624 1983 (pag.
1640 1945 1709 1976 159.
1727 1948 1756 1972 et
1772 1952 1838 1981 pag.
1852 1944 1902 1975 35.
1927 1943 2031 1980 Mero.)
2052 1943 2083 1971 in
2098 1941 2186 1972 Priva

242 1987 271 2010 et
292 1981 415 2012 Privum.
450 1987 582 2020 Gell.X‚
606 1990 656 2018 21.
704 1985 810 2015 Goth..

402 2026 618 2067 Privignus.
664 2029 698 2059 V.
721 2029 739 2058 l.
752 2030 782 2059 4.
806 2029 836 2057 in
860 2029 908 2058 fin.
931 2029 961 2058 ff.
979 2029 1015 2058 de
1038 2031 1114 2058 ritu:
1138 2030 1157 2058 l.
1171 2030 1200 2060 4.
1219 2031 1241 2067 §.
1261 2034 1290 2057 et
1307 2029 1425 2067 quidem
1442 2031 1471 2060 6.
1487 2028 1515 2059 ff.
1533 2028 1568 2057 de
1585 2027 1735 2066 gradibus.
1765 2027 1878 2056 Glossis
1894 2024 2054 2067 πρόγονος.
2082 2025 2185 2058 Goth.

406 2067 475 2096 Pra
485 2082 546 2099 eva
556 2072 754 2101 ricatores.
800 2072 920 2110 Optime
935 2072 1038 2101 Festus
1056 2083 1074 2100 a
1088 2070 1370 2112 praetergrediendo.
1411 2070 1557 2100 Varicare
1579 2072 1657 2100 enim
1680 2076 1723 2100 est
1745 2070 1875 2108 ingredi,
1898 2070 2058 2099 ambulare.
2089 2069 2186 2099 Gloss.

243 2107 363 2136 isidori:
402 2109 525 2139 Varicat
548 2114 685 2148 divertit,
713 2114 853 2143 ambulat.
899 2114 1106 2143 Praevaricari
1128 2119 1171 2143 est
1192 2114 1411 2153 praetergredi,
1442 2114 1523 2152 quod
1546 2114 1668 2152 proprie
1691 2113 1727 2141 de
1750 2113 1917 2141 aratoribus
1941 2113 2067 2147 dicitur,
2096 2111 2147 2150 qui
2168 2123 2186 2140 a

241 2155 324 2179 recto
347 2150 429 2179 sulco
452 2153 603 2182 divertunt
626 2161 654 2183 et
676 2157 746 2186 inde
768 2158 945 2185 translatum
967 2158 998 2185 in
1024 2158 1131 2185 forum.
1178 2157 1251 2187 Ptin.
1277 2157 1328 2185 lib.
1341 2156 1449 2185 XVIII.
1473 2166 1538 2194 cap.
1554 2159 1619 2187 19.:
1646 2156 1777 2191 Arctior,
1801 2156 1858 2184 nisi
1879 2156 2016 2184 incurvus
2034 2155 2186 2194 praevari-

243 2200 333 2221 catur.
378 2191 450 2220 Jncle
476 2194 650 2225 translatum
684 2198 740 2227 hoc
763 2201 871 2228 crimen
893 2200 923 2228 ἰη
942 2199 1054 2240 forum.
1094 2198 1142 2228 Ibi
1163 2200 1262 2239 itaque
1284 2207 1434 2235 caveatur,
1465 2198 1516 2227 ubi
1537 2199 1682 2227 inventum
1705 2205 1755 2227 est.
1793 2198 2019 2226 Praevaricator
2041 2197 2133 2234 igitur
2153 2196 2184 2225 in

244 2236 310 2263 foro
340 2236 502 2274 opponitur
530 2247 600 2265 vero
631 2242 795 2270 accusatori
818 2247 846 2270 et
868 2243 892 2270 is
916 2242 1041 2279 dicitur,
1078 2242 1130 2280 qui
1151 2242 1220 2270 dum
1246 2241 1331 2279 fingit
1353 2252 1383 2269 se
1407 2251 1561 2278 accusare,
1599 2241 1630 2269 id
1652 2241 1712 2278 agit
1734 2240 1834 2279 potius
1857 2246 1890 2269 ut
1911 2250 1980 2269 reus
2002 2239 2183 2270 absolvatur.

245 2277 358 2307 Closs-²
398 2277 602 2314 Pffl‘varicffl‘r
638 2285 802 2320 καταφίημι
830 2288 885 2315 τοῦ
913 2282 1103 2315 ὑπευθύνου.
1147 2285 1235 2313 ltem:
1273 2283 1465 2313 Praevaricor
1492 2283 1560 2320 tibi,
1598 2284 1778 2322 νοσφίζομαί
1800 2292 1841 2313 σε.
1885 2283 1923 2311 Et
1944 2282 2002 2311 hoc
2025 2281 2115 2310 fiebat
2136 2280 2182 2309 vel

243 2320 423 2348 transeundo
448 2321 571 2349 dicenda
595 2322 641 2349 vel
663 2323 768 2352 leviter
792 2327 978 2363 attingendo,
1007 2337 1082 2364 quae
1106 2332 1175 2356 sunt
1197 2328 1313 2365 saepius
1335 2327 1531 2362 inculcanda,
1559 2325 1717 2364 infigenda.
1762 2326 1873 2354 Plinius
1898 2325 1997 2353 iunior
2019 2324 2112 2362 Epist.
2129 2324 2181 2354 20.

244 2362 295 2390 lib.
312 2362 346 2390 L:
386 2361 512 2402 Alioqui
538 2366 752 2402 praevaricatio
775 2375 814 2394 est
836 2370 959 2397 transire
981 2368 1126 2407 dicenda‚·
1160 2370 1378 2408 praevaricatio
1401 2370 1486 2397 etiam
1510 2370 1617 2398 cursim
1640 2376 1665 2397 et
1689 2367 1810 2397 breviter
1831 2368 1985 2407 attingere,
2021 2376 2094 2404 quae
2115 2371 2182 2392 sunt

243 2403 440 2440 inculcanda,
463 2404 624 2446 irfigenda‚
649 2406 806 2444 repetenda.
830 2409 918 2439 Dae.
964 2411 1044 2446 Quid
1066 2413 1265 2449 praevaricari
1289 2417 1318 2440 et
1341 2411 1581 2450 praevaricator,
1605 2411 1673 2440 vide
1695 2410 1725 2439 ff.
1748 2410 1785 2439 de
1808 2407 2095 2448 praevaricatoribus
2118 2406 2136 2434 l.
2152 2410 2179 2437 1.
