2263 2668
178 287 207 309 's
225 280 358 314 auspicio

353 176 426 209 230

536 268 623 300 testis
653 271 700 299 est

351 326 474 356 ‹wuntm
482 342 491 359 ‚
518 329 609 362 quae
636 321 798 350 acturum
827 315 964 360 aliquid
990 318 1156 350 remorari
1183 318 1394 362 compellunt
1447 343 1454 349 .

351 383 424 406 rere
449 369 576 410 valde,
607 373 644 402 ut
671 369 706 402 in
733 368 833 402 rimis
859 378 994 412 quoque
1046 394 1053 399 .

412 421 535 454 Ennius
562 421 619 454 lib.
642 420 697 452 XI.
878 445 884 451 .
938 444 945 450 .
1001 447 1009 454 ,

348 474 508 519 pandum
689 499 695 504 .
747 471 894 504 Lucilius
927 470 1021 503 Suda

352 555 358 559 .
413 553 419 558 .
475 553 481 557 .
598 551 605 557 .
646 523 828 556 coxendice
849 533 991 566 pergam
1031 548 1038 554 .

353 577 461 610 suisse
487 575 636 615 videtur,
657 585 728 619 pro
754 575 789 607 in
814 574 972 607 morbum
999 574 1136 609 recidat.

977 169 1117 205 SEXTI
1144 170 1342 206 POMPEI!
1370 171 1508 206 FESTI

1374 266 1410 298 R
1419 277 1437 299 e
1445 276 1481 298 m
1488 276 1508 299 o
1516 275 1536 298 r
1544 275 1563 298 e
1570 276 1587 298 s
1619 265 1697 298 item
1727 265 1762 297 in
1788 267 1941 310 uspicio
1969 280 2053 302 aves
2074 269 2131 302 di-

1816 318 1999 361 Rimari,
2027 332 2132 364 quae-

1354 368 1411 412 qui
1437 375 1470 401 te
1496 369 1638 401 rimatur
1690 393 1698 399 .

1313 421 1447 464 virique.
1502 420 1534 452 R
1543 431 1561 453 e
1571 419 1697 452 millu
1705 430 1739 451 m
1766 419 1913 461 dicitur,
1948 423 2048 466 quasi
2073 433 2132 456 re-

1632 471 1795 503 remilium
1839 478 1870 504 et
1905 473 2064 506 Afranius
2099 474 2133 507 in

1590 522 1899 557 Remorbescat
1919 524 2049 557 Ennius
2069 536 2133 569 po-

1189 575 1221 606 R
1230 586 1248 607 e
1246 574 1280 619 f
1283 586 1305 606 u
1314 578 1326 607 t
1335 586 1359 606 u
1368 585 1388 606 r
1398 585 1416 607 e
1442 573 1628 620 significat
1652 574 1886 619 redarguere,
1913 576 2076 609 Pacuvius
2102 577 2136 608 in

199 636 233 660 ·s.
261 634 327 659 Her·
354 628 550 662 Hemiona*
849 649 857 657 .
908 653 915 659 .
965 637 1048 669 quas
1066 626 1175 670 gloria
1196 632 1228 659 et
1272 652 1278 657 .
1457 651 1463 657 .
1518 653 1525 660 .
1580 653 1586 658 .
1768 652 1774 658 .
1951 628 2048 661 rictas
2069 627 2136 660 hu-

222 670 304 695 ¹¹¹³⁰¹¹³
355 691 488 713 manum
729 676 956 721 compositum
989 688 1013 710 a
1036 676 1158 722 fando
1192 688 1297 710 versa
1323 689 1346 710 a
1372 677 1483 710 littera
1516 677 1548 709 in
1575 689 1596 710 u
1623 681 1660 710 ut
1692 678 1774 710 item
1801 679 1835 710 in
1863 679 1967 712 cludo
1990 678 2136 724 sactum

355 736 420 771 est,
464 742 487 763 a
509 740 576 775 quo
601 728 784 763 recludere.
839 729 1202 772 Renanciscitur,
1253 728 1285 760 Ι
1284 729 1397 762 errius
1430 729 1571 774 quidem
1603 729 1800 774 significare
1833 731 1878 762 ait
1903 730 2136 775 reprehendit.

203 952 238 976 ϊ.
266 937 515 983 rigidognificat,
544 939 575 968 et
597 936 726 969 durum
775 963 781 969 .

360 782 462 816 Unde
489 781 609 815 adhuc
633 792 696 814 nos
723 780 880 822 dicimus,
915 781 1127 819 nanciscitur3
1164 784 1196 814 et
1222 784 1364 820 nactus,
1391 781 1430 813 id
1458 784 1507 813 est
1534 780 1697 826 adeptus.

357 844 578 878 quaecunque
605 832 650 865 ab
678 843 717 865 eo
744 832 985 874 declinantur,
1012 843 1154 876 quorum
1181 833 1312 876 passiva
1338 833 1530 865 auctoritas
1556 836 1615 866 est.

359 897 438 919 cum
461 884 620 930 scaphae
651 884 758 917 remis
783 884 884 917 navis
909 895 1043 929 magna
1069 884 1223 919 trahitur.

359 989 472 1033 rigido

1079 962 1200 1032 rigido
1235 987 1325 1020 ferro

1750 781 1884 818 Reor.
1912 783 2079 819 existimo,
2106 787 2138 814 et

1669 828 1927 881 Remulssco
1954 836 2023 872 est,
2060 832 2137 878 [87]

1282 884 1459 929 Rigidum
1488 887 1520 917 et
1542 887 1693 928 praeter
1718 884 1860 917 modum
1878 883 2065 929 frigidum
2091 884 2139 917 si-

1327 935 1459 980 ngido*
1574 962 1581 967 .
2131 960 2138 966 .

1564 985 1903 1033 Regifugiuml
1931 963 2012 1021 dies
2037 963 2140 1020 nota-

359 1046 416 1074 tur
443 1041 477 1073 in
501 1039 616 1072 Fastis
644 1012 1006 1079 V1.'Kal.Martias‚
1047 1043 1084 1071 ut
1111 1039 1161 1071 ait
1190 1039 1219 1070 l
1220 1040 1351 1079 errius,
1393 1039 1443 1071 ita
1471 1039 1603 1079 dictus,
1645 1040 1724 1081 quia
1751 1050 1791 1072 eo
1816 1039 1876 1072 die
1900 1050 1966 1072 rex
1991 1039 2141 1083 Tarqui-

205 1100 333 1126 ·f.1ui·1us
359 1093 436 1126 nius
455 1092 573 1125 Roma
590 1089 756 1136 sugerit,-
782 1089 875 1132 quod
902 1089 1024 1123 falsum
1053 1101 1126 1124 esse
1152 1091 1275 1136 arguit
1303 1090 1442 1124 Cincius
1468 1090 1502 1122 in
1531 1090 1620 1123 libro
1643 1090 1849 1130 Fastorum,
1877 1097 1909 1123 et
1930 1091 2074 1124 'lulius*
2096 1090 2142 1123 de

352 1144 477 1190 seriis,
505 1143 562 1187 qui
586 1143 748 1175 Saliares
774 1141 948 1186 virgines,
977 1145 1009 1174 et
1031 1141 1139 1174 Salios
1167 1143 1293 1175 adesse
1320 1142 1439 1175 dicunt
1461 1142 1557 1187 Rege?
1583 1153 1785 1183 sacrorum,
1812 1142 2006 1188 eumfacit
2028 1141 2142 1175 sacri-

362 1196 476 1229 ficium
503 1195 536 1226 in
562 1193 724 1233 Comitio,
770 1204 836 1237 quo
853 1192 977 1238 sacto,
1019 1194 1138 1226 statim
1154 1193 1272 1239 sugit.
1306 1193 1400 1238 quod
1425 1204 1546 1226 verum
1574 1195 1772 1239 cognoverit
1798 1205 1886 1235 esse,
1929 1195 1987 1239 qui
2014 1193 2142 1239 legerit

362 1249 396 1280 in
418 1246 535 1280 Fastis
562 1246 638 1278 dies
663 1245 772 1287 tales,
801 1245 918 1289 quales
945 1248 1111 1278 notantur
1136 1246 1206 1278 sic.-
1247 1244 1289 1292 Q.
1313 1245 1426 1278 REX.
1452 1244 1490 1279 C.
1514 1245 1554 1278 F.
1581 1246 1620 1278 id
1647 1250 1696 1279 est
1724 1246 1859 1290 quando
1881 1246 1957 1278 Rex
1984 1245 2143 1279 comitia-

363 1299 430 1340 vit,
470 1297 561 1336 Fas‚·
605 1297 645 1330 id
672 1300 722 1330 est
750 1296 800 1329 ad
827 1296 1002 1329 comitium
1028 1297 1105 1329 itat:
1149 1297 1201 1330 his
1228 1297 1317 1330 enim
1340 1300 1477 1330 tantum
1499 1296 1610 1341 seriis
1630 1297 1730 1343 Regi
1754 1309 1938 1331 sacrorum
1964 1298 1999 1329 in
2027 1296 2143 1331 Comi—

364 1351 467 1391 tium,
507 1360 569 1382 nec
595 1349 628 1381 in
656 1348 736 1381 aliis
762 1348 815 1381 ire
841 1347 930 1382 licet.
964 1348 1022 1393 qui
1048 1359 1122 1382 mos
1148 1349 1288 1382 videtur
1314 1348 1446 1381 ascitus
1471 1359 1515 1381 cx
1534 1348 1681 1381 Etruria.
1733 1348 2035 1394 Regifugium
2061 1349 2142 1380 item

365 1402 440 1435 dies
466 1404 609 1434 notatur
635 1400 669 1433 in
694 1399 825 1441 Fastis,
868 1399 944 1432 Kal.
968 1400 1075 1433 Iuniis.
1111 1401 1170 1445 qui
1196 1400 1289 1443 dies,
1332 1400 1415 1445 quia
1441 1403 1531 1433 totus
1556 1399 1716 1444 nefastus
1741 1412 1807 1433 non
1835 1404 1902 1440 est,
1945 1400 2016 1444 legi
2042 1399 2144 1431 (lebet

364 1465 440 1487 cum
461 1456 544 1486 nota
565 1450 627 1493 N’,
653 1463 720 1484 non
741 1450 795 1492 N,
822 1452 917 1496 quod
943 1452 1003 1484 ille
1029 1451 1105 1485 dics
1130 1452 1174 1485 sit
1201 1463 1220 1485 e
1246 1452 1375 1484 nefasto
1403 1451 1513 1484 fastus.
1568 1451 1715 1496 Regia
1742 1451 1859 1495 dicta,
1887 1452 1942 1484 vel
1968 1451 2061 1496 quod
2083 1461 2144 1483 sa-

365 1515 506 1538 crorum
536 1515 648 1537 causa
675 1507 851 1546 tamquam
878 1503 911 1535 in
937 1503 1051 1537 fanum
1079 1515 1098 1536 a
1118 1502 1288 1550 Pontifice
1311 1503 1507 1545 convocati,
1534 1503 1569 1535 in
1596 1514 1675 1535 eam-
1702 1504 1940 1537 convenirent:
1971 1508 2027 1535 aut
2052 1501 2143 1545 quod

365 1557 396 1588 in
425 1568 481 1595 ea,
516 1566 616 1595 sacra
643 1566 666 1587 a
688 1555 794 1599 Rege
821 1554 1023 1601 sacrificulo
1051 1559 1152 1588 erant
1178 1556 1276 1589 solita
1303 1554 1463 1598 usurpari.

533 1607 711 1651 Regiae
733 1605 859 1651 seriae
885 1606 1005 1639 dictae
1030 1606 1212 1647 videntur,
1257 1617 1343 1651 quae
1370 1606 1452 1639 fiunt
1477 1605 1559 1646 fori,
1602 1609 1805 1647 conventus,
1850 1610 1883 1638 et
1909 1605 2146 1638 nundinarum

368 1669 478 1692 causa
506 1657 540 1690 in
568 1658 700 1691 civitate
727 1657 873 1701 aliquem
896 1668 965 1703 per
990 1658 1228 1700 sacerdotem,
1263 1657 1322 1703 qui
1347 1657 1391 1691 sit
1417 1657 1525 1702 regia
1548 1657 1735 1690 maiestate.
1763 1657 1822 1690 sed
1849 1668 1915 1690 non
1941 1667 2079 1701 semper
2106 1655 2148 1689 ob

368 1710 461 1743 hanc
488 1720 596 1743 unam
624 1720 770 1742 causam
797 1712 950 1749 tantum,
991 1709 1071 1752 qui*
1094 1709 1223 1742 homini
1249 1709 1321 1741 talis
1348 1708 1543 1742 maiestatis
1571 1720 1659 1741 cura
1686 1709 1796 1741 datur
1823 1709 1946 1750 etiam,
1981 1719 2059 1741 cum
2087 1718 2149 1740 ex-

368 1761 479 1806 piatio
505 1762 587 1795 ictus
610 1761 751 1805 fulguris
775 1760 829 1801 fit,
856 1764 918 1793 aut
939 1761 972 1793 in
993 1761 1225 1805 procurando
1248 1764 1411 1806 portento
1430 1760 1550 1801 simili,
1578 1772 1645 1803 quo
1666 1761 1780 1805 regiae
1805 1760 1916 1794 feriae
1933 1759 2022 1806 fieri
2043 1760 2148 1792 etiam

372 1813 496 1846 solitae
522 1816 610 1846 sunt.
664 1809 942 1857 Reglescit2,
968 1823 1044 1846 cum
1072 1812 1154 1846 dixit
1177 1813 1346 1851 Plautus,
1377 1810 1559 1857 significat
1583 1813 1726 1851 crescit,
1754 1813 1819 1845 hoc
1848 1823 1960 1845 versu:
1996 1812 2060 1843 vix
2087 1822 2149 1843 su-

372 1875 545 1908 persum
577 1864 745 1905 dolori,
793 1864 934 1908 quiin
962 1864 1058 1897 dies
1083 1876 1166 1897 vae
1192 1865 1346 1897 misero
1374 1863 1475 1896 mihi
1503 1875 1550 1896 ac
1573 1864 1771 1908 perdito,
1819 1864 2038 1909 'reglescit
2066 1874 2151 1898 ma-

229 1716 236 1723 ·
245 1715 261 1738 f.
283 1712 341 1747 quia

374 1915 444 1959 gis
482 1916 726 1961 magisque.
753 1915 833 1948 inde
869 1915 967 1948 etiam
995 1916 1096 1960 glires
1121 1912 1142 1964 Η
1165 1915 1245 1949 dicti
1272 1915 1440 1953 videntur,
1476 1915 1596 1958 quibus
1631 1927 1754 1959 corpus
1782 1915 2013 1960 pinguitudine

1036 1967 1199 2001 Pacuvius
1226 1967 1256 1999 in
1281 1969 1460 2000 Armorum
1487 1966 1629 2000 iudicio:

375 1966 544 2000 adcrescit.
596 1967 630 2000 R
638 1979 657 2000 e
665 1979 684 2000 a
692 1978 715 2012 p
724 1979 738 1999 s
746 1979 763 2000 e
792 1972 839 2000 est
865 1967 982 2011 reipsa.

2067 1912 2148 1960 [38]

478 2017 625 2050 Sinon
652 2024 715 2052 est
740 2019 950 2063 ingratum
978 2030 1128 2063 reapse
1155 2018 1266 2062 quod
1294 2018 1380 2052 feci
1408 2018 1521 2050 bene.

466 2106 492 2144 1)
520 2109 750 2149 Regifugium]
781 2111 874 2140 Iulius
911 2112 948 2140 de
979 2112 1060 2141 seriis
1090 2112 1199 2141 citatur
1229 2122 1243 2139 a

384 2147 533 2177 macrobio
555 2151 584 2178 in
607 2153 822 2183 Saturnalibus.
846 2153 937 2182 vide
929 2165 959 2182 ιη
988 2155 1080 2183 Salias
1105 2155 1243 2193 virgines,

384 2199 421 2218 ex
444 2200 477 2217 eo
501 2191 576 2219 enim
606 2193 672 2222 loco
700 2201 813 2233 partem
841 2197 998 2234 fragmenti
1027 2198 1244 2237 supplevimus,

384 2232 497 2269 reliqua
523 2242 557 2260 ex
588 2234 726 2264 Varronis
748 2239 800 2269 lib,
822 2241 852 2271 5.
880 2239 916 2267 de
942 2240 1022 2278 Ling.
1048 2241 1109 2269 Lat.
1133 2241 1161 2269 in
1187 2250 1244 2279 quo

386 2279 444 2302 est:
480 2274 563 2310 Dies
602 2277 650 2313 qui
681 2283 800 2308 notatur
827 2283 867 2309 sic
899 2282 936 2317 Q.
961 2283 1062 2311 REX.
1091 2283 1122 2311 C.
1147 2283 1176 2311 F.
1203 2283 1245 2311 sic

386 2316 481 2344 dictus
498 2316 533 2344 ab
554 2327 605 2350 e0,
630 2319 708 2356 quod
730 2330 763 2348 eo
778 2322 825 2350 die
847 2324 911 2352 Rex
934 2325 1116 2354 sacrificulus
1140 2326 1193 2354 itat
1209 2324 1247 2353 ad

388 2358 561 2396 Comitium,
588 2339 624 2387 a⁷d
648 2360 728 2398 quod
750 2367 864 2401 tempus
891 2369 935 2393 est
957 2367 1055 2400 nefas
1080 2368 1116 2396 ab
1140 2378 1175 2397 eo
1190 2368 1245 2396 sas-

388 2401 486 2440 itaque
508 2406 578 2440 post
600 2401 629 2429 id
649 2406 765 2440 tempus
788 2405 850 2441 lege
873 2412 970 2436 actum
993 2419 1080 2447 saepe
1102 2415 1156 2441 etc,
1197 2410 1247 2437 Sic

387 2444 463 2471 enim
486 2443 627 2481 legendus
642 2444 754 2479 Varro,
780 2455 838 2473 non
858 2453 890 2475 ut
913 2450 1024 2478 amicus
1041 2461 1139 2487 meus,
1166 2452 1246 2490 quod

1288 2122 1322 2139 eo
1348 2111 1395 2140 die
1418 2112 1483 2140 Rex
1505 2110 1651 2139 sacrificat
1673 2110 1710 2138 ad
1741 2110 1912 2138 Comitium.
1944 2119 2011 2137 nam
2032 2108 2151 2137 Plutar-

1288 2153 1362 2182 chus
1385 2154 1427 2182 sic
1449 2153 1539 2182 habet
1568 2153 1598 2182 in
1622 2152 1722 2191 probl.
1747 2152 1807 2183 ἔστι
1835 2154 1920 2202 γοῦν
1930 2163 1974 2188 τις
2002 2151 2034 2182 ἐν
2043 2148 2152 2205 ἀγορᾷ

1287 2197 1383 2227 θυσία
1403 2194 1482 2236 πρός
1502 2198 1544 2238 τῷ
1565 2195 1714 2236 λεγομένῳ
1730 2196 1864 2234 Κομιτίῳ
1878 2206 2019 2244 πατριος.
2035 2195 2075 2232 ἦν
2093 2182 2149 2223 θυ-

1288 2248 1342 2275 σας
1378 2238 1395 2269 ό
1428 2237 1565 2278 βασιλευς
1599 2237 1673 2268 nata
1707 2250 1795 2276 ταχος
1830 2236 1929 2267 ἄπεισι
1960 2247 2083 2276 φευγων
2120 2235 2149 2270 ἐξ

1288 2278 1408 2322 ἀγορᾶς.
1432 2281 1521 2310 Ovid
1546 2281 1577 2309 in
1600 2281 1713 2309 Fastis·
1740 2282 1894 2318 Quattuor
1916 2278 1986 2308 inde
2008 2279 2086 2306 notis
2106 2277 2148 2305 lo-

1289 2335 1344 2352 cus
1365 2330 1425 2361 est,
1449 2324 1560 2363 quibus
1579 2323 1684 2352 ordine
1705 2324 1805 2359 lectis,
1833 2323 1890 2352 Vel
1906 2332 1971 2350 mos
1985 2329 2148 2354 sacrorum,

1290 2368 1336 2395 1el
1359 2368 1420 2406 fag
1422 2372 1442 2395 a
1467 2368 1563 2405 Regis
1590 2369 1675 2396 inest.
1705 2366 1774 2404 fuga
1795 2364 1882 2403 Regis
1913 2375 1928 2394 e
1954 2362 2095 2398 Comitio,
2118 2361 2148 2391 id

1290 2414 1352 2446 est,
1376 2409 1407 2439 ἐκ
1430 2411 1484 2449 τῆς
1509 2407 1636 2449 ἀγορᾶς,
1658 2413 1692 2438 ut
1715 2410 1756 2437 ait
1777 2406 1968 2442 Plutarchus,
1998 2404 2065 2443 quia
2094 2404 2149 2432 Co-

1289 2452 1406 2480 mitium
1436 2456 1499 2480 erat
1520 2452 1551 2479 in
1576 2452 1662 2480 Foro.
1686 2461 1724 2479 ex
1752 2449 1830 2478 Festi
1863 2453 1958 2476 autem
1986 2447 2149 2485 fragmento
