2263 2668
889 575 1197 617 VIRO

332 737 871 774 PERILLUSTRI
936 736 1020 775 AC
1090 735 1750 772 GENEROSISSIMO

69 888 627 945 BERNHARDO
687 888 1017 944 LIBERO
1077 887 1418 943 BARONI
1463 903 1501 941 A
1546 887 2011 943 LINDENAU

913 1082 943 1112 S.
1023 1081 1055 1111 P.
1136 1081 1171 1111 D.

505 1211 964 1256 FRIDERICUS
1017 1210 1572 1255 LINDEMANNUS.

65 1546 254 1612 Quantum
281 1565 360 1599 Tibi
388 1565 528 1608 debeat,
561 1566 620 1601 Vir
647 1568 864 1608 Petiliustris,
906 1568 993 1602 haec
1021 1567 1325 1601 Grammaticorum
1347 1566 1541 1599 Latinorum
1568 1565 1669 1598 editio
1695 1564 1838 1599 feliciter
1863 1574 2009 1609 progre—

64 1634 155 1668 diens
182 1640 214 1668 et
240 1635 346 1667 fausto
373 1645 469 1668 cursu
496 1635 539 1668 ad
566 1636 762 1671 umbilicum
790 1637 1011 1678 contendens,
1054 1641 1086 1669 et
1111 1637 1183 1680 ipse
1209 1636 1318 1680 probe
1344 1635 1405 1668 scis
1431 1645 1540 1678 neque
1563 1633 1619 1666 alii
1640 1633 1796 1667 nesciunt.
1849 1632 2009 1677 Quapro-

64 1708 139 1748 pter
165 1702 256 1735 haud
285 1713 369 1746 opus
395 1703 570 1736 videbatur
598 1716 685 1747 esse,
726 1705 760 1738 id
787 1706 896 1750 ipsum
923 1710 959 1739 ut
984 1705 1053 1739 hoc
1081 1705 1157 1738 loco
1185 1714 1404 1749 exponerem3
1451 1713 1566 1735 verum
1595 1706 1627 1735 et
1653 1702 1776 1747 gratias
1803 1712 1905 1746 agere
1931 1699 2010 1733 Tibi

64 1776 96 1804 et
121 1783 187 1814 qua
213 1771 338 1804 ratione
369 1770 613 1806 continuaretur
640 1778 799 1818 coeptum
826 1785 930 1819 opus,
973 1774 1040 1808 hac
1074 1772 1215 1818 epistola
1244 1771 1324 1804 Tibi
1351 1781 1521 1813 enarrare,
1562 1781 1628 1803 non
1654 1769 1722 1803 sine
1747 1769 1870 1803 idonea
1895 1778 2010 1802 caussa

63 1839 223 1872 constitui.
276 1839 406 1872 Etenim
434 1852 536 1884 quum
563 1841 654 1875 haud
681 1854 822 1887 parvum
850 1848 917 1880 est,
961 1842 1051 1887 quod
1073 1841 1146 1883 Tu,
1185 1838 1382 1884 gravissimis
1408 1838 1503 1884 regni
1530 1842 1562 1871 et
1588 1837 1780 1871 restituendi
1807 1842 1840 1871 et
1866 1836 2007 1869 admini-

63 1907 187 1940 strandi
215 1908 298 1940 curis
325 1914 423 1951 atque
449 1910 589 1955 negotiis
617 1911 807 1954 distractus,
851 1912 1027 1946 doctorum
1062 1910 1158 1942 etiam
1186 1907 1360 1941 hominum
1386 1918 1492 1952 nugas
1519 1918 1589 1940 esse
1615 1906 1740 1951 aliquid
1767 1910 1884 1951 putare
1910 1904 2007 1945 soles,

61 1977 187 2021 quippe
213 1976 283 2020 ipse
309 1977 492 2021 principem
521 1979 633 2013 locum
660 1980 743 2014 inter
770 1980 857 2013 viros
889 1980 1008 2013 doctos
1041 1983 1170 2015 tenens;
1208 1981 1279 2010 tum
1310 1976 1472 2021 imprimis
1504 1986 1663 2021 magnum
1690 1980 1724 2008 et
1749 1974 1843 2008 nobis
1869 1973 2006 2018 quidem

62 2044 273 2085 admirabile,
301 2045 391 2087 quod
419 2057 458 2079 ne
486 2046 732 2082 Grammaticae
758 2049 894 2093 quidem
921 2047 996 2080 artis
1023 2056 1063 2079 ac
1090 2045 1199 2078 Latini
1226 2045 1382 2079 sermonis
1408 2043 1552 2077 studium
1578 2043 1756 2089 impensius
1783 2055 1823 2078 ac
1849 2042 2006 2078 recondi-

61 2113 122 2145 tius
150 2124 168 2144 a
195 2112 271 2145 Tua
304 2122 383 2146 cura
409 2114 554 2158 Tuoque
586 2117 772 2160 patrocinio
806 2117 949 2149 alienum
984 2114 1156 2147 existimas.
1216 2113 1360 2147 Proinde
1392 2124 1460 2146 non
1492 2112 1609 2146 dubito
1643 2113 1812 2158 profiteri,
1852 2124 1907 2146 me
1939 2122 2006 2145 non

60 2182 167 2214 minus
194 2181 306 2213 favore
329 2181 426 2223 Tuo,
467 2194 534 2226 quo
562 2185 733 2229 amplexus
762 2196 794 2217 es
821 2188 972 2228 suscepta
997 2194 1090 2224 mea,
1128 2193 1228 2226 quam
1255 2182 1396 2224 auxilio,
1435 2193 1504 2226 quo
1530 2181 1614 2215 mihi
1641 2193 1674 2215 es
1699 2181 1943 2228 patrocinatus,
1973 2181 2005 2212 in

60 2260 164 2294 opere
197 2253 328 2282 strenue
360 2252 590 2294 persequendo
625 2264 695 2285 esse
729 2253 975 2292 confirmatum;
1014 2263 1124 2295 neque
1155 2251 1266 2285 facere
1296 2262 1432 2296 possum
1458 2251 1537 2295 quin
1563 2251 1678 2296 palam
1706 2251 1857 2285 omnibus
1883 2250 2002 2287 dicam,

59 2329 121 2362 per
147 2328 246 2361 quem
274 2318 494 2361 profecerim,
523 2320 612 2353 cuius
637 2320 804 2364 praesidio
832 2322 973 2354 maxime
1000 2321 1100 2353 fretus
1126 2332 1195 2354 rem
1222 2320 1361 2354 arduam
1389 2320 1557 2354 conficere
1583 2325 1792 2366 perrecturus
1818 2319 1886 2351 sim.
1941 2314 2000 2346 Vi-

60 2385 136 2425 des,
176 2391 259 2429 quot
293 2391 324 2417 et
358 2391 494 2428 quantas
528 2386 670 2421 habeam
707 2399 853 2426 caussas,
898 2400 957 2423 cur
988 2389 1065 2423 Tibi
1099 2389 1219 2434 gratias
1253 2400 1370 2434 agam3
1411 2400 1538 2433 eaeque
1570 2389 1650 2422 Tibi
1683 2388 1749 2421 hac
1778 2387 1832 2418 Te
1864 2382 1999 2427 publice
