2263 2668
196 188 270 224 313
623 175 969 214 COMMENTARII
995 175 1044 209 IN
1070 175 1213 211 PAULI
1239 176 1437 212 DIACONI
1462 177 1717 212 EXCERPTA

198 284 234 312 de
246 277 424 309 Publiciana.
469 271 572 301 Goth.
617 271 680 299 Nisi
695 270 843 304 fallimur,
867 266 949 297 aedis
971 267 1050 297 dicta
1075 268 1111 297 ab
1127 269 1209 307 ἕδος,
1233 270 1338 299 omissa
1363 270 1546 309 aspiratione
1570 275 1600 299 et
1616 270 1730 310 syllaba
1751 271 1910 310 producta,
1935 273 2016 312 quod
2029 274 2101 304 item
2117 275 2147 303 in

199 326 310 353 Graeca
329 329 402 349 voce
427 311 527 354 ἦθος
550 313 693 342 accidisse
711 312 856 342 videmus.
902 311 999 354 Simili
1015 310 1104 340 modo
1121 311 1177 340 sad
1198 317 1227 341 et
1243 314 1277 356 (ῖς
1294 313 1325 341 in
1340 313 1440 351 lingua
1457 314 1608 342 Sanscrita
1626 313 1749 343 sedendi
1768 312 1878 343 habent
1893 315 2147 354 significationem,

199 377 237 397 ex
252 372 379 404 quorum
396 359 488 388 altero
502 355 595 393 sedeo,
615 355 678 393 ἕζω,
701 356 776 392 ἕδος,
791 365 828 385 eX
846 354 940 383 altero
956 355 1036 393 ἦθος
1055 358 1083 383 et
1098 353 1179 385 aedis
1194 360 1222 384 et
1243 357 1331 394 ἧσται
1351 355 1513 385 derivanda
1536 361 1616 387 sunt.
1648 357 1690 386 Cf.
1709 356 1796 385 etiam
1820 357 2035 388 Germanorum
2057 359 2149 388 verba

198 410 304 443 sitzen,
325 405 427 434 sinen,
449 397 567 429 siedeln.

358 441 514 474 Aedituus.
564 440 718 470 videndus
745 440 841 469 Varro
866 439 898 468 in
928 439 1013 467 libris
1038 439 1074 468 de
1104 441 1134 470 L.
1156 442 1188 469 L.
1214 441 1308 479 (VH,
1330 443 1364 478 2,
1387 442 1438 474 83.
1463 450 1528 480 pag.
1551 443 1625 474 298.
1646 441 1720 481 Sp.)
1757 446 1786 470 et
1814 442 1937 471 Paullus
1963 447 1992 472 et
2012 444 2149 473 Iustinia-

198 503 254 522 nus
274 489 327 518 sub
343 486 431 515 titulo
448 485 485 514 de
500 484 616 520 tutelis,
639 488 666 512 et
685 494 718 513 ea
737 494 813 522 quae
829 482 866 510 ad
885 493 913 511 v.
936 480 1091 510 aeditimus
1115 484 1229 522 scripsi.
1275 482 1362 512 Ant.
1386 483 1482 522 Aug.
1529 482 1641 514 Sacrae
1658 483 1742 512 aedes
1759 484 1858 513 tuitor.
1902 486 1951 514 Sic
1965 485 2149 525 Theophilus

198 535 228 574 ς,
246 530 373 560 Tutoris.
395 528 463 556 Inst.
483 527 518 556 de
533 527 656 556 Tutelis.
699 527 737 555 Et
751 527 792 554 ita
808 525 919 554 Aedilis
939 525 1086 563 accipitur
1108 527 1175 559 inl,
1192 529 1220 557 3.
1247 525 1277 564 §.
1297 526 1365 557 3.ff.
1388 526 1425 554 de
1440 526 1560 555 Tabulis
1575 526 1690 562 exhib.;
1713 526 1750 555 ob
1768 527 1798 555 id
1818 527 2026 567 Hierophylax
2042 529 2151 567 appel—

199 578 280 605 latur
301 574 332 602 in
353 573 372 601 l.
395 573 444 603 28.
459 570 487 598 ss'.
510 569 547 598 de
563 569 678 598 annuis.
721 569 798 598 Hinc
814 566 961 596 aedituari
974 567 1004 596 in
1022 570 1134 608 templo
1158 569 1239 608 apud
1256 568 1385 597 Nonium
1406 569 1525 598 dicitur.
1571 569 1684 598 Glossis
1700 569 1832 599 Aeditilis
1856 569 2014 610 νεωκόρος.
2044 571 2151 600 Iisdem

200 615 348 656 νεωκόρος
367 618 395 643 et
415 609 593 650 νεωφύλαξ,
617 612 752 641 Edituns.
802 609 981 647 Gotlzofr.
1028 610 1149 648 Τηίων,
1172 617 1265 640 tutor.
1310 610 1424 640 Idem.

361 654 609 691 Aeditumus,
631 653 741 684 aedis
763 655 799 682 in
811 654 879 681 tim
892 665 910 681 u
919 664 943 682 s.
988 653 1090 692 Inepte
1107 655 1220 683 dictum
1235 658 1288 682 est.
1325 653 1431 682 Melius
1449 654 1510 683 Ser.
1532 653 1698 693 Sulpitius,
1722 658 1757 682 ut
1778 654 1839 682 Cic.
1854 654 1884 683 in
1901 655 2020 694 Topicis
2034 653 2092 695 (9.)
2107 664 2151 684 re-

200 705 273 740 fert,
290 702 320 730 in
330 700 469 740 finitimo,
483 697 631 736 legitimo,
654 696 793 726 aeditimo
810 706 870 724 non
886 695 953 734 plus
969 705 1032 724 esse
1047 697 1166 734 timum,
1189 707 1276 736 quam
1296 696 1327 724 in
1343 695 1518 732 meditullio,
1538 695 1664 733 tullium,
1680 697 1733 725 sed
1746 697 1974 736 productionem
1989 708 2050 727 esse
2066 697 2153 726 verbi

199 746 274 776 vult.
319 743 389 779 Hic,
412 745 447 769 ut
470 741 563 768 Varro
579 740 621 768 ait
638 740 687 768 lib.
703 740 725 775 I,
742 740 778 768 de
800 740 833 767 R.
850 739 883 767 R.
900 739 978 776 (cap.
988 737 1019 777 2)
1036 744 1065 767 et
1081 740 1117 768 de
1133 741 1163 768 L.
1182 741 1215 769 L.
1242 739 1292 767 lib.
1310 739 1345 768 ΙΙ.
1367 739 1446 777 apud
1470 739 1599 767 Gellium
1619 739 1686 775 XII,
1704 742 1751 771 10,
1775 744 1878 778 postea
1896 739 2030 769 aedituus
2049 740 2152 780 appel-

201 790 274 817 latus
291 791 343 822 est,
360 794 420 813 non
437 783 472 811 ab
488 782 610 811 aedibus
628 782 764 818 tuendis,
789 786 822 810 ut
836 781 947 817 Varro,
970 781 1074 810 Festus
1099 786 1128 811 et
1149 782 1198 811 alii
1216 782 1395 819 existimant,
1417 781 1468 809 sed
1488 781 1557 819 quia
1574 781 1743 810 aeditumus
1758 783 1842 820 prius
1865 782 2024 820 diceretur,
2047 788 2074 811 et
2094 792 2153 811 una

201 832 296 860 littera
309 828 379 856 elisa
396 826 442 855 sit.
488 826 537 853 Sic
553 829 759 854 testamentum
773 835 832 852 non
848 835 862 851 a
886 828 983 852 mente
998 824 1127 860 ducitur,
1153 825 1203 853 sed
1224 824 1383 861 productio
1399 824 1483 853 verbi
1498 829 1550 860 est,
1572 829 1604 852 ut
1621 824 1651 852 in
1667 824 1852 858 vestimento,
1876 825 2056 864 pavimento.
2077 825 2154 854 Gell.

201 874 250 910 VI,
267 874 314 904 12.
337 869 414 899 Vide
435 867 547 897 Charis.
571 868 623 898 lib.
650 869 671 904 l,
697 870 742 906 (p.
756 870 806 900 73.
824 866 885 904 Fr.)
907 865 994 895 Ant.
1016 867 1113 906 Aug.
1158 865 1328 896 Aeditimus
1349 867 1499 905 antiquior
1524 871 1576 903 est,
1601 865 1736 895 aedituus
1752 868 1865 896 recenti
1884 867 2015 896 novitate
2030 866 2153 896 effictus.

200 917 295 944 Varro
314 913 350 941 de
366 913 398 940 R.
416 912 450 939 R.
468 911 496 946 (l.
514 914 552 942 c.)
575 909 712 950 Rogatus
728 909 765 938 ab
785 908 941 947 aeditimo,
965 916 996 938 ut
1018 908 1113 939 dicere
1132 908 1292 939 didicimus
1311 921 1329 938 α
1346 908 1483 949 patribus
1500 909 1625 945 nostris5
1648 917 1679 938 ut
1696 910 1871 949 corrigimur
1884 922 1902 939 a
1924 909 2084 940 recentibus
2101 921 2156 938 ur-

202 958 301 995 banis,
325 954 361 985 ab
376 952 504 983 aedituo.
535 952 626 982 Duc.

367 994 542 1026 Aedilis.
588 995 655 1024 Vox
668 995 858 1033 magistratus
874 994 993 1023 videtur
1012 994 1133 1023 adiecta.
1167 994 1245 1024 Urs.
1284 992 1414 1030 Aedilis,
1429 994 1538 1033 inquit,
1550 995 1648 1034 primo
1664 995 1856 1033 magistratus
1874 993 1970 1024 dictus
1983 1002 2033 1024 est.
2052 992 2157 1023 deinde

202 1041 243 1071 ad
256 1040 445 1079 magistratus
464 1036 640 1066 translatum
654 1045 702 1067 est.
749 1037 829 1073 Quid
843 1037 925 1065 istud
946 1038 1043 1065 verbis
1063 1037 1126 1065 est'?
1171 1038 1245 1065 Sane
1266 1047 1318 1075 ego
1344 1047 1404 1065 non
1425 1037 1569 1074 intelligo.
1611 1037 1650 1065 Et
1668 1047 1772 1065 verum
1792 1042 1835 1066 est
1850 1037 1926 1065 illud
1940 1038 2062 1066 verbum
2080 1036 2157 1066 Ma-

199 1085 340 1124 gistratus
358 1081 521 1117 abundare,
545 1084 578 1108 ut
592 1081 633 1109 ita
649 1081 780 1117 legatur:
803 1078 923 1108 Aedilis
937 1080 1021 1108 initio
1040 1079 1135 1108 dictus
1151 1087 1200 1116 est,
1224 1081 1275 1120 qui
1290 1078 1405 1108 aedium
1420 1091 1478 1109 non
1498 1087 1610 1108 tantum
1630 1090 1792 1117 sacrarum,
1809 1078 1861 1109 scd
1875 1081 1961 1108 etiam
1973 1081 2157 1119 privatarum

202 1137 304 1156 curam
323 1123 450 1164 gerebat.
496 1123 571 1151 Nam
587 1122 647 1151 hoc
661 1123 780 1151 nomine
798 1132 914 1158 onmes,
939 1128 972 1150 ut
992 1123 1127 1161 loquitur
1146 1123 1314 1158 Lucretius,
1337 1120 1512 1151 aedituentes
1535 1121 1729 1150 vocabantur.
1774 1122 1889 1151 Aedilis
1910 1122 1989 1151 enim
2005 1121 2156 1162 principio

203 1169 372 1198 aeditimum
397 1165 589 1204 significabat.
639 1166 718 1194 Haec
745 1170 789 1194 est
814 1175 896 1193 inens
921 1165 1008 1195 Festi.
1061 1165 1259 1194 Glossarium:
1302 1163 1440 1203 Aedilis,
1478 1165 1598 1204 ὁμῇλιξ,
1638 1162 1837 1204 ἀγορανόμος.
1894 1165 1989 1194 Vocat
2019 1162 2157 1204 ὁμήλικα,

204 1212 255 1251 qui
283 1211 315 1239 in
338 1209 442 1239 iisdem
474 1209 595 1238 aedibus
625 1208 764 1237 adolevit.
808 1207 842 1235 In
885 1208 1001 1236 eodem:
1037 1208 1191 1245 Aeditilis,
1230 1204 1387 1247 νεωκόρος.
1446 1206 1546 1237 Scal.
1608 1207 1801 1237 Verissimum
1833 1212 1892 1244 est,
1931 1207 2014 1246 quod
2042 1206 2159 1236 monuit

203 1254 349 1291 Scaliger,
379 1252 464 1280 initio
484 1262 586 1280 vocent
611 1252 800 1288 magistratus
827 1250 994 1286 abundare,
1027 1250 1138 1289 quippe
1162 1261 1236 1289 quae
1258 1261 1293 1278 ex
1317 1251 1395 1278 linea
1419 1250 1506 1279 tertia
1529 1260 1583 1289 per
1602 1250 1795 1279 librariorum
1819 1250 1965 1279 incuriam
1981 1250 2042 1279 huc
2060 1250 2159 1288 irrep-

203 1298 250 1326 sit.
295 1294 463 1334 Legendum
478 1295 584 1331 igitur,
607 1293 727 1323 Aedilis
742 1294 827 1322 initio
840 1291 936 1321 dictus
954 1300 1003 1327 est,
1024 1294 1074 1333 qui
1090 1291 1204 1322 aedium
1225 1304 1283 1323 non
1301 1300 1415 1321 tantum
1433 1304 1594 1330 sacrarum,
1620 1291 1670 1321 sed
1683 1294 1769 1322 etiam
1781 1293 1965 1333 privatarum
1987 1303 2088 1322 curam
2106 1303 2159 1331 ge·-

205 1338 293 1368 rebat.
337 1339 386 1367 Ait
403 1337 479 1365 enim
493 1337 598 1365 Festus
613 1347 714 1365 omnes
733 1336 875 1372 aedituos,
900 1334 1017 1365 Aediles
1035 1340 1159 1364 vocatos
1173 1346 1243 1364 esse.
1289 1336 1393 1364 Postea
1408 1334 1522 1364 Aedilis
1539 1335 1576 1363 ad
1592 1335 1783 1373 Magistratus
1806 1336 2002 1372 translatum,
2026 1335 2064 1364 ad
2083 1344 2158 1373 quos

205 1382 292 1411 etiam
312 1380 480 1420 pertinebat
497 1379 613 1408 aedium
628 1390 710 1408 cura.
753 1379 860 1407 Dictus
874 1385 915 1406 est
930 1386 1034 1406 autem.
1080 1379 1123 1407 Ab
1142 1378 1278 1411 adeundo
1295 1378 1410 1414 aedilis,
1434 1377 1515 1415 quod
1530 1377 1645 1416 placuit
1661 1378 1748 1406 etiam
1764 1377 1932 1417 Theophilo
1956 1378 2009 1408 lib.
2027 1377 2050 1408 Ι.
2072 1376 2160 1405 Insti-

204 1430 263 1455 tut.
277 1424 321 1452 tit.
339 1427 368 1456 2.
383 1423 469 1459 male,
493 1432 560 1452 nam
576 1422 612 1451 ab
629 1421 700 1451 aede
714 1420 829 1457 aedilis,
855 1425 888 1450 ut
906 1419 991 1449 ovilis
1007 1421 1042 1449 ab
1066 1432 1124 1449 ove.
1167 1421 1221 1449 Da
1232 1433 1255 1450 c.
1304 1419 1511 1460 Quodfacilis
1524 1418 1564 1448 ad
1581 1431 1643 1449 eum
1656 1418 1736 1459 plebi
1755 1419 1854 1449 aditus
1871 1427 1951 1450 esset.
1996 1419 2060 1448 Imo
2078 1418 2159 1457 qnod

206 1467 327 1496 aedibus
342 1465 471 1505 publicis
492 1469 633 1505 praestet.
656 1465 706 1495 lib.
721 1468 748 1496 2.
770 1462 800 1502 ᾗ.
818 1466 868 1495 21.
886 1463 915 1493 ff,
940 1463 976 1491 de
991 1464 1103 1501 origine
1118 1464 1202 1493 iuris.
1248 1463 1331 1491 Unde
1347 1461 1523 1491 aedituentes
1546 1462 1684 1491 Lucretio
1704 1463 1782 1502 apud
1805 1462 1933 1491 Gellium
1950 1462 2021 1498 XII,
2038 1464 2085 1494 10.
2117 1462 2160 1490 De

207 1510 353 1539 aedilibus
375 1508 484 1548 passim
504 1509 537 1537 in
556 1508 629 1537 iure.
679 1505 789 1536 Goth.
833 1504 997 1536 Aedilatus.
1043 1506 1196 1537 Aedilitas.
1243 1507 1279 1534 Et
1297 1506 1325 1534 in
1349 1506 1369 1535 l.
1386 1508 1434 1537 17.
1447 1505 1477 1535 ff.
1501 1506 1537 1533 tle
1560 1515 1712 1544 compens.
1757 1504 1922 1535 Aedulitas.
1964 1503 2074 1533 Idem.

370 1551 533 1581 Atrium.
577 1550 651 1579 Area
674 1548 817 1578 subdialis
840 1559 914 1587 quae
938 1554 1000 1577 erat
1032 1554 1099 1578 ante
1130 1549 1217 1578 aedes
1248 1549 1283 1576 ab
1304 1548 1414 1582 Atria,
1436 1548 1510 1577 urbe
1532 1548 1714 1585 Tuscorum,
1735 1548 1787 1576 ubi
1810 1547 1980 1586 exemplum
1998 1551 2160 1585 sumptum.

208 1595 302 1624 Varro
325 1593 437 1624 lib.lV.
461 1593 497 1622 de
520 1594 551 1623 L.
574 1594 604 1621 L.
629 1592 683 1632 (V,
707 1594 765 1628 33,
790 1592 839 1623 45.
863 1600 929 1630 pag·
946 1592 1030 1629 161.)
1068 1591 1200 1620 Alterum
1224 1591 1304 1620 Festi
1328 1595 1464 1628 etymon,
1499 1590 1582 1629 quod
1605 1601 1623 1618 a
1646 1598 1722 1619 terra
1745 1590 1875 1627 oriatur,
1905 1589 2052 1618 insulsum
2074 1589 2162 1627 plane

209 1643 296 1676 atque
318 1637 461 1675 ineptum.
507 1636 634 1672 Quidam
658 1635 693 1664 ab
717 1634 849 1672 αἴθριον.
879 1633 994 1664 Verius.
1022 1633 1132 1662 Atriae
1151 1634 1287 1672 primum.
1324 1634 1370 1661 Ex
1393 1632 1526 1661 Varrone
1548 1632 1639 1669 illud,
1668 1637 1703 1661 ut
1726 1643 1824 1672 supra.
1862 1632 1956 1662 Atria
1978 1636 2075 1660 autem
2098 1632 2162 1660 Tu-

210 1691 291 1708 scum
314 1679 474 1718 oppidum,
498 1689 513 1707 a
538 1689 597 1717 quo
619 1687 728 1706 nomen
751 1677 827 1705 mari
850 1675 1019 1712 Adriatico,
1042 1683 1053 1704 t
1074 1681 1191 1705 mutato
1213 1677 1243 1704 in
1267 1674 1296 1704 d.
1322 1676 1397 1705 Plin.
1420 1675 1490 1711 (111,
1515 1676 1592 1712 16.):
1620 1674 1702 1714 Quae
1720 1682 1826 1715 septem
1848 1675 1945 1704 maria
1965 1672 2162 1713 appellantur,

212 1721 303 1750 nobili
322 1730 409 1762 portu
423 1720 534 1761 oppidi
550 1721 712 1750 Tuscorum
731 1719 854 1753 Arriae,
879 1729 897 1746 a
915 1729 972 1758 quo
986 1719 1169 1748 Atriaticum
1192 1729 1272 1747 mare
1294 1725 1380 1746 antea
1402 1716 1626 1758 appellabatur,
1654 1717 1734 1757 quod
1752 1729 1830 1747 nunc
1845 1716 2048 1747 Adriaticum.
2071 1716 2162 1746 Dac.

212 1764 373 1793 Aterreum.
407 1764 549 1793 Aterium.
582 1761 686 1793 Goth.
727 1762 844 1790 Atrium
867 1760 1023 1790 dicebatur
1052 1761 1139 1790 etiam
1166 1760 1274 1790 Canum
1297 1759 1424 1789 aedium.
1457 1761 1500 1790 Cf.
1525 1760 1643 1790 Vitruv.
1658 1760 1711 1797 VI,
1736 1762 1765 1792 8.
1790 1771 1818 1799 p.
1831 1763 1905 1792 230.
1928 1763 1991 1788 not.
2018 1758 2076 1788 Ed.
2098 1758 2162 1787 Gal.

374 1806 484 1835 Avus.
515 1803 614 1836 τάτα.
654 1805 756 1833 Scribe
779 1801 880 1841 ἅππα,
905 1809 937 1832 ut
960 1811 1003 1833 est
1026 1804 1110 1843 apud
1134 1803 1359 1833 Callimachum.
1386 1802 1483 1832 Scal.
1511 1803 1535 1831 A
1561 1804 1672 1832 Graeco
1694 1800 1833 1840 πάππος,
1867 1803 1917 1841 qui
1941 1801 2061 1830 Graecis
2083 1811 2162 1832 avus.

218 1847 270 1875 Vel
293 1845 392 1884 ἅππα,
423 1849 471 1877 vel
502 1849 590 1878 etiam
622 1846 703 1877 ἅττα.
745 1847 795 1875 Sic
816 1847 891 1875 enim
915 1846 994 1875 infra
1017 1847 1175 1884 legendum
1200 1852 1242 1874 est
1262 1857 1315 1885 pro
1339 1843 1420 1875 τᾶτα.
1456 1845 1545 1874 Dae.
1585 1846 1660 1875 Vide
1682 1845 1702 1873 1.
1725 1845 1778 1874 ult.
1802 1845 1930 1882 §.13.st'.
1955 1845 1991 1873 de
2012 1843 2161 1883 gradibus.

217 1886 310 1918 τάτα.
344 1890 417 1919 Vide
439 1891 494 1919 sub
510 1891 637 1920 Atavus.
682 1890 740 1918 Alii
761 1889 866 1927 legunt
888 1887 978 1929 ἅγυς,
1005 1889 1056 1918 alii
1076 1889 1183 1929 Appa‚
1209 1893 1243 1917 ut
1265 1888 1345 1928 apud
1371 1887 1594 1918 Callimachum.
1642 1886 1747 1917 Goth.

377 1932 537 1962 Abavus.
583 1933 715 1968 Quartus
738 1937 825 1972 pater
848 1942 885 1960 ex
907 1942 994 1960 versu
1016 1933 1111 1960 Plauti
1131 1932 1250 1968 Perat,
1275 1936 1309 1967 2,
1334 1931 1408 1968 (5.):

748 1973 849 2010 Pater,
872 1985 958 2010 avos,
979 1985 1122 2014 proavos,
1146 1974 1272 2010 abavos,
1296 1981 1415 2009 atavos,
1440 1973 1570 2002 tritavos.

221 2013 303 2059 Unde}
325 2014 426 2051 Virgil.
451 2014 591 2053 (Ann.X‚
615 2015 699 2055 619.)
723 2015 933 2057 Pilumnusque
953 2016 1001 2046 illi
1023 2024 1144 2057 quartus
1164 2024 1248 2056 pater·
1269 2017 1288 2044 i.
1311 2026 1334 2045 e.
1357 2015 1491 2044 Abavus.
1531 2015 1587 2044 Sed
1610 2025 1670 2043 non
1691 2019 1738 2043 eat
1760 2014 1849 2043 huius
1871 2013 1998 2043 nominis
2020 2012 2162 2041 rationem

221 2060 317 2094 aperli
338 2056 473 2093 Paullus,
511 2059 580 2095 qnia
603 2058 682 2087 abest
702 2059 738 2087 ab
762 2070 833 2096 avo,
866 2060 949 2098 quasi
973 2070 1031 2088 non
1057 2067 1161 2088 atavus
1184 2064 1212 2087 et
1234 2060 1358 2087 tritavus
1379 2058 1507 2096 longiori
1529 2057 1627 2087 absint
1650 2058 1821 2087 intervallo.
1866 2058 1932 2086 Non
1954 2055 2060 2085 dubito
2081 2053 2161 2093 apud

221 2099 338 2127 Festum
361 2098 502 2135 scriptum
527 2101 631 2137 fuisse,
669 2103 738 2141 quia
758 2103 817 2130 iam
840 2101 920 2130 abest
943 2101 980 2130 ab
1004 2113 1068 2132 avo.
1112 2102 1149 2130 Et
1177 2101 1250 2130 haec
1280 2107 1324 2130 est
1344 2101 1453 2129 Isidori
1476 2100 1637 2130 sententia:
1678 2099 1805 2136 abavus,
1840 2100 1947 2139 proavi
1966 2105 2064 2138 pater,
2101 2097 2160 2124 ium

222 2139 306 2179 longe
326 2138 363 2167 al>
387 2150 452 2168 auo.
496 2140 581 2171 Dac.

369 2183 540 2228 ’Atavum
584 2185 656 2222 Lege
679 2190 711 2212 ut
732 2185 761 2213 in
785 2197 836 2215 ora
860 2186 1058 2226 adscriptum,
1083 2194 1187 2215 atavus
1209 2187 1280 2227 quia
1302 2192 1366 2213 atta
1386 2193 1427 2214 est
1449 2184 1547 2215 abavi.
1584 2186 1697 2214 Atavus
1720 2190 1844 2222 quartus
1867 2189 1964 2222 pater,
1986 2182 2018 2212 id
2040 2185 2083 2210 est
2104 2191 2161 2220 pa-

223 2229 268 2253 ter
290 2225 384 2252 abavi.
428 2224 496 2252 Atta
526 2230 622 2253 autem
652 2232 694 2255 est
716 2227 878 2257 honorifica
901 2230 1060 2268 appellatio
1083 2229 1209 2258 iunioris
1232 2228 1269 2257 ad
1293 2229 1445 2257 seniorem.
1484 2227 1561 2256 Vide
1575 2228 1698 2261 ,Atiam
1727 2227 1781 2255 Da
1793 2238 1817 2256 c.
1860 2226 1938 2264 Quia
1959 2232 2022 2254 tata
2042 2231 2082 2252 est
2103 2224 2160 2252 avi.

226 2266 300 2296 Alii:
324 2267 394 2306 quia
411 2266 485 2294 Aua
508 2274 548 2294 est
571 2266 665 2295 abavi.
704 2269 740 2297 Et
760 2271 801 2299 sic
823 2273 853 2299 in
871 2272 956 2300 Atta.
992 2272 1066 2301 Vide
1087 2272 1118 2300 in
1138 2272 1233 2301 Avus.
1279 2270 1337 2299 Alii
1358 2271 1473 2309 legunt:
1496 2271 1565 2310 quia
1583 2270 1661 2299 Atta
1683 2277 1724 2298 est
1746 2270 1803 2298 avi.
1851 2268 1956 2298 Goth.

390 2307 618 2356 Avunculus.
662 2309 760 2338 Matris
784 2314 879 2343 frater.
926 2314 981 2342 Per
1003 2315 1248 2350 deminutionem,
1283 2314 1366 2352 quasi
1389 2323 1499 2352 parvus
1525 2322 1615 2349 avus,
1652 2312 1721 2351 quia
1743 2312 1885 2341 remotior
1906 2315 1963 2347 est,
1995 2318 2082 2347 quam
2103 2318 2160 2347 pa-

227 2356 330 2385 truus,
357 2359 409 2388 qui
431 2355 523 2388 patris
545 2349 655 2385 frater,
684 2354 766 2387 quasi
788 2356 934 2384 secundus
957 2362 1041 2394 pater
1063 2363 1117 2386 est.
1141 2357 1229 2387 Dac.
1272 2357 1374 2385 Matris
1396 2365 1475 2385 meae
1498 2356 1606 2392 frater,
1636 2356 1723 2383 sicuti
1745 2356 1828 2383 aviae
1850 2363 1931 2383 meae
1952 2352 2042 2380 frater
2064 2361 2161 2380 avun-

227 2393 311 2422 culus
333 2402 470 2429 magnus3
501 2393 636 2429 abaviae,
668 2393 775 2425 maiorz
806 2398 959 2434 proaviae,
992 2400 1136 2428 maximus
1159 2400 1324 2428 avunculus
1348 2399 1465 2427 dicitur.
1488 2398 1507 2429 l.
1520 2400 1548 2430 9.
1571 2399 1596 2435 β.
1612 2398 1658 2428 15.
1682 2399 1705 2434 §.
1720 2399 1812 2434 16.,§.
1826 2399 1875 2429 17.
1886 2395 1915 2425 fl.
1940 2395 1976 2423 de
1999 2393 2080 2432 grad.
2100 2393 2118 2422 l.
2131 2393 2159 2425 5.

228 2435 260 2464 ff.
283 2434 360 2463 unde
380 2433 511 2472 legitimi.
557 2433 660 2464 Goth.
