2263 2668
225 128 299 163 204
1035 128 1366 165 PRAEFATIO

225 233 356 265 „omne
381 220 605 255 humanissimi
636 219 797 264 Principis
828 220 1017 254 liberalitati
1053 226 1115 257 etc.
1148 223 1362 257 referendum
1399 222 1448 256 sit.
1457 223 1480 244 ‘⁶
1530 223 1664 258 Revera
1702 223 1736 256 in
1764 222 1892 260 Codice
1923 231 2034 262 nostro
2068 233 2172 264 exstat

226 273 389 318 quidquid
416 274 607 307 Tullianum
634 272 790 317 Sigonius
815 283 856 305 ex
881 273 1081 307 Farnesiano
1101 274 1187 308 libro
1215 274 1416 320 compilavit.

388 324 421 357 4.
473 324 623 357 Andreas
649 323 825 366 Patricius,
858 325 915 368 qui
937 325 1141 370 Fragmenta
1168 326 1335 360 Ciceronis
1356 326 1461 367 auxit,
1489 325 1533 358 ad
1563 326 1763 360 Particulam
1790 325 1968 361 Tullianae
2002 328 2170 364 Orationis

225 376 400 420 inscriptae
431 375 546 420 Quum
573 379 736 419 quaestor
761 375 930 419 Lilybaeo
957 377 1162 420 decederet,
1195 378 1281 412 haec
1304 379 1363 410 ait:
1399 377 1670 422 „Fragmentum
1697 389 1812 411 recens
1839 378 1977 412 allatum
2004 392 2024 413 a
2049 393 2103 415 me
2129 392 2171 415 ex

228 426 434 471 „Frontonis
460 426 609 468 quodam
639 427 741 469 libro,
776 428 833 470 qui
869 428 1014 461 continet
1046 428 1225 474 Exempla
1257 430 1495 462 elocutionum.
1549 429 1659 470 Quem
1694 429 1830 473 quidem
1865 430 1988 464 librum
2015 443 2093 466 cum
2118 433 2169 466 Io.

228 478 448 521 „Zamoscius
470 483 597 519 noster,
626 478 818 511 adolescens
844 479 1099 521 litteratissimus,
1127 492 1166 513 ex
1194 481 1286 513 ltalia
1313 481 1344 513 in
1371 480 1547 513 Poloniam
1573 481 1618 513 ad
1640 492 1694 514 me
1720 480 1868 523 misisset,
1891 482 2048 525 quoniam
2074 488 2172 517 antea

229 540 393 572 „quoque
420 540 459 561 ex
486 541 526 561 eo
553 529 710 573 Sigonius
733 530 953 575 quadraginta
979 532 1050 564 fere
1077 532 1142 564 alia
1161 531 1363 577 Fragmenta
1390 532 1565 574 elicuerat,
1592 533 1693 575 inque
1719 543 1811 565 suain
1837 534 2058 576 posteriorem
2084 535 2172 568 Edi·-

228 581 380 622 „tionem
406 581 628 620 transtuleram
663 581 742 614 dedi
768 586 800 614 et
825 582 896 626 ipse
922 594 1077 627 operam,
1111 587 1147 616 ut
1175 583 1252 616 inde
1285 583 1383 616 etiam
1407 588 1440 616 et
1464 582 1546 616 huic
1571 588 1702 616 nostrae
1728 585 1999 618 commentationi
2025 587 2171 620 accessio

229 632 418 673 „nonnulla
443 633 589 675 quaesita
615 644 683 665 esse
710 632 908 666 vi‹leretur.“
959 634 1076 678 Pergit
1106 634 1231 667 ibidem
1258 635 1415 668 Patricius
1442 634 1657 676 confirmare,
1692 640 1862 668 auctorem
1897 647 2031 680 quoque
2065 638 2172 670 libelli

230 683 277 715 de
294 682 514 729 Differentiis
531 683 779 717 vocabulorum
803 696 903 717 unum
932 697 1002 718 esse
1031 685 1253 729 eumdemque
1277 686 1498 725 Frontonem,
1533 686 1576 718 de
1609 698 1676 730 quo
1700 686 1857 720 videlicet
1881 688 2062 731 loquuntur
2087 688 2171 722 Gel-

231 734 293 767 lius
320 735 395 768 Lib.
423 735 465 767 11.
487 734 544 767 26.
573 735 662 768 Xlll.
691 735 749 768 28.
776 736 866 769 XIX.
895 736 952 768 10.
976 736 1034 770 13.
1061 741 1094 769 et
1119 737 1311 771 Macrobius
1341 737 1372 769 in
1394 737 1623 770 Saturnalibus
1650 738 1696 782 (v.
1721 737 1779 781 l.).

397 784 431 817 5.
484 786 593 819 Aldus
619 787 788 820 Manutius
821 788 966 821 Sallustii
998 788 1202 832 Fragmenta
1236 800 1275 821 ex
1307 789 1423 822 libello
1457 789 1650 830 Frontonis,
1685 789 1741 832 qui
1773 799 1861 822 nunc
1892 789 2019 831 editur,
2048 789 2173 834 partim

234 836 325 869 eruit.
377 836 433 869 Ad
460 837 681 871 Historiarum
708 840 794 871 enim
815 839 960 872 Sallustii
980 839 1054 874 Lib.
1078 840 1104 871 l.
1131 841 1232 873 verba
1255 840 1313 872 illa
1335 840 1437 873 Nihil
1460 840 1503 873 ob
1534 844 1671 873 tantam
1693 840 1893 873 mercedem
1919 840 1985 874 sibi
2008 840 2172 874 abnuitu-

235 898 308 927 rOS,
337 888 382 921 sic
407 887 451 920 ait
467 885 493 921 ¹:
515 890 598 931 „Ex
622 890 768 923 Cornelii
791 890 967 923 Frontonis
990 891 1035 923 de
1056 890 1241 937 Exemplis
1263 892 1490 924 elocutionum
1519 892 1652 935 libello,
1672 891 1820 924 nondum
1843 891 1950 933 edito,
1975 903 2076 935 quem
2101 892 2173 937 legi

233 939 512 981 „commodatum
547 953 566 973 a
595 941 753 986 Scipione
779 942 905 983 Pettio,
942 941 1011 975 viro
1041 942 1187 987 optimo,
1227 948 1260 976 et
1287 943 1445 988 singulari
1478 943 1624 987 quadam
1653 943 1688 976 in
1715 942 1978 988 pervestigandis
2011 944 2171 978 Veterum

232 989 353 1031 „libris
375 991 548 1036 diligentia
572 993 759 1036 praedito.“

398 1041 431 1076 6.
484 1043 640 1076 Nicolaus
667 1056 801 1088 quoque
827 1044 981 1077 Heinsius
1011 1045 1104 1078 testis
1132 1049 1196 1088 est,
1230 1044 1321 1078 hunc
1347 1045 1496 1078 libellum
1524 1057 1543 1079 a
1569 1045 1733 1079 nonnullis
1763 1044 1926 1078 Frontoni
1953 1045 2065 1079 tribui.
2115 1045 2172 1080 Sic

234 1092 320 1125 enim
345 1093 389 1125 ad
419 1094 627 1128 Gronovium
659 1107 698 1129 ex
728 1096 823 1129 Urbe
849 1096 994 1140 Neapoli
1024 1093 1177 1130 scribit²:
1229 1097 1371 1137 „Inveni
1398 1097 1701 1131 Grammaticorum
1734 1097 1970 1130 nonnullorum
2000 1096 2173 1141 Opuscula

233 1144 441 1186 „hactenus,
475 1146 507 1178 ni
530 1147 647 1187 fallor,
674 1148 814 1188 inedita,
842 1158 966 1191 magno
989 1147 1070 1180 mihi
1093 1148 1163 1181 usui
1183 1148 1307 1189 futura,
1338 1160 1424 1192 quae
1451 1150 1585 1182 omnino
1610 1149 1709 1182 velim
1733 1149 1931 1182 describere.
1983 1149 2073 1181 Inter
2088 1159 2171 1192 quos

232 1219 253 1237 „
265 1196 462 1229 Volusianus
486 1202 533 1230 est
553 1198 698 1239 Messus,
731 1210 830 1242 quem
856 1199 910 1230 alii
940 1199 1135 1233 Cornelium
1157 1199 1366 1232 Frontonem
1387 1200 1511 1233 volunt.
1564 1201 1595 1233 ls
1620 1200 1825 1245 Fragmenta
1841 1199 2010 1233 Ciceronis
2031 1210 2072 1233 ac
2094 1200 2171 1233 Sal-

233 1247 353 1288 „lustii
372 1249 475 1281 multa
500 1249 594 1291 citat,
621 1262 707 1294 quae
731 1251 764 1283 in
787 1261 902 1283 eorum
931 1250 1098 1294 Operibus
1122 1250 1241 1283 frustra
1265 1256 1474 1294 quaerantur.
1527 1252 1566 1285 In
1591 1252 1769 1296 phrasibus
1792 1251 1898 1283 minus
1919 1251 2042 1284 usitatis
2066 1261 2172 1284 anno·

232 1299 367 1340 „tandis
390 1300 595 1343 potissimum
617 1307 818 1346 occupatur,
843 1313 923 1344 quas
947 1313 986 1335 ex
1009 1307 1151 1345 quatuor
1170 1303 1360 1336 auctoribus
1385 1303 1527 1348 selegit,
1554 1304 1716 1349 Virgilio,
1743 1303 1920 1345 Terentio,
1954 1314 1994 1336 ac
2021 1302 2060 1336 iis
2085 1313 2171 1346 quos

230 1351 329 1392 „iam
359 1351 559 1385 nominavi.“

396 1402 430 1435 Ἰ.
482 1403 675 1436 Ludovicus
692 1403 771 1435 item
788 1402 903 1436 Carrio
923 1404 966 1437 ad
980 1404 1199 1437 Historiarum
1220 1404 1366 1438 Sallustii
1383 1405 1456 1438 Lib.
1474 1405 1500 1440 I.
1518 1405 1683 1439 Editionis
1705 1404 1923 1438 Gruterianae
1939 1415 1974 1448 p.
1992 1403 2170 1437 CCCCLI.

232 1451 277 1485 sic
298 1453 357 1485 ait:
384 1454 590 1495 „Arusianus
612 1454 741 1488 Messus
760 1455 876 1487 libello
896 1455 942 1488 de
963 1456 1190 1489 elocutionum
1212 1456 1413 1501 Eavmplis,
1440 1468 1540 1500 quem
1562 1458 1698 1500 quidam
1725 1456 1802 1490 Cor.
1828 1456 1991 1488 Frontoni
2013 1456 2171 1498 tribuunt,

232 1503 349 1546 „haec
370 1505 569 1540 Sallustiana
593 1506 710 1539 citat.‘⁶
763 1506 867 1547 Quod
892 1518 970 1540 vero
994 1508 1084 1540 idem
1116 1507 1227 1548 addit,
1260 1508 1371 1552 inepte
1401 1512 1433 1541 et
1463 1509 1636 1542 inscienter
1665 1519 1740 1541 eum
1768 1507 1920 1540 libellum
1952 1507 2030 1542 Cor.
2061 1507 2173 1540 Fron-

234 1556 303 1587 toni
329 1556 492 1599 adscribi,
524 1558 560 1590 id
587 1557 722 1589 demum
747 1568 806 1589 nos
830 1563 991 1599 moveret,
1019 1559 1045 1591 si
1066 1559 1249 1591 assertionis
1275 1572 1351 1592 suae
1377 1565 1572 1604 argumenta
1601 1560 1717 1593 Carrio
1743 1559 1941 1603 protulisset.

397 1608 430 1640 S.
484 1608 580 1641 Ianus
603 1608 747 1651 denique
767 1608 885 1640 Douza
905 1609 937 1641 in
961 1610 1055 1642 Notis
1078 1610 1121 1642 ad
1142 1611 1287 1643 Sallustii
1309 1611 1392 1645 Hist.
1416 1622 1496 1654 quas
1520 1612 1638 1645 videsis
1666 1612 1699 1644 iu
1724 1611 1842 1643 eadem
1867 1608 2066 1644 Gruteriana
2085 1607 2172 1642 Edi-

234 1656 342 1697 tione,
366 1657 543 1693 Frontonis
572 1671 640 1692 esse
665 1664 813 1692 autumat
834 1659 988 1693 libellum
1012 1673 1051 1694 ex
1072 1673 1138 1704 quo
1165 1662 1288 1694 multae
1311 1662 1457 1694 Sallustii
1479 1663 1664 1707 particulae
1689 1662 1912 1707 depromptae
1935 1664 2018 1694 sunt.

399 1709 432 1741 9.
487 1710 670 1742 Confirmat
697 1710 784 1744 hanc
810 1711 1001 1755 opinionem
1026 1713 1130 1745 simile
1155 1713 1245 1745 aliud
1266 1712 1474 1757 Opusculum
1496 1715 1542 1747 de
1562 1714 1783 1761 Dg'fferentiis
1798 1712 2056 1752 vocabulorum,
2077 1710 2171 1754 quod

239 1754 395 1788 Cornelio
418 1759 579 1792 Frontoni
603 1772 700 1793 nemo
724 1761 794 1794 fere
820 1763 997 1797 abiudicat.
1050 1764 1146 1797 Idem
1174 1765 1300 1797 scilicet
1328 1770 1473 1808 praestat
1502 1777 1603 1798 unum
1626 1767 1659 1799 in
1697 1764 1937 1798 elocutionibus
1961 1762 2053 1806 quod
2085 1763 2171 1795 alte-

237 1817 309 1838 rum
332 1808 364 1839 in
388 1811 572 1843 vocabulis:
598 1823 719 1854 nempe
742 1812 809 1846 hoc
833 1815 1091 1856 vocabulorum,
1132 1815 1215 1848 illud
1246 1816 1471 1849 elocutionum
1499 1817 1701 1850 differentias
1729 1820 1831 1848 notat.
1889 1815 1935 1848 Et
1965 1814 2171 1847 Frontonem

236 1857 373 1900 quidem
394 1872 527 1894 suorum
551 1862 790 1906 discipulorum
813 1864 844 1896 in
865 1866 1006 1910 gratiam
1028 1867 1245 1911 grammatica
1269 1867 1385 1911 Opera
1410 1868 1574 1912 scripsisse
1596 1868 1679 1901 mihi
1705 1867 1804 1899 facile
1833 1865 2029 1910 persuade0.
2080 1865 2170 1897 Iam-

239 1919 317 1941 vero
341 1910 367 1941 is
392 1911 621 1956 imperfectam
644 1915 800 1946 sermonis
823 1916 911 1949 latini
933 1917 1117 1951 doctrinam
1141 1918 1342 1960 tradidisset,
1376 1919 1434 1951 nisi
1462 1924 1539 1963 post
1564 1931 1660 1953 usum
1688 1919 1882 1958 verborum,
1913 1928 2008 1950 usum
2035 1927 2170 1960 quoque

238 1959 463 1995 elocutionum
487 1965 612 1998 varium
637 1965 810 1998 docuisset.
862 1967 957 2001 Haec
977 1969 1049 2002 fere
1076 1969 1182 2002 habui
1204 1981 1289 2013 quae
1312 1979 1374 2013 pro
1403 1970 1572 2003 Frontone
1600 1982 1676 2004 meo
1704 1970 1869 2010 dicerem,
1890 1968 1944 2003 cui
1967 1968 2058 2001 hunc
2086 1968 2171 2001 Elo-

237 2011 407 2046 cutionum
432 2015 584 2048 libellum
605 2016 838 2049 vindicandum
860 2020 978 2051 censui.
1032 2020 1189 2054 Ceterum
1215 2021 1371 2054 eumdem
1395 2022 1455 2053 sub
1478 2022 1633 2055 Arusiani
1661 2025 1734 2064 (seu
1760 2020 1946 2064 Volusiani)
1974 2018 2077 2052 Messi
2106 2029 2169 2051 no-

235 2062 324 2095 mine
348 2063 484 2098 laudant
508 2067 633 2100 Pierius
654 2067 697 2099 ad
722 2068 916 2112 Virgilium,
942 2069 1057 2104 Carrio
1084 2072 1128 2105 ad
1155 2073 1345 2105 Sallustium
1360 2098 1369 2112 ,
1392 2073 1546 2106 Heinsius
1567 2074 1610 2107 ad
1628 2073 1797 2106 Valerium
1820 2072 1983 2105 Flaccum
2006 2070 2064 2103 Ill.
2083 2069 2168 2102 737.

238 2117 270 2146 et
291 2115 370 2147 alibi
394 2127 456 2150 nec
480 2119 596 2150 nonin
619 2118 795 2162 Epis-tulis,
821 2120 869 2153 lo.
895 2120 1049 2155 Rhodius
1076 2124 1107 2156 in
1133 2123 1258 2157 Lexico
1282 2124 1500 2157 Scriboniano
1522 2136 1596 2159 voc.
1619 2124 1794 2158 abstinere
1818 2123 1864 2156 ab
1886 2122 1978 2155 omni
1999 2133 2048 2155 re.
2100 2121 2170 2154 Fa-

237 2163 358 2200 bricius
379 2167 412 2200 in
432 2168 647 2203 Bibliotheca
666 2170 766 2202 latina
779 2166 801 2212 ³,
826 2171 1033 2205 Burmannus
1059 2175 1171 2208 Iunior
1189 2175 1222 2208 in
1251 2175 1499 2209 Commentario
1527 2176 1571 2210 de
1593 2176 1670 2211 Vita
1691 2175 1817 2210 Heiusii
1842 2173 2045 2208 Adversariis
2071 2172 2169 2207 huius

320 2286 347 2318 1)
369 2284 405 2314 In
420 2285 499 2315 Edit.
521 2287 655 2316 Sallustii
682 2287 890 2326 Antverpiensi
913 2289 1003 2320 1564.

320 2337 347 2372 2)
370 2335 520 2375 Epistulae
541 2338 679 2367 Virorum
701 2338 807 2367 illustr.
831 2339 914 2369 Tom.
939 2341 967 2371 3.
990 2339 1083 2378 Epist.
1105 2341 1141 2369 ad
1164 2342 1349 2373 Gronovium
1373 2344 1443 2377 144.
1465 2354 1498 2384 p·
1525 2347 1593 2378 181-

319 2385 349 2423 3)
371 2386 449 2418 Edit.
472 2388 630 2428 Hamburg.
655 2391 743 2421 1722·
767 2389 849 2417 T0111-
872 2392 899 2421 3.
921 2400 950 2429 p.
973 2392 1043 2422 914.
