2263 2668
323 209 398 245 114
774 203 920 239 PROBI
945 201 1333 238 INSTITUTIONUM
1358 204 1797 240 GRAMMATICARUM

325 315 345 337 o
369 303 403 336 in
427 300 628 335 nominativo
654 301 827 342 correpta,
853 297 887 330 in
912 297 1058 343 genitivo
1085 297 1268 341 producta,
1285 297 1434 351 fiigor,
1451 295 1651 344 frigoris¹;
1665 299 1817 345 fulgor,
1834 299 2020 345 sulgorz‘s5
2046 300 2165 345 algor,
2193 299 2250 332 al-

323 355 443 400 goris,·
470 358 502 386 et
528 353 553 384 si
576 361 640 394 qua
666 349 752 382 talia.
810 349 898 390 Gur,
925 350 1040 382 tertiae
1066 354 1138 381 sunt
1165 349 1407 389 declinationis,
1434 351 1484 383 ris
1510 351 1634 384 faciunt
1659 350 1835 396 genitivo²‚
1864 351 1922 385 hic
1947 356 1981 384 et
2004 351 2090 385 haec
2121 357 2154 384 et
2178 349 2250 385 hoc

323 415 460 451 augur,
486 403 583 436 huius
608 401 760 445 auguris
768 414 781 445 ,-
805 401 942 446 Ligur,
968 401 1135 446 Liguris;
1161 406 1193 434 et
1227 401 1333 445 siqua
1356 401 1444 434 talia.

483 469 541 502 31.
593 468 692 509 Har,
728 479 795 501 non
819 468 961 502 invenies
986 480 1107 502 nomen
1133 469 1352 503 terminatum.
1412 469 1491 502 Her
1516 480 1601 513 pura
1626 470 1753 513 syllaba
1778 481 1846 503 non
1872 469 2035 510 invenies,
2072 468 2203 501 adiecta
2230 479 2250 501 c

322 527 397 557 ante
423 522 446 554 Ῑι
471 520 577 554 inveni
603 531 724 561 unum,
761 531 780 553 e
805 525 959 564 correpta
984 521 1016 552 in
1043 520 1260 562 nominativo,
1292 522 1325 554 in
1351 521 1497 566 genitivo
1524 531 1604 554 vero
1631 526 1808 565 pereunte,
1843 518 1921 554 Ιιίε3
1942 520 2112 566 pulcher,
2148 519 2250 552 huius

316 573 478 620 pnlchr&
510 572 577 605 hoc
611 572 719 604 solum
745 568 917 604 Latinum⁴
951 572 1085 616 repperi
1111 572 1274 606 secundae
1301 573 1549 611 declinationis3
1582 583 1658 605 nam
1685 573 1867 617 genitivum
1894 573 1906 606 ἰ
1932 573 2040 605 littera
2066 567 2248 604 terminat5.

321 625 435 658 Inveni
462 629 494 657 et
518 624 596 656 Her
624 622 789 667 producta
822 623 967 664 finitum,
1003 627 1016 655 t
1042 623 1183 655 litteram
1211 629 1285 656 ante
1315 636 1349 657 se
1376 624 1520 663 habens,
1560 623 1619 656 sed
1648 624 1833 665 Graecum,
1868 635 1886 657 e
1911 625 1944 656 in
1970 623 2116 668 genitivo
2143 622 2250 655 corri-

321 677 432 722 piens,
459 674 687 708 declinationis
714 674 848 715 tertiae,
884 675 913 707 is
938 674 1083 719 genitivo
1110 672 1356 716 terminatun1⁶,
1392 675 1531 715 aether,
1566 675 1728 708 aetheris.
1787 676 1866 709 Hoc
1894 680 2006 708 tamen
2033 674 2115 708 scire
2141 673 2250 706 debe—

321 740 411 769 mus,
444 727 536 770 quod
562 731 638 770 post
664 736 684 758 c
709 725 867 767 litteram,
894 725 917 758 h
942 726 1100 758 Latinitas
1126 737 1192 758 non
1217 727 1337 767 habet,
1374 726 1518 769 exceptis
1539 726 1708 770 pulcher,
1747 725 1903 767 Orelzus,
1938 725 2070 759 lurcho.
2130 725 2188 758 Sic
2214 725 2250 757 in

321 779 469 822 antiquis.
520 778 606 810 Nam
633 776 792 820 chalybes
818 777 974 809 Latinum
1000 788 1067 809 non
1094 782 1159 810 est:
1182 789 1208 821 y
1234 778 1320 811 enim
1346 777 1489 810 litteram
1515 776 1642 818 habet,
1677 789 1763 821 quae
1788 778 1821 810 111
1846 777 2031 822 peregrinis
2057 775 2248 816 adhibetur,

321 831 353 863 in
378 829 501 863 Latinis
530 839 706 871 nunquam.
757 828 844 869 Hir,
869 828 966 869 Hor,
992 828 1090 869 Hur,
1117 828 1202 869 Iar,
1229 829 1309 872 Ier,
1336 829 1429 862 nulla
1455 829 1588 861 nomina
1613 829 1749 873 repperi
1775 830 1961 868 terminata3
1995 827 2051 872 qui
2077 827 2248 868 invenerit,

321 882 442 915 doceat
466 878 636 912 rationem.
687 877 765 921 Ior,
800 881 915 912 tertiae
943 884 1015 912 sunt
1041 879 1285 920 declinationis,
1317 881 1367 912 ris
1393 879 1520 912 faciunt
1545 880 1711 924 genitivo,
1748 891 1767 913 ο
1793 881 1826 912 111
1852 880 2053 913 nominativo
2081 884 2248 922 correpta,

319 933 352 965 in
378 932 525 976 genitivo
552 931 734 975 producta,
760 930 817 964 hic
844 936 877 964 et
902 930 987 964 haec
1013 931 1144 972 maior,
1171 932 1333 970 maior1'33
1354 931 1475 976 peior,
1495 932 1639 976 peioris.
1693 931 1777 973 Iar,
1804 931 1902 975 Kar,
1930 931 2027 974 Ker,
2053 929 2134 971 Rir,
2157 929 2247 971 Kor,

319 984 416 1026 Kar,
442 983 494 1016 his
520 983 653 1026 syllabis
679 982 808 1015 nullum
833 993 954 1015 nomen
979 980 1200 1017 terminatur-⁷.

479 1050 538 1084 32.
589 1050 680 1090 Lar,
707 1050 822 1083 tertiae
848 1050 1073 1084 declinationis
1099 1055 1164 1093 est,
1191 1051 1240 1084 ris
1266 1050 1347 1084 facit
1372 1049 1538 1094 genitivo,
1565 1049 1622 1083 hic
1647 1049 1735 1094 Lar,
1763 1050 1865 1084 huius
1885 1049 2001 1085 Laris.
2040 1049 2195 1083 Plautus:

543 1100 628 1147 Ego
653 1112 731 1134 sum
755 1101 832 1134 Lar
847 1099 1078 1147 familiarisfl.

316 1151 475 1198 Virgilius
485 1164 494 1186 :

538 1202 845 1248 Pergameumque
871 1204 984 1237 larem
991 1200 1013 1237 ⁹.

316 1253 418 1287 Multi
438 1266 575 1287 numero
598 1267 728 1299 semper
750 1255 872 1298 plurali
894 1256 1071 1289 declinant.
1122 1254 1267 1296 Quidam
1291 1254 1413 1293 dicunt,
1441 1254 1498 1287 hic
1514 1253 1610 1286 hilar
1619 1250 1653 1295 ¹⁰,
1680 1253 1805 1286 debere
1831 1252 1918 1292 dici;
1944 1254 2004 1288 sed
2025 1252 2245 1287 barbarismus

317 1311 373 1338 est.
413 1306 551 1339 Hilaris
571 1306 640 1350 legi
662 1312 693 1338 et
714 1306 850 1340 hilarus
874 1307 907 1339 in
933 1302 1133 1340 Terentiou.
1185 1306 1266 1347 Ler,
1291 1306 1356 1339 hac
1380 1306 1507 1349 syllaba
1523 1305 1590 1338 duo
1614 1306 1746 1338 nomina
1769 1306 1992 1347 terminantur,
2013 1306 2098 1339 siler
2115 1303 2244 1350 [1456]

317 1362 349 1389 et
376 1358 486 1397 celer,
518 1369 604 1401 quae
629 1358 743 1390 tertiae
769 1363 843 1390 sunt
870 1358 1104 1391 declinationis.
1163 1357 1243 1397 Lir,
1279 1359 1403 1390 nullum
1430 1368 1552 1389 nomen
1577 1357 1713 1401 repperi
1738 1356 1805 1390 hac
1836 1357 1966 1400 syllaba
1991 1353 2244 1390 terminatum¹².

316 1408 389 1441 Lor
413 1410 528 1441 tertiae
559 1413 632 1441 sunt
666 1409 908 1449 declinationis,
942 1420 962 1442 o
988 1406 1052 1441 in¹³
1086 1409 1286 1441 nominativo
1315 1414 1486 1453 correpta,
1518 1408 1551 1441 in
1577 1409 1723 1453 genitivo
1750 1408 1916 1452 producta
1947 1409 1998 1442 ris
2023 1408 2150 1452 syllaba
2175 1411 2245 1440 ter-

316 1460 456 1502 minato,
485 1460 541 1493 hic
568 1460 684 1501 calor,
712 1460 854 1504 pallam
880 1460 1026 1502 caloris,
1059 1461 1226 1505 palloris;
1259 1461 1370 1501 color,
1406 1460 1550 1498 coloris;
1581 1461 1730 1503 quamvis
1756 1459 1946 1492 Sallustius:
2004 1458 2126 1504 Igitur
2151 1458 2245 1492 colos

316 1508 556 1556 e.rsangnis¹⁴;
578 1511 660 1545 sicut
685 1511 784 1544 labos
809 1516 841 1544 et
867 1511 977 1545 labor.
1029 1512 1113 1551 Lur,
1140 1511 1237 1549 ‚Mam
1264 1511 1349 1551 Mir,
1377 1511 1428 1543 his
1455 1511 1590 1554 syllabis
1607 1512 1699 1544 nulla
1725 1511 1858 1543 nomina
1883 1511 2107 1544 terminantur.
2149 1509 2242 1550 AIer,

315 1568 468 1606 correpta
492 1563 700 1595 terminatum
725 1559 892 1606 repperi¹⁵
918 1574 1038 1595 nomen
1063 1563 1176 1595 tertiae
1203 1562 1438 1603 declinationis,
1465 1563 1515 1595 ris
1545 1562 1668 1595 faciens
1694 1563 1852 1607 genitivo,
1873 1558 1963 1595 hicffi
1986 1572 2116 1602 vomer,
2142 1560 2244 1594 huius

314 1615 478 1654 vonoeris,
504 1625 542 1646 er
567 1614 688 1657 ubique
715 1619 869 1657 correpta
879 1608 917 1651 ης
954 1614 1074 1648 dicitur
1102 1619 1134 1646 et
1160 1615 1280 1652 vomis,
1319 1615 1365 1647 sic
1393 1618 1425 1646 et
1450 1611 1605 1646 faciensffl
1640 1614 1829 1659 genitivum.
1893 1613 1994 1655 BIor,
2029 1613 2143 1646 tertiae
2169 1616 2243 1645 sunt

315 1663 558 1705 declinationis,
583 1666 633 1697 ris
659 1664 783 1698 faciunt
808 1665 971 1709 genitivo,
999 1676 1018 1698 o
1043 1665 1076 1698 in
1101 1666 1301 1697 nominativo
1311 1663 1334 1682 ¹⁹
1368 1676 1498 1708 semper
1525 1671 1696 1710 correpta,
1729 1665 1762 1697 in
1786 1664 1952 1709 genitivo,
1986 1664 2012 1697 si
2039 1663 2243 1709 appellativa

315 1714 452 1756 fuerint,
478 1715 663 1758 producta,
696 1721 731 1749 ut
757 1727 876 1758 amor,
904 1716 1054 1754 amoris3
1079 1717 1223 1761 exceptis
1250 1716 1397 1758 duobus,
1431 1728 1517 1759 quae
1550 1717 1698 1760 quamvis
1728 1717 1790 1750 sint
1819 1716 2038 1760 appellativa,
2069 1721 2181 1748 tamen
2208 1714 2243 1747 in

399 1816 424 1851 1)
447 1813 561 1853 Frigor,
573 1810 713 1855 frigoris,
741 1816 886 1854 producta
902 1815 1066 1854 penultima
1080 1815 1142 1845 veri
1159 1816 1252 1844 simile

315 1861 373 1892 est,
397 1856 496 1884 eodem
518 1858 606 1885 modo
627 1858 657 1884 in
680 1867 736 1885 usu
761 1859 865 1893 fuisse,
897 1864 984 1896 atque
1006 1857 1107 1895 decor,
1131 1857 1251 1888 decoris.

315 1898 389 1926 Male
405 1909 419 1926 a
438 1898 611 1936 quibusdam
629 1899 912 1940 scribiturfligclor.
951 1901 994 1928 Cf.
1011 1901 1182 1930 Gesn.1lies.
1196 1901 1251 1929 sub

315 1940 345 1968 11.
361 1951 388 1970 ν.
410 1957 451 1961 -
493 1942 523 1979 ⁶2)
554 1940 727 1969 Genitivum
751 1949 788 1969 ut
805 1941 852 1970 hic
869 1943 897 1971 P.
914 1958 953 1963 —
996 1946 1026 1978 3)
1048 1942 1191 1979 Per-eunte,
1214 1950 1251 1971 ut

315 1981 362 2011 hic
385 1994 413 2021 p.
444 1984 473 2010 P.
496 1990 627 2022 percunte
649 1983 719 2012 lioc
739 1982 859 2023 pulcher
881 1984 946 2011 Asc·
971 2001 1006 2005 —
1052 1984 1081 2024 4)
1107 1985 1176 2013 Hoc
1199 1984 1252 2013 la-

314 2025 405 2052 tinum
429 2023 520 2053 solnm
549 2027 614 2054 Asc.
639 2026 669 2054 P.
702 2042 744 2048 —
776 2024 814 2064 5)
838 2024 973 2064 cheries
994 2026 1135 2055 secundae
1158 2026 1253 2056 decli-

315 2067 455 2101 nationis,
482 2069 613 2105 genitivo
636 2069 646 2096 i
673 2066 757 2096 litera
781 2068 964 2096 terminatum
988 2068 1018 2095 P.
1062 2068 1188 2107 Repperi
1209 2080 1251 2097 se-

315 2107 427 2137 cundae
445 2107 653 2138 declinationis.
676 2121 742 2138 nam
761 2110 917 2148 genitivum
937 2108 1046 2138 iliu-ra
1068 2112 1250 2139 terminatum

314 2150 379 2179 Asc.
399 2156 486 2188 atque
503 2151 540 2178 ita
558 2152 643 2179 eliam
664 2152 735 2181 cod.
754 2152 808 2180 nisi
825 2152 904 2189 quod
921 2150 1124 2180 declinationis
1140 2153 1251 2181 omittit

314 2197 342 2220 et
357 2191 454 2221 littera
468 2193 610 2231 scriptum
629 2193 724 2222 habet.
768 2194 852 2222 Ilanc
868 2194 1024 2222 lectionem
1046 2195 1158 2230 recepi,
1181 2205 1250 2223 mu-

313 2239 373 2263 tato
395 2240 509 2263 tantum
533 2236 639 2264 ultimo
666 2246 730 2264 voc.
761 2237 944 2264 terminatum
973 2235 1005 2263 in
1039 2237 1188 2271 terminat,
1220 2243 1248 2265 ct

312 2281 423 2305 retenta
446 2288 518 2306 voce
547 2276 757 2307 declinationis.
779 2293 821 2298 -—·
872 2277 899 2316 6)
926 2277 1102 2306 Ter-minata
1112 2289 1124 2304 1·
1148 2278 1175 2305 P.
1199 2289 1245 2307 er-

311 2329 377 2347 rore
399 2324 463 2358 typ.
485 2336 527 2341 -—
568 2320 598 2357 7)
622 2318 768 2348 Invenitur
790 2319 856 2350 Asc.
881 2321 911 2348 P.
935 2320 1104 2347 terminatur
1122 2320 1192 2347 Cod.
1206 2337 1248 2343 .—

312 2363 339 2398 8)
364 2362 457 2390 Plaut.
479 2362 577 2391 Aulul.
600 2362 677 2401 prol.
697 2365 725 2393 2.
747 2378 788 2383 —-
831 2362 861 2399 9)
885 2362 964 2399 Virg.
979 2361 1051 2389 Aen.
1068 2361 1103 2397 V,
1120 2362 1190 2392 744.
1206 2379 1246 2384 —

311 2429 357 2466 10)
378 2427 441 2459 Hic
456 2428 543 2459 hilar.
585 2430 674 2458 Recte
696 2429 739 2458 sic
760 2429 823 2460 Asc.
840 2434 868 2458 et
884 2429 915 2458 P.
938 2408 1018 2457 hilar
1035 2427 1103 2467 (sic)
1121 2428 1191 2459 cod.
1208 2444 1244 2450 -—

1295 1817 1341 1853 11)
1354 1817 1469 1845 Terent.
1487 1815 1542 1844 Ad.
1558 1815 1606 1853 IV,
1619 1819 1647 1852 7,
1666 1817 1715 1848 38.
1747 1815 1793 1847 Id.
1809 1815 1880 1845 ibid.
1894 1816 1930 1853 V,
1946 1818 1975 1852 3,
1989 1817 2038 1849 56.
2053 1832 2096 1838 -
2125 1815 2170 1854 12)
2183 1815 2242 1844 Te-

1294 1859 1395 1887 rentio.
1429 1857 1499 1886 Lfir.
1522 1857 1572 1887 lir.
1596 1857 1707 1887 nullum
1729 1869 1830 1887 nomen
1851 1860 1961 1898 repperi
1974 1858 2019 1887 his
2038 1856 2162 1898 syllabis
2178 1864 2242 1886 ier-

1293 1902 1443 1929 minatum.
1488 1901 1531 1928 lta
1549 1901 1619 1929 (lod.
1634 1911 1694 1928 uno
1716 1906 1826 1929 tenore.
1871 1901 1929 1929 Sed
1942 1911 2030 1939 supra
2045 1901 2157 1939 scripta
2173 1904 2241 1938 post

1293 1952 1322 1971 v.
1340 1942 1382 1971 ler-
1401 1942 1473 1970 haec
1495 1943 1648 1979 leguntur:
1671 1942 1727 1971 lzac
1746 1941 1843 1971 littera
1862 1941 1920 1971 cluo
1942 1944 2061 1971 nomina
2080 1943 2240 1971 terminan-

1294 1992 1349 2014 tur.
1393 1986 1475 2019 Quae
1491 1985 1549 2012 iam
1569 1990 1745 2022 sequuntur,
1766 1984 1798 2012 in
1814 1986 1944 2022 margine
1961 1990 2044 2014 sunt:
2067 1983 2136 2013 siler
2154 1992 2180 2013 et
2196 1995 2239 2013 ce-

1295 2025 1336 2055 ler
1357 2038 1429 2066 quae
1449 2027 1549 2054 tertiae
1566 2034 1631 2054 suut
1651 2025 1863 2055 declinationis.
1885 2044 1927 2049 —
1977 2030 2024 2064 13)
2049 2026 2083 2055 1η
2106 2027 2186 2055 deest
2206 2027 2240 2054 in

1295 2069 1365 2098 cod.
1387 2084 1429 2089 —
1474 2067 1518 2108 14)
1543 2067 1723 2107 Exsanguis.
1746 2068 1789 2096 sic
1813 2069 1843 2096 in
1868 2070 1938 2099 cod.
1960 2069 2104 2108 exanguis
2125 2069 2191 2099 Asc.
2206 2069 2238 2098 P.

1293 2111 1386 2139 Locus
1410 2111 1527 2138 Sallust.
1550 2111 1580 2138 in
1598 2111 1659 2139 Cat.
1683 2121 1707 2138 c.
1724 2112 1773 2142 15.
1791 2110 1841 2141 fin.
1859 2128 1901 2134 —
1933 2112 1978 2149 15)
1994 2110 2122 2151 Repperi
2136 2121 2239 2140 nomen

1293 2154 1477 2181 ter-minatum
1497 2154 1563 2182 Asc.
1574 2153 1604 2180 P.
1625 2169 1667 2174 —
1711 2156 1752 2189 16)
1773 2151 1904 2183 Genitivo
1919 2161 1949 2182 ut
1966 2164 2061 2182 vomer
2074 2154 2103 2181 P.
2143 2151 2239 2181 Geni-

1292 2196 1351 2224 tivo
1368 2195 1416 2224 hic
1430 2206 1526 2223 vomer
1541 2195 1613 2223 eod.
1630 2195 1697 2222 Asc.
1713 2210 1754 2216 —
1792 2198 1832 2231 17)
1846 2195 1888 2224 Er
1902 2195 2006 2236 ubique
2019 2202 2160 2234 correpta.
2188 2195 2238 2223 Sic

1291 2237 1429 2275 rescripsi
1461 2237 1619 2265 certissima
1644 2237 1820 2266 coniectura.
1843 2237 1947 2277 ubique
1969 2244 2128 2276 correptum
2151 2237 2183 2269 P.
2204 2243 2238 2266 et

1290 2279 1395 2319 ubique
1409 2287 1541 2318 correpta
1557 2280 1627 2308 Cod.
1646 2280 1712 2308 Asc.
1734 2296 1776 2300 —
1820 2284 1862 2313 18)
1881 2279 2063 2321 b'icfizciens
2081 2279 2110 2308 P.
2130 2280 2250 2308 omisso·

1289 2328 1326 2350 et.
1343 2337 1384 2343 —
1428 2320 1472 2358 19)
1494 2320 1520 2349 O
1539 2322 1568 2349 in
1585 2323 1771 2351 nominativo.
1815 2321 1894 2350 Haec
1911 2322 1942 2350 in
1957 2322 2028 2352 eod,
2044 2331 2134 2360 supra
2158 2321 2237 2349 scri-

1288 2368 1348 2402 pta.
1365 2380 1405 2385 —
1435 2363 1479 2401 ΞΟ)
1497 2363 1550 2390 Vv.
1564 2365 1593 2391 in
1606 2365 1731 2402 genitivo
1747 2374 1763 2391 a
1779 2364 1850 2393 Cod.
1866 2364 2026 2392 adduntur.
2042 2379 2081 2385 —-
2111 2362 2161 2402 21)
2178 2364 2234 2393 Vv.

1288 2404 1338 2433 εει]
1354 2404 1400 2434 slis
1414 2405 1470 2433 alio
1487 2409 1651 2433 atramento
1669 2406 1700 2434 in
1714 2406 1783 2434 Cod.
1801 2417 1888 2445 supra
1903 2406 2021 2444 scripta.
2033 2421 2074 2427 —
2103 2403 2151 2445 22)
2168 2405 2234 2434 Nu-

1287 2448 1358 2476 meri
1373 2464 1414 2468 —
1429 2445 1572 2486 singulari
1591 2448 1661 2476 Cod.
1685 2459 1801 2477 numero
1822 2465 1863 2470 —
1885 2446 2029 2486 singulari
2049 2447 2114 2477 Asc.
2136 2448 2169 2477 Ρ.
2192 2462 2232 2469 —-
