<?xml version="1.0" encoding="UTF-8"?>
<!DOCTYPE html PUBLIC "-//W3C//DTD XHTML 1.0 Transitional//EN"
    "http://www.w3.org/TR/xhtml1/DTD/xhtml1-transitional.dtd">
<html xmlns="http://www.w3.org/1999/xhtml" xml:lang="en" lang="en">
 <head>
  <title>
</title>
<meta http-equiv="Content-Type" content="text/html;charset=utf-8" />
  <meta name='ocr-system' content='tesseract 3.04.00' />
  <meta name='ocr-capabilities' content='ocr_page ocr_carea ocr_par ocr_line ocrx_word'/>
</head>
<body>
  <div class='ocr_page' id='page_1' title='image "./corpusgrammatico01linduoft_0734.png"; bbox 0 0 2263 2668; ppageno 0'>
   <div class='ocr_carea' id='block_1_1' title="bbox 191 164 1712 212">
    <p class='ocr_par' dir='ltr' id='par_1_1' title="bbox 191 164 1712 212">
     <span class='ocr_line' id='line_1_1' title="bbox 191 164 1712 212; baseline -0.007 0"><span class='ocrx_word' id='word_1_1' title='bbox 191 178 266 212; x_wconf 83' lang='lat'><strong>312</strong></span> <span class='ocrx_word' id='word_1_2' title='bbox 619 164 962 206; x_wconf 82' lang='lat' dir='ltr'>COMMENTARII</span> <span class='ocrx_word' id='word_1_3' title='bbox 988 164 1038 198; x_wconf 90' lang='lat' dir='ltr'><strong>IN</strong></span> <span class='ocrx_word' id='word_1_4' title='bbox 1064 165 1209 199; x_wconf 90' lang='lat' dir='ltr'><strong>PAULI</strong></span> <span class='ocrx_word' id='word_1_5' title='bbox 1234 166 1431 201; x_wconf 86' lang='lat' dir='ltr'><strong>DIACONI</strong></span> <span class='ocrx_word' id='word_1_6' title='bbox 1457 166 1712 202; x_wconf 86' lang='lat' dir='ltr'><strong>EXCERPTA</strong></span> 
     </span>
    </p>
   </div>
   <div class='ocr_carea' id='block_1_2' title="bbox 193 257 2165 2425">
    <p class='ocr_par' dir='ltr' id='par_1_2' title="bbox 193 257 2150 776">
     <span class='ocr_line' id='line_1_2' title="bbox 193 257 2142 302; baseline -0.004 0"><span class='ocrx_word' id='word_1_7' title='bbox 193 275 299 302; x_wconf 86' lang='lat' dir='ltr'><strong>Rosen.</strong></span> <span class='ocrx_word' id='word_1_8' title='bbox 321 270 351 298; x_wconf 83' lang='lat' dir='ltr'><strong>in</strong></span> <span class='ocrx_word' id='word_1_9' title='bbox 373 266 465 297; x_wconf 83' lang='lat' dir='ltr'><strong>Radd.</strong></span> <span class='ocrx_word' id='word_1_10' title='bbox 488 263 640 293; x_wconf 84' lang='lat' dir='ltr'><strong>Sanscritt.</strong></span> <span class='ocrx_word' id='word_1_11' title='bbox 667 272 733 301; x_wconf 84' lang='lat' dir='ltr'><strong>pag.</strong></span> <span class='ocrx_word' id='word_1_12' title='bbox 748 263 797 292; x_wconf 80' lang='lat'><strong>42.</strong></span> <span class='ocrx_word' id='word_1_13' title='bbox 822 265 850 289; x_wconf 85' lang='lat' dir='ltr'><strong>et</strong></span> <span class='ocrx_word' id='word_1_14' title='bbox 872 269 937 299; x_wconf 88' lang='lat' dir='ltr'><strong>pag.</strong></span> <span class='ocrx_word' id='word_1_15' title='bbox 952 259 1001 292; x_wconf 90' lang='lat'><strong>50.</strong></span> <span class='ocrx_word' id='word_1_16' title='bbox 1026 258 1171 296; x_wconf 81' lang='lat' dir='ltr'><strong>refertur,</strong></span> <span class='ocrx_word' id='word_1_17' title='bbox 1198 258 1272 288; x_wconf 77' lang='lat' dir='ltr'><strong>dhru</strong></span> <span class='ocrx_word' id='word_1_18' title='bbox 1294 264 1323 288; x_wconf 86' lang='lat' dir='ltr'><strong>et</strong></span> <span class='ocrx_word' id='word_1_19' title='bbox 1346 257 1421 288; x_wconf 74' lang='lat' dir='ltr'><strong>dlmz</strong></span> <span class='ocrx_word' id='word_1_20' title='bbox 1443 259 1624 298; x_wconf 73' lang='lat' dir='ltr'><strong>significare,</strong></span> <span class='ocrx_word' id='word_1_21' title='bbox 1644 261 1785 300; x_wconf 84' lang='lat' dir='ltr'><strong>firmum,</strong></span> <span class='ocrx_word' id='word_1_22' title='bbox 1807 263 1912 302; x_wconf 68' lang='lat' dir='ltr'><strong>fixum</strong></span> <span class='ocrx_word' id='word_1_23' title='bbox 1935 273 2013 302; x_wconf 77' lang='lat' dir='ltr'><strong>esse,</strong></span> <span class='ocrx_word' id='word_1_24' title='bbox 2043 270 2072 294; x_wconf 85' lang='lat' dir='ltr'><strong>et</strong></span> <span class='ocrx_word' id='word_1_25' title='bbox 2094 270 2142 294; x_wconf 87' lang='lat' dir='ltr'><strong>ta-</strong></span> 
     </span>
     <span class='ocr_line' id='line_1_3' title="bbox 194 302 2142 345; baseline -0.004 0"><span class='ocrx_word' id='word_1_26' title='bbox 194 325 260 345; x_wconf 86' lang='lat' dir='ltr'><strong>men</strong></span> <span class='ocrx_word' id='word_1_27' title='bbox 282 313 366 342; x_wconf 82' lang='lat' dir='ltr'><strong>etiam</strong></span> <span class='ocrx_word' id='word_1_28' title='bbox 389 321 418 339; x_wconf 83' lang='lat' dir='ltr'><strong>se</strong></span> <span class='ocrx_word' id='word_1_29' title='bbox 440 317 566 343; x_wconf 75' lang='lat' dir='ltr'><strong>movere,</strong></span> <span class='ocrx_word' id='word_1_30' title='bbox 606 315 679 344; x_wconf 84' lang='lat' dir='ltr'><strong>quae</strong></span> <span class='ocrx_word' id='word_1_31' title='bbox 703 304 760 332; x_wconf 84' lang='lat' dir='ltr'><strong>sibi</strong></span> <span class='ocrx_word' id='word_1_32' title='bbox 781 308 996 342; x_wconf 83' lang='lat' dir='ltr'><strong>repugnarent,</strong></span> <span class='ocrx_word' id='word_1_33' title='bbox 1028 302 1084 330; x_wconf 89' lang='lat' dir='ltr'><strong>nisi</strong></span> <span class='ocrx_word' id='word_1_34' title='bbox 1106 302 1180 331; x_wconf 90' lang='lat' dir='ltr'><strong>haec</strong></span> <span class='ocrx_word' id='word_1_35' title='bbox 1208 307 1282 331; x_wconf 80' lang='lat' dir='ltr'><strong>esset</strong></span> <span class='ocrx_word' id='word_1_36' title='bbox 1305 302 1387 330; x_wconf 75' lang='lat' dir='ltr'><strong>notio</strong></span> <span class='ocrx_word' id='word_1_37' title='bbox 1415 303 1579 331; x_wconf 77' lang='lat' dir='ltr'><strong>communis</strong></span> <span class='ocrx_word' id='word_1_38' title='bbox 1602 303 1771 341; x_wconf 86' lang='lat' dir='ltr'><strong>utriusque,</strong></span> <span class='ocrx_word' id='word_1_39' title='bbox 1807 315 1894 342; x_wconf 89' lang='lat' dir='ltr'><strong>quam</strong></span> <span class='ocrx_word' id='word_1_40' title='bbox 1917 306 1994 344; x_wconf 81' lang='lat' dir='ltr'><strong>dixi&gt;</strong></span> <span class='ocrx_word' id='word_1_41' title='bbox 2019 315 2142 336; x_wconf 77' lang='lat' dir='ltr'><strong>stantem</strong></span> 
     </span>
     <span class='ocr_line' id='line_1_4' title="bbox 194 344 2142 390; baseline -0.008 -3"><span class='ocrx_word' id='word_1_42' title='bbox 194 357 311 388; x_wconf 80' lang='lat' dir='ltr'><strong>moveri.</strong></span> <span class='ocrx_word' id='word_1_43' title='bbox 353 353 444 390; x_wconf 71' lang='lat' dir='ltr'><strong>{gitur</strong></span> <span class='ocrx_word' id='word_1_44' title='bbox 467 348 536 385; x_wconf 77' lang='lat' dir='ltr'><strong>dru,</strong></span> <span class='ocrx_word' id='word_1_45' title='bbox 568 349 652 376; x_wconf 81' lang='lat' dir='ltr'><strong>cuius</strong></span> <span class='ocrx_word' id='word_1_46' title='bbox 676 347 771 386; x_wconf 82' lang='lat' dir='ltr'><strong>prima</strong></span> <span class='ocrx_word' id='word_1_47' title='bbox 793 356 918 385; x_wconf 87' lang='lat' dir='ltr'><strong>persona</strong></span> <span class='ocrx_word' id='word_1_48' title='bbox 943 344 1093 383; x_wconf 65' lang='lat' dir='ltr'><strong>dravum,</strong></span> <span class='ocrx_word' id='word_1_49' title='bbox 1122 350 1166 374; x_wconf 81' lang='lat' dir='ltr'><strong>est</strong></span> <span class='ocrx_word' id='word_1_50' title='bbox 1188 355 1291 381; x_wconf 86' lang='lat' dir='ltr'><strong>curro,</strong></span> <span class='ocrx_word' id='word_1_51' title='bbox 1324 345 1420 382; x_wconf 81' lang='lat' dir='ltr'><strong>fugio,</strong></span> <span class='ocrx_word' id='word_1_52' title='bbox 1451 346 1633 373; x_wconf 81' lang='lat' dir='ltr'><strong>Graecorum</strong></span> <span class='ocrx_word' id='word_1_53' title='bbox 1657 347 1765 384; x_wconf 76' lang='grc' dir='ltr'><em>δρᾶναι</em></span> <span class='ocrx_word' id='word_1_54' title='bbox 1789 351 1816 374; x_wconf 84' lang='lat' dir='ltr'><strong>et</strong></span> <span class='ocrx_word' id='word_1_55' title='bbox 1841 349 1976 386; x_wconf 55' lang='grc' dir='ltr'><em>δραμεῖν,</em></span> <span class='ocrx_word' id='word_1_56' title='bbox 2006 350 2142 378; x_wconf 57' lang='lat' dir='ltr'><strong>[minum</strong></span> 
     </span>
     <span class='ocr_line' id='line_1_5' title="bbox 194 387 2143 430; baseline -0.002 -6"><span class='ocrx_word' id='word_1_57' title='bbox 194 400 271 429; x_wconf 64' lang='lat' dir='ltr'><strong>illud</strong></span> <span class='ocrx_word' id='word_1_58' title='bbox 295 396 415 430; x_wconf 75' lang='lat' dir='ltr'><strong>druare3</strong></span> <span class='ocrx_word' id='word_1_59' title='bbox 453 396 556 419; x_wconf 84' lang='lat' dir='ltr'><strong>contra</strong></span> <span class='ocrx_word' id='word_1_60' title='bbox 581 389 654 419; x_wconf 78' lang='lat' dir='ltr'><strong>dlzru</strong></span> <span class='ocrx_word' id='word_1_61' title='bbox 678 395 706 418; x_wconf 93' lang='lat' dir='ltr'><strong>et</strong></span> <span class='ocrx_word' id='word_1_62' title='bbox 730 388 819 425; x_wconf 74' lang='lat' dir='ltr'><strong>dhru&#39;,</strong></span> <span class='ocrx_word' id='word_1_63' title='bbox 861 388 944 417; x_wconf 91' lang='lat' dir='ltr'><strong>cuius</strong></span> <span class='ocrx_word' id='word_1_64' title='bbox 967 388 1123 426; x_wconf 89' lang='lat' dir='ltr'><strong>utriusque</strong></span> <span class='ocrx_word' id='word_1_65' title='bbox 1146 388 1242 426; x_wconf 85' lang='lat' dir='ltr'><strong>prima</strong></span> <span class='ocrx_word' id='word_1_66' title='bbox 1266 397 1390 426; x_wconf 83' lang='lat' dir='ltr'><strong>persona</strong></span> <span class='ocrx_word' id='word_1_67' title='bbox 1414 398 1508 426; x_wconf 80' lang='lat' dir='ltr'><strong>praes.</strong></span> <span class='ocrx_word' id='word_1_68' title='bbox 1530 387 1701 424; x_wconf 74' lang='lat' dir='ltr'><strong>dhruvami,</strong></span> <span class='ocrx_word' id='word_1_69' title='bbox 1741 394 1783 417; x_wconf 80' lang='lat' dir='ltr'><strong>est</strong></span> <span class='ocrx_word' id='word_1_70' title='bbox 1806 394 1887 418; x_wconf 83' lang='lat' dir='ltr'><strong>stans</strong></span> <span class='ocrx_word' id='word_1_71' title='bbox 1911 401 2048 428; x_wconf 67' lang='lat' dir='ltr'><strong>moveor,</strong></span> <span class='ocrx_word' id='word_1_72' title='bbox 2084 392 2143 421; x_wconf 88' lang='lat' dir='ltr'><strong>hoc</strong></span> 
     </span>
     <span class='ocr_line' id='line_1_6' title="bbox 195 430 2144 472; baseline -0.005 0"><span class='ocrx_word' id='word_1_73' title='bbox 195 447 328 472; x_wconf 84' lang='lat' dir='ltr'><strong>nostrum</strong></span> <span class='ocrx_word' id='word_1_74' title='bbox 350 444 461 471; x_wconf 68' lang='lat' dir='ltr'><strong>fruare,</strong></span> <span class='ocrx_word' id='word_1_75' title='bbox 499 434 560 461; x_wconf 84' lang='lat' dir='ltr'><strong>sive</strong></span> <span class='ocrx_word' id='word_1_76' title='bbox 583 440 689 462; x_wconf 73' lang='grc' dir='ltr'><strong>ίνοανε.</strong></span> <span class='ocrx_word' id='word_1_77' title='bbox 735 430 896 461; x_wconf 72' lang='lat' dir='ltr'><strong>Andr-nare</strong></span> <span class='ocrx_word' id='word_1_78' title='bbox 915 435 1010 459; x_wconf 84' lang='lat' dir='ltr'><strong>autem</strong></span> <span class='ocrx_word' id='word_1_79' title='bbox 1037 435 1064 458; x_wconf 85' lang='lat' dir='ltr'><strong>et</strong></span> <span class='ocrx_word' id='word_1_80' title='bbox 1086 438 1223 459; x_wconf 68' lang='lat' dir='ltr'><strong>anit-oure</strong></span> <span class='ocrx_word' id='word_1_81' title='bbox 1246 430 1356 458; x_wconf 84' lang='lat' dir='ltr'><strong>nullam</strong></span> <span class='ocrx_word' id='word_1_82' title='bbox 1380 435 1505 468; x_wconf 83' lang='lat' dir='ltr'><strong>possunt</strong></span> <span class='ocrx_word' id='word_1_83' title='bbox 1530 435 1610 459; x_wconf 82' lang='lat' dir='ltr'><strong>retro</strong></span> <span class='ocrx_word' id='word_1_84' title='bbox 1634 431 1770 459; x_wconf 85' lang='lat' dir='ltr'><strong>veniendi</strong></span> <span class='ocrx_word' id='word_1_85' title='bbox 1794 437 1845 460; x_wconf 91' lang='lat' dir='ltr'><strong>aut</strong></span> <span class='ocrx_word' id='word_1_86' title='bbox 1868 435 2019 472; x_wconf 86' lang='lat' dir='ltr'><strong>repetendi</strong></span> <span class='ocrx_word' id='word_1_87' title='bbox 2043 435 2144 463; x_wconf 84' lang='lat' dir='ltr'><strong>notio-</strong></span> 
     </span>
     <span class='ocr_line' id='line_1_7' title="bbox 195 473 2144 515; baseline -0.005 -1"><span class='ocrx_word' id='word_1_88' title='bbox 195 495 260 514; x_wconf 85' lang='lat' dir='ltr'><strong>nem</strong></span> <span class='ocrx_word' id='word_1_89' title='bbox 282 481 403 515; x_wconf 81' lang='lat' dir='ltr'><strong>hahere,</strong></span> <span class='ocrx_word' id='word_1_90' title='bbox 433 476 485 505; x_wconf 89' lang='lat' dir='ltr'><strong>sed</strong></span> <span class='ocrx_word' id='word_1_91' title='bbox 508 475 670 514; x_wconf 87' lang='lat' dir='ltr'><strong>composita</strong></span> <span class='ocrx_word' id='word_1_92' title='bbox 694 479 762 503; x_wconf 91' lang='lat' dir='ltr'><strong>sunt</strong></span> <span class='ocrx_word' id='word_1_93' title='bbox 786 484 823 502; x_wconf 81' lang='lat' dir='ltr'><strong>ex</strong></span> <span class='ocrx_word' id='word_1_94' title='bbox 845 473 1067 513; x_wconf 82' lang='lat' dir='ltr'><strong>praepositione</strong></span> <span class='ocrx_word' id='word_1_95' title='bbox 1088 484 1154 509; x_wconf 85' lang='lat' dir='ltr'><strong>am,</strong></span> <span class='ocrx_word' id='word_1_96' title='bbox 1194 483 1266 511; x_wconf 88' lang='lat' dir='ltr'><strong>quae</strong></span> <span class='ocrx_word' id='word_1_97' title='bbox 1291 473 1399 501; x_wconf 89' lang='lat' dir='ltr'><strong>circum</strong></span> <span class='ocrx_word' id='word_1_98' title='bbox 1425 473 1584 510; x_wconf 78' lang='lat' dir='ltr'><strong>significat,</strong></span> <span class='ocrx_word' id='word_1_99' title='bbox 1624 483 1714 511; x_wconf 86' lang='lat' dir='ltr'><strong>quare</strong></span> <span class='ocrx_word' id='word_1_100' title='bbox 1737 473 1885 503; x_wconf 77' lang='lat' dir='ltr'><strong>andrum-e</strong></span> <span class='ocrx_word' id='word_1_101' title='bbox 1906 476 2049 513; x_wconf 75' lang='lat' dir='ltr'><strong>siguificat</strong></span> <span class='ocrx_word' id='word_1_102' title='bbox 2072 488 2144 515; x_wconf 83' lang='lat' dir='ltr'><strong>pro-</strong></span> 
     </span>
     <span class='ocr_line' id='line_1_8' title="bbox 194 515 2144 567; baseline 0.003 -24"><span class='ocrx_word' id='word_1_103' title='bbox 194 527 257 567; x_wconf 68' lang='lat' dir='ltr'><strong>prie</strong></span> <span class='ocrx_word' id='word_1_104' title='bbox 281 524 391 552; x_wconf 64' lang='lat' dir='ltr'><strong>circum</strong></span> <span class='ocrx_word' id='word_1_105' title='bbox 412 529 548 555; x_wconf 83' lang='lat' dir='ltr'><strong>currere,</strong></span> <span class='ocrx_word' id='word_1_106' title='bbox 587 518 647 546; x_wconf 91' lang='lat' dir='ltr'><strong>huc</strong></span> <span class='ocrx_word' id='word_1_107' title='bbox 669 517 742 546; x_wconf 89' lang='lat' dir='ltr'><strong>illuc</strong></span> <span class='ocrx_word' id='word_1_108' title='bbox 766 527 902 553; x_wconf 82' lang='lat' dir='ltr'><strong>currere,</strong></span> <span class='ocrx_word' id='word_1_109' title='bbox 941 515 972 544; x_wconf 88' lang='lat' dir='ltr'><strong>id</strong></span> <span class='ocrx_word' id='word_1_110' title='bbox 1000 515 1080 554; x_wconf 87' lang='lat' dir='ltr'><strong>quod</strong></span> <span class='ocrx_word' id='word_1_111' title='bbox 1107 525 1261 544; x_wconf 84' lang='lat' dir='ltr'><strong>recurrere</strong></span> <span class='ocrx_word' id='word_1_112' title='bbox 1290 516 1430 553; x_wconf 81' lang='lat' dir='ltr'><strong>exposuit</strong></span> <span class='ocrx_word' id='word_1_113' title='bbox 1453 516 1566 544; x_wconf 85' lang='lat' dir='ltr'><strong>Festus.</strong></span> <span class='ocrx_word' id='word_1_114' title='bbox 1610 516 1762 544; x_wconf 73' lang='lat' dir='ltr'><strong>Antroare</strong></span> <span class='ocrx_word' id='word_1_115' title='bbox 1789 522 1883 545; x_wconf 77' lang='lat' dir='ltr'><strong>autem</strong></span> <span class='ocrx_word' id='word_1_116' title='bbox 1916 519 1973 546; x_wconf 88' lang='lat' dir='ltr'><strong>erit</strong></span> <span class='ocrx_word' id='word_1_117' title='bbox 1995 529 2054 547; x_wconf 92' lang='lat' dir='ltr'><strong>uno</strong></span> <span class='ocrx_word' id='word_1_118' title='bbox 2077 520 2144 548; x_wconf 89' lang='lat' dir='ltr'><strong>loco</strong></span> 
     </span>
     <span class='ocr_line' id='line_1_9' title="bbox 196 558 2147 598; baseline -0.003 -3"><span class='ocrx_word' id='word_1_119' title='bbox 196 571 307 598; x_wconf 69' lang='lat' dir='ltr'><strong>circum</strong></span> <span class='ocrx_word' id='word_1_120' title='bbox 331 562 461 597; x_wconf 83' lang='lat' dir='ltr'><strong>moveri,</strong></span> <span class='ocrx_word' id='word_1_121' title='bbox 500 566 626 590; x_wconf 84' lang='lat' dir='ltr'><strong>stantem</strong></span> <span class='ocrx_word' id='word_1_122' title='bbox 651 571 681 589; x_wconf 86' lang='lat' dir='ltr'><strong>se</strong></span> <span class='ocrx_word' id='word_1_123' title='bbox 704 560 763 588; x_wconf 89' lang='lat' dir='ltr'><strong>huc</strong></span> <span class='ocrx_word' id='word_1_124' title='bbox 786 560 858 588; x_wconf 84' lang='lat' dir='ltr'><strong>illuc</strong></span> <span class='ocrx_word' id='word_1_125' title='bbox 880 563 1011 595; x_wconf 82' lang='lat' dir='ltr'><strong>vertere,</strong></span> <span class='ocrx_word' id='word_1_126' title='bbox 1041 558 1071 586; x_wconf 88' lang='lat' dir='ltr'><strong>id</strong></span> <span class='ocrx_word' id='word_1_127' title='bbox 1095 558 1177 596; x_wconf 87' lang='lat' dir='ltr'><strong>quod</strong></span> <span class='ocrx_word' id='word_1_128' title='bbox 1195 558 1265 585; x_wconf 75' lang='lat' dir='ltr'><strong>Salii</strong></span> <span class='ocrx_word' id='word_1_129' title='bbox 1289 558 1458 586; x_wconf 77' lang='lat' dir='ltr'><strong>sacerdotes</strong></span> <span class='ocrx_word' id='word_1_130' title='bbox 1481 559 1577 587; x_wconf 81' lang='lat' dir='ltr'><strong>facere</strong></span> <span class='ocrx_word' id='word_1_131' title='bbox 1600 558 1741 587; x_wconf 83' lang='lat' dir='ltr'><strong>solebant.</strong></span> <span class='ocrx_word' id='word_1_132' title='bbox 1786 558 2001 589; x_wconf 70' lang='lat' dir='ltr'><strong>Redemit-nare</strong></span> <span class='ocrx_word' id='word_1_133' title='bbox 2020 561 2147 590; x_wconf 77' lang='lat' dir='ltr'><strong>reddere</strong></span> 
     </span>
     <span class='ocr_line' id='line_1_10' title="bbox 194 600 2148 650; baseline -0.006 -10"><span class='ocrx_word' id='word_1_134' title='bbox 194 616 293 650; x_wconf 85' lang='lat' dir='ltr'><strong>gestus</strong></span> <span class='ocrx_word' id='word_1_135' title='bbox 316 604 494 641; x_wconf 69' lang='lat' dir='ltr'><strong>animantis,</strong></span> <span class='ocrx_word' id='word_1_136' title='bbox 517 604 575 632; x_wconf 89' lang='lat' dir='ltr'><strong>hoc</strong></span> <span class='ocrx_word' id='word_1_137' title='bbox 598 608 656 641; x_wconf 78' lang='lat' dir='ltr'><strong>est,</strong></span> <span class='ocrx_word' id='word_1_138' title='bbox 678 608 812 642; x_wconf 78' lang='lat' dir='ltr'><strong>repetere</strong></span> <span class='ocrx_word' id='word_1_139' title='bbox 834 607 932 630; x_wconf 86' lang='lat' dir='ltr'><strong>motus</strong></span> <span class='ocrx_word' id='word_1_140' title='bbox 953 600 1134 637; x_wconf 81' lang='lat' dir='ltr'><strong>sacerdotis,</strong></span> <span class='ocrx_word' id='word_1_141' title='bbox 1167 601 1216 639; x_wconf 89' lang='lat' dir='ltr'><strong>qui</strong></span> <span class='ocrx_word' id='word_1_142' title='bbox 1240 600 1303 628; x_wconf 86' lang='lat' dir='ltr'><strong>aliis</strong></span> <span class='ocrx_word' id='word_1_143' title='bbox 1326 600 1401 629; x_wconf 89' lang='lat' dir='ltr'><strong>ritus</strong></span> <span class='ocrx_word' id='word_1_144' title='bbox 1425 606 1453 629; x_wconf 85' lang='lat' dir='ltr'><strong>et</strong></span> <span class='ocrx_word' id='word_1_145' title='bbox 1477 606 1572 630; x_wconf 84' lang='lat' dir='ltr'><strong>motus</strong></span> <span class='ocrx_word' id='word_1_146' title='bbox 1595 601 1727 630; x_wconf 82' lang='lat' dir='ltr'><strong>sacrificii</strong></span> <span class='ocrx_word' id='word_1_147' title='bbox 1753 603 1860 639; x_wconf 61' lang='lat' dir='ltr'><strong>praeit,</strong></span> <span class='ocrx_word' id='word_1_148' title='bbox 1884 613 1970 641; x_wconf 91' lang='lat' dir='ltr'><strong>quem</strong></span> <span class='ocrx_word' id='word_1_149' title='bbox 1993 604 2148 632; x_wconf 77' lang='lat' dir='ltr'><strong>imitantur</strong></span> 
     </span>
     <span class='ocr_line' id='line_1_11' title="bbox 195 642 2147 691; baseline 0.002 -19"><span class='ocrx_word' id='word_1_150' title='bbox 195 653 302 691; x_wconf 63' lang='lat' dir='ltr'><strong>reliqui</strong></span> <span class='ocrx_word' id='word_1_151' title='bbox 324 648 502 679; x_wconf 69' lang='lat' dir='ltr'><strong>sacerdotes.</strong></span> <span class='ocrx_word' id='word_1_152' title='bbox 538 645 581 674; x_wconf 76' lang='lat' dir='ltr'><strong>Ita</strong></span> <span class='ocrx_word' id='word_1_153' title='bbox 606 646 730 675; x_wconf 85' lang='lat' dir='ltr'><strong>fortasse</strong></span> <span class='ocrx_word' id='word_1_154' title='bbox 754 646 849 674; x_wconf 89' lang='lat' dir='ltr'><strong>omnis</strong></span> <span class='ocrx_word' id='word_1_155' title='bbox 870 645 976 672; x_wconf 87' lang='lat' dir='ltr'><strong>horum</strong></span> <span class='ocrx_word' id='word_1_156' title='bbox 1001 644 1158 672; x_wconf 88' lang='lat' dir='ltr'><strong>verborum</strong></span> <span class='ocrx_word' id='word_1_157' title='bbox 1183 642 1348 671; x_wconf 83' lang='lat' dir='ltr'><strong>obscuritas</strong></span> <span class='ocrx_word' id='word_1_158' title='bbox 1372 645 1528 674; x_wconf 74' lang='lat' dir='ltr'><strong>evanescit.</strong></span> <span class='ocrx_word' id='word_1_159' title='bbox 1569 644 1692 672; x_wconf 83' lang='lat' dir='ltr'><strong>Omnem</strong></span> <span class='ocrx_word' id='word_1_160' title='bbox 1716 644 1931 674; x_wconf 74' lang='lat' dir='ltr'><strong>dubitationem</strong></span> <span class='ocrx_word' id='word_1_161' title='bbox 1955 647 2034 675; x_wconf 87' lang='lat' dir='ltr'><strong>tollit</strong></span> <span class='ocrx_word' id='word_1_162' title='bbox 2053 647 2147 685; x_wconf 81' lang='lat' dir='ltr'><strong>ipsius</strong></span> 
     </span>
     <span class='ocr_line' id='line_1_12' title="bbox 195 686 2150 726; baseline -0.007 -2"><span class='ocrx_word' id='word_1_163' title='bbox 195 697 275 726; x_wconf 85' lang='lat' dir='ltr'><strong>Festi</strong></span> <span class='ocrx_word' id='word_1_164' title='bbox 297 695 382 723; x_wconf 89' lang='lat' dir='ltr'><strong>locus</strong></span> <span class='ocrx_word' id='word_1_165' title='bbox 404 691 435 718; x_wconf 82' lang='lat' dir='ltr'><strong>in</strong></span> <span class='ocrx_word' id='word_1_166' title='bbox 458 688 670 726; x_wconf 59' lang='lat' dir='ltr'><strong>reclamo-nare,</strong></span> <span class='ocrx_word' id='word_1_167' title='bbox 693 689 745 717; x_wconf 91' lang='lat' dir='ltr'><strong>ubi</strong></span> <span class='ocrx_word' id='word_1_168' title='bbox 767 698 813 716; x_wconf 89' lang='lat' dir='ltr'><strong>res</strong></span> <span class='ocrx_word' id='word_1_169' title='bbox 837 688 932 715; x_wconf 87' lang='lat' dir='ltr'><strong>omnis</strong></span> <span class='ocrx_word' id='word_1_170' title='bbox 955 697 992 715; x_wconf 83' lang='lat' dir='ltr'><strong>ex</strong></span> <span class='ocrx_word' id='word_1_171' title='bbox 1014 687 1161 715; x_wconf 86' lang='lat' dir='ltr'><strong>Saliorum</strong></span> <span class='ocrx_word' id='word_1_172' title='bbox 1183 686 1288 715; x_wconf 87' lang='lat' dir='ltr'><strong>ritibus</strong></span> <span class='ocrx_word' id='word_1_173' title='bbox 1312 686 1472 717; x_wconf 72' lang='lat' dir='ltr'><strong>derivatur,</strong></span> <span class='ocrx_word' id='word_1_174' title='bbox 1517 686 1660 716; x_wconf 76' lang='lat' dir='ltr'><strong>Amtruat</strong></span> <span class='ocrx_word' id='word_1_175' title='bbox 1683 687 1759 715; x_wconf 84' lang='lat' dir='ltr'><strong>enim</strong></span> <span class='ocrx_word' id='word_1_176' title='bbox 1782 689 1919 726; x_wconf 74' lang='lat' dir='ltr'><strong>praesul,</strong></span> <span class='ocrx_word' id='word_1_177' title='bbox 1945 690 2150 718; x_wconf 72' lang='lat' dir='ltr'><strong>redamtruant</strong></span> 
     </span>
     <span class='ocr_line' id='line_1_13' title="bbox 196 728 1248 776; baseline -0.01 -9"><span class='ocrx_word' id='word_1_178' title='bbox 196 737 301 776; x_wconf 81' lang='lat' dir='ltr'><strong>reliqui</strong></span> <span class='ocrx_word' id='word_1_179' title='bbox 326 734 405 764; x_wconf 86' lang='lat' dir='ltr'><strong>Salii.</strong></span> <span class='ocrx_word' id='word_1_180' title='bbox 448 732 524 760; x_wconf 86' lang='lat' dir='ltr'><strong>Vide</strong></span> <span class='ocrx_word' id='word_1_181' title='bbox 547 735 632 760; x_wconf 80' lang='lat' dir='ltr'><strong>notas</strong></span> <span class='ocrx_word' id='word_1_182' title='bbox 651 732 793 769; x_wconf 80' lang='lat' dir='ltr'><strong>Scaligeri</strong></span> <span class='ocrx_word' id='word_1_183' title='bbox 814 730 890 759; x_wconf 79' lang='lat' dir='ltr'><strong>infra</strong></span> <span class='ocrx_word' id='word_1_184' title='bbox 916 729 952 758; x_wconf 88' lang='lat' dir='ltr'><strong>ad</strong></span> <span class='ocrx_word' id='word_1_185' title='bbox 974 739 1001 757; x_wconf 85' lang='lat' dir='ltr'><strong>v.</strong></span> <span class='ocrx_word' id='word_1_186' title='bbox 1025 728 1248 758; x_wconf 80' lang='lat' dir='ltr'><strong>Redamtruare.</strong></span> 
     </span>
    </p>

    <p class='ocr_par' dir='ltr' id='par_1_3' title="bbox 195 770 2155 1324">
     <span class='ocr_line' id='line_1_14' title="bbox 359 770 2150 815; baseline -0.001 -11"><span class='ocrx_word' id='word_1_187' title='bbox 359 773 591 815; x_wconf 78' lang='lat' dir='ltr'><strong>Acupetlius.</strong></span> <span class='ocrx_word' id='word_1_188' title='bbox 636 774 834 803; x_wconf 83' lang='lat' dir='ltr'><strong>Glossarium:</strong></span> <span class='ocrx_word' id='word_1_189' title='bbox 860 770 1045 813; x_wconf 75' lang='lat' dir='ltr'><strong>Aquipedius</strong></span> <span class='ocrx_word' id='word_1_190' title='bbox 1069 777 1124 801; x_wconf 86' lang='lat' dir='ltr'><strong>cet.</strong></span> <span class='ocrx_word' id='word_1_191' title='bbox 1147 777 1180 800; x_wconf 86' lang='lat' dir='ltr'><strong>ut</strong></span> <span class='ocrx_word' id='word_1_192' title='bbox 1204 772 1327 799; x_wconf 87' lang='lat' dir='ltr'><strong>sortasse</strong></span> <span class='ocrx_word' id='word_1_193' title='bbox 1350 770 1526 811; x_wconf 76' lang='lat' dir='ltr'><strong>Aqupetlius</strong></span> <span class='ocrx_word' id='word_1_194' title='bbox 1548 771 1737 801; x_wconf 82' lang='lat' dir='ltr'><strong>scribendum</strong></span> <span class='ocrx_word' id='word_1_195' title='bbox 1761 773 1797 801; x_wconf 89' lang='lat' dir='ltr'><strong>sit</strong></span> <span class='ocrx_word' id='word_1_196' title='bbox 1821 783 1858 801; x_wconf 80' lang='lat' dir='ltr'><strong>ex</strong></span> <span class='ocrx_word' id='word_1_197' title='bbox 1881 773 2001 811; x_wconf 83' lang='lat' dir='ltr'><strong>antiqua</strong></span> <span class='ocrx_word' id='word_1_198' title='bbox 2025 784 2150 803; x_wconf 79' lang='lat' dir='ltr'><strong>consue-</strong></span> 
     </span>
     <span class='ocr_line' id='line_1_15' title="bbox 195 812 2149 858; baseline -0.001 -12"><span class='ocrx_word' id='word_1_199' title='bbox 195 823 307 852; x_wconf 59' lang='lat' dir='ltr'><strong>tudine,</strong></span> <span class='ocrx_word' id='word_1_200' title='bbox 352 820 391 847; x_wconf 84' lang='lat' dir='ltr'><strong>Ut</strong></span> <span class='ocrx_word' id='word_1_201' title='bbox 414 827 550 858; x_wconf 82' lang='lat' dir='ltr'><strong>pequnna</strong></span> <span class='ocrx_word' id='word_1_202' title='bbox 573 827 629 856; x_wconf 88' lang='lat' dir='ltr'><strong>pro</strong></span> <span class='ocrx_word' id='word_1_203' title='bbox 652 817 786 857; x_wconf 79' lang='lat' dir='ltr'><strong>pecunia.</strong></span> <span class='ocrx_word' id='word_1_204' title='bbox 822 815 900 845; x_wconf 78' lang='lat' dir='ltr'><strong>Urs,</strong></span> <span class='ocrx_word' id='word_1_205' title='bbox 946 814 1074 842; x_wconf 83' lang='lat' dir='ltr'><strong>Lucilius</strong></span> <span class='ocrx_word' id='word_1_206' title='bbox 1098 812 1262 853; x_wconf 73' lang='lat' dir='ltr'><strong>Agipedem</strong></span> <span class='ocrx_word' id='word_1_207' title='bbox 1286 813 1375 842; x_wconf 77' lang='lat' dir='ltr'><strong>dixit:</strong></span> <span class='ocrx_word' id='word_1_208' title='bbox 1413 814 1525 853; x_wconf 77' lang='lat' dir='ltr'><strong>Agipes</strong></span> <span class='ocrx_word' id='word_1_209' title='bbox 1548 825 1643 843; x_wconf 79' lang='lat' dir='ltr'><strong>vocem</strong></span> <span class='ocrx_word' id='word_1_210' title='bbox 1667 817 1777 843; x_wconf 74' lang='lat' dir='ltr'><strong>mittere</strong></span> <span class='ocrx_word' id='word_1_211' title='bbox 1801 817 1900 855; x_wconf 80' lang='lat' dir='ltr'><strong>coepit.</strong></span> <span class='ocrx_word' id='word_1_212' title='bbox 1948 816 2149 845; x_wconf 87' lang='lat' dir='ltr'><strong>Glossarium:</strong></span> 
     </span>
     <span class='ocr_line' id='line_1_16' title="bbox 196 853 2150 905; baseline -0.004 -11"><span class='ocrx_word' id='word_1_213' title='bbox 196 861 428 905; x_wconf 63' lang='lat' dir='ltr'><strong>Aequimelium,</strong></span> <span class='ocrx_word' id='word_1_214' title='bbox 467 856 622 897; x_wconf 77' lang='grc' dir='ltr'><strong><em>ὀξυποδία.</em></strong></span> <span class='ocrx_word' id='word_1_215' title='bbox 656 858 755 888; x_wconf 81' lang='lat' dir='ltr'><strong>Scal.</strong></span> <span class='ocrx_word' id='word_1_216' title='bbox 800 858 844 886; x_wconf 91' lang='lat' dir='ltr'><strong>Ab</strong></span> <span class='ocrx_word' id='word_1_217' title='bbox 869 858 1004 886; x_wconf 77' lang='lat' dir='ltr'><strong>acumine</strong></span> <span class='ocrx_word' id='word_1_218' title='bbox 1027 856 1153 895; x_wconf 78' lang='lat' dir='ltr'><strong>pedum,</strong></span> <span class='ocrx_word' id='word_1_219' title='bbox 1194 856 1344 894; x_wconf 87' lang='lat' dir='ltr'><strong>quomodo</strong></span> <span class='ocrx_word' id='word_1_220' title='bbox 1370 853 1468 896; x_wconf 62' lang='grc' dir='ltr'><strong><em>ἀκμὴν</em></strong></span> <span class='ocrx_word' id='word_1_221' title='bbox 1491 858 1594 887; x_wconf 75' lang='grc' dir='ltr'><em>ποδῶν</em></span> <span class='ocrx_word' id='word_1_222' title='bbox 1621 857 1698 885; x_wconf 86' lang='lat' dir='ltr'><strong>dixit</strong></span> <span class='ocrx_word' id='word_1_223' title='bbox 1721 858 1869 895; x_wconf 76' lang='lat' dir='ltr'><strong>eleganter</strong></span> <span class='ocrx_word' id='word_1_224' title='bbox 1892 858 2045 889; x_wconf 82' lang='lat' dir='ltr'><strong>Pindarus,</strong></span> <span class='ocrx_word' id='word_1_225' title='bbox 2092 858 2150 886; x_wconf 81' lang='lat' dir='ltr'><strong>Vix</strong></span> 
     </span>
     <span class='ocr_line' id='line_1_17' title="bbox 196 899 2150 942; baseline -0.003 -6"><span class='ocrx_word' id='word_1_226' title='bbox 196 909 258 937; x_wconf 91' lang='lat' dir='ltr'><strong>fero</strong></span> <span class='ocrx_word' id='word_1_227' title='bbox 282 912 380 935; x_wconf 85' lang='lat' dir='ltr'><strong>tamen</strong></span> <span class='ocrx_word' id='word_1_228' title='bbox 402 903 452 931; x_wconf 87' lang='lat' dir='ltr'><strong>hic</strong></span> <span class='ocrx_word' id='word_1_229' title='bbox 475 903 601 942; x_wconf 85' lang='lat' dir='ltr'><strong>pedibus</strong></span> <span class='ocrx_word' id='word_1_230' title='bbox 624 912 746 931; x_wconf 83' lang='lat' dir='ltr'><strong>acumen</strong></span> <span class='ocrx_word' id='word_1_231' title='bbox 769 901 878 937; x_wconf 84' lang='lat' dir='ltr'><strong>tribui,</strong></span> <span class='ocrx_word' id='word_1_232' title='bbox 902 910 996 939; x_wconf 87' lang='lat' dir='ltr'><strong>neque</strong></span> <span class='ocrx_word' id='word_1_233' title='bbox 1019 900 1165 928; x_wconf 79' lang='lat' dir='ltr'><strong>immerito</strong></span> <span class='ocrx_word' id='word_1_234' title='bbox 1188 899 1265 927; x_wconf 80' lang='lat' dir='ltr'><strong>hanc</strong></span> <span class='ocrx_word' id='word_1_235' title='bbox 1289 909 1391 927; x_wconf 86' lang='lat' dir='ltr'><strong>vocem</strong></span> <span class='ocrx_word' id='word_1_236' title='bbox 1415 904 1582 938; x_wconf 81' lang='lat' dir='ltr'><strong>suspectam</strong></span> <span class='ocrx_word' id='word_1_237' title='bbox 1607 899 1710 928; x_wconf 81' lang='lat' dir='ltr'><strong>habuit</strong></span> <span class='ocrx_word' id='word_1_238' title='bbox 1723 900 1902 938; x_wconf 79' lang='lat' dir='ltr'><strong>Vulcanius,</strong></span> <span class='ocrx_word' id='word_1_239' title='bbox 1927 902 1975 939; x_wconf 90' lang='lat' dir='ltr'><strong>qui</strong></span> <span class='ocrx_word' id='word_1_240' title='bbox 1994 901 2150 939; x_wconf 80' lang='lat' dir='ltr'><strong>legendum</strong></span> 
     </span>
     <span class='ocr_line' id='line_1_18' title="bbox 196 942 2151 990; baseline -0.003 -12"><span class='ocrx_word' id='word_1_241' title='bbox 196 949 315 990; x_wconf 81' lang='lat' dir='ltr'><strong>putavit</strong></span> <span class='ocrx_word' id='word_1_242' title='bbox 336 944 520 985; x_wconf 75' lang='lat' dir='ltr'><strong>aeripedius,</strong></span> <span class='ocrx_word' id='word_1_243' title='bbox 547 945 607 974; x_wconf 86' lang='lat' dir='ltr'><strong>hoc</strong></span> <span class='ocrx_word' id='word_1_244' title='bbox 630 950 688 981; x_wconf 81' lang='lat' dir='ltr'><strong>est,</strong></span> <span class='ocrx_word' id='word_1_245' title='bbox 721 944 768 972; x_wconf 91' lang='lat' dir='ltr'><strong>cui</strong></span> <span class='ocrx_word' id='word_1_246' title='bbox 790 943 951 983; x_wconf 77' lang='lat' dir='ltr'><strong>praecipua</strong></span> <span class='ocrx_word' id='word_1_247' title='bbox 976 947 1017 971; x_wconf 84' lang='lat' dir='ltr'><strong>est</strong></span> <span class='ocrx_word' id='word_1_248' title='bbox 1040 943 1071 970; x_wconf 90' lang='lat' dir='ltr'><strong>in</strong></span> <span class='ocrx_word' id='word_1_249' title='bbox 1095 943 1242 970; x_wconf 86' lang='lat' dir='ltr'><strong>currendo</strong></span> <span class='ocrx_word' id='word_1_250' title='bbox 1265 942 1409 970; x_wconf 82' lang='lat' dir='ltr'><strong>velocitas</strong></span> <span class='ocrx_word' id='word_1_251' title='bbox 1434 942 1552 981; x_wconf 82' lang='lat' dir='ltr'><strong>pedum.</strong></span> <span class='ocrx_word' id='word_1_252' title='bbox 1598 943 1683 971; x_wconf 87' lang='lat' dir='ltr'><strong>Acris</strong></span> <span class='ocrx_word' id='word_1_253' title='bbox 1706 943 1781 971; x_wconf 83' lang='lat' dir='ltr'><strong>cuim</strong></span> <span class='ocrx_word' id='word_1_254' title='bbox 1806 948 1848 971; x_wconf 83' lang='lat' dir='ltr'><strong>est</strong></span> <span class='ocrx_word' id='word_1_255' title='bbox 1871 944 1974 980; x_wconf 78' lang='lat' dir='ltr'><strong>velox,</strong></span> <span class='ocrx_word' id='word_1_256' title='bbox 2003 949 2036 973; x_wconf 85' lang='lat' dir='ltr'><strong>ut</strong></span> <span class='ocrx_word' id='word_1_257' title='bbox 2060 945 2151 972; x_wconf 86' lang='lat' dir='ltr'><strong>Grae-</strong></span> 
     </span>
     <span class='ocr_line' id='line_1_19' title="bbox 198 984 2151 1028; baseline -0.002 -10"><span class='ocrx_word' id='word_1_258' title='bbox 198 994 239 1022; x_wconf 77' lang='lat' dir='ltr'><strong>cis</strong></span> <span class='ocrx_word' id='word_1_259' title='bbox 263 988 340 1028; x_wconf 77' lang='grc' dir='ltr'><em>ὀξύς,</em></span> <span class='ocrx_word' id='word_1_260' title='bbox 371 990 468 1017; x_wconf 83' lang='lat' dir='ltr'><strong>Gloss.</strong></span> <span class='ocrx_word' id='word_1_261' title='bbox 493 984 581 1025; x_wconf 76' lang='grc' dir='ltr'><strong>ὄξὺς,</strong></span> <span class='ocrx_word' id='word_1_262' title='bbox 622 986 638 1018; x_wconf 85' lang='grc' dir='ltr'>ὁ</span> <span class='ocrx_word' id='word_1_263' title='bbox 661 984 756 1026; x_wconf 78' lang='grc' dir='ltr'><strong><em>ταχύς.</em></strong></span> <span class='ocrx_word' id='word_1_264' title='bbox 804 987 912 1015; x_wconf 85' lang='lat' dir='ltr'><strong>Verum</strong></span> <span class='ocrx_word' id='word_1_265' title='bbox 942 995 1111 1024; x_wconf 83' lang='lat' dir='ltr'><strong>quanquam</strong></span> <span class='ocrx_word' id='word_1_266' title='bbox 1135 990 1275 1013; x_wconf 84' lang='lat' dir='ltr'><strong>conatum</strong></span> <span class='ocrx_word' id='word_1_267' title='bbox 1298 995 1356 1013; x_wconf 88' lang='lat' dir='ltr'><strong>non</strong></span> <span class='ocrx_word' id='word_1_268' title='bbox 1380 985 1533 1023; x_wconf 84' lang='lat' dir='ltr'><strong>improbo,</strong></span> <span class='ocrx_word' id='word_1_269' title='bbox 1570 985 1715 1023; x_wconf 84' lang='lat' dir='ltr'><strong>dispicere</strong></span> <span class='ocrx_word' id='word_1_270' title='bbox 1738 986 1863 1014; x_wconf 83' lang='lat' dir='ltr'><strong>debebat</strong></span> <span class='ocrx_word' id='word_1_271' title='bbox 1886 986 1932 1015; x_wconf 90' lang='lat' dir='ltr'><strong>vir</strong></span> <span class='ocrx_word' id='word_1_272' title='bbox 1955 987 2151 1023; x_wconf 78' lang='lat' dir='ltr'><strong>doctissimus,</strong></span> 
     </span>
     <span class='ocr_line' id='line_1_20' title="bbox 197 1028 2152 1070; baseline -0.004 -7"><span class='ocrx_word' id='word_1_273' title='bbox 197 1046 268 1064; x_wconf 84' lang='lat' dir='ltr'><strong>num</strong></span> <span class='ocrx_word' id='word_1_274' title='bbox 293 1032 411 1062; x_wconf 85' lang='lat' dir='ltr'><strong>aliunde</strong></span> <span class='ocrx_word' id='word_1_275' title='bbox 435 1041 524 1070; x_wconf 82' lang='lat' dir='ltr'><strong>quam</strong></span> <span class='ocrx_word' id='word_1_276' title='bbox 547 1031 582 1059; x_wconf 91' lang='lat' dir='ltr'><strong>ab</strong></span> <span class='ocrx_word' id='word_1_277' title='bbox 606 1030 739 1059; x_wconf 77' lang='lat' dir='ltr'><strong>acumine</strong></span> <span class='ocrx_word' id='word_1_278' title='bbox 762 1029 922 1068; x_wconf 86' lang='lat' dir='ltr'><strong>acupedius</strong></span> <span class='ocrx_word' id='word_1_279' title='bbox 945 1029 1051 1056; x_wconf 79' lang='lat' dir='ltr'><strong>deduci</strong></span> <span class='ocrx_word' id='word_1_280' title='bbox 1075 1033 1182 1066; x_wconf 78' lang='lat' dir='ltr'><strong>posset.</strong></span> <span class='ocrx_word' id='word_1_281' title='bbox 1216 1028 1289 1056; x_wconf 85' lang='lat' dir='ltr'><strong>Nam</strong></span> <span class='ocrx_word' id='word_1_282' title='bbox 1313 1031 1426 1056; x_wconf 79' lang='lat' dir='ltr'><strong>rectum</strong></span> <span class='ocrx_word' id='word_1_283' title='bbox 1451 1032 1493 1055; x_wconf 86' lang='lat' dir='ltr'><strong>est</strong></span> <span class='ocrx_word' id='word_1_284' title='bbox 1517 1028 1697 1067; x_wconf 83' lang='lat' dir='ltr'><strong>acupedius,</strong></span> <span class='ocrx_word' id='word_1_285' title='bbox 1724 1029 1803 1057; x_wconf 89' lang='lat' dir='ltr'><strong>unde</strong></span> <span class='ocrx_word' id='word_1_286' title='bbox 1827 1034 1854 1057; x_wconf 91' lang='lat' dir='ltr'><strong>et</strong></span> <span class='ocrx_word' id='word_1_287' title='bbox 1877 1029 2054 1067; x_wconf 82' lang='lat' dir='ltr'><strong>acupedium</strong></span> <span class='ocrx_word' id='word_1_288' title='bbox 2077 1029 2152 1057; x_wconf 89' lang='lat' dir='ltr'><strong>sub-</strong></span> 
     </span>
     <span class='ocr_line' id='line_1_21' title="bbox 198 1068 2154 1112; baseline -0.004 -5"><span class='ocrx_word' id='word_1_289' title='bbox 198 1077 327 1107; x_wconf 83' lang='lat' dir='ltr'><strong>stantive</strong></span> <span class='ocrx_word' id='word_1_290' title='bbox 349 1075 472 1103; x_wconf 77' lang='lat' dir='ltr'><strong>sactum.</strong></span> <span class='ocrx_word' id='word_1_291' title='bbox 504 1073 599 1102; x_wconf 85' lang='lat' dir='ltr'><strong>Gloss.</strong></span> <span class='ocrx_word' id='word_1_292' title='bbox 622 1071 828 1112; x_wconf 78' lang='lat' dir='ltr'><strong>Acupeslium,</strong></span> <span class='ocrx_word' id='word_1_293' title='bbox 859 1068 1017 1107; x_wconf 78' lang='grc' dir='ltr'><em>ὄξυποδία.</em></span> <span class='ocrx_word' id='word_1_294' title='bbox 1041 1076 1069 1099; x_wconf 89' lang='lat' dir='ltr'><strong>et</strong></span> <span class='ocrx_word' id='word_1_295' title='bbox 1093 1071 1189 1098; x_wconf 75' lang='lat' dir='ltr'><strong>Gloss.</strong></span> <span class='ocrx_word' id='word_1_296' title='bbox 1221 1071 1388 1099; x_wconf 82' lang='lat' dir='ltr'><strong>Graecolat.</strong></span> <span class='ocrx_word' id='word_1_297' title='bbox 1413 1068 1576 1108; x_wconf 72' lang='grc' dir='ltr'><em>ὀξυποδία,</em></span> <span class='ocrx_word' id='word_1_298' title='bbox 1614 1071 1803 1110; x_wconf 82' lang='lat' dir='ltr'><strong>acupedium.</strong></span> <span class='ocrx_word' id='word_1_299' title='bbox 1848 1072 1905 1100; x_wconf 88' lang='lat' dir='ltr'><strong>Sed</strong></span> <span class='ocrx_word' id='word_1_300' title='bbox 1929 1072 2092 1110; x_wconf 80' lang='lat' dir='ltr'><strong>aeupedius</strong></span> <span class='ocrx_word' id='word_1_301' title='bbox 2116 1070 2154 1100; x_wconf 83' lang='lat' dir='ltr'><strong>ad</strong></span> 
     </span>
     <span class='ocr_line' id='line_1_22' title="bbox 197 1111 2153 1153; baseline -0.005 -3"><span class='ocrx_word' id='word_1_302' title='bbox 197 1120 390 1150; x_wconf 80' lang='lat' dir='ltr'><strong>imitationem</strong></span> <span class='ocrx_word' id='word_1_303' title='bbox 415 1118 597 1145; x_wconf 77' lang='lat' dir='ltr'><strong>Graecorum</strong></span> <span class='ocrx_word' id='word_1_304' title='bbox 621 1115 767 1151; x_wconf 78' lang='lat' dir='ltr'><strong>effictum,</strong></span> <span class='ocrx_word' id='word_1_305' title='bbox 812 1114 848 1143; x_wconf 89' lang='lat' dir='ltr'><strong>ab</strong></span> <span class='ocrx_word' id='word_1_306' title='bbox 873 1111 1030 1149; x_wconf 79' lang='grc' dir='ltr'><strong><em>ὠκύπους,</em></strong></span> <span class='ocrx_word' id='word_1_307' title='bbox 1067 1111 1241 1148; x_wconf 78' lang='grc' dir='ltr'><em>ὧκύποδος,</em></span> <span class='ocrx_word' id='word_1_308' title='bbox 1282 1113 1462 1153; x_wconf 83' lang='lat' dir='ltr'><strong>ocupedius‚</strong></span> <span class='ocrx_word' id='word_1_309' title='bbox 1501 1118 1529 1141; x_wconf 77' lang='lat' dir='ltr'><strong>et</strong></span> <span class='ocrx_word' id='word_1_310' title='bbox 1551 1124 1567 1141; x_wconf 92' lang='grc' dir='ltr'><strong>ο</strong></span> <span class='ocrx_word' id='word_1_311' title='bbox 1592 1124 1735 1142; x_wconf 78' lang='lat' dir='ltr'><strong>converso</strong></span> <span class='ocrx_word' id='word_1_312' title='bbox 1758 1114 1786 1142; x_wconf 91' lang='lat' dir='ltr'><strong>in</strong></span> <span class='ocrx_word' id='word_1_313' title='bbox 1811 1125 1845 1150; x_wconf 88' lang='grc' dir='ltr'><strong>α,</strong></span> <span class='ocrx_word' id='word_1_314' title='bbox 1879 1115 2050 1152; x_wconf 87' lang='lat' dir='ltr'><strong>acupedius.</strong></span> <span class='ocrx_word' id='word_1_315' title='bbox 2096 1113 2153 1149; x_wconf 88' lang='lat' dir='ltr'><strong>Qui</strong></span> 
     </span>
     <span class='ocr_line' id='line_1_23' title="bbox 200 1155 2153 1196; baseline -0.004 -4"><span class='ocrx_word' id='word_1_316' title='bbox 200 1165 311 1192; x_wconf 81' lang='lat' dir='ltr'><strong>Graece</strong></span> <span class='ocrx_word' id='word_1_317' title='bbox 333 1161 445 1196; x_wconf 79' lang='lat' dir='ltr'><strong>sciunt,</strong></span> <span class='ocrx_word' id='word_1_318' title='bbox 473 1159 533 1188; x_wconf 88' lang='lat' dir='ltr'><strong>hoc</strong></span> <span class='ocrx_word' id='word_1_319' title='bbox 557 1168 659 1188; x_wconf 80' lang='lat' dir='ltr'><strong>verum</strong></span> <span class='ocrx_word' id='word_1_320' title='bbox 683 1168 745 1186; x_wconf 89' lang='lat' dir='ltr'><strong>esse</strong></span> <span class='ocrx_word' id='word_1_321' title='bbox 769 1157 910 1186; x_wconf 85' lang='lat' dir='ltr'><strong>sentiunt.</strong></span> <span class='ocrx_word' id='word_1_322' title='bbox 955 1156 1138 1196; x_wconf 84' lang='lat' dir='ltr'><strong>Acupedium</strong></span> <span class='ocrx_word' id='word_1_323' title='bbox 1162 1156 1294 1184; x_wconf 83' lang='lat' dir='ltr'><strong>Lucilius</strong></span> <span class='ocrx_word' id='word_1_324' title='bbox 1318 1157 1394 1185; x_wconf 88' lang='lat' dir='ltr'><strong>dixit</strong></span> <span class='ocrx_word' id='word_1_325' title='bbox 1416 1155 1575 1195; x_wconf 74' lang='lat' dir='ltr'><strong>agipedem.</strong></span> <span class='ocrx_word' id='word_1_326' title='bbox 1620 1156 1658 1185; x_wconf 85' lang='lat' dir='ltr'><strong>At</strong></span> <span class='ocrx_word' id='word_1_327' title='bbox 1681 1157 1780 1196; x_wconf 72' lang='lat' dir='ltr'><strong>agipes</strong></span> <span class='ocrx_word' id='word_1_328' title='bbox 1800 1156 1876 1184; x_wconf 88' lang='lat' dir='ltr'><strong>nihil</strong></span> <span class='ocrx_word' id='word_1_329' title='bbox 1900 1157 1980 1185; x_wconf 84' lang='lat' dir='ltr'><strong>aliud</strong></span> <span class='ocrx_word' id='word_1_330' title='bbox 2002 1162 2045 1186; x_wconf 90' lang='lat' dir='ltr'><strong>est</strong></span> <span class='ocrx_word' id='word_1_331' title='bbox 2068 1166 2153 1195; x_wconf 87' lang='lat' dir='ltr'><strong>quam</strong></span> 
     </span>
     <span class='ocr_line' id='line_1_24' title="bbox 198 1198 2155 1247; baseline -0.003 -15"><span class='ocrx_word' id='word_1_332' title='bbox 198 1216 322 1247; x_wconf 50' lang='lat' dir='ltr'><strong>egypto,</strong></span> <span class='ocrx_word' id='word_1_333' title='bbox 351 1202 429 1242; x_wconf 85' lang='lat' dir='ltr'><strong>quod</strong></span> <span class='ocrx_word' id='word_1_334' title='bbox 453 1212 507 1242; x_wconf 86' lang='lat' dir='ltr'><strong>pro</strong></span> <span class='ocrx_word' id='word_1_335' title='bbox 529 1213 649 1242; x_wconf 62' lang='lat' dir='ltr'><strong>ocupa,</strong></span> <span class='ocrx_word' id='word_1_336' title='bbox 679 1200 709 1228; x_wconf 89' lang='lat' dir='ltr'><strong>id</strong></span> <span class='ocrx_word' id='word_1_337' title='bbox 733 1205 791 1235; x_wconf 86' lang='lat' dir='ltr'><strong>est,</strong></span> <span class='ocrx_word' id='word_1_338' title='bbox 824 1199 996 1238; x_wconf 85' lang='lat' dir='ltr'><strong>acupedius.</strong></span> <span class='ocrx_word' id='word_1_339' title='bbox 1040 1199 1103 1227; x_wconf 88' lang='lat' dir='ltr'><strong>Nisi</strong></span> <span class='ocrx_word' id='word_1_340' title='bbox 1126 1199 1278 1237; x_wconf 84' lang='lat' dir='ltr'><strong>agipedem</strong></span> <span class='ocrx_word' id='word_1_341' title='bbox 1303 1200 1396 1228; x_wconf 82' lang='lat' dir='ltr'><strong>facete</strong></span> <span class='ocrx_word' id='word_1_342' title='bbox 1417 1199 1525 1227; x_wconf 77' lang='lat' dir='ltr'><strong>dixerit</strong></span> <span class='ocrx_word' id='word_1_343' title='bbox 1549 1200 1680 1228; x_wconf 88' lang='lat' dir='ltr'><strong>Lucilius</strong></span> <span class='ocrx_word' id='word_1_344' title='bbox 1702 1210 1759 1238; x_wconf 85' lang='lat' dir='ltr'><strong>pro</strong></span> <span class='ocrx_word' id='word_1_345' title='bbox 1779 1198 1902 1239; x_wconf 78' lang='lat' dir='ltr'><strong>pedibus</strong></span> <span class='ocrx_word' id='word_1_346' title='bbox 1924 1208 2068 1238; x_wconf 71' lang='lat' dir='ltr'><strong>agentem,</strong></span> <span class='ocrx_word' id='word_1_347' title='bbox 2096 1199 2155 1227; x_wconf 86' lang='lat' dir='ltr'><strong>boc</strong></span> 
     </span>
     <span class='ocr_line' id='line_1_25' title="bbox 200 1241 2153 1283; baseline -0.004 -6"><span class='ocrx_word' id='word_1_348' title='bbox 200 1254 260 1283; x_wconf 86' lang='lat' dir='ltr'><strong>est,</strong></span> <span class='ocrx_word' id='word_1_349' title='bbox 291 1251 442 1281; x_wconf 83' lang='lat' dir='ltr'><strong>orantem,</strong></span> <span class='ocrx_word' id='word_1_350' title='bbox 470 1255 530 1274; x_wconf 85' lang='lat' dir='ltr'><strong>non</strong></span> <span class='ocrx_word' id='word_1_351' title='bbox 552 1254 624 1273; x_wconf 88' lang='lat' dir='ltr'><strong>vero</strong></span> <span class='ocrx_word' id='word_1_352' title='bbox 648 1253 698 1271; x_wconf 89' lang='lat' dir='ltr'><strong>ore</strong></span> <span class='ocrx_word' id='word_1_353' title='bbox 723 1248 752 1272; x_wconf 87' lang='lat' dir='ltr'><strong>et</strong></span> <span class='ocrx_word' id='word_1_354' title='bbox 774 1243 885 1280; x_wconf 81' lang='lat' dir='ltr'><strong>lingua.</strong></span> <span class='ocrx_word' id='word_1_355' title='bbox 932 1242 996 1277; x_wconf 84' lang='lat' dir='ltr'><strong>Qua</strong></span> <span class='ocrx_word' id='word_1_356' title='bbox 1019 1242 1133 1270; x_wconf 77' lang='lat' dir='ltr'><strong>ratione</strong></span> <span class='ocrx_word' id='word_1_357' title='bbox 1156 1242 1255 1270; x_wconf 80' lang='lat' dir='ltr'><strong>forsan</strong></span> <span class='ocrx_word' id='word_1_358' title='bbox 1279 1253 1337 1270; x_wconf 89' lang='lat' dir='ltr'><strong>non</strong></span> <span class='ocrx_word' id='word_1_359' title='bbox 1361 1241 1548 1270; x_wconf 87' lang='lat' dir='ltr'><strong>incommode</strong></span> <span class='ocrx_word' id='word_1_360' title='bbox 1572 1247 1600 1271; x_wconf 84' lang='lat' dir='ltr'><strong>et</strong></span> <span class='ocrx_word' id='word_1_361' title='bbox 1623 1243 1702 1281; x_wconf 80' lang='lat' dir='ltr'><strong>aipes</strong></span> <span class='ocrx_word' id='word_1_362' title='bbox 1725 1242 1853 1279; x_wconf 71' lang='lat' dir='ltr'><strong>legetur,</strong></span> <span class='ocrx_word' id='word_1_363' title='bbox 1887 1242 1965 1280; x_wconf 86' lang='lat' dir='ltr'><strong>quod</strong></span> <span class='ocrx_word' id='word_1_364' title='bbox 1987 1241 2059 1282; x_wconf 77' lang='lat' dir='ltr'><strong>pede</strong></span> <span class='ocrx_word' id='word_1_365' title='bbox 2080 1242 2153 1276; x_wconf 75' lang='lat' dir='ltr'><strong>aiat,</strong></span> 
     </span>
     <span class='ocr_line' id='line_1_26' title="bbox 200 1282 2069 1324; baseline -0.003 -4"><span class='ocrx_word' id='word_1_366' title='bbox 200 1291 289 1321; x_wconf 81' lang='lat' dir='ltr'><strong>dicat.</strong></span> <span class='ocrx_word' id='word_1_367' title='bbox 323 1289 399 1318; x_wconf 84' lang='lat' dir='ltr'><strong>Vide</strong></span> <span class='ocrx_word' id='word_1_368' title='bbox 422 1286 588 1317; x_wconf 72' lang='lat' dir='ltr'><strong>Pedarium.</strong></span> <span class='ocrx_word' id='word_1_369' title='bbox 619 1286 708 1315; x_wconf 87' lang='lat' dir='ltr'><strong>Dac.</strong></span> <span class='ocrx_word' id='word_1_370' title='bbox 754 1284 954 1324; x_wconf 84' lang='lat' dir='ltr'><strong>Aquipedius‚</strong></span> <span class='ocrx_word' id='word_1_371' title='bbox 986 1285 1033 1312; x_wconf 89' lang='lat' dir='ltr'><strong>vel</strong></span> <span class='ocrx_word' id='word_1_372' title='bbox 1056 1284 1247 1323; x_wconf 76' lang='lat' dir='ltr'><strong>Aqupedius,</strong></span> <span class='ocrx_word' id='word_1_373' title='bbox 1277 1282 1434 1324; x_wconf 65' lang='grc' dir='ltr'><em>ἀρχαϊκῶς,</em></span> <span class='ocrx_word' id='word_1_374' title='bbox 1480 1284 1537 1312; x_wconf 89' lang='lat' dir='ltr'><strong>Alii</strong></span> <span class='ocrx_word' id='word_1_375' title='bbox 1561 1285 1662 1323; x_wconf 86' lang='lat' dir='ltr'><strong>legunt</strong></span> <span class='ocrx_word' id='word_1_376' title='bbox 1684 1285 1914 1323; x_wconf 82' lang='lat' dir='ltr'><strong>AcrunipediuS.</strong></span> <span class='ocrx_word' id='word_1_377' title='bbox 1961 1283 2069 1314; x_wconf 74' lang='lat' dir='ltr'><strong>Goth.</strong></span> 
     </span>
    </p>

    <p class='ocr_par' dir='ltr' id='par_1_4' title="bbox 365 1326 1458 1366">
     <span class='ocr_line' id='line_1_27' title="bbox 365 1326 1458 1366; baseline -0.004 -6"><span class='ocrx_word' id='word_1_378' title='bbox 365 1329 607 1361; x_wconf 78' lang='lat' dir='ltr'><strong>Adrumavit.</strong></span> <span class='ocrx_word' id='word_1_379' title='bbox 651 1329 913 1366; x_wconf 88' lang='lat' dir='ltr'><strong>Frequentativum</strong></span> <span class='ocrx_word' id='word_1_380' title='bbox 936 1327 1093 1366; x_wconf 85' lang='lat' dir='ltr'><strong>usurpavit</strong></span> <span class='ocrx_word' id='word_1_381' title='bbox 1116 1328 1257 1355; x_wconf 84' lang='lat' dir='ltr'><strong>Naevius:</strong></span> <span class='ocrx_word' id='word_1_382' title='bbox 1293 1326 1458 1356; x_wconf 73' lang='lat' dir='ltr'><strong>Rumiianr.</strong></span> 
     </span>
    </p>

    <p class='ocr_par' dir='ltr' id='par_1_5' title="bbox 201 1368 2159 1619">
     <span class='ocr_line' id='line_1_28' title="bbox 825 1368 1493 1399; baseline 0 -1"><span class='ocrx_word' id='word_1_383' title='bbox 825 1370 931 1399; x_wconf 81' lang='lat' dir='ltr'><strong>Simitu</strong></span> <span class='ocrx_word' id='word_1_384' title='bbox 954 1368 1030 1398; x_wconf 79' lang='lat' dir='ltr'><strong>alius</strong></span> <span class='ocrx_word' id='word_1_385' title='bbox 1055 1368 1175 1398; x_wconf 75' lang='lat' dir='ltr'><strong>aliunde</strong></span> <span class='ocrx_word' id='word_1_386' title='bbox 1197 1370 1336 1398; x_wconf 65' lang='lat' dir='ltr'><strong>rumitant</strong></span> <span class='ocrx_word' id='word_1_387' title='bbox 1359 1371 1433 1398; x_wconf 79' lang='lat' dir='ltr'><strong>inter·</strong></span> <span class='ocrx_word' id='word_1_388' title='bbox 1455 1381 1493 1398; x_wconf 86' lang='lat' dir='ltr'><strong>se.</strong></span> 
     </span>
     <span class='ocr_line' id='line_1_29' title="bbox 201 1410 2155 1452; baseline -0.005 -4"><span class='ocrx_word' id='word_1_389' title='bbox 201 1420 253 1448; x_wconf 87' lang='lat' dir='ltr'><strong>Est</strong></span> <span class='ocrx_word' id='word_1_390' title='bbox 275 1426 378 1447; x_wconf 86' lang='lat' dir='ltr'><strong>versus</strong></span> <span class='ocrx_word' id='word_1_391' title='bbox 401 1414 567 1444; x_wconf 86' lang='lat' dir='ltr'><strong>Saturnius.</strong></span> <span class='ocrx_word' id='word_1_392' title='bbox 613 1413 733 1452; x_wconf 86' lang='lat' dir='ltr'><strong>Alioqui</strong></span> <span class='ocrx_word' id='word_1_393' title='bbox 754 1411 887 1442; x_wconf 83' lang='lat' dir='ltr'><strong>Rumare</strong></span> <span class='ocrx_word' id='word_1_394' title='bbox 909 1417 952 1441; x_wconf 86' lang='lat' dir='ltr'><strong>est</strong></span> <span class='ocrx_word' id='word_1_395' title='bbox 974 1410 1130 1451; x_wconf 69' lang='grc' dir='ltr'><em>θηλάζειν,</em></span> <span class='ocrx_word' id='word_1_396' title='bbox 1168 1417 1200 1440; x_wconf 87' lang='lat' dir='ltr'><strong>ut</strong></span> <span class='ocrx_word' id='word_1_397' title='bbox 1224 1412 1259 1439; x_wconf 82' lang='lat' dir='ltr'><strong>de</strong></span> <span class='ocrx_word' id='word_1_398' title='bbox 1282 1413 1364 1449; x_wconf 72' lang='lat' dir='ltr'><strong>agnis</strong></span> <span class='ocrx_word' id='word_1_399' title='bbox 1388 1412 1527 1440; x_wconf 84' lang='lat' dir='ltr'><strong>dicebant</strong></span> <span class='ocrx_word' id='word_1_400' title='bbox 1549 1416 1681 1448; x_wconf 83' lang='lat' dir='ltr'><strong>veteres,</strong></span> <span class='ocrx_word' id='word_1_401' title='bbox 1719 1421 1794 1449; x_wconf 89' lang='lat' dir='ltr'><strong>quos</strong></span> <span class='ocrx_word' id='word_1_402' title='bbox 1818 1417 1973 1450; x_wconf 81' lang='lat' dir='ltr'><strong>propterea</strong></span> <span class='ocrx_word' id='word_1_403' title='bbox 1998 1411 2155 1440; x_wconf 82' lang='lat' dir='ltr'><strong>subrumos</strong></span> 
     </span>
     <span class='ocr_line' id='line_1_30' title="bbox 201 1453 2156 1497; baseline -0.005 -6"><span class='ocrx_word' id='word_1_404' title='bbox 201 1461 357 1491; x_wconf 84' lang='lat' dir='ltr'><strong>vocabant.</strong></span> <span class='ocrx_word' id='word_1_405' title='bbox 402 1458 554 1497; x_wconf 80' lang='lat' dir='ltr'><strong>Significat</strong></span> <span class='ocrx_word' id='word_1_406' title='bbox 574 1457 645 1485; x_wconf 86' lang='lat' dir='ltr'><strong>item</strong></span> <span class='ocrx_word' id='word_1_407' title='bbox 671 1456 818 1495; x_wconf 84' lang='grc' dir='ltr'><em>ψωμίζειν</em></span> <span class='ocrx_word' id='word_1_408' title='bbox 848 1455 900 1486; x_wconf 69' lang='grc' dir='ltr'><strong>τὸν</strong></span> <span class='ocrx_word' id='word_1_409' title='bbox 933 1457 1035 1486; x_wconf 75' lang='grc' dir='ltr'><em>παῖδα.</em></span> <span class='ocrx_word' id='word_1_410' title='bbox 1081 1455 1277 1483; x_wconf 82' lang='lat' dir='ltr'><strong>Glossarium:</strong></span> <span class='ocrx_word' id='word_1_411' title='bbox 1301 1454 1428 1488; x_wconf 64' lang='lat' dir='ltr'><strong>Rumor,</strong></span> <span class='ocrx_word' id='word_1_412' title='bbox 1453 1455 1671 1494; x_wconf 77' lang='grc' dir='ltr'><strong><em>ἐμβρωματίζει.</em></strong></span> <span class='ocrx_word' id='word_1_413' title='bbox 1708 1454 1765 1482; x_wconf 87' lang='lat' dir='ltr'><strong>Sed</strong></span> <span class='ocrx_word' id='word_1_414' title='bbox 1789 1455 1934 1482; x_wconf 82' lang='lat' dir='ltr'><strong>Isidorus:</strong></span> <span class='ocrx_word' id='word_1_415' title='bbox 1963 1453 2156 1489; x_wconf 70' lang='lat' dir='ltr'><strong>Adrumwit,</strong></span> 
     </span>
     <span class='ocr_line' id='line_1_31' title="bbox 203 1495 2158 1536; baseline -0.005 -3"><span class='ocrx_word' id='word_1_416' title='bbox 203 1515 344 1533; x_wconf 80' lang='lat' dir='ltr'><strong>rumorem</strong></span> <span class='ocrx_word' id='word_1_417' title='bbox 368 1501 477 1531; x_wconf 73' lang='lat' dir='ltr'><strong>attulit.</strong></span> <span class='ocrx_word' id='word_1_418' title='bbox 521 1500 642 1529; x_wconf 80' lang='lat' dir='ltr'><strong>Veteres</strong></span> <span class='ocrx_word' id='word_1_419' title='bbox 667 1499 806 1527; x_wconf 82' lang='lat' dir='ltr'><strong>Glossae:</strong></span> <span class='ocrx_word' id='word_1_420' title='bbox 844 1496 996 1534; x_wconf 80' lang='lat' dir='ltr'><strong>Adrumo,</strong></span> <span class='ocrx_word' id='word_1_421' title='bbox 1036 1508 1175 1526; x_wconf 86' lang='lat' dir='ltr'><strong>conrumo</strong></span> <span class='ocrx_word' id='word_1_422' title='bbox 1200 1498 1336 1536; x_wconf 82' lang='grc' dir='ltr'><strong><em>φημίζω,</em></strong></span> <span class='ocrx_word' id='word_1_423' title='bbox 1375 1497 1473 1535; x_wconf 75' lang='lat' dir='ltr'><strong>vulgo,</strong></span> <span class='ocrx_word' id='word_1_424' title='bbox 1514 1496 1615 1526; x_wconf 79' lang='lat' dir='ltr'><strong>Scal.</strong></span> <span class='ocrx_word' id='word_1_425' title='bbox 1660 1497 1734 1524; x_wconf 79' lang='lat' dir='ltr'><strong>Vide</strong></span> <span class='ocrx_word' id='word_1_426' title='bbox 1758 1496 1889 1525; x_wconf 75' lang='lat' dir='ltr'><strong>Rumiro.</strong></span> <span class='ocrx_word' id='word_1_427' title='bbox 1927 1496 2013 1525; x_wconf 78' lang='lat' dir='ltr'><strong>Dae.</strong></span> <span class='ocrx_word' id='word_1_428' title='bbox 2059 1495 2158 1525; x_wconf 85' lang='lat' dir='ltr'><strong>Simile</strong></span> 
     </span>
     <span class='ocr_line' id='line_1_32' title="bbox 204 1539 2159 1587; baseline -0.005 -12"><span class='ocrx_word' id='word_1_429' title='bbox 204 1546 283 1587; x_wconf 83' lang='lat' dir='ltr'><strong>apud</strong></span> <span class='ocrx_word' id='word_1_430' title='bbox 304 1545 434 1574; x_wconf 85' lang='lat' dir='ltr'><strong>Nonium</strong></span> <span class='ocrx_word' id='word_1_431' title='bbox 457 1541 646 1583; x_wconf 78' lang='lat' dir='ltr'><strong>Rumiferare</strong></span> <span class='ocrx_word' id='word_1_432' title='bbox 667 1546 695 1570; x_wconf 90' lang='lat' dir='ltr'><strong>et</strong></span> <span class='ocrx_word' id='word_1_433' title='bbox 718 1540 882 1570; x_wconf 74' lang='lat' dir='ltr'><strong>Rumizare.</strong></span> <span class='ocrx_word' id='word_1_434' title='bbox 923 1539 1027 1570; x_wconf 73' lang='lat' dir='ltr'><strong>Goth.</strong></span> <span class='ocrx_word' id='word_1_435' title='bbox 1071 1540 1106 1569; x_wconf 90' lang='lat' dir='ltr'><em>A</em></span> <span class='ocrx_word' id='word_1_436' title='bbox 1128 1541 1246 1568; x_wconf 82' lang='lat' dir='ltr'><strong>rumine.</strong></span> <span class='ocrx_word' id='word_1_437' title='bbox 1292 1540 1366 1568; x_wconf 89' lang='lat' dir='ltr'><strong>Vide</strong></span> <span class='ocrx_word' id='word_1_438' title='bbox 1394 1540 1425 1568; x_wconf 89' lang='lat' dir='ltr'><strong>in</strong></span> <span class='ocrx_word' id='word_1_439' title='bbox 1450 1541 1564 1570; x_wconf 84' lang='lat' dir='ltr'><strong>Rumen</strong></span> <span class='ocrx_word' id='word_1_440' title='bbox 1593 1544 1621 1568; x_wconf 88' lang='lat' dir='ltr'><strong>et</strong></span> <span class='ocrx_word' id='word_1_441' title='bbox 1644 1540 1827 1568; x_wconf 69' lang='lat' dir='ltr'><strong>Subi-amari.</strong></span> <span class='ocrx_word' id='word_1_442' title='bbox 1875 1539 1955 1567; x_wconf 87' lang='lat' dir='ltr'><strong>Adde</strong></span> <span class='ocrx_word' id='word_1_443' title='bbox 1980 1539 2104 1567; x_wconf 88' lang='lat' dir='ltr'><strong>Nonium</strong></span> <span class='ocrx_word' id='word_1_444' title='bbox 2127 1540 2159 1566; x_wconf 88' lang='lat' dir='ltr'><strong>in</strong></span> 
     </span>
     <span class='ocr_line' id='line_1_33' title="bbox 204 1585 483 1619; baseline -0.011 -1"><span class='ocrx_word' id='word_1_445' title='bbox 204 1589 318 1619; x_wconf 83' lang='lat' dir='ltr'><strong>Rumen</strong></span> <span class='ocrx_word' id='word_1_446' title='bbox 372 1585 483 1616; x_wconf 74' lang='lat' dir='ltr'><strong>Idem.</strong></span> 
     </span>
    </p>

    <p class='ocr_par' dir='ltr' id='par_1_6' title="bbox 206 1621 2160 1751">
     <span class='ocr_line' id='line_1_34' title="bbox 369 1621 2160 1663; baseline -0.004 -4"><span class='ocrx_word' id='word_1_447' title='bbox 369 1629 534 1659; x_wconf 81' lang='lat' dir='ltr'><strong>Acieris.</strong></span> <span class='ocrx_word' id='word_1_448' title='bbox 580 1626 778 1655; x_wconf 80' lang='lat' dir='ltr'><strong>Glossarium:</strong></span> <span class='ocrx_word' id='word_1_449' title='bbox 811 1625 945 1662; x_wconf 85' lang='lat' dir='ltr'><strong>Acieris‚</strong></span> <span class='ocrx_word' id='word_1_450' title='bbox 977 1623 1063 1663; x_wconf 69' lang='grc' dir='ltr'><em>ἀξίνη</em></span> <span class='ocrx_word' id='word_1_451' title='bbox 1088 1622 1288 1663; x_wconf 74' lang='grc' dir='ltr'><em>ἱεροφάντου,</em></span> <span class='ocrx_word' id='word_1_452' title='bbox 1316 1621 1356 1660; x_wconf 79' lang='grc' dir='ltr'><strong>ὥς</strong></span> <span class='ocrx_word' id='word_1_453' title='bbox 1378 1626 1524 1660; x_wconf 76' lang='grc' dir='ltr'><strong><em>Πλαῦπος.</em></strong></span> <span class='ocrx_word' id='word_1_454' title='bbox 1570 1625 1607 1652; x_wconf 87' lang='lat' dir='ltr'><strong>Et</strong></span> <span class='ocrx_word' id='word_1_455' title='bbox 1630 1623 1804 1659; x_wconf 77' lang='lat' dir='ltr'><strong>Aciarium,</strong></span> <span class='ocrx_word' id='word_1_456' title='bbox 1830 1621 1979 1662; x_wconf 69' lang='grc' dir='ltr'><strong>στόμωμα.</strong></span> <span class='ocrx_word' id='word_1_457' title='bbox 2022 1624 2057 1652; x_wconf 87' lang='lat' dir='ltr'><strong>Et</strong></span> <span class='ocrx_word' id='word_1_458' title='bbox 2081 1622 2160 1651; x_wconf 83' lang='lat' dir='ltr'><strong>Den-</strong></span> 
     </span>
     <span class='ocr_line' id='line_1_35' title="bbox 206 1664 2160 1709; baseline -0.004 -6"><span class='ocrx_word' id='word_1_459' title='bbox 206 1672 326 1703; x_wconf 70' lang='lat' dir='ltr'><strong>ticulum</strong></span> <span class='ocrx_word' id='word_1_460' title='bbox 349 1673 510 1708; x_wconf 80' lang='lat' dir='ltr'><strong>aciarium,</strong></span> <span class='ocrx_word' id='word_1_461' title='bbox 537 1666 750 1709; x_wconf 72' lang='grc' dir='ltr'><em>στομωμάτιον.</em></span> <span class='ocrx_word' id='word_1_462' title='bbox 795 1668 880 1696; x_wconf 88' lang='lat' dir='ltr'><strong>Unde</strong></span> <span class='ocrx_word' id='word_1_463' title='bbox 902 1668 969 1696; x_wconf 81' lang='lat' dir='ltr'><strong>Itali</strong></span> <span class='ocrx_word' id='word_1_464' title='bbox 994 1679 1041 1696; x_wconf 81' lang='lat' dir='ltr'><strong>aes</strong></span> <span class='ocrx_word' id='word_1_465' title='bbox 1065 1672 1175 1696; x_wconf 84' lang='lat' dir='ltr'><strong>vocant</strong></span> <span class='ocrx_word' id='word_1_466' title='bbox 1197 1668 1305 1696; x_wconf 81' lang='lat' dir='ltr'><strong>aciaio.</strong></span> <span class='ocrx_word' id='word_1_467' title='bbox 1352 1667 1501 1704; x_wconf 77' lang='lat' dir='ltr'><strong>Significat</strong></span> <span class='ocrx_word' id='word_1_468' title='bbox 1524 1671 1552 1694; x_wconf 86' lang='lat' dir='ltr'><strong>et</strong></span> <span class='ocrx_word' id='word_1_469' title='bbox 1575 1667 1652 1695; x_wconf 86' lang='lat' dir='ltr'><strong>idem</strong></span> <span class='ocrx_word' id='word_1_470' title='bbox 1677 1664 1903 1706; x_wconf 74' lang='grc' dir='ltr'><em>ῥἀφιδοθήκην.</em></span> <span class='ocrx_word' id='word_1_471' title='bbox 1931 1665 2031 1695; x_wconf 82' lang='lat' dir='ltr'><strong>Scal.</strong></span> <span class='ocrx_word' id='word_1_472' title='bbox 2064 1665 2160 1693; x_wconf 81' lang='lat' dir='ltr'><strong>Gloss-</strong></span> 
     </span>
     <span class='ocr_line' id='line_1_36' title="bbox 210 1709 1736 1751; baseline -0.004 -7"><span class='ocrx_word' id='word_1_473' title='bbox 210 1716 328 1744; x_wconf 83' lang='lat' dir='ltr'><strong>Isidori:</strong></span> <span class='ocrx_word' id='word_1_474' title='bbox 358 1714 477 1745; x_wconf 81' lang='lat' dir='ltr'><strong>Acieris</strong></span> <span class='ocrx_word' id='word_1_475' title='bbox 500 1723 591 1751; x_wconf 82' lang='lat' dir='ltr'><strong>genus</strong></span> <span class='ocrx_word' id='word_1_476' title='bbox 614 1712 732 1740; x_wconf 87' lang='lat' dir='ltr'><strong>securis.</strong></span> <span class='ocrx_word' id='word_1_477' title='bbox 758 1728 796 1733; x_wconf 92' lang='lat'><strong>-—-</strong></span> <span class='ocrx_word' id='word_1_478' title='bbox 821 1711 916 1739; x_wconf 87' lang='lat' dir='ltr'><strong>Hodie</strong></span> <span class='ocrx_word' id='word_1_479' title='bbox 938 1711 1043 1740; x_wconf 76' lang='lat' dir='ltr'><strong>acieris</strong></span> <span class='ocrx_word' id='word_1_480' title='bbox 1065 1710 1146 1749; x_wconf 86' lang='lat' dir='ltr'><strong>apud</strong></span> <span class='ocrx_word' id='word_1_481' title='bbox 1170 1710 1307 1738; x_wconf 80' lang='lat' dir='ltr'><strong>Plautum</strong></span> <span class='ocrx_word' id='word_1_482' title='bbox 1332 1710 1444 1738; x_wconf 80' lang='lat' dir='ltr'><strong>frustra</strong></span> <span class='ocrx_word' id='word_1_483' title='bbox 1467 1720 1601 1748; x_wconf 74' lang='lat' dir='ltr'><strong>quaeras.</strong></span> <span class='ocrx_word' id='word_1_484' title='bbox 1648 1709 1736 1738; x_wconf 80' lang='lat' dir='ltr'><strong>Dae.</strong></span> 
     </span>
    </p>

    <p class='ocr_par' dir='ltr' id='par_1_7' title="bbox 211 1748 2163 1964">
     <span class='ocr_line' id='line_1_37' title="bbox 370 1748 2160 1797; baseline -0.003 -12"><span class='ocrx_word' id='word_1_485' title='bbox 370 1755 593 1797; x_wconf 69' lang='lat' dir='ltr'><strong>Aplusiria.</strong></span> <span class='ocrx_word' id='word_1_486' title='bbox 637 1755 661 1783; x_wconf 84' lang='lat' dir='ltr'>A</span> <span class='ocrx_word' id='word_1_487' title='bbox 685 1754 799 1782; x_wconf 85' lang='lat' dir='ltr'><strong>Graeco</strong></span> <span class='ocrx_word' id='word_1_488' title='bbox 823 1752 977 1791; x_wconf 76' lang='grc' dir='ltr'><em>ἄφλαστα,</em></span> <span class='ocrx_word' id='word_1_489' title='bbox 1010 1754 1196 1792; x_wconf 82' lang='lat' dir='ltr'><strong>Apollonius.</strong></span> <span class='ocrx_word' id='word_1_490' title='bbox 1242 1753 1440 1780; x_wconf 86' lang='lat' dir='ltr'><strong>Glossarium:</strong></span> <span class='ocrx_word' id='word_1_491' title='bbox 1476 1751 1638 1791; x_wconf 67' lang='lat' dir='ltr'><strong>Aplusnw,</strong></span> <span class='ocrx_word' id='word_1_492' title='bbox 1675 1748 1782 1790; x_wconf 75' lang='grc' dir='ltr'><strong><em>πτερὸν</em></strong></span> <span class='ocrx_word' id='word_1_493' title='bbox 1805 1752 1932 1787; x_wconf 83' lang='grc' dir='ltr'><strong><em>πλοίου,</em></strong></span> <span class='ocrx_word' id='word_1_494' title='bbox 1971 1748 2011 1787; x_wconf 78' lang='grc' dir='ltr'><strong>οὖς</strong></span> <span class='ocrx_word' id='word_1_495' title='bbox 2024 1748 2160 1786; x_wconf 82' lang='grc' dir='ltr'>”Εννιος.</span> 
     </span>
     <span class='ocr_line' id='line_1_38' title="bbox 211 1794 2163 1838; baseline -0.005 -8"><span class='ocrx_word' id='word_1_496' title='bbox 211 1800 307 1830; x_wconf 84' lang='lat' dir='ltr'><strong>Scal.</strong></span> <span class='ocrx_word' id='word_1_497' title='bbox 352 1801 470 1828; x_wconf 86' lang='lat' dir='ltr'><strong>Summa</strong></span> <span class='ocrx_word' id='word_1_498' title='bbox 494 1808 563 1838; x_wconf 84' lang='lat' dir='ltr'><strong>pars</strong></span> <span class='ocrx_word' id='word_1_499' title='bbox 587 1797 696 1837; x_wconf 88' lang='lat' dir='ltr'><strong>puppis</strong></span> <span class='ocrx_word' id='word_1_500' title='bbox 720 1802 807 1835; x_wconf 84' lang='lat' dir='ltr'><strong>atque</strong></span> <span class='ocrx_word' id='word_1_501' title='bbox 832 1797 916 1824; x_wconf 83' lang='lat' dir='ltr'><strong>etiam</strong></span> <span class='ocrx_word' id='word_1_502' title='bbox 941 1801 1127 1833; x_wconf 84' lang='lat' dir='ltr'><strong>ornamenta,</strong></span> <span class='ocrx_word' id='word_1_503' title='bbox 1163 1805 1237 1834; x_wconf 85' lang='lat' dir='ltr'><strong>quae</strong></span> <span class='ocrx_word' id='word_1_504' title='bbox 1260 1806 1377 1834; x_wconf 84' lang='lat' dir='ltr'><strong>semper</strong></span> <span class='ocrx_word' id='word_1_505' title='bbox 1399 1796 1428 1823; x_wconf 83' lang='lat' dir='ltr'><strong>in</strong></span> <span class='ocrx_word' id='word_1_506' title='bbox 1453 1804 1566 1823; x_wconf 76' lang='lat' dir='ltr'><strong>sumnia</strong></span> <span class='ocrx_word' id='word_1_507' title='bbox 1588 1794 1699 1834; x_wconf 82' lang='lat' dir='ltr'><strong>puppis</strong></span> <span class='ocrx_word' id='word_1_508' title='bbox 1723 1799 1824 1832; x_wconf 89' lang='lat' dir='ltr'><strong>parte,</strong></span> <span class='ocrx_word' id='word_1_509' title='bbox 1858 1804 1917 1822; x_wconf 87' lang='lat' dir='ltr'><strong>non</strong></span> <span class='ocrx_word' id='word_1_510' title='bbox 1939 1795 1968 1822; x_wconf 87' lang='lat' dir='ltr'><strong>in</strong></span> <span class='ocrx_word' id='word_1_511' title='bbox 1992 1804 2098 1832; x_wconf 85' lang='lat' dir='ltr'><strong>prora,</strong></span> <span class='ocrx_word' id='word_1_512' title='bbox 2130 1797 2163 1821; x_wconf 88' lang='lat' dir='ltr'><strong>ut</strong></span> 
     </span>
     <span class='ocr_line' id='line_1_39' title="bbox 211 1835 2161 1881; baseline -0.003 -12"><span class='ocrx_word' id='word_1_513' title='bbox 211 1843 342 1881; x_wconf 86' lang='lat' dir='ltr'><strong>plerique</strong></span> <span class='ocrx_word' id='word_1_514' title='bbox 370 1847 502 1871; x_wconf 79' lang='lat' dir='ltr'><strong>veterum</strong></span> <span class='ocrx_word' id='word_1_515' title='bbox 526 1841 727 1879; x_wconf 76' lang='lat' dir='ltr'><strong>scripserunt,</strong></span> <span class='ocrx_word' id='word_1_516' title='bbox 751 1839 985 1868; x_wconf 85' lang='lat' dir='ltr'><strong>collocabantur.</strong></span> <span class='ocrx_word' id='word_1_517' title='bbox 1017 1839 1089 1867; x_wconf 86' lang='lat' dir='ltr'><strong>Nam</strong></span> <span class='ocrx_word' id='word_1_518' title='bbox 1114 1848 1188 1877; x_wconf 88' lang='lat' dir='ltr'><strong>quae</strong></span> <span class='ocrx_word' id='word_1_519' title='bbox 1211 1839 1240 1866; x_wconf 89' lang='lat' dir='ltr'><strong>in</strong></span> <span class='ocrx_word' id='word_1_520' title='bbox 1265 1849 1354 1876; x_wconf 83' lang='lat' dir='ltr'><strong>prora</strong></span> <span class='ocrx_word' id='word_1_521' title='bbox 1379 1842 1478 1874; x_wconf 82' lang='lat' dir='ltr'><strong>erant,</strong></span> <span class='ocrx_word' id='word_1_522' title='bbox 1501 1837 1677 1866; x_wconf 78' lang='lat' dir='ltr'><strong>dicebantur</strong></span> <span class='ocrx_word' id='word_1_523' title='bbox 1699 1835 1878 1874; x_wconf 76' lang='lat' dir='ltr'><strong>acrostolia3</strong></span> <span class='ocrx_word' id='word_1_524' title='bbox 1900 1835 2043 1875; x_wconf 74' lang='lat' dir='ltr'><strong>aplustria</strong></span> <span class='ocrx_word' id='word_1_525' title='bbox 2064 1840 2161 1864; x_wconf 82' lang='lat' dir='ltr'><strong>autem</strong></span> 
     </span>
     <span class='ocr_line' id='line_1_40' title="bbox 214 1877 2163 1921; baseline -0.003 -8"><span class='ocrx_word' id='word_1_526' title='bbox 214 1888 242 1911; x_wconf 75' lang='lat' dir='ltr'><strong>et</strong></span> <span class='ocrx_word' id='word_1_527' title='bbox 264 1884 407 1921; x_wconf 76' lang='lat' dir='ltr'><strong>aplustra,</strong></span> <span class='ocrx_word' id='word_1_528' title='bbox 440 1895 507 1912; x_wconf 86' lang='lat' dir='ltr'><strong>nam</strong></span> <span class='ocrx_word' id='word_1_529' title='bbox 531 1888 660 1921; x_wconf 83' lang='lat' dir='ltr'><strong>utroque</strong></span> <span class='ocrx_word' id='word_1_530' title='bbox 683 1882 772 1910; x_wconf 82' lang='lat' dir='ltr'><strong>modo</strong></span> <span class='ocrx_word' id='word_1_531' title='bbox 796 1882 934 1920; x_wconf 85' lang='lat' dir='ltr'><strong>antiquos</strong></span> <span class='ocrx_word' id='word_1_532' title='bbox 957 1882 1116 1920; x_wconf 83' lang='lat' dir='ltr'><strong>protulisse</strong></span> <span class='ocrx_word' id='word_1_533' title='bbox 1139 1882 1227 1909; x_wconf 84' lang='lat' dir='ltr'><strong>docet</strong></span> <span class='ocrx_word' id='word_1_534' title='bbox 1250 1881 1435 1918; x_wconf 85' lang='lat' dir='ltr'><strong>Priscianus,</strong></span> <span class='ocrx_word' id='word_1_535' title='bbox 1470 1882 1582 1908; x_wconf 87' lang='lat' dir='ltr'><strong>Graece</strong></span> <span class='ocrx_word' id='word_1_536' title='bbox 1607 1877 1758 1917; x_wconf 75' lang='grc' dir='ltr'><strong>ι’ίφλαστα,</strong></span> <span class='ocrx_word' id='word_1_537' title='bbox 1796 1884 1898 1918; x_wconf 86' lang='lat' dir='ltr'><strong>postea</strong></span> <span class='ocrx_word' id='word_1_538' title='bbox 1921 1877 2113 1918; x_wconf 71' lang='lat' dir='ltr'><strong>amplusirum</strong></span> <span class='ocrx_word' id='word_1_539' title='bbox 2135 1882 2163 1907; x_wconf 84' lang='lat' dir='ltr'><strong>et</strong></span> 
     </span>
     <span class='ocr_line' id='line_1_41' title="bbox 215 1919 2120 1964; baseline -0.001 -11"><span class='ocrx_word' id='word_1_540' title='bbox 215 1924 368 1964; x_wconf 74' lang='lat' dir='ltr'><strong>amplustre</strong></span> <span class='ocrx_word' id='word_1_541' title='bbox 390 1927 500 1955; x_wconf 84' lang='lat' dir='ltr'><strong>dictum</strong></span> <span class='ocrx_word' id='word_1_542' title='bbox 525 1931 574 1954; x_wconf 83' lang='lat' dir='ltr'><strong>est.</strong></span> <span class='ocrx_word' id='word_1_543' title='bbox 599 1926 688 1955; x_wconf 86' lang='lat' dir='ltr'><strong>Dac.</strong></span> <span class='ocrx_word' id='word_1_544' title='bbox 722 1925 835 1953; x_wconf 88' lang='lat' dir='ltr'><strong>Glossis</strong></span> <span class='ocrx_word' id='word_1_545' title='bbox 858 1923 1007 1963; x_wconf 78' lang='lat' dir='ltr'><strong>Aplustra</strong></span> <span class='ocrx_word' id='word_1_546' title='bbox 1031 1923 1184 1963; x_wconf 70' lang='grc' dir='ltr'><strong><em>ἄσφαλτος</em></strong></span> <span class='ocrx_word' id='word_1_547' title='bbox 1207 1924 1256 1954; x_wconf 80' lang='grc' dir='ltr'><strong>καὶ</strong></span> <span class='ocrx_word' id='word_1_548' title='bbox 1279 1922 1310 1954; x_wconf 82' lang='grc' dir='ltr'><strong>τὸ</strong></span> <span class='ocrx_word' id='word_1_549' title='bbox 1333 1922 1427 1962; x_wconf 69' lang='grc' dir='ltr'><em>ἄκρον</em></span> <span class='ocrx_word' id='word_1_550' title='bbox 1448 1925 1500 1962; x_wconf 78' lang='grc' dir='ltr'><strong>τῆς</strong></span> <span class='ocrx_word' id='word_1_551' title='bbox 1523 1920 1655 1962; x_wconf 80' lang='grc' dir='ltr'><strong><em>πρώρας.</em></strong></span> <span class='ocrx_word' id='word_1_552' title='bbox 1692 1920 1795 1950; x_wconf 74' lang='lat' dir='ltr'><strong>Goth.</strong></span> <span class='ocrx_word' id='word_1_553' title='bbox 1827 1923 1917 1959; x_wconf 80' lang='lat' dir='ltr'><strong>(Lege</strong></span> <span class='ocrx_word' id='word_1_554' title='bbox 1941 1919 2120 1961; x_wconf 69' lang='grc' dir='ltr'>ἄφλαστον.)</span> 
     </span>
    </p>

    <p class='ocr_par' dir='ltr' id='par_1_8' title="bbox 217 1963 2165 2258">
     <span class='ocr_line' id='line_1_42' title="bbox 376 1963 2162 2006; baseline -0.002 -10"><span class='ocrx_word' id='word_1_555' title='bbox 376 1968 511 2006; x_wconf 78' lang='lat' dir='ltr'><strong>Agina.</strong></span> <span class='ocrx_word' id='word_1_556' title='bbox 562 1967 701 1997; x_wconf 82' lang='lat' dir='ltr'><strong>Placidus</strong></span> <span class='ocrx_word' id='word_1_557' title='bbox 729 1968 760 1996; x_wconf 86' lang='lat' dir='ltr'><strong>in</strong></span> <span class='ocrx_word' id='word_1_558' title='bbox 792 1968 918 1996; x_wconf 74' lang='lat' dir='ltr'><strong>Glossis:</strong></span> <span class='ocrx_word' id='word_1_559' title='bbox 960 1967 1082 2005; x_wconf 84' lang='lat' dir='ltr'><strong>Aginam</strong></span> <span class='ocrx_word' id='word_1_560' title='bbox 1110 1977 1234 2006; x_wconf 85' lang='lat' dir='ltr'><strong>scapum</strong></span> <span class='ocrx_word' id='word_1_561' title='bbox 1263 1967 1407 2003; x_wconf 72' lang='lat' dir='ltr'><strong>trutinae,</strong></span> <span class='ocrx_word' id='word_1_562' title='bbox 1444 1965 1524 2004; x_wconf 91' lang='lat' dir='ltr'><strong>quod</strong></span> <span class='ocrx_word' id='word_1_563' title='bbox 1555 1976 1588 1993; x_wconf 93' lang='lat' dir='ltr'><strong>eo</strong></span> <span class='ocrx_word' id='word_1_564' title='bbox 1612 1974 1747 1993; x_wconf 76' lang='lat' dir='ltr'><strong>mensura</strong></span> <span class='ocrx_word' id='word_1_565' title='bbox 1771 1965 1911 2003; x_wconf 80' lang='lat' dir='ltr'><strong>ponderis</strong></span> <span class='ocrx_word' id='word_1_566' title='bbox 1934 1969 2046 2002; x_wconf 81' lang='lat' dir='ltr'><strong>agatur.</strong></span> <span class='ocrx_word' id='word_1_567' title='bbox 2086 1963 2162 1993; x_wconf 70' lang='lat' dir='ltr'><strong>Ure.</strong></span> 
     </span>
     <span class='ocr_line' id='line_1_43' title="bbox 217 2004 2163 2050; baseline -0.002 -11"><span class='ocrx_word' id='word_1_568' title='bbox 217 2008 414 2036; x_wconf 70' lang='lat' dir='ltr'><strong>Glossarium:</strong></span> <span class='ocrx_word' id='word_1_569' title='bbox 447 2010 561 2048; x_wconf 74' lang='lat' dir='ltr'><strong>Aginat</strong></span> <span class='ocrx_word' id='word_1_570' title='bbox 584 2007 780 2050; x_wconf 76' lang='grc' dir='ltr'><em>στρατεύεται.</em></span> <span class='ocrx_word' id='word_1_571' title='bbox 817 2009 953 2049; x_wconf 77' lang='lat' dir='ltr'><strong>Aginare</strong></span> <span class='ocrx_word' id='word_1_572' title='bbox 976 2007 1151 2049; x_wconf 74' lang='grc' dir='ltr'><strong>στρατεύειν.</strong></span> <span class='ocrx_word' id='word_1_573' title='bbox 1191 2010 1278 2047; x_wconf 68' lang='lat' dir='ltr'><strong>Lege:</strong></span> <span class='ocrx_word' id='word_1_574' title='bbox 1303 2006 1490 2047; x_wconf 72' lang='grc' dir='ltr'><em>τρακτεύεται</em></span> <span class='ocrx_word' id='word_1_575' title='bbox 1513 2014 1541 2037; x_wconf 82' lang='lat' dir='ltr'><strong>et</strong></span> <span class='ocrx_word' id='word_1_576' title='bbox 1564 2004 1744 2046; x_wconf 74' lang='grc' dir='ltr'><em>τρακτεύειν.</em></span> <span class='ocrx_word' id='word_1_577' title='bbox 1790 2007 1822 2035; x_wconf 84' lang='lat' dir='ltr'><strong>ld</strong></span> <span class='ocrx_word' id='word_1_578' title='bbox 1845 2007 1921 2035; x_wconf 84' lang='lat' dir='ltr'><strong>enim</strong></span> <span class='ocrx_word' id='word_1_579' title='bbox 1945 2006 2089 2044; x_wconf 78' lang='lat' dir='ltr'><strong>significat</strong></span> <span class='ocrx_word' id='word_1_580' title='bbox 2110 2015 2163 2034; x_wconf 82' lang='lat' dir='ltr'><strong>ne-</strong></span> 
     </span>
     <span class='ocr_line' id='line_1_44' title="bbox 218 2050 2164 2090; baseline -0.001 -13"><span class='ocrx_word' id='word_1_581' title='bbox 218 2050 341 2089; x_wconf 80' lang='lat' dir='ltr'><strong>gotiari,</strong></span> <span class='ocrx_word' id='word_1_582' title='bbox 365 2055 464 2087; x_wconf 79' lang='lat' dir='ltr'><strong>estque</strong></span> <span class='ocrx_word' id='word_1_583' title='bbox 485 2053 606 2081; x_wconf 86' lang='lat' dir='ltr'><strong>verbum</strong></span> <span class='ocrx_word' id='word_1_584' title='bbox 628 2053 743 2081; x_wconf 76' lang='lat' dir='ltr'><strong>infimae</strong></span> <span class='ocrx_word' id='word_1_585' title='bbox 767 2053 924 2081; x_wconf 81' lang='lat' dir='ltr'><strong>vetustatis</strong></span> <span class='ocrx_word' id='word_1_586' title='bbox 940 2063 955 2080; x_wconf 85' lang='lat' dir='ltr'><strong>a</strong></span> <span class='ocrx_word' id='word_1_587' title='bbox 979 2053 1081 2081; x_wconf 82' lang='lat' dir='ltr'><strong>Latino</strong></span> <span class='ocrx_word' id='word_1_588' title='bbox 1105 2053 1272 2088; x_wconf 87' lang='lat' dir='ltr'><strong>detortum,</strong></span> <span class='ocrx_word' id='word_1_589' title='bbox 1298 2063 1354 2090; x_wconf 92' lang='lat' dir='ltr'><strong>quo</strong></span> <span class='ocrx_word' id='word_1_590' title='bbox 1378 2062 1439 2079; x_wconf 86' lang='lat' dir='ltr'><strong>non</strong></span> <span class='ocrx_word' id='word_1_591' title='bbox 1462 2061 1529 2080; x_wconf 85' lang='lat' dir='ltr'><strong>raro</strong></span> <span class='ocrx_word' id='word_1_592' title='bbox 1551 2055 1679 2078; x_wconf 78' lang='lat' dir='ltr'><strong>utuntur</strong></span> <span class='ocrx_word' id='word_1_593' title='bbox 1700 2051 1926 2078; x_wconf 74' lang='lat' dir='ltr'><strong>constitutiones</strong></span> <span class='ocrx_word' id='word_1_594' title='bbox 1948 2050 2164 2088; x_wconf 80' lang='lat' dir='ltr'><strong>Imperatorum</strong></span> 
     </span>
     <span class='ocr_line' id='line_1_45' title="bbox 220 2091 2162 2131; baseline -0.003 -6"><span class='ocrx_word' id='word_1_595' title='bbox 220 2094 360 2121; x_wconf 72' lang='lat' dir='ltr'><strong>Graecae·</strong></span> <span class='ocrx_word' id='word_1_596' title='bbox 404 2092 440 2119; x_wconf 72' lang='lat' dir='ltr'><strong>Et</strong></span> <span class='ocrx_word' id='word_1_597' title='bbox 465 2095 635 2130; x_wconf 77' lang='grc' dir='ltr'>τρακτευταὶ</span> <span class='ocrx_word' id='word_1_598' title='bbox 662 2096 693 2123; x_wconf 85' lang='lat' dir='ltr'><strong>in</strong></span> <span class='ocrx_word' id='word_1_599' title='bbox 723 2095 826 2124; x_wconf 86' lang='lat' dir='ltr'><strong>iisdem</strong></span> <span class='ocrx_word' id='word_1_600' title='bbox 850 2095 1123 2125; x_wconf 84' lang='lat' dir='ltr'><strong>constitutionibus.</strong></span> <span class='ocrx_word' id='word_1_601' title='bbox 1167 2095 1300 2123; x_wconf 79' lang='lat' dir='ltr'><strong>Isidorus</strong></span> <span class='ocrx_word' id='word_1_602' title='bbox 1322 2095 1352 2122; x_wconf 93' lang='lat' dir='ltr'><strong>in</strong></span> <span class='ocrx_word' id='word_1_603' title='bbox 1377 2094 1504 2122; x_wconf 86' lang='lat' dir='ltr'><strong>Glossis:</strong></span> <span class='ocrx_word' id='word_1_604' title='bbox 1542 2092 1687 2127; x_wconf 74' lang='grc' dir='ltr'><em>Λεὶηανί,</em></span> <span class='ocrx_word' id='word_1_605' title='bbox 1725 2093 1843 2129; x_wconf 56' lang='lat' dir='ltr'><strong>vicari,</strong></span> <span class='ocrx_word' id='word_1_606' title='bbox 1879 2093 1909 2120; x_wconf 85' lang='lat' dir='ltr'><strong>in</strong></span> <span class='ocrx_word' id='word_1_607' title='bbox 1930 2102 2022 2131; x_wconf 79' lang='lat' dir='ltr'><strong>parvo</strong></span> <span class='ocrx_word' id='word_1_608' title='bbox 2042 2091 2162 2120; x_wconf 80' lang='lat' dir='ltr'><strong>morari.</strong></span> 
     </span>
     <span class='ocr_line' id='line_1_46' title="bbox 219 2133 2165 2177; baseline -0.003 -11"><span class='ocrx_word' id='word_1_609' title='bbox 219 2135 312 2164; x_wconf 74' lang='lat' dir='ltr'><strong>Idem:</strong></span> <span class='ocrx_word' id='word_1_610' title='bbox 337 2133 518 2172; x_wconf 62' lang='grc' dir='ltr'><strong>Αὸίηαηῖεε,</strong></span> <span class='ocrx_word' id='word_1_611' title='bbox 540 2136 728 2175; x_wconf 63' lang='lat' dir='ltr'><strong>explicantes.</strong></span> <span class='ocrx_word' id='word_1_612' title='bbox 753 2136 852 2167; x_wconf 84' lang='lat' dir='ltr'><strong>Scal.</strong></span> <span class='ocrx_word' id='word_1_613' title='bbox 883 2138 1080 2166; x_wconf 87' lang='lat' dir='ltr'><strong>Glossarium:</strong></span> <span class='ocrx_word' id='word_1_614' title='bbox 1102 2138 1237 2177; x_wconf 74' lang='lat' dir='ltr'><strong>Aginai,</strong></span> <span class='ocrx_word' id='word_1_615' title='bbox 1260 2134 1490 2176; x_wconf 69' lang='lat' dir='ltr'><strong>dianodoosmt‚</strong></span> <span class='ocrx_word' id='word_1_616' title='bbox 1512 2136 1643 2174; x_wconf 75' lang='grc' dir='ltr'><em>στρέφει,</em></span> <span class='ocrx_word' id='word_1_617' title='bbox 1668 2137 1843 2173; x_wconf 73' lang='grc' dir='ltr'>μηχανᾶται.</span> <span class='ocrx_word' id='word_1_618' title='bbox 1868 2134 1951 2163; x_wconf 79' lang='lat' dir='ltr'><strong>Dae.</strong></span> <span class='ocrx_word' id='word_1_619' title='bbox 1983 2133 2102 2162; x_wconf 80' lang='lat' dir='ltr'><strong>Novella</strong></span> <span class='ocrx_word' id='word_1_620' title='bbox 2115 2135 2165 2165; x_wconf 82' lang='lat'><strong>30.</strong></span> 
     </span>
     <span class='ocr_line' id='line_1_47' title="bbox 222 2177 2163 2218; baseline -0.002 -12"><span class='ocrx_word' id='word_1_621' title='bbox 222 2181 287 2210; x_wconf 79' lang='lat' dir='ltr'><strong>c.2.</strong></span> <span class='ocrx_word' id='word_1_622' title='bbox 312 2181 341 2206; x_wconf 86' lang='lat' dir='ltr'><strong>et</strong></span> <span class='ocrx_word' id='word_1_623' title='bbox 364 2178 432 2208; x_wconf 88' lang='grc'><strong>118.</strong></span> <span class='ocrx_word' id='word_1_624' title='bbox 461 2186 484 2203; x_wconf 83' lang='lat' dir='ltr'><strong>c-</strong></span> <span class='ocrx_word' id='word_1_625' title='bbox 499 2178 546 2207; x_wconf 81' lang='lat'><strong>24.</strong></span> <span class='ocrx_word' id='word_1_626' title='bbox 584 2179 664 2209; x_wconf 86' lang='lat' dir='ltr'><strong>Edic.</strong></span> <span class='ocrx_word' id='word_1_627' title='bbox 688 2180 840 2208; x_wconf 78' lang='lat' dir='ltr'><strong>Iustiniani</strong></span> <span class='ocrx_word' id='word_1_628' title='bbox 856 2182 903 2212; x_wconf 80' lang='grc'><strong>13,</strong></span> <span class='ocrx_word' id='word_1_629' title='bbox 928 2191 952 2208; x_wconf 92' lang='lat' dir='ltr'><strong>c.</strong></span> <span class='ocrx_word' id='word_1_630' title='bbox 966 2184 993 2212; x_wconf 92' lang='lat'><strong>7.</strong></span> <span class='ocrx_word' id='word_1_631' title='bbox 1038 2181 1076 2209; x_wconf 88' lang='lat' dir='ltr'><strong>At</strong></span> <span class='ocrx_word' id='word_1_632' title='bbox 1100 2181 1213 2209; x_wconf 80' lang='lat' dir='ltr'><strong>Isidoro</strong></span> <span class='ocrx_word' id='word_1_633' title='bbox 1237 2185 1265 2208; x_wconf 86' lang='lat' dir='ltr'><strong>et</strong></span> <span class='ocrx_word' id='word_1_634' title='bbox 1288 2180 1391 2218; x_wconf 88' lang='lat' dir='ltr'><strong>glossis</strong></span> <span class='ocrx_word' id='word_1_635' title='bbox 1413 2179 1543 2209; x_wconf 83' lang='lat' dir='ltr'><strong>Acinari</strong></span> <span class='ocrx_word' id='word_1_636' title='bbox 1564 2183 1607 2207; x_wconf 78' lang='lat' dir='ltr'><strong>est</strong></span> <span class='ocrx_word' id='word_1_637' title='bbox 1630 2178 1751 2215; x_wconf 57' lang='grc' dir='ltr'><strong>ἰάσω-ῖς</strong></span> <span class='ocrx_word' id='word_1_638' title='bbox 1787 2177 1955 2216; x_wconf 70' lang='lat' dir='ltr'><strong>Aginanies</strong></span> <span class='ocrx_word' id='word_1_639' title='bbox 1979 2177 2163 2206; x_wconf 65' lang='lat' dir='ltr'><strong>extricames.</strong></span> 
     </span>
     <span class='ocr_line' id='line_1_48' title="bbox 223 2218 1009 2258; baseline 0 -9"><span class='ocrx_word' id='word_1_640' title='bbox 223 2219 294 2249; x_wconf 85' lang='lat' dir='ltr'><strong>Aliis</strong></span> <span class='ocrx_word' id='word_1_641' title='bbox 316 2218 496 2258; x_wconf 78' lang='lat' dir='ltr'><strong>Aginalores</strong></span> <span class='ocrx_word' id='word_1_642' title='bbox 517 2220 727 2258; x_wconf 71' lang='lat' dir='ltr'><strong>negotiatores,</strong></span> <span class='ocrx_word' id='word_1_643' title='bbox 763 2228 855 2251; x_wconf 74' lang='lat' dir='ltr'><strong>actus.</strong></span> <span class='ocrx_word' id='word_1_644' title='bbox 905 2222 1009 2252; x_wconf 72' lang='lat' dir='ltr'><strong>Goth.</strong></span> 
     </span>
    </p>

    <p class='ocr_par' dir='ltr' id='par_1_9' title="bbox 225 2259 2164 2425">
     <span class='ocr_line' id='line_1_49' title="bbox 386 2259 2164 2302; baseline -0.001 -13"><span class='ocrx_word' id='word_1_645' title='bbox 386 2259 586 2299; x_wconf 78' lang='lat' dir='ltr'><strong>Agonium.</strong></span> <span class='ocrx_word' id='word_1_646' title='bbox 631 2262 780 2300; x_wconf 74' lang='lat' dir='ltr'><strong>Agonium</strong></span> <span class='ocrx_word' id='word_1_647' title='bbox 801 2264 832 2292; x_wconf 76' lang='lat' dir='ltr'><strong>id</strong></span> <span class='ocrx_word' id='word_1_648' title='bbox 854 2273 893 2294; x_wconf 72' lang='lat' dir='ltr'><strong>est</strong></span> <span class='ocrx_word' id='word_1_649' title='bbox 916 2264 1028 2294; x_wconf 74' lang='lat' dir='ltr'><strong>ludum.</strong></span> <span class='ocrx_word' id='word_1_650' title='bbox 1049 2265 1133 2293; x_wconf 86' lang='lat' dir='ltr'><strong>locus</strong></span> <span class='ocrx_word' id='word_1_651' title='bbox 1156 2265 1325 2293; x_wconf 82' lang='lat' dir='ltr'><strong>mendosus.</strong></span> <span class='ocrx_word' id='word_1_652' title='bbox 1369 2265 1462 2293; x_wconf 86' lang='lat' dir='ltr'><strong>Varro</strong></span> <span class='ocrx_word' id='word_1_653' title='bbox 1486 2267 1603 2302; x_wconf 72' lang='lat' dir='ltr'><strong>praetor</strong></span> <span class='ocrx_word' id='word_1_654' title='bbox 1627 2261 1688 2290; x_wconf 85' lang='lat' dir='ltr'><strong>dies</strong></span> <span class='ocrx_word' id='word_1_655' title='bbox 1714 2262 1872 2299; x_wconf 69' lang='lat' dir='ltr'><strong>Agonales,</strong></span> <span class='ocrx_word' id='word_1_656' title='bbox 1893 2272 1968 2300; x_wconf 89' lang='lat' dir='ltr'><strong>quos</strong></span> <span class='ocrx_word' id='word_1_657' title='bbox 1990 2261 2086 2289; x_wconf 82' lang='lat' dir='ltr'><strong>dictos</strong></span> <span class='ocrx_word' id='word_1_658' title='bbox 2103 2268 2164 2288; x_wconf 81' lang='lat' dir='ltr'><strong>esse</strong></span> 
     </span>
     <span class='ocr_line' id='line_1_50' title="bbox 226 2300 2164 2350; baseline -0.002 -18"><span class='ocrx_word' id='word_1_659' title='bbox 226 2303 267 2332; x_wconf 78' lang='lat' dir='ltr'><strong>ait</strong></span> <span class='ocrx_word' id='word_1_660' title='bbox 288 2302 452 2350; x_wconf 36' lang='lat' dir='ltr'><strong>sbagone&#39;,</strong></span> <span class='ocrx_word' id='word_1_661' title='bbox 484 2303 563 2340; x_wconf 90' lang='lat' dir='ltr'><strong>quod</strong></span> <span class='ocrx_word' id='word_1_662' title='bbox 587 2313 640 2341; x_wconf 86' lang='lat' dir='ltr'><strong>per</strong></span> <span class='ocrx_word' id='word_1_663' title='bbox 663 2314 712 2331; x_wconf 84' lang='lat' dir='ltr'><strong>eos</strong></span> <span class='ocrx_word' id='word_1_664' title='bbox 733 2316 783 2333; x_wconf 88' lang='lat' dir='ltr'><strong>rex</strong></span> <span class='ocrx_word' id='word_1_665' title='bbox 807 2318 959 2336; x_wconf 81' lang='lat' dir='ltr'><strong>sacrorum</strong></span> <span class='ocrx_word' id='word_1_666' title='bbox 983 2309 1012 2335; x_wconf 91' lang='lat' dir='ltr'><strong>in</strong></span> <span class='ocrx_word' id='word_1_667' title='bbox 1035 2308 1113 2346; x_wconf 78' lang='lat' dir='ltr'><strong>regia</strong></span> <span class='ocrx_word' id='word_1_668' title='bbox 1137 2309 1257 2337; x_wconf 82' lang='lat' dir='ltr'><strong>arietem</strong></span> <span class='ocrx_word' id='word_1_669' title='bbox 1280 2307 1428 2343; x_wconf 84' lang='lat' dir='ltr'><strong>immolet,</strong></span> <span class='ocrx_word' id='word_1_670' title='bbox 1460 2306 1570 2344; x_wconf 78' lang='lat' dir='ltr'><strong>Agonia</strong></span> <span class='ocrx_word' id='word_1_671' title='bbox 1593 2305 1742 2344; x_wconf 86' lang='lat' dir='ltr'><strong>appellata</strong></span> <span class='ocrx_word' id='word_1_672' title='bbox 1766 2314 1828 2332; x_wconf 87' lang='lat' dir='ltr'><strong>esse</strong></span> <span class='ocrx_word' id='word_1_673' title='bbox 1851 2304 1892 2332; x_wconf 84' lang='lat' dir='ltr'><strong>ait</strong></span> <span class='ocrx_word' id='word_1_674' title='bbox 1915 2304 2001 2332; x_wconf 76' lang='lat' dir='ltr'><strong>etiam</strong></span> <span class='ocrx_word' id='word_1_675' title='bbox 2025 2300 2164 2331; x_wconf 82' lang='lat' dir='ltr'><strong>Liberalia</strong></span> 
     </span>
     <span class='ocr_line' id='line_1_51' title="bbox 225 2343 2164 2425; baseline -0.001 -51"><span class='ocrx_word' id='word_1_676' title='bbox 225 2346 257 2416; x_wconf 61' lang='lat' dir='ltr'><strong>{n</strong></span> <span class='ocrx_word' id='word_1_677' title='bbox 276 2344 360 2374; x_wconf 79' lang='lat' dir='ltr'><strong>libris</strong></span> <span class='ocrx_word' id='word_1_678' title='bbox 383 2344 528 2425; x_wconf 50' lang='lat' dir='ltr'><strong>Saigorunlx</strong></span> <span class='ocrx_word' id='word_1_679' title='bbox 552 2344 756 2425; x_wconf 49' lang='lat' dir='ltr'><strong>Assgodi3nsium.</strong></span> <span class='ocrx_word' id='word_1_680' title='bbox 780 2349 867 2377; x_wconf 87' lang='lat' dir='ltr'><strong>Ovid.</strong></span> <span class='ocrx_word' id='word_1_681' title='bbox 888 2350 937 2378; x_wconf 91' lang='lat' dir='ltr'><strong>lib.</strong></span> <span class='ocrx_word' id='word_1_682' title='bbox 952 2350 972 2378; x_wconf 91' lang='lat'><strong>1.</strong></span> <span class='ocrx_word' id='word_1_683' title='bbox 997 2351 1073 2381; x_wconf 81' lang='lat' dir='ltr'><strong>Fast.</strong></span> <span class='ocrx_word' id='word_1_684' title='bbox 1097 2361 1151 2379; x_wconf 89' lang='lat' dir='ltr'><strong>cur</strong></span> <span class='ocrx_word' id='word_1_685' title='bbox 1168 2351 1309 2389; x_wconf 82' lang='lat' dir='ltr'><strong>Agonalia</strong></span> <span class='ocrx_word' id='word_1_686' title='bbox 1333 2350 1488 2386; x_wconf 80' lang='lat' dir='ltr'><strong>dicantur,</strong></span> <span class='ocrx_word' id='word_1_687' title='bbox 1515 2349 1614 2388; x_wconf 82' lang='lat' dir='ltr'><strong>plures</strong></span> <span class='ocrx_word' id='word_1_688' title='bbox 1638 2347 1736 2376; x_wconf 88' lang='lat' dir='ltr'><strong>reddit</strong></span> <span class='ocrx_word' id='word_1_689' title='bbox 1757 2357 1888 2383; x_wconf 82' lang='lat' dir='ltr'><strong>caussas,</strong></span> <span class='ocrx_word' id='word_1_690' title='bbox 1916 2354 2040 2385; x_wconf 84' lang='lat' dir='ltr'><strong>quarum</strong></span> <span class='ocrx_word' id='word_1_691' title='bbox 2061 2343 2164 2372; x_wconf 84' lang='lat' dir='ltr'><strong>ultima</strong></span> 
     </span>
    </p>

    <p class='ocr_par' dir='ltr' id='par_1_10' title="bbox 238 2390 634 2423">
     <span class='ocr_line' id='line_1_52' title="bbox 238 2390 634 2423; baseline -0.005 -7"><span class='ocrx_word' id='word_1_692' title='bbox 238 2397 300 2416; x_wconf 73' lang='lat' dir='ltr'><strong>iaec</strong></span> <span class='ocrx_word' id='word_1_693' title='bbox 322 2391 379 2415; x_wconf 78' lang='lat' dir='ltr'><strong>cst:</strong></span> <span class='ocrx_word' id='word_1_694' title='bbox 442 2391 494 2415; x_wconf 85' lang='lat' dir='ltr'><strong>ast.</strong></span> <span class='ocrx_word' id='word_1_695' title='bbox 534 2411 540 2423; x_wconf 82' lang='lat'><strong>,</strong></span> <span class='ocrx_word' id='word_1_696' title='bbox 587 2390 634 2418; x_wconf 79' lang='lat'><strong>2.</strong></span> 
     </span>
    </p>
   </div>
   <div class='ocr_carea' id='block_1_3' title="bbox 802 2429 1480 2474">
    <p class='ocr_par' dir='ltr' id='par_1_11' title="bbox 802 2429 1480 2474">
     <span class='ocr_line' id='line_1_53' title="bbox 802 2429 1480 2474; baseline 0.006 -16"><span class='ocrx_word' id='word_1_697' title='bbox 802 2429 875 2460; x_wconf 69' lang='lat' dir='ltr'><strong>Pare</strong></span> <span class='ocrx_word' id='word_1_698' title='bbox 897 2433 1000 2470; x_wconf 73' lang='lat' dir='ltr'><strong>etiam,</strong></span> <span class='ocrx_word' id='word_1_699' title='bbox 1029 2435 1103 2473; x_wconf 74' lang='lat' dir='ltr'><strong>fieri</strong></span> <span class='ocrx_word' id='word_1_700' title='bbox 1121 2434 1217 2464; x_wconf 72' lang='lat' dir='ltr'><strong>solitis</strong></span> <span class='ocrx_word' id='word_1_701' title='bbox 1238 2442 1331 2463; x_wconf 72' lang='lat' dir='ltr'><strong>aetate</strong></span> <span class='ocrx_word' id='word_1_702' title='bbox 1349 2435 1480 2474; x_wconf 83' lang='lat' dir='ltr'><strong>priorum</strong></span> 
     </span>
    </p>
   </div>
   <div class='ocr_carea' id='block_1_4' title="bbox 2218 1495 2263 2668">
    <p class='ocr_par' dir='ltr' id='par_1_12' title="bbox 2218 1495 2263 2668">
     <span class='ocr_line' id='line_1_54' title="bbox 2218 1495 2263 2668; baseline 0 0"><span class='ocrx_word' id='word_1_703' title='bbox 2218 1495 2263 2668; x_wconf 95' lang='lat' dir='ltr'><strong> </strong></span> 
     </span>
    </p>
   </div>
  </div>
 </body>
</html>
