2263 2668
274 170 325 203 40
919 162 1249 198 PRAEFATIO
1289 162 1573 199 EDITORIS.

278 261 414 302 verba
444 260 526 300 sub
560 257 724 300 lineam
761 269 984 307 annexae,
1032 269 1139 297 nam
1169 255 1387 314 scriptura
1419 264 1484 296 est
1515 255 1735 297 continua.
1802 255 1995 298 Litterae
2031 255 2221 297 initiales

279 345 427 386 nullae
459 343 529 384 vel
560 339 803 383 admodum
832 353 1029 397 paucae,
1061 340 1139 382 sed
1169 339 1265 398 ipse
1297 340 1457 382 ductus
1487 340 1736 382 litterarum
1765 341 1966 398 paullum
1996 347 2169 381 tantum
2195 353 2223 380 a

280 427 505 484 quadratis
537 425 625 465 sive
656 423 916 465 maiusculis
951 424 1207 476 deflectens,
1238 424 1299 465 ita
1329 433 1377 466 ut
1407 424 1532 465 verbi
1564 438 1723 467 caussa
1748 426 1794 466 N
1813 437 2037 480 nusquam
2067 437 2094 465 a
2124 436 2222 464 ma—

279 511 451 553 iuscula
489 508 645 550 eadem
685 507 868 548 differat.
936 507 1202 549 Membrana
1239 508 1382 549 tenuis
1416 517 1456 549 et
1487 508 1623 560 flava,
1671 523 1749 551 seu
1786 509 1932 566 potius
1964 510 2102 550 fusca.
2172 506 2224 547 In

280 595 368 636 fine
399 606 609 634 versuum
645 606 736 632 non
774 605 947 649 semper
984 592 1116 649 plane
1156 591 1402 650 perscripta
1439 601 1541 633 sunt
1579 593 1735 645 verba,
1795 606 1916 633 nunc
1957 589 2221 648 compendio

281 677 544 734 significata,
576 689 697 717 nunc
725 675 856 732 plane
889 675 1053 717 omissa
1083 676 1152 716 vel
1182 675 1230 716 in
1260 676 1458 732 margine
1492 676 1661 718 detrita.
1723 675 1932 719 Ceterum
1959 673 2224 731 compendia

281 762 404 803 nulla
439 761 505 801 vel
543 759 824 816 paucissima.
893 759 1016 800 Loca
1051 768 1286 816 poetarum
1317 760 1443 802 haud
1473 774 1573 803 raro
1606 760 1760 801 litteris
1792 760 2065 816 singulorum
2096 771 2225 798 voca-

282 846 488 887 bulorum
524 843 765 885 initialibus
805 852 976 885 tantum
1015 844 1190 901 scripta.
1263 843 1415 887 Codex
1457 852 1521 886 est
1561 845 1702 886 seculi
1733 827 1908 902 septimi
1937 844 2003 884 vel
2033 841 2224 883 ineuntis

283 927 445 979 octavi,
504 935 554 968 ut
584 926 696 968 mihi
735 926 1012 984 significabat
1041 927 1397 980 Eichenfeldius,
1458 927 1540 970 Vir
1572 926 1870 979 Clarissimus,
1930 926 2223 968 bibliothecae

284 1010 637 1052 Vindobonensis
668 1011 875 1069 publicae
902 1010 1069 1054 Custos.
1129 1010 1336 1054 Ceterum
1365 1012 1454 1053 nisi
1484 1012 1666 1064 unicus,
1700 1021 1743 1053 at
1774 1011 2105 1066 antiquissimus
2127 1011 2225 1051 fons

282 1104 344 1136 est
374 1094 447 1135 hic
481 1092 637 1137 Codex
666 1094 801 1136 Probi
841 1105 882 1136 et
921 1095 1110 1137 aliorum
1147 1096 1412 1154 scriptorum
1446 1095 1873 1146 Grammaticorum,
1935 1108 2049 1149 quae
2087 1094 2135 1133 in
2174 1106 2225 1133 eo

279 1187 450 1220 servata
481 1187 602 1230 sunt,
655 1187 786 1234 atque
820 1179 952 1221 etiam
986 1195 1042 1221 ex
1071 1189 1196 1237 parte
1229 1190 1290 1222 est
1320 1180 1580 1238 rescriptus,
1631 1180 1710 1221 sed
1749 1179 1968 1237 scriptura
2007 1176 2227 1232 antiquior

281 1263 393 1303 nihil
425 1263 618 1304 continet
648 1263 954 1305 memorabile.
1018 1262 1222 1306 Continet
1253 1264 1374 1306 idem
1406 1265 1540 1306 etiam
1565 1264 1814 1306 Sacerdotis
1842 1261 2133 1304 Grammatici
2159 1261 2229 1301 in·-

280 1359 383 1401 gens
424 1347 651 1398 volumen,
705 1348 825 1402 quod
864 1362 954 1389 una
992 1362 1093 1390 cum
1123 1349 1259 1390 Probi
1299 1349 1487 1407 plagulis
1524 1349 1726 1406 superius
1759 1346 2012 1403 significatis
2044 1345 2228 1399 aliisque

281 1430 533 1486 fragmentis
567 1429 877 1472 Grammaticis
908 1433 1109 1489 proxime
1143 1433 1338 1474 editurus
1371 1441 1435 1474 est
1464 1432 1821 1484 Eichenfeldius,
1862 1430 1992 1472 cuius
2024 1442 2127 1486 erga
2156 1442 2227 1469 me

283 1512 621 1555 benivolentiam
652 1515 835 1556 summis
866 1515 1075 1557 laudibus
1109 1517 1263 1558 efferre
1296 1517 1449 1559 debeo.

443 1597 513 1638 Ex
551 1598 755 1653 reliquis,
818 1613 933 1654 quae
975 1599 1087 1640 mihi
1125 1609 1300 1657 praesto
1342 1610 1486 1654 erant,
1549 1601 1727 1643 auxiliis
1773 1600 1973 1642 consulto
2014 1611 2104 1639 non
2145 1595 2230 1637 nisi

283 1678 594 1720 Ascensianam
632 1681 872 1723 editionem
912 1683 1110 1724 adhibui.
1179 1684 1396 1739 Reliquae
1438 1685 1650 1727 editiones
1688 1685 1924 1727 deteriores
1962 1682 2228 1723 Videbantur

285 1776 450 1803 omneS.
511 1762 694 1819 Insuper
727 1765 878 1805 addidi
908 1765 1117 1808 lectiones
1149 1768 1363 1820 chtsclzii,
1412 1778 1458 1810 ut
1489 1783 1571 1826 par
1602 1778 1705 1810 erat.
1767 1769 1840 1809 Sic
1872 1769 2060 1816 sactum,
2105 1772 2153 1805 ut
2182 1763 2229 1803 hi

283 1844 419 1886 Probi
448 1845 552 1886 libri
580 1846 627 1887 in
659 1847 938 1902 paucissimis
971 1850 1118 1892 adhuc
1144 1850 1251 1892 locis
1278 1860 1451 1894 tantum
1482 1853 1680 1909 corrupti
1704 1865 1822 1893 1111110
1846 1850 2083 1908 prodeant,
2116 1860 2228 1902 quae

284 1942 353 1968 res
393 1929 587 1970 maxime
627 1930 692 1970 illi
724 1928 879 1972 Codici
907 1930 1118 1975 Bobiensi
1159 1935 1353 1977 debetur.
1424 1936 1591 1994 Scripsi
1621 1936 1668 1976 in
1701 1934 1940 1991 Gymnasio
1974 1930 2227 1972 Zittaviensi

285 2011 417 2054 Nonis
447 2012 539 2054 Ian.
573 2027 910 2056 cmmcccxxvm.
