2263 2668
555 134 619 167 DE
646 131 1035 168 SIGMFICATIONE
1064 133 1348 170 VERBORUM.
1400 135 1545 169 LIBER
1571 135 1629 171 xl.
1991 145 2068 182 507

118 226 230 266 Africa
252 236 306 265 pro
329 225 429 268 Afris.
475 226 579 256 Cicero
608 227 636 255 in
660 227 800 256 Oratore:
836 222 1003 254 Horridum
1026 225 1169 266 Africam
1201 227 1324 257 terribili
1352 236 1467 258 tremere
1495 228 1619 258 tumultu
1647 241 1713 259 cum
1743 229 1817 261 elicit
1845 232 1982 277 (Ennius)
2009 250 2065 278 pro

119 269 208 307 Afris
230 269 363 297 immutat
385 268 536 308 Africam.
569 269 602 297 In
626 269 757 308 reliquis,
780 268 838 296 nisi
860 268 942 296 locus
966 268 1147 306 depravatus
1172 271 1218 307 sit,
1242 276 1347 299 merito
1372 272 1449 300 Festi
1472 271 1615 300 iudicium
1639 273 1829 304 desiderabis.
1863 277 1964 316 Neque
1986 282 2064 310 enim

118 321 186 339 cum
208 311 318 339 dicitur
340 319 425 350 epota
447 312 507 340 vini
528 311 690 350 amphora,
719 312 754 339 ab
778 321 812 339 eo
836 310 915 349 quod
940 311 1126 347 continetur,
1161 313 1337 351 intelligitur
1359 313 1390 342 id
1413 314 1492 352 quod
1516 315 1663 351 continet,
1694 320 1727 343 ut
1750 317 1844 347 tradit
1865 319 1969 350 Festus
2010 325 2064 353 sed

118 359 223 382 contra
246 354 281 382 ab
306 364 340 381 eu
364 354 442 392 quod
467 353 600 382 continet
623 353 653 381 id
684 354 765 391 quod
794 353 971 381 continetur.
1016 353 1089 381 Nam
1111 364 1163 391 per
1185 355 1358 393 amphoram
1381 356 1481 385 vinum
1505 357 1584 394 quod
1607 358 1638 385 in
1661 357 1818 396 amphora,
1854 366 1886 389 ut
1908 373 1961 401 per
1976 345 2062 394 ,Αἰή-

119 406 184 424 cam
206 397 411 433 intelligantur
431 396 565 424 homines
589 397 638 434 qui
663 396 692 424 in
717 396 825 424 Africa.
868 395 946 423 Audi
969 395 1145 431 Quintilian.
1171 397 1220 426 lib.
1237 398 1310 426 Vlll.
1335 409 1397 436 cap.
1412 401 1457 430 6.:
1496 398 1580 428 Sicut
1602 410 1642 428 ex
1664 411 1713 437 eo,
1748 401 1829 440 quod
1850 406 1976 435 continet
2029 406 2062 437 id

119 437 200 478 quod
223 440 384 468 continetur
406 450 473 467 usus
495 439 611 478 recipit:
634 446 665 467 ui
689 438 776 467 bene
797 444 966 466 moratos
988 437 1113 475 urbes,
1136 446 1161 467 e!
1181 439 1362 479 poculum
1386 449 1550 480 epotum,
1572 448 1599 469 et
1621 442 1954 486 saeculumjeliae.
1984 430 2062 478 ’Cou-

118 485 234 509 tentum
257 486 353 510 autem
376 491 432 520 pro
455 482 625 509 continente
648 486 683 509 ut
705 481 784 520 apud
808 479 909 518 Virgil.
933 479 1016 518 (Aen.
1032 480 1062 515 1,
1084 481 1183 519 7240:
1221 481 1302 510 Vina
1329 491 1480 512 coronant.
1525 484 1597 513 Vina
1620 494 1676 522 pro
1697 486 1818 523 pateris,
1861 488 1896 517 A
1916 492 2060 529 superio„

118 522 260 563 inferior,
284 533 352 551 cum
375 533 463 551 causa
486 523 608 562 ponitur
632 533 686 561 pro
709 524 817 552 effectu
842 527 874 550 ut
896 522 1044 551 Vulcanus
1068 533 1123 560 pro
1146 523 1219 561 igne.
1263 524 1389 553 Ennius:

573 563 644 594 Cum
668 577 773 605 magno
796 565 914 603 strepitu
939 563 1106 594 Volcanum
1130 573 1228 594 ventus
1248 574 1373 606 vegerat.

118 607 196 644 Lego
218 606 352 643 vehebat,
383 608 430 635 vel
454 613 487 636 ut
510 608 642 645 Scaliger
664 607 781 647 vegebat
802 608 820 637 i.
844 606 978 645 erigebat.
1022 607 1059 636 Et
1081 606 1119 635 ab
1143 607 1281 649 inferiore
1302 609 1447 648 superior,
1477 619 1544 638 cum
1566 610 1686 639 effectus
1707 620 1764 649 pro
1788 621 1891 650 causa,
1920 619 1952 644 ut
1975 626 2058 645 amor

118 653 147 677 et
169 649 271 677 vinum
295 660 349 687 pro
377 650 522 688 Cupidine
545 655 574 679 et
597 650 724 678 Baccho.
747 650 832 678 Dac-
871 649 992 679 Tremis.
1026 650 1147 678 Tremit.
1194 648 1297 679 Goth.

285 691 501 721 Masculino
529 704 668 732 genere.
714 692 876 720 Masculino
907 702 1012 730 genere
1040 692 1079 720 ait
1108 692 1216 720 dixisse
1244 693 1321 721 malo
1353 702 1440 722 cruce
1470 693 1500 721 C.
1524 693 1691 722 Gracchum
1718 694 1748 724 in
1777 706 1809 724 ea
1838 696 1869 725 in
1893 695 2052 736 Popillium

114 734 290 773 posteriore,
315 739 343 762 et
367 745 426 762 non
449 735 573 763 adducit
595 735 771 773 exemplum.
804 735 877 763 Item
901 736 930 763 in
953 745 987 763 ea
1000 732 1158 773 Popillium
1182 741 1208 762 et
1230 742 1387 765 matronas.
1430 735 1564 773 Citatque
1586 737 1770 775 exemplum,
1792 738 1843 766 ubi
1866 739 1944 768 malo
1967 750 2055 769 cruce

118 776 280 804 masculino
302 787 407 814 genere
432 778 588 816 usurpavit
612 777 776 806 Gracchus.
821 776 901 812 Quid
931 781 975 805 est
1005 778 1095 805 citare
1123 777 1167 806 bis
1192 777 1313 805 eandem
1337 777 1500 806 orationem
1524 789 1582 806 non
1607 784 1744 817 tanquam
1769 780 1890 809 eandem
1913 782 1964 811 sed
1986 786 2053 811 tan-

117 823 214 856 quam‘
229 819 372 847 alteram?
411 819 521 848 Deinde
545 821 615 858 quid
640 820 720 849 istud
743 821 786 848 rei
809 824 868 854 est,
896 819 926 847 in
949 818 1106 859 Popillium
1131 826 1156 847 et
1178 818 1353 850 matronas?
1387 825 1455 848 nota
1478 825 1520 848 est
1542 831 1630 849 causa
1651 822 1870 852 inimicitiarum
1895 823 1973 852 inter
1995 825 2053 853 Po-

115 861 232 899 pillium
256 867 285 889 et
308 861 494 898 Gracchum3
525 862 560 890 de
583 864 724 891 matronis
748 873 784 890 ne
807 862 929 890 verbum
953 862 1080 899 quidem.
1126 862 1227 896 Quare
1250 859 1387 901 οἶτόπημα
1410 863 1490 891 docti
1513 863 1567 891 viri
1592 874 1656 892 cuin
1680 865 1829 902 viderent,
1862 865 1962 894 conati
1983 872 2053 897 sunt

116 903 272 931 emendare
295 904 350 932 ita:
377 903 448 932 Item
472 916 536 933 cum
560 904 634 933 idem
658 906 688 934 in
711 903 869 944 Popillium
892 911 917 932 et
940 903 1108 933 llIailzonem
1131 905 1184 932 aii.
1232 905 1268 933 Ut
1289 905 1362 932 illud
1386 905 1415 933 in
1437 904 1606 934 Mathonem
1629 907 1802 935 successerit
1824 908 1854 935 in
1877 909 1976 937 locum
1998 912 2053 941 τοῦ

117 946 148 974 in
171 953 332 975 matronas.
379 947 479 975 Laudo
502 953 661 984 conatum,
686 948 802 976 mallem
825 952 922 976 tamen
946 957 1005 975 non
1028 946 1215 975 coniecturas
1238 957 1319 983 suas,
1343 947 1394 975 sed
1416 957 1477 975 rem
1500 948 1594 986 ipsam
1617 949 1741 986 margini
1764 949 1881 979 chartae
1904 961 2053 980 commen-

115 987 243 1016 dassent.
288 989 361 1016 Nam
391 1000 459 1017 sane
489 990 527 1018 ita
551 990 738 1018 scribendum
763 994 839 1018 erat:
878 987 948 1018 Item
973 1000 1036 1018 cum
1060 988 1136 1017 idem
1160 990 1191 1017 in
1210 988 1369 1029 populum,
1399 997 1424 1018 et
1447 997 1596 1018 matronas
1618 991 1679 1019 ait:
1709 1002 1740 1020 eo
1764 991 1897 1031 exemplo
1920 993 2051 1023 instituio

116 1029 222 1069 dignus
240 1029 323 1071 fuit,
359 1033 409 1070 qui
435 1031 515 1061 malo
545 1044 629 1061 cruce
655 1033 768 1071 periret.
814 1031 886 1060 Vide
916 1042 1002 1070 quam
1032 1031 1186 1060 dissimilia
1214 1031 1287 1060 haec
1314 1032 1372 1060 sint
1399 1032 1541 1070 pristinae
1564 1032 1698 1069 lectioni,
1734 1035 1838 1072 partim
1862 1035 1938 1063 enim
1960 1036 2050 1064 verba

114 1073 194 1101 Festi
216 1073 398 1111 putabantur
421 1085 500 1111 esse,
523 1085 598 1114 quae
622 1085 701 1103 nunc
724 1075 819 1103 omnia
843 1079 913 1103 sunt
936 1074 1076 1112 Gracchi,
1100 1074 1262 1112 exprobrat
1286 1075 1457 1103 adversario
1481 1075 1541 1103 duo
1560 1075 1727 1104 Gracchus:
1750 1081 1777 1104 et
1800 1078 1879 1115 quod
1902 1077 1933 1105 in
1956 1088 2052 1116 popu-

117 1116 177 1144 lum
201 1114 398 1144 debacchatus
421 1117 474 1153 sit,
511 1128 597 1156 quem
622 1119 672 1156 qui
696 1118 865 1153 offendunt,
901 1117 1060 1146 maiestatis
1083 1117 1288 1156 postulantur:
1326 1122 1354 1145 et
1376 1117 1405 1145 in
1429 1122 1596 1154 matronas,
1634 1118 1684 1156 qui
1708 1128 1795 1146 sexus
1818 1119 1946 1148 omnium
1970 1130 2046 1148 con-

115 1167 203 1187 sensu
231 1158 329 1187 multis
357 1159 580 1198 privilegiorum
610 1160 763 1198 praesidiis
786 1160 934 1195 munitur,
974 1165 1130 1198 propterea
1153 1165 1242 1188 vocat
1264 1159 1373 1187 malum
1397 1160 1583 1198 exemplum,
1621 1165 1665 1189 est
1688 1161 1764 1188 enim
1787 1166 1814 1189 et
1837 1167 1940 1190 contra
1962 1162 2049 1199 leges,

115 1206 144 1229 et
166 1206 270 1230 contra
293 1201 386 1229 bonos
408 1213 512 1232 mores.
558 1203 652 1231 Huius
674 1203 813 1231 orationis
839 1201 966 1230 Gracchi
989 1202 1018 1230 in
1042 1202 1201 1241 Popillium
1226 1202 1334 1230 mentio
1359 1207 1441 1231 extat
1463 1203 1550 1231 etiam
1574 1202 1653 1242 apud
1677 1203 1811 1233 Gellium.
1836 1202 1935 1234 Scal.
1979 1203 2046 1234 Pa-

115 1251 220 1272 reniem
242 1254 299 1282 pro
322 1249 431 1281 matre,
460 1256 593 1281 crucem,
625 1246 757 1284 stirpem,
779 1243 912 1286 frontem
936 1245 1100 1273 masculino
1124 1255 1229 1281 ¹[genere
1252 1245 1362 1273 dixisse
1384 1250 1497 1273 veteres
1521 1250 1649 1281 constat,
1678 1251 1711 1273 ut
1734 1244 1848 1284 lupum,
1877 1253 1981 1274 metum
2004 1246 2050 1275 fe-

116 1285 236 1316 minino.
274 1286 416 1324 Exempla
439 1292 506 1325 pete
529 1298 544 1315 a
567 1287 673 1315 Nonio.
712 1288 769 1316 Sed
793 1287 869 1315 male
893 1287 941 1315 hic
964 1287 1039 1315 duas
1065 1289 1094 1315 C.
1117 1287 1244 1315 Gracchi
1267 1288 1413 1315 orationes
1436 1298 1451 1315 a
1474 1288 1559 1316 Festo
1581 1283 1697 1316 laudari
1719 1293 1861 1326 putarunt
1881 1288 1938 1316 vlri
1959 1288 2049 1325 docti,

116 1338 183 1356 cum
204 1328 240 1356 de
265 1338 320 1356 una
343 1333 456 1357 tantum
480 1331 590 1357 mentio
614 1329 691 1357 sacia
714 1331 767 1366 sit,
796 1334 830 1357 ut
853 1330 963 1367 optime
986 1331 1102 1358 monuit
1124 1330 1264 1367 Scaliger.
1307 1330 1378 1358 Nam
1404 1340 1476 1368 quae
1498 1330 1528 1357 in
1550 1329 1607 1358 sine
1630 1330 1781 1368 leguntur:
1804 1329 1890 1366 Item,
1914 1337 1965 1360 etc.
1990 1341 2050 1359 non

114 1370 208 1407 Festi,
233 1371 283 1399 sed
308 1371 434 1399 Gracchi
457 1372 546 1400 verba
570 1376 639 1400 sunt
663 1382 698 1400 ex
720 1372 781 1400 eius
804 1372 937 1400 oratione
960 1372 990 1400 in
1015 1372 1045 1401 Ρ.
1070 1372 1212 1411 Popilium
1237 1373 1410 1410 posteriore.
1455 1371 1542 1408 Item,
1566 1373 1662 1410 inquit
1687 1372 1853 1408 Gracchus,
1877 1383 1942 1400 cum
1964 1371 2049 1410 idem,

113 1413 232 1452 (nempe
254 1414 399 1451 Popilius)
423 1415 452 1442 in
473 1412 613 1454 populum
636 1421 662 1442 et
685 1422 836 1443 matronas
858 1415 900 1442 ait
923 1414 980 1453 (sic
1003 1415 1112 1453 optime
1137 1415 1271 1443 correxit
1293 1415 1438 1452 Scaliger,
1461 1425 1527 1443 cum
1553 1415 1626 1443 male
1650 1415 1698 1443 alii
1722 1416 1750 1443 in
1766 1413 1911 1453 Popilium
1934 1422 1958 1442 et
1975 1414 2050 1442 ,Ma-

112 1454 242 1493 thonem)
264 1466 295 1484 eo
318 1455 453 1495 exemplo
475 1457 607 1486 instituto
631 1455 737 1496 dignus
757 1456 825 1498 fuit
855 1458 907 1496 qui
935 1456 1015 1485 malo
1044 1468 1128 1486 cruce
1153 1458 1265 1496 periret.
1296 1457 1384 1486 Dac.
1429 1457 1511 1485 Facit
1532 1457 1614 1489 l.51.
1638 1457 1667 1485 in
1691 1457 1738 1485 sin.
1762 1456 1790 1485 ff.
1816 1457 1851 1485 de
1874 1456 1954 1486 verb.
1976 1457 2048 1494 sign.

114 1497 208 1527 Dixit
232 1496 392 1527 Gracchus.
424 1499 519 1527 Huius
543 1499 685 1527 orationis
708 1499 841 1528 meminit
865 1499 977 1528 Gellius
995 1499 1066 1535 Vll,
1089 1509 1114 1527 c.
1132 1502 1178 1530 19.
1203 1498 1288 1528 Malo
1312 1511 1402 1528 cruce.
1427 1499 1491 1528 Vid.
1517 1500 1589 1528 Non.
1613 1500 1641 1527 in
1667 1498 1750 1528 Crux·
1771 1498 1848 1537 (pag.
1864 1499 1953 1535 195.).
1984 1498 2050 1527 Po-

112 1541 269 1570 steriorem.
306 1540 482 1570 Posteriore.
518 1540 611 1570 Hunc
635 1540 778 1570 Frontem.
818 1541 885 1570 Vid.
910 1551 998 1579 supra
1021 1541 1164 1569 Frontem.
1199 1540 1291 1569 Hunc
1313 1542 1438 1578 stirpem.
1478 1542 1541 1570 Vid.
1563 1542 1640 1570 infra
1664 1541 1796 1581 Specum.
1832 1541 1896 1569 Vid.
1921 1541 2049 1569 Nonium

113 1581 192 1622 (pag.
205 1581 292 1621 226.)
317 1583 347 1610 in
369 1585 494 1622 stirpem.
524 1582 615 1612 Hanc
638 1590 753 1612 metum.
784 1583 848 1611 Vid.
871 1583 939 1613 infr.
956 1583 1061 1611 Metus.
1090 1583 1164 1611 Non.
1181 1585 1277 1620 (214.)
1292 1584 1320 1611 in
1337 1583 1456 1613 Metam.
1488 1583 1579 1613 Hanc
1602 1583 1709 1622 lupum.
1737 1584 1811 1612 Vide
1836 1593 1916 1621 supr.
1936 1583 2049 1622 Agnus.

115 1623 220 1654 Goth.
260 1624 441 1654 masculina.
484 1625 608 1653 Videtur
636 1625 736 1653 deesse
766 1623 906 1662 ἀρσενικὰ
936 1626 986 1655 καὶ
1012 1622 1132 1663 θηλυκά
1160 1625 1271 1653 dicunt.
1301 1624 1389 1654 Ant.
1412 1625 1506 1664 Aug.
1548 1626 1669 1654 Constat
1699 1626 1774 1654 enim
1805 1629 1832 1654 et
1862 1630 1976 1653 veteres
2007 1625 2050 1654 di-

112 1667 191 1695 xisse
215 1667 332 1695 nomina
354 1667 453 1696 virilia
477 1672 506 1696 et
526 1667 698 1703 muliebria,
724 1672 757 1695 ut
779 1668 884 1697 Varro.
923 1667 995 1695 Item
1020 1667 1138 1695 nomina
1160 1667 1254 1695 virilis
1277 1671 1305 1695 et
1326 1667 1479 1696 muliebris
1502 1678 1598 1696 sexus.
1640 1669 1742 1696 Deesse
1764 1669 1793 1695 in
1816 1667 1872 1695 fine
1895 1667 1967 1696 haec
1990 1677 2048 1696 uon

114 1709 251 1737 dubium:
283 1710 333 1747 qui
358 1720 417 1738 non
441 1707 569 1748 ἀνδρικά
592 1711 641 1740 καὶ
663 1713 813 1750 γυναικεῖα
836 1720 885 1746 ea,
915 1709 965 1738 sed
989 1705 1131 1748 ἆρῥενικιέ
1154 1709 1202 1738 καὶ
1223 1707 1342 1747 θηλυκά
1364 1715 1481 1738 vocant.
1512 1708 1611 1738 Scal.
1658 1710 1759 1738 Melius
1781 1720 1817 1737 ex
1839 1710 1915 1738 Festi
1939 1709 2049 1738 iudicio

112 1750 279 1781 masculina
300 1756 328 1780 et
340 1751 493 1792 feminina
516 1752 675 1789 dicuntur,
698 1752 861 1781 secundum
887 1753 1068 1781 Graecorum
1089 1751 1351 1787 consuetudinem,
1377 1752 1429 1790 qui
1451 1763 1484 1780 ea
1507 1762 1566 1780 non
1590 1750 1718 1789 ἀνδρικά
1740 1752 1758 1780 i.
1779 1762 1802 1781 e.
1824 1750 1925 1781 virilia
1946 1757 1976 1781 et
1996 1764 2050 1792 yv-

113 1797 228 1825 ναικεῖα
250 1795 269 1822 i.
287 1804 311 1822 e.
334 1793 505 1831 muliebria,
529 1795 582 1823 sed
604 1791 744 1833 ἇρῤενικά
766 1795 815 1825 καὶ
839 1793 960 1832 θηλυκά
985 1799 1106 1831 vocant,
1131 1794 1149 1822 i.
1169 1804 1192 1823 e.
1215 1793 1380 1823 masculina
1403 1799 1432 1822 et
1444 1793 1605 1836 feminina.
1650 1793 1733 1823 Dae.

277 1836 474 1865 Matronis.
521 1837 614 1866 Verba
638 1838 714 1866 Festi
745 1848 781 1867 ex
803 1837 889 1866 Pauli
914 1838 1040 1876 epitome
1064 1837 1266 1874 cognovimus.
1309 1837 1381 1865 Item
1406 1847 1440 1865 ex
1466 1836 1548 1865 Livio
1570 1836 1620 1865 lib.
1636 1836 1668 1866 V.
1693 1841 1813 1875 apparet
1835 1836 1880 1865 bis
1901 1840 2050 1865 matronas

114 1889 219 1907 aurum
244 1879 419 1916 contulisse,
444 1880 521 1908 Veiis
545 1890 560 1908 a
584 1880 708 1909 Camillo
731 1881 842 1918 captis,
874 1885 901 1908 et
926 1880 997 1909 urbe
1021 1890 1035 1907 a
1059 1879 1225 1908 Senonibus
1247 1884 1330 1917 capta
1354 1884 1469 1917 praeter
1493 1879 1679 1917 Capitolium.
1724 1878 1853 1918 Apollini
1876 1883 1973 1906 autem
1997 1877 2050 1905 do-

113 1932 184 1950 num
208 1921 338 1960 Delphos
360 1927 474 1951 cratera
497 1933 585 1951 aurea
607 1927 725 1961 portata
748 1928 792 1951 est
814 1923 850 1950 ob
873 1922 1027 1951 decumam
1052 1924 1129 1957 voti,
1160 1932 1218 1960 quo
1241 1932 1271 1949 se
1295 1921 1509 1950 damnaverant
1531 1921 1609 1950 Veiis
1633 1921 1736 1959 captis.
1781 1920 1923 1950 Matronis
1946 1928 2049 1948 aurum

113 1965 282 1994 restitutum
306 1965 380 1992 dicit
401 1965 450 1993 lib.
463 1965 510 1994 VI.
533 1964 683 1994 Plutarch.
706 1967 736 1994 in
760 1965 884 1994 Camillo
909 1965 978 1993 doni
1002 1965 1132 2003 Apollini
1155 1964 1244 1992 dicati
1267 1964 1409 1993 meminit.
1433 1964 1508 1992 Plin.
1530 1963 1581 1993 lib.
1593 1963 1735 1993 XXXIII.
1759 1966 1865 2001 cap.1.
1889 1961 1920 1990 id
1944 1970 2049 1989 aurum

114 2008 143 2036 in
168 2007 244 2035 lovis
269 2007 360 2035 caella
384 2008 523 2036 collatum
547 2009 686 2036 mansisse
709 2008 829 2046 scripsit
851 2007 887 2035 ad
911 2008 1083 2045 Pompeium
1106 2008 1253 2043 Magnum.
1285 2006 1357 2035 Vide
1380 2005 1509 2036 Pilemis.
1533 2006 1620 2036 Ant.
1641 2005 1734 2045 Aug.
1765 2004 1856 2042 Magis
1880 2004 2048 2038 odoramur,

114 2050 186 2088 quid
209 2050 306 2078 voluit
329 2051 446 2086 Festus,
470 2061 558 2088 quam
582 2056 614 2078 ut
636 2050 724 2078 verba
748 2051 776 2078 in
800 2055 954 2078 numerato
977 2050 1064 2078 edere
1085 2050 1242 2088 possimus.
1266 2046 1366 2078 Scal.
1396 2048 1545 2077 Matronis
1566 2058 1668 2076 aarum
1691 2045 1844 2077 redditum.
1870 2045 1920 2074 Bis
1942 2055 2048 2075 aurum

114 2097 263 2121 niati-onas
287 2093 446 2120 contulisse
469 2093 556 2121 docet
580 2093 699 2128 Livius,
725 2093 813 2121 semel
838 2093 931 2131 captis
948 2091 1042 2129 Veiis,
1066 2097 1098 2120 ut
1120 2092 1187 2120 inde
1211 2096 1313 2120 votum
1330 2091 1461 2129 Apollini
1483 2090 1641 2120 solverent.
1668 2089 1730 2117 Liv.
1745 2089 1779 2118 V.
1801 2098 1863 2126 cap.
1876 2088 1927 2120 25.
1948 2092 1977 2115 et
1997 2089 2046 2119 28.

114 2141 143 2164 et
165 2136 271 2164 iterum
297 2141 327 2162 ut
352 2146 463 2163 sumnia
488 2140 591 2173 pactae
613 2135 758 2163 mercedis
782 2135 873 2163 Gallis
900 2134 1055 2169 confieret,
1091 2144 1149 2172 qua
1172 2134 1279 2162 adduci
1302 2143 1331 2161 se
1354 2143 1440 2172 posse
1464 2132 1618 2167 dicebant,
1651 2136 1683 2160 ut
1706 2130 1843 2169 Capitolii
1866 2129 2047 2159 obsidionem

113 2178 329 2216 relinquei·enl;
354 2177 430 2206 idem
455 2180 581 2216 cap.50.
612 2177 757 2206 Man-onis
770 2198 859 2207 .....
871 2185 900 2206 1ο
923 2177 972 2205 aii.
1013 2176 1101 2212 Quod
1123 2177 1206 2205 initio
1231 2176 1326 2211 deest,
1350 2176 1389 2204 ita
1413 2175 1625 2214 supplendum:
1647 2172 1795 2203 ,Matronis
1817 2183 1919 2201 aurum
1943 2170 2046 2200 recidi-

113 2228 173 2249 tum
195 2221 301 2250 Ateius
326 2218 430 2258 Capito
453 2222 504 2248 ait.
544 2220 616 2248 Vide
640 2218 762 2248 Pilentis
785 2225 813 2248 et
838 2220 898 2249 Liv.
922 2219 970 2247 lib.
985 2219 1016 2248 V.
1041 2229 1104 2258 cap.
1119 2220 1168 2250 25.
1192 2221 1244 2250 28.
1269 2223 1296 2246 et
1320 2220 1371 2249 50.
1398 2216 1546 2257 Apolloni
1567 2220 1664 2245 autem
1685 2226 1742 2254 pro
1764 2213 1905 2254 Apollini
1926 2215 2046 2251 nunqua

113 2263 262 2292 scribendi
285 2263 508 2292 consuetudine.
552 2262 599 2290 Sic
621 2262 650 2289 in
674 2272 757 2290 aereo
781 2263 969 2290 numismate:
995 2259 1143 2300 Apolloni
1166 2260 1286 2290 Sancto.
1329 2259 1417 2289 Dac.

276 2305 416 2334 Muta..
432 2327 437 2333 .
452 2327 458 2333 .
490 2303 548 2343 (Ad
572 2314 636 2343 pag.
652 2302 734 2344 171.)
767 2303 1040 2343 Interpretationem
1065 2303 1220 2333 desiderat.
1264 2302 1352 2332 Ani.
1374 2301 1470 2340 Aug.
1787 2340 1792 2345 .

276 2348 387 2375 Mina.
433 2348 576 2384 Distingui
600 2346 716 2375 videtur
738 2347 815 2375 inter
838 2347 943 2375 minam
967 2346 1172 2383 singulariter,
1204 2355 1290 2383 quam
1315 2344 1419 2373 Graeci
1441 2353 1529 2371 mnan
1553 2342 1673 2380 dicunt,
1704 2346 1733 2370 et
1755 2350 1855 2370 minas.
1914 2378 1919 2384 .
2008 2377 2014 2383 ι
2037 2377 2043 2384 ·

112 2395 227 2419 veteres
250 2400 458 2427 nonnunquam
484 2391 587 2418 asserit
612 2389 687 2417 mina
712 2399 766 2427 pro
790 2389 889 2425 minis,
921 2394 949 2417 et
972 2388 1089 2417 Catonis
1112 2388 1278 2427 exemplum
1303 2387 1398 2416 ass'ert.
1426 2385 1511 2415 Ant.
1533 2384 1628 2424 Aug.
1671 2383 1756 2414 Mina
1776 2378 1960 2420 singulssnm'
1982 2374 2043 2405 ‘²¹⁶¹

1515 2436 1637 2469 Sss*

1901 2336 1953 2365 Vel
1975 2344 2042 2364 usos
