2263 2668
867 163 955 197 LlB.
982 161 1024 195 11.
1067 161 1211 196 SEGM.
1237 162 1297 196 111.
1973 165 2047 199 137

89 258 180 302 quasi
207 253 418 302 passivam¹⁴‚
458 257 569 299 soleo,
595 256 717 290 solitus
742 268 828 290 sum.
890 255 938 290 M
959 260 1034 289 ante
1062 267 1100 288 eo
1127 256 1236 300 posita
1268 256 1411 300 primam
1445 258 1533 303 regit
1571 257 1860 303 coniugationem,
1895 259 2041 304 speciem

86 310 275 355 perfectam
291 314 311 325 ¹⁰
351 309 410 342 avi
436 309 578 349 faciens,
612 314 648 341 ut
674 319 807 350 remeo,
844 319 1013 348 commeo,
1049 308 1222 348 remeavi,
1258 310 1458 342 commeavi.
1519 309 1598 343 Hoc
1624 314 1734 342 tamen
1761 310 1844 343 scire
1871 310 2041 351 debemus,

87 362 246 406 quoniam
270 358 281 376 ‘⁵
320 360 430 393 omnia
464 360 565 392 verba
593 370 612 392 e
638 366 714 393 ante
741 372 760 393 o
794 359 952 392 habentia
986 359 1151 391 secundae
1179 359 1240 391 sint
1267 357 1525 393 declinationis¹⁷
1558 373 1691 395 necesse
1718 365 1782 402 est,
1818 367 1960 407 excepto
1990 374 2040 403 eo,

86 413 135 454 is,
170 413 214 453 it,
250 416 283 445 et
316 412 381 444 illis
415 422 633 454 quaecunque
667 412 708 444 ab
735 411 804 445 hoc
835 411 938 444 verbo
963 410 1085 442 fuerint
1111 416 1233 448 tracta,
1271 422 1358 454 quae
1391 412 1501 444 omnia
1535 414 1653 446 tertiae
1687 413 1894 457 productae,
1930 413 1964 446 id
1992 420 2040 447 est

86 469 227 508 quartae
253 463 494 507 coniugationis
525 467 615 503 sunt,
654 468 787 507 praeter
814 463 882 495 (luo
908 461 1036 506 primae
1063 461 1322 506 coniugationis,
1355 473 1441 505 quae
1467 475 1565 507 supra
1591 464 1706 509 posui,
1739 475 1856 497 remeo
1883 470 1916 498 et
1942 476 2037 498 com-

85 526 175 548 meo.
227 514 267 548 Ν
289 521 363 547 ante
391 525 430 546 eo
456 513 612 546 habentia
640 511 768 547 verba1²3
793 514 818 547 si
845 514 991 546 venerint
1018 525 1036 545 a
1064 513 1166 545 verbo
1195 524 1252 553 eo,
1288 513 1372 546 sicut
1398 526 1497 558 supra
1523 516 1638 559 posui,
1664 516 1779 548 tertiae
1806 521 1879 549 sunt
1905 516 2037 560 produ-

87 571 178 607 ctae,
211 566 245 598 id
282 571 330 598 est
361 570 499 608 quartae
533 566 791 610 coniugationis,
826 565 938 609 specie
971 564 1124 608 perfecta
1150 564 1273 597 facient
1304 565 1340 597 vi
1365 566 1418 597 vel
1452 566 1496 605 ii,
1532 572 1568 599 ut
1594 567 1692 609 ineo,
1729 567 1812 607 inis,
1846 567 1945 611 inivi,
1979 569 2033 601 vel

85 618 167 661 ἕντῆς
193 618 298 649 sinon
320 617 477 656 venerint,
505 617 671 649 secundae
699 622 793 649 erunt
819 616 1069 661 coniugationiS,
1095 616 1155 648 nui
1185 616 1338 649 facientia
1364 616 1397 648 in
1423 616 1533 661 specie
1555 618 1716 662 perfecta,
1746 629 1877 660 moneo,
1904 631 2032 660 mones,

85 668 212 702 monui.
256 668 288 701 O
307 674 381 700 ante
403 679 441 700 eo
468 668 627 700 habentia
643 669 758 701 tertiae
784 668 980 712 productae,
1007 667 1108 700 idest
1134 672 1271 710 quartae
1298 672 1372 700 sunt
1399 668 1658 712 coniugationis,
1685 669 1720 701 vi
1745 669 1797 702 vel
1825 670 1850 703 ii
1875 670 2030 704 facientia

83 720 118 752 in
145 720 257 764 specie
282 720 453 764 perfecta,
481 725 516 751 ut
544 731 643 760 coeo,
672 720 759 760 cois,
787 720 883 760 coivi,
910 719 964 752 vel
992 719 1066 752 coii.
1116 718 1153 751 P
1174 718 1262 751 hanc
1289 719 1432 751 litteram
1460 725 1534 752 ante
1562 732 1600 753 eo
1626 721 1765 753 verbum
1784 718 1943 754 habens¹⁹
1964 734 2029 755 nou

83 771 230 815 repperi.
294 770 326 817 Q
354 770 442 803 hanc
469 782 604 813 quoque
639 771 782 803 litteram
809 776 884 804 ante
911 782 949 803 eo
976 781 1135 814 nusquam
1163 771 1307 814 repperi.
1367 771 1403 803 R
1429 770 1516 804 haec
1543 771 1649 805 littera
1676 777 1751 805 ante
1778 783 1817 805 eo
1843 773 1952 817 posita
1977 786 2030 807 se-

84 823 215 857 eundae
241 823 481 866 coniugationis
507 823 610 855 verba
636 820 772 867 regit²⁰‚
799 823 855 855 rui
878 822 1000 856 faciunt
1025 822 1058 854 in
1084 821 1196 865 specie
1222 821 1391 865 perfecta,
1425 833 1548 862 careo,
1576 834 1693 865 cares,
1728 824 1837 857 carui.
1890 825 2028 859 Tertiae

82 873 287 918 productae,
313 875 348 907 vi
374 874 428 906 vel
455 874 479 906 ii
489 870 532 914 ²¹,
559 880 594 906 ut
614 885 742 919 pereo,
764 875 882 918 peris,
911 874 1045 918 perivi,
1072 873 1127 905 vel
1151 873 1252 918 perii.
1313 872 1344 906 S
1367 877 1442 906 ante
1469 885 1508 906 eo
1529 874 1637 918 posita
1663 886 1764 908 unum
1790 877 1925 920 repperi
1952 888 2028 911 ver—

82 926 165 959 bum
203 926 318 958 tertiae
351 925 556 969 productae,
590 925 636 958 ivi
662 926 715 957 vel
742 926 766 958 ii
792 926 914 958 faciens
940 926 973 957 in
1000 924 1111 969 specie
1144 924 1316 969 perfecta,
1350 928 1507 967 transeo,
1540 926 1700 967 transivi,
1727 927 1781 959 vel
1807 929 1940 961 transii.
1999 930 2031 962 T

81 976 172 1010 hanc
198 977 339 1009 litteram
368 982 443 1009 ante
470 973 541 1009 eon
566 976 692 1014 inveni,
719 976 778 1008 sed
806 978 907 1009 verba
933 976 1097 1010 secundae
1124 976 1367 1020 coniugationis
1392 982 1581 1021 regentem,
1616 982 1649 1009 et
1675 978 1851 1011 facientem
1878 979 2025 1023 speciem

81 1029 268 1073 perfectam
295 1028 362 1068 tui,
390 1033 425 1060 ut
452 1029 562 1065 lateo,
591 1028 699 1064 lazui;
724 1032 847 1072 pateo,
874 1028 987 1073 patui.
1039 1027 1175 1060 Tertiae
1201 1027 1405 1071 productae,
1441 1028 1476 1060 id
1504 1032 1551 1060 est
1577 1034 1713 1071 quartae
1740 1029 2025 1075 coniugationisffi,

82 1080 109 1112 si
134 1080 302 1112 inventum
329 1079 445 1119 fuerit,
473 1079 580 1111 veniet
605 1091 625 1111 a
652 1080 755 1111 verbo
783 1091 838 1122 co,
867 1080 911 1119 is,
945 1084 977 1112 et
1003 1079 1103 1112 faciet
1128 1076 1206 1111 i1vi²⁴
1232 1079 1286 1112 vel
1313 1079 1338 1111 ἰί
1362 1079 1395 1111 in
1421 1079 1534 1123 specie
1559 1080 1718 1123 perfecta.
1770 1082 1855 1114 Nam
1890 1081 2023 1130 [1482]

81 1131 166 1164 sicut
190 1136 265 1164 ante
291 1130 410 1171 docui,
439 1141 458 1163 e
484 1135 558 1162 ante
586 1142 605 1163 o
630 1131 731 1163 verba
758 1130 914 1163 habentia
940 1131 1050 1163 omnia
1076 1130 1242 1164 secundae
1268 1135 1342 1163 sunt
1367 1131 1619 1175 coniugationis,
1647 1137 1787 1176 excepto
1812 1134 1915 1166 verbo
1925 1131 1950 1151 ²⁵
1973 1146 2023 1176 eo,

80 1183 129 1224 is,
157 1187 189 1215 et
215 1183 241 1215 si
267 1182 348 1224 quid
375 1183 417 1214 ab
445 1193 485 1214 eo
512 1182 663 1215 nascitur.
717 1182 803 1214 Nam
830 1182 944 1215 tertiae
974 1187 1047 1214 sunt
1073 1182 1260 1226 productae
1287 1183 1547 1227 coniugationis‚
1573 1188 1707 1227 praeter
1731 1183 1798 1216 duo
1825 1185 1926 1218 verba
1952 1187 2024 1229 pri—

79 1245 156 1267 mae
183 1233 442 1278 coniugationis,
469 1244 555 1276 quae
582 1238 657 1266 ante
683 1234 791 1277 posui,
819 1245 981 1274 commeo,
1009 1245 1203 1271 commeas‚·
1227 1230 1386 1266 remeo²⁶.
1438 1234 1554 1267 Tertia
1581 1231 1699 1268 enim²⁷
1726 1241 1879 1279 correpta
1905 1238 2022 1271 coniu-

79 1285 173 1330 gatio
200 1296 239 1318 eo
266 1296 333 1317 non
358 1284 568 1325 terminatur,
602 1285 685 1331 sicut
712 1296 811 1329 supra
838 1286 1026 1318 monstravi.
1086 1286 1164 1318 Hoc
1197 1290 1308 1318 tamen
1342 1285 1426 1318 scire
1453 1285 1632 1327 debemus,
1667 1286 1758 1330 quod
1792 1287 1906 1320 tertiae
1939 1300 2023 1333 pro-

79 1336 203 1370 ductae
231 1336 481 1380 coniugationis,
508 1336 542 1368 id
564 1341 612 1369 est
639 1341 785 1379 quartae,
812 1342 945 1381 praeter
971 1337 1039 1369 duo
1065 1337 1167 1369 verba
1195 1337 1237 1369 ab
1266 1348 1305 1369 eo
1330 1334 1535 1378 venientiaffi,
1563 1338 1689 1382 species
1716 1338 1865 1382 perfecta
1890 1339 2021 1374 duobus

77 1392 206 1421 tantum
232 1387 341 1420 modis
366 1388 574 1428 terminatur,
610 1388 656 1421 ivi
683 1388 737 1420 vel
764 1388 796 1420 ἰί.
864 1387 898 1420 V
919 1388 1007 1421 hanc
1033 1388 1173 1421 litteram
1201 1393 1275 1421 ante
1303 1399 1342 1421 eo
1367 1388 1511 1432 positam
1537 1391 1675 1422 verbum
1703 1389 1828 1423 habens
1855 1392 2021 1426 secundae

77 1436 243 1484 repperi²⁹
268 1439 526 1484 coniugationis,
554 1440 699 1483 speciem
727 1440 913 1483 perfectam
940 1440 1063 1473 faciens
1089 1441 1151 1481 ivi,
1181 1440 1353 1483 conniveo,
1381 1441 1555 1484 connives,
1584 1438 1757 1475 connivi³⁰.
1810 1441 1947 1477 Cicero:
1979 1444 2021 1479 Sa·

77 1492 137 1536 qui
164 1492 260 1525 exire
285 1491 409 1532 velint,
437 1491 618 1524 connivere
638 1488 832 1536 possum³¹,
861 1497 893 1524 et
920 1502 1039 1534 ceveo,
1067 1502 1183 1533 ceum,
1212 1488 1328 1524 cet-1⁶³².
1381 1492 1527 1525 Persius:

304 1553 380 1595 An,
407 1553 574 1593 Romule,
603 1549 761 1586 ceves³³?

77 1601 124 1643 X,
157 1601 198 1646 Y,
228 1602 270 1644 Z,
296 1604 357 1638 has
384 1605 506 1638 litteras
533 1609 608 1637 ante
635 1615 674 1637 eo
700 1601 835 1637 verbam
860 1603 1019 1636 habentia
1043 1614 1205 1647 nusquam
1231 1602 1375 1647 repperi.

241 1670 274 1705 6.
329 1673 496 1715 Quoniam
523 1673 739 1715 sufficienter,
773 1677 808 1705 ut
835 1672 995 1714 arbitror,
1030 1671 1073 1705 de
1103 1672 1210 1705 verbis
1237 1682 1255 1705 e
1281 1676 1356 1703 ante
1381 1681 1401 1703 o
1428 1669 1628 1705 habentibus
1655 1671 1774 1715 docui,
1813 1682 2017 1717 consequens

1070 1797 1258 1827 scribendum
1281 1806 1340 1824 esse
1356 1795 1393 1824 ab
1408 1807 1440 1824 eo
1460 1797 1600 1825 venientia
1622 1798 1767 1827 sententia
1785 1799 1879 1831 docet.
1923 1801 2018 1831 Intel—

1070 1842 1205 1878 liguntur
1228 1839 1306 1867 enim
1326 1839 1416 1867 verba
1437 1839 1472 1866 ab
1496 1850 1528 1868 eo
1551 1840 1716 1878 composita
1739 1841 1842 1879 subeo,
1868 1841 1959 1880 abeo‚·
1981 1845 2018 1873 ad

1071 1892 1144 1921 quae
1159 1887 1256 1909 tamen
1272 1881 1390 1909 tertium
1412 1879 1485 1909 adeo
1500 1883 1754 1912 annumerandum
1772 1890 1842 1913 erat.
1877 1885 1919 1914 De
1934 1887 2019 1916 subeo

1070 1934 1158 1962 supra
1174 1924 1250 1952 dixit
1272 1922 1301 1962 9⁸.
1322 1924 1350 1955 4.
1374 1923 1422 1951 ubi
1447 1933 1461 1951 e
1478 1923 1548 1952 Cod.
1567 1923 1640 1953 subi
1661 1925 1708 1955 vel
1726 1925 1810 1956 subii
1830 1928 2019 1958 scribendum

77 1796 143 1827 Asc.
155 1798 186 1828 P.
216 1799 349 1829 Ceterum
365 1800 549 1831 Cod.11abet:
566 1802 686 1842 speciem
700 1799 860 1841 perfectam
877 1807 908 1828 ut
923 1810 1027 1835 remeo,

77 1850 166 1870 omm.
183 1851 234 1871 vv.
250 1842 436 1884 avifaciens.
451 1861 489 1865 --
514 1844 559 1882 16)
579 1844 722 1882 Quoniam
741 1844 848 1872 diserte
865 1843 936 1872 Cod.
950 1840 1029 1882 quod

77 1882 146 1910 Asc·
166 1883 198 1914 P.
221 1900 262 1906 -—·
307 1884 352 1923 17)
375 1884 596 1926 Coniugationis
618 1889 685 1916 Asc.
710 1887 738 1915 P.
762 1903 802 1909 —
848 1884 891 1924 18)
911 1885 945 1913 N
962 1891 1029 1912 ante

77 1935 109 1953 eo
128 1926 261 1964 posita.
282 1928 308 1955 si
326 1928 393 1956 Asc.
412 1929 439 1957 P.
477 1946 518 1951 —
563 1928 608 1969 19)
632 1928 755 1957 I-Iabens
774 1927 889 1957 verbum
906 1928 973 1955 Asc.
996 1927 1026 1954 P.

77 1983 116 1988 --
134 1968 182 2003 20)
198 1968 269 1998 Cod.
289 1975 442 2009 corrupte:
469 1982 565 2011 regens
579 1971 675 2001 verba.
690 1986 732 1993 ——-
769 1970 814 2009 21)
836 1970 947 1998 Tertiae
963 1978 1028 1996 vero

74 2007 237 2048 productae
254 2009 287 2039 id
302 2019 342 2040 est
361 2021 489 2052 quartae
511 2015 577 2042 Asc.
596 2015 626 2042 P.
640 2030 681 2036 —-
726 2014 773 2050 22)
787 2012 917 2042 Positum
934 2011 1027 2038 intru-

77 2051 153 2079 dunt
167 2051 196 2080 h.
214 2053 233 2081 l.
252 2053 317 2081 Asc.
337 2054 368 2083 P.
386 2071 427 2076 —-
469 2053 516 2096 23)
534 2057 590 2084 Vv.
606 2055 638 2084 id
654 2063 694 2084 cst
708 2062 828 2096 quartae
845 2052 1028 2091 coniugatio-

76 2094 122 2122 πίε
147 2094 248 2123 addidi
264 2105 278 2122 e
295 2096 368 2126 Cod.
388 2113 430 2118 —
473 2097 518 2134 24)
545 2097 592 2126 Vi
618 2097 664 2127 vel
685 2099 707 2126 ἰί
732 2099 798 2125 Asc.
817 2097 846 2124 P.
870 2093 924 2122 ibi
947 2091 992 2121 vel
1007 2093 1029 2120 ii

77 2136 147 2165 cod.
164 2153 206 2159 —
249 2137 296 2175 25)
317 2137 413 2167 Verbo
430 2139 511 2168 addit
527 2141 597 2169 Cod.
612 2156 654 2162 -—-
685 2142 730 2174 26)
744 2138 868 2167 Remeas
885 2136 915 2164 h.
928 2136 946 2165 l.
962 2134 1028 2162 add.

75 2179 144 2208 Asc.
160 2180 188 2208 P.
204 2195 246 2201 -
286 2179 334 2217 27)
350 2179 468 2220 Semper
489 2180 518 2210 h.
540 2183 560 2212 l.
583 2183 659 2211 male
679 2182 843 2218 interponit
860 2179 889 2206 P.
909 2194 950 2199 —
981 2176 1027 2214 28)

74 2221 162 2250 Hunc
181 2232 296 2250 omnem
312 2222 410 2251 locum
426 2223 466 2251 ita
480 2224 599 2253 exhibet
609 2224 697 2253 coda
713 2220 792 2263 quod
807 2218 1025 2259 rer-tiaeprodu-

75 2313 141 2336 cmc
164 2307 377 2345 coniugationis
403 2283 538 2336 ιἰἶιπεζιζιῖΓ
549 2282 595 2348 gaii
604 2281 714 2337 ‹ierrbtaae
743 2316 761 2333 a
772 2305 788 2334 b
811 2316 849 2333 co
871 2305 1026 2333 veniens

75 2349 201 2377 sciens
221 2348 357 2388 perfecto
381 2347 596 2379 ‹lu0h.1antum
621 2346 908 2378 mododissiihi
929 2345 975 2375 vel
995 2347 1025 2376 ι’ἰ.

78 2389 112 2419 V
129 2390 205 2420 hanc
229 2390 356 2419 linea-am
380 2396 435 2421 cet.
486 2393 581 2431 Supra
602 2392 711 2431 scripta
731 2390 782 2418 illa
803 2389 908 2429 putavi
932 2390 1028 2417 collo-

77 2434 172 2461 canda
199 2444 260 2462 esse
283 2439 351 2472 post
372 2444 401 2463 v.
427 2442 557 2475 quartae.
610 2436 666 2464 Pro
689 2443 718 2462 v.
749 2431 792 2461 ab
817 2444 853 2461 eo
876 2432 1030 2461 veniens

77 2485 242 2514 GRAMMAT.
265 2496 329 2514 LA‘r.
353 2485 375 2514 l.

1069 1966 1209 1997 vidimus.
1247 1965 1348 1994 Sciens
1365 1971 1463 1994 ortum
1479 1965 1599 1995 videtur·
1618 1977 1655 1995 ex
1674 1969 1747 1997 scies
1769 1971 1945 2009 compendio
1964 1983 2019 2011 pro

1071 2009 1187 2048 species.
1225 2008 1389 2036 Monstrum
1405 2008 1480 2036 illud
1497 2007 1689 2039 mododisiibi
1711 2011 1833 2041 videtur
1853 2013 2021 2050 significare

1071 2052 1100 2079 id
1118 2051 1196 2088 quod
1213 2051 1244 2078 in
1261 2050 1326 2080 Asc.
1343 2056 1371 2079 et
1387 2051 1415 2080 Ρ.
1433 2050 1560 2089 legitur:
1582 2051 1679 2081 modis
1696 2060 1714 2083 1.
1738 2050 1809 2094 (hoc
1827 2060 1869 2084 est
1882 2058 2021 2086 urmina-

1071 2092 1128 2130 τω)
1147 2094 1204 2128 ἰυί;
1227 2093 1284 2121 nisi
1299 2093 1373 2122 sorte
1391 2093 1520 2132 scriptor
1537 2094 1651 2123 voluit:
1674 2096 1877 2127 tantummodo
1890 2090 2020 2128 moslis't.

1070 2136 1104 2163 In
1117 2137 1182 2164 Asc.
1200 2140 1229 2164 et
1246 2136 1276 2164 Ρ.
1290 2135 1363 2164 haec
1382 2136 1480 2164 onmia
1498 2136 1540 2164 sic
1556 2137 1712 2174 leguntur:
1736 2138 1816 2179 quod
1834 2141 1935 2169 tertiae
1947 2153 2022 2181 pro-

1071 2176 1176 2207 ductae
1192 2178 1406 2218 coming-ationis
1423 2179 1530 2218 species
1547 2178 1680 2221 perfecta
1697 2179 1809 2210 duobus
1822 2189 1934 2212 tantum
1953 2195 2023 2213 mo-

1072 2219 1116 2248 dis
1132 2221 1302 2249 terminatur
1318 2222 1374 2257 iui,
1397 2222 1421 2249 ii
1435 2226 1489 2250 cet.
1507 2237 1548 2244 —
1590 2225 1635 2257 29)
1657 2221 1784 2262 Repperi
1798 2224 1941 2255 secundae
1956 2228 2021 2255 Asc.

1068 2263 1097 2292 P.
1110 2277 1152 2285 —
1195 2263 1242 2301 30)
1261 2263 1333 2291 Cod.
1349 2262 1497 2300 connibeo,
1520 2263 1666 2298 connibes,
1689 2265 1835 2295 contribui.
1850 2283 1892 2289 —
1919 2271 1963 2306 31)
1978 2269 2022 2297 Ci-

1070 2305 1183 2334 ceronis
1197 2305 1297 2333 locum
1314 2316 1374 2334 non
1392 2306 1503 2339 inveni,
1519 2316 1556 2334 ne
1570 2306 1649 2335 inter
1663 2307 1826 2345 fragmenta
1838 2310 1967 2348 quidem.
1982 2326 2023 2333 —

1069 2349 1114 2384 3⁴2)
1127 2348 1196 2376 cod.
1208 2359 1299 2385 ceven,
1312 2346 1401 2384 cebes,
1413 2347 1502 2377 cebui.
1514 2349 1556 2378 Cf.
1567 2349 1667 2388 paullo
1678 2349 1754 2379 infra
1763 2350 1789 2390 ξ.
1799 2355 1827 2383 7.
1838 2351 1927 2380 huius
1935 2363 2020 2389 segni.

1070 2405 1111 2412 --
1132 2388 1179 2430 33)
1191 2390 1306 2418 Persius
1316 2390 1336 2426 I,
1351 2392 1398 2421 87.
1408 2405 1450 2412 ·—-
1471 2389 1516 2430 34)
1526 2389 1595 2420 Has
1608 2392 1708 2420 addidi
1721 2403 1735 2421 e
1744 2394 1815 2422 Cod.
1831 2399 1859 2421 et
1870 2395 1935 2423 Asc.
1947 2395 2020 2421 Tum

1072 2440 1138 2461 ante
1157 2443 1188 2461 eo
1203 2433 1300 2471 posita
1319 2431 1405 2462 verba
1428 2431 1566 2462 habentia
1581 2433 1647 2464 Asc.
1660 2435 1691 2464 Ρ.
1702 2434 1802 2463 Posiia
1817 2436 1897 2463 abest
1919 2446 1933 2463 a
1949 2435 2020 2465 cod.

1590 2477 1614 2510 S
