2263 2668
506 150 571 184 DE
597 150 983 187 SIGNIFICATIONE
1010 151 1295 188 VERBORUM.
1347 154 1493 189 LIBER
1518 157 1614 192 XVI.
1962 160 2034 194 135

86 245 282 281 Rorarium
308 246 437 287 vinum,
481 244 574 289 quod
600 245 731 278 rorariis
758 246 908 280 dabatur.

87 297 246 343 Rogatio
272 301 337 339 est,
371 308 474 341 quum
501 297 649 341 populus
676 298 854 330 consulitur
881 298 924 331 de
950 307 1016 329 uno
1043 296 1236 339 pluribusve
1263 298 1474 342 hominibus,
1503 301 1596 344 quod
1623 312 1691 334 non
1719 302 1762 334 ad
1790 313 1904 336 omnes
1929 307 2034 348 perti-

188 353 266 382 neat
292 353 325 382 et
351 349 395 382 de
421 360 485 381 una
512 346 737 393 pluribusve³³
756 350 875 390 rebus,
914 349 957 382 de
985 347 1104 391 quibus
1131 359 1198 381 non
1225 351 1376 384 omnibus
1402 353 1574 386 sanciatur.
1627 354 1715 387 Nam
1743 354 1835 397 quod
1861 355 1895 387 in
1922 367 2036 390 omnes

188 399 341 434 homines
369 396 496 433 resve³¹
516 401 664 444 populus
690 400 799 442 scivit,
845 402 899 434 lex
924 399 1124 444 appellatur.

88 452 261 485 Romulus
288 448 354 485 et³⁵
373 452 508 485 Remus
533 464 553 484 a
579 453 717 493 virtute,
757 452 827 485 hoc
854 457 901 486 est
926 447 1082 485 robore³⁶
1105 451 1268 495 appellati
1295 458 1378 488 sunt.

89 499 277 537 Romam³¹
299 503 464 536 Romulus
492 503 536 536 de
561 514 621 536 suo
648 504 780 536 nomine
807 504 1007 549 appellavit,
1054 502 1113 535 sed
1140 502 1216 535 ideo
1238 504 1401 546 Romam,
1442 517 1506 538 non
1534 507 1733 547 Romuhm,
1775 513 1811 540 ut
1837 507 2037 553 ampliore&

191 555 346 588 vocabuli
373 555 561 599 significatu
586 555 801 599 prosperiora
827 556 954 600 patriae
981 565 1060 588 suae
1086 554 1298 590 ominaretur,

92 602 292 640 Romulia³⁹
312 606 415 639 tribus
442 606 549 645 dicta,
590 607 683 650 quod
711 618 751 640 ex
778 617 819 639 eo
846 618 930 652 agro
958 602 1219 647 censebantur-⁴⁰,
1255 618 1354 650 quem
1382 608 1547 641 Romulus
1573 605 1741 652 ceperat⁴¹
1765 621 1805 643 ex
1832 610 2035 647 Veientibus.

90 658 232 691 Rumex
257 668 362 702 genus
388 657 446 690 teli
473 658 577 690 simile
604 659 691 702 spari
720 658 852 692 Gallici.

92 709 276 742 Rumitant
285 705 310 725 ⁴²
333 709 578 753 rumigerantur
587 706 620 742 ⁴³.
673 710 833 742 Naevius:

465 760 578 793 Simul
605 761 697 794 alius
723 761 868 794 aliunde
893 760 1061 793 rumitant
1088 760 1178 792 iuter
1204 757 1322 793 sesen.

92 811 294 845 Ruminalis
326 807 448 844 dicta⁴5
475 817 523 844 est
555 812 655 853 ficus,
707 813 800 856 quod
833 813 894 846 sub
928 823 967 845 ea
1000 812 1119 844 arbore
1152 812 1233 855 lupa
1269 824 1448 845 mammam
1483 810 1646 847 dede1·it⁴⁰
1671 814 1780 847 Remo
1816 818 1848 846 et
1879 814 2037 847 Romulo.

197 862 348 895 Mamma
375 867 485 895 autem
512 864 612 896 rumis
621 860 646 880 ⁴⁷
666 864 803 906 dicitur,
836 864 925 897 unde
952 869 984 896 et
1010 863 1120 897 rustici
1147 863 1320 908 appellant
1346 863 1478 898 hoedos
1505 865 1695 907 subrumos,
1727 861 1818 908 qui⁴⁸
1838 865 1953 899 adhuc
1979 866 2038 898 sub

194 915 346 947 mammis
355 910 380 931 ⁴⁹
400 914 577 949 habentur.

93 966 234 1000 Rumen
260 970 309 999 est
333 977 411 1010 pars
437 967 535 1007 colli,
568 978 635 1010 qua
662 977 737 1000 esca
763 966 957 1007 devoratur,
991 961 1115 998 unde⁵⁰
1133 977 1264 999 rumare
1292 966 1486 1008 dicebatur,
1519 967 1613 1010 quod
1638 977 1726 1000 nunc
1750 968 1925 1001 ruminare.

95 1018 309 1051 Rumentum
336 1018 502 1061 abruptio,

97 1069 282 1115 Rhegium
315 1069 506 1113 appellatur
537 1068 572 1101 id
600 1068 831 1113 municipium,
879 1067 972 1111 quod
998 1068 1030 1100 in
1058 1067 1144 1100 freto
1171 1068 1305 1102 Siciliae
1333 1074 1398 1112 est,
1447 1070 1606 1113 quoniam
1632 1069 1668 1102 id
1694 1065 1746 1101 a⁵¹
1771 1069 1959 1114 rumpendo
1987 1069 2039 1101 di-

198 1125 289 1154 ctum
316 1125 364 1153 est
372 1117 408 1156 5².

96 1168 351 1206 Reclhibetur⁵³
372 1175 442 1204 tum
468 1171 504 1203 id
529 1171 667 1215 proprie
693 1167 857 1211 dicitur-⁵⁴,
902 1169 996 1213 quod
1022 1170 1190 1206 redditum
1218 1176 1265 1204 est
1290 1171 1604 1216 improbatumque,
1642 1171 1736 1214 quod
1764 1168 1830 1204 et⁵⁵
1853 1172 1910 1215 qui
1935 1170 2040 1212 dedit,

197 1219 342 1257 rursus⁵⁶
362 1227 497 1257 coactus
523 1228 572 1256 est
597 1222 725 1255 habere
750 1222 804 1264 id,
833 1221 926 1265 quod
954 1225 1029 1255 ante
1054 1219 1214 1255 habuitffl.

96 1271 286 1308 Redivia⁵⁸
308 1274 375 1307 sive
400 1270 605 1308 reluvium⁵⁹
624 1274 760 1316 dicitur,
787 1285 890 1318 quum
917 1273 1004 1307 circa
1031 1284 1159 1319 ungues
1168 1271 1193 1291 ⁰⁰
1214 1274 1297 1309 cutis
1324 1285 1359 1307 se
1385 1275 1502 1316 solvit,
1529 1274 1606 1318 quia
1627 1274 1777 1307 reluvere
1786 1270 1810 1290 ⁰¹
1832 1278 1881 1307 est
1902 1274 2039 1307 solvere.

97 1326 311 1360 Redhostire
338 1330 385 1359 est
411 1326 554 1371 gratiam
565 1322 590 1343 ⁰²
609 1326 754 1367 referre,
795 1337 872 1358 nam
899 1329 932 1358 et
959 1325 1089 1358 hostire
1115 1337 1179 1370 pro
1206 1337 1351 1370 aequare
1376 1331 1569 1371 posuerunt.

96 1377 194 1411 Reus
220 1377 328 1411 dictus
354 1375 435 1410 est⁶³
455 1389 474 1410 a
499 1389 552 1421 re,
588 1389 689 1421 quam
715 1377 866 1422 promisit
891 1387 932 1410 ac
959 1377 1070 1410 debet.

95 1429 193 1463 Reus
218 1428 408 1474 stipulando
436 1433 485 1462 est
494 1426 529 1472 ⁰4,
576 1429 633 1473 qui
659 1430 844 1474 stipulatur.
903 1428 995 1462 Reus
1021 1428 1250 1474 promittendo
1278 1433 1342 1471 est,
1388 1429 1446 1473 qui
1477 1439 1537 1463 suo
1564 1428 1698 1462 nomine
1724 1427 1817 1461 alteri
1843 1422 1957 1471 quid⁰⁵
1977 1437 2040 1471 pro

197 1481 303 1514 altero
328 1481 489 1525 promisit.

95 1532 201 1566 Ritus
223 1529 331 1565 ιιιιοεῧὃ
350 1533 405 1565 vel
432 1531 650 1566 consuetudo.
703 1531 786 1565 Rite
813 1536 922 1564 autem
949 1531 1115 1576 significat
1141 1533 1226 1565 hene
1252 1542 1293 1566 ac
1319 1527 1453 1566 rectem,

96 1584 310 1617 Reti-actare
337 1588 384 1616 est
410 1595 520 1617 rursus
545 1587 698 1616 tractare.

97 1634 262 1668 Rabidus
288 1647 307 1667 a
333 1635 443 1676 rabie,
477 1636 535 1678 qui
561 1635 696 1667 morbus
723 1633 857 1668 caninus
886 1637 944 1668 est.

98 1686 193 1719 Ravi
219 1686 341 1720 coloris
367 1682 623 1730 appellanturffl,
656 1686 714 1729 qui
741 1689 813 1718 sunt
838 1686 923 1718 inter
948 1684 1051 1717 flavos
1078 1689 1110 1717 et
1136 1685 1282 1725 caesios,
1316 1694 1400 1727 quos
1425 1683 1562 1717 Plautus
1588 1683 1739 1728 appellat
1764 1681 1969 1714 ravistellus.

473 1737 578 1783 Quis,
610 1738 733 1780 inquit,
767 1737 857 1770 haec
884 1732 966 1769 est⁰⁹
987 1736 1113 1769 mulier
1140 1740 1173 1769 et
1199 1736 1259 1769 ille
1284 1735 1485 1768 ravistellus
1510 1734 1569 1779 qui
1594 1731 1714 1768 venit?

97 1881 151 1898 nos
166 1870 196 1898 L.
211 1870 244 1899 B.
260 1870 353 1901 Gu.1.
374 1887 415 1892 —
437 1871 485 1910 38)
509 1871 668 1910 ampliore]
688 1872 832 1910 ampliori
846 1871 877 1900 L.
893 1871 948 1901 Gu.
962 1874 988 1902 1.
1001 1880 1047 1909 pr.
1091 1869 1172 1907 vulg.
1200 1886 1242 1890 —
1268 1868 1316 1906 55)
1341 1867 1425 1907 quod
1443 1868 1488 1906 et]
1513 1867 1595 1906 quod
1614 1879 1669 1898 om.
1690 1869 1719 1898 S.
1764 1874 1790 1895 et
1809 1877 1865 1896 om.
1880 1866 1911 1893 L.
1934 1881 1969 1886 —
1994 1864 2039 1903 56)

96 1929 138 1934 -
160 1913 208 1950 39)
232 1912 400 1953 Romulia]
422 1914 556 1942 Romala
575 1915 607 1943 L.
622 1915 655 1942 B.
675 1924 722 1952 pr.
754 1932 789 1936 —
817 1915 863 1949 40)
888 1914 1048 1941 cetiselmn—
1092 1911 1216 1949 rici-sus]
1242 1910 1378 1949 idemque
1399 1921 1476 1941 rur-9.
1497 1911 1536 1939 M.
1554 1912 1582 1941 S.
1611 1929 1653 1933 —
1680 1912 1729 1949 57)
1752 1907 1878 1946 habuit]
1900 1907 2040 1935 habuerit

95 1955 157 1994 tur]
182 1954 356 1983 censebatur
371 1955 401 1985 L.
420 1956 476 1985 Gu.
488 1959 515 1987 1.
537 1972 579 1978 —-
599 1957 645 1991 41)
666 1956 795 1996 ceperat]
819 1958 925 1996 ceperit
940 1957 970 1985 L.
1003 1966 1049 1983 οε-
1091 1954 1124 1982 Β.
1150 1970 1189 1976 --
1213 1957 1261 1989 58)
1282 1952 1427 1988 Ιίειίἰιίἀ]
1443 1953 1596 1982 Ιίειίἰνίιά
1610 1954 1641 1982 L.
1672 1954 1794 1982 Relirz'a
1805 1952 1839 1980 B.
1860 1966 1902 1972 —
1923 1947 1971 1990 59)
1995 1961 2040 1977 rz-

90 1999 140 2037 pit
154 1998 187 2027 B.
209 2013 252 2020 —
272 1996 318 2036 42)
342 1998 514 2037 Rumitant]
538 2000 710 2027 [luminant
728 2000 760 2028 B.
782 2016 823 2021 —
843 1999 892 2036 43)
915 1999 1049 2036 rumige-
1091 1995 1223 2034 lutiam]
1246 1995 1296 2025 Sic
1311 1995 1349 2026 M.
1368 1996 1423 2025 Gu.
1432 1998 1462 2027 2.
1478 1998 1505 2025 S.
1549 1996 1688 2025 reluvium
1701 1996 1733 2024 B.
1777 1993 1929 2022 rediviam
1942 1992 1975 2021 L.
1999 2008 2038 2013 -—

95 2039 222 2079 rantur]
245 2041 433 2079 rumigerunt
452 2041 482 2069 L.
497 2041 529 2071 Β.
547 2041 604 2070 Gu.
618 2045 648 2073 1,
673 2058 716 2064 —
743 2044 790 2077 44)
813 2041 890 2079 sese]
914 2052 944 2068 se
963 2041 995 2068 L.
1011 2040 1043 2068 B.
1088 2041 1132 2076 60)
1157 2049 1250 2077 quum
1268 2040 1352 2066 circa
1366 2038 1457 2077 unga]
1481 2040 1564 2067 circa
1583 2050 1656 2078 ung.
1670 2048 1761 2077 quom
1774 2038 1807 2066 B.
1829 2052 1870 2058 —
1892 2038 1937 2069 61)
1960 2035 2037 2063 relic-

95 2083 152 2113 Gu.
169 2085 196 2115 1.
213 2083 241 2110 S.
285 2082 392 2111 Verum
409 2087 452 2111 est
465 2082 546 2112 haud
561 2084 652 2113 dubie
667 2095 707 2113 se.
727 2100 770 2106 —
791 2083 839 2124 45)
862 2082 964 2120 dicta]
988 2093 1044 2110 om.
1088 2080 1172 2120 vere]
1194 2081 1243 2110 sic
1263 2081 1367 2120 scripsi
1384 2092 1399 2110 e
1414 2081 1546 2120 vestigiis
1562 2081 1627 2110 cod.
1644 2081 1700 2110 Gu.
1711 2084 1739 2113 2.
1750 2103 1757 2117 ‚
1783 2081 1814 2108 in
1829 2088 1889 2118 quo
1906 2083 1950 2106 est
1965 2077 2038 2105 (llu-

92 2125 126 2155 B.
149 2142 192 2148 -—-
212 2123 258 2163 46)
282 2124 412 2163 dederit]
434 2124 517 2154 dedit
542 2127 573 2154 L.
596 2127 652 2156 Gu.
668 2130 695 2158 1.
718 2136 766 2165 pr.
792 2142 832 2147 —-
860 2125 906 2164 47)
929 2124 1043 2163 rumis]
1089 2135 1168 2159 vere3
1199 2123 1288 2152 duero
1305 2124 1344 2153 M.
1393 2123 1467 2152 dure
1489 2125 1546 2154 Gu.
1562 2126 1589 2156 1.
1609 2134 1655 2162 pr.
1700 2122 1782 2151 (lura
1804 2123 1835 2150 L.
1851 2122 1883 2150 B.
1927 2121 2040 2148 reluere

93 2178 199 2196 rumas
212 2167 267 2197 Gu.
281 2170 308 2199 1.
330 2184 372 2189 —
394 2168 442 2203 48)
465 2170 529 2207 qui]
552 2170 628 2208 quia
641 2170 736 2199 Gu.2.
757 2185 799 2190 -
820 2165 868 2207 49)
891 2167 1044 2205 mammis]
1088 2167 1116 2196 S.
1141 2184 1176 2188 -—
1201 2164 1248 2207 62)
1269 2166 1424 2206 gratiam]
1448 2166 1492 2195 ad
1507 2168 1645 2206 gratiam
1662 2165 1692 2194 L.
1715 2182 1756 2187 —
1777 2165 1826 2203 63)
1851 2165 1908 2199 est]
1932 2173 1989 2192 om.
2006 2163 2036 2190 L.

93 2220 244 2238 mamma-s·
256 2210 289 2239 B.
322 2220 456 2238 mamma
469 2212 499 2240 L.
521 2228 555 2232 —
576 2214 624 2246 50)
647 2210 737 2249 mide]
753 2216 779 2238 et
796 2210 863 2240 add.
879 2210 909 2239 L.
931 2225 973 2231 —
995 2207 1045 2249 51)
1088 2219 1131 2247 pr.
1156 2225 1193 2230 —
1217 2206 1262 2248 64)
1285 2207 1347 2249 est]
1370 2208 1449 2237 idem
1469 2210 1536 2240 add.
1551 2209 1589 2241 M.
1607 2209 1663 2240 Gu.
1676 2210 1707 2239 2.
1752 2207 1787 2236 id
1801 2212 1844 2235 est
1858 2206 1924 2235 add.
1942 2206 1973 2235 Β.
1993 2215 2035 2243 pr·-

93 2253 129 2291 a]
155 2253 194 2281 ab
216 2252 250 2281 B.
269 2253 324 2283 Gn.
344 2255 370 2285 1.
391 2263 436 2292 pr.
458 2269 500 2274 —
522 2253 566 2290 52¹)
591 2252 707 2281 dictum
722 2252 782 2291 est]
805 2263 860 2282 om.
880 2253 913 2282 Β.
935 2268 977 2274 -—·
998 2253 1044 2291 53)
1089 2269 1127 2273 -—
1159 2252 1204 2287 65)
1235 2250 1329 2290 quid]
1362 2251 1445 2290 quod
1462 2253 1494 2281 L.
1527 2268 1568 2274 —
1602 2249 1652 2292 66)
1679 2251 1761 2289 mos]
1791 2255 1834 2278 est
1854 2259 1918 2277 mos
1936 2249 1965 2278 S.
1995 2263 2036 2268 —

91 2294 292 2333 Redhibetur]
315 2295 480 2324 Redtbetur
495 2296 550 2324 Gu.
563 2299 592 2328 2.
622 2295 770 2324 redibitur
787 2296 814 2323 [A.
834 2296 871 2323 M.
890 2296 1043 2333 Gu.1.pr.
1087 2293 1132 2333 67)
1161 2293 1230 2322 bene
1251 2304 1289 2322 ac
1309 2295 1399 2332 recte]
1424 2301 1500 2324 recte
1519 2306 1557 2324 ac
1578 2295 1647 2323 bene
1667 2294 1700 2322 B.
1731 2310 1771 2316 --
1803 2290 1852 2333 68)
1880 2290 2035 2331 appellan—

92 2338 122 2366 S.
155 2337 354 2367 Redlzibitum
369 2339 448 2377 vulg.
470 2354 513 2360 —
533 2340 580 2373 54)
603 2343 669 2366 tum
683 2337 775 2377 iclpr.
791 2337 917 2376 dicitur]
940 2337 989 2365 Sic
1003 2337 1042 2368 M.
1087 2336 1157 2375 tur]
1180 2336 1415 2376 appellabantur
1429 2339 1461 2367 B.
1487 2354 1524 2360 -
1548 2340 1593 2373 69)
1617 2336 1671 2375 est]
1695 2336 1762 2365 add.
1780 2335 1818 2363 M.
1836 2335 1890 2362 Gu.
1904 2337 1931 2364 2.
1977 2339 2031 2357 om·

93 2380 151 2409 Gn.
167 2383 194 2412 1.
211 2384 239 2413 2.
259 2390 306 2420 pr.
324 2382 352 2409 S.
402 2386 467 2409 tum
485 2391 588 2420 propr.
612 2380 728 2408 dictum
751 2387 793 2409 est
816 2382 846 2410 L.
895 2386 962 2408 tum
983 2389 1042 2409 om.
1086 2379 1166 2418 vulg.
