2263 2668
427 151 491 185 DE
519 151 792 187 VERBORUM
817 149 1206 188 SIGNIFICATIONE
1233 151 1546 190 FRAGMENTA.
1801 156 1874 190 273

100 245 213 290 gendo
241 250 349 278 autem
377 245 444 279 dici
470 245 568 278 etiam
595 247 735 280 scaenici
761 248 948 280 testimonio
974 250 1065 287 sunt,
1108 246 1163 289 qui
1190 251 1356 280 taxatores
1384 248 1555 289 dicuntur,
1592 248 1683 293 quod
1712 250 1795 282 alter
1822 251 1872 282 al-

99 303 206 330 terum
233 296 417 330 maledictis
441 298 556 342 tangit.
608 298 906 333 Tabernacula
933 298 1087 332 (licuntur
1114 310 1132 330 a
1160 298 1372 331 similitudine
1398 301 1628 342 tabernarum,
1656 312 1741 344 quae
1769 302 1871 346 ipsae,

99 348 192 392 quod
219 359 258 381 ex
284 348 404 381 tabulis
431 349 512 381 olim
540 349 679 390 fiebant,
707 349 815 384 (lictae
842 355 933 391 sunt,
960 361 1026 382 non
1053 353 1089 382 ut
1115 349 1251 392 quidam
1279 356 1412 394 putant,
1440 352 1532 395 quod
1560 352 1681 385 tabulis
1708 352 1869 386 claudan-

97 404 159 433 tur.
212 399 351 445 Tagit.
404 399 565 434 Pacuvius
590 400 623 432 in
645 401 798 436 Teucro:

199 459 254 493 Ut
280 471 376 505 ego,
415 460 447 493 si
473 460 689 503 quisquam
717 474 777 495 me
804 461 920 506 tagit.

98 524 133 553 et
156 524 279 564 tagam.
331 519 427 552 Idem
453 519 486 552 in
507 520 710 554 Hermiona:

199 580 280 612 Aut
305 590 384 612 non
412 589 596 621 cernam,
632 579 712 613 nisi
737 585 887 624 tagam.

97 639 166 672 sine
192 638 295 671 dnbio
322 640 456 682 antiqua
482 640 719 674 consuetudine
747 640 923 684 usurpavit.
954 649 1029 671 nam
1056 649 1144 672 nnnc
1172 650 1210 672 ea
1237 640 1307 672 sine
1333 640 1631 684 praepositionibus
1657 651 1723 674 non
1750 642 1870 675 dicun-

96 694 168 730 tur,
193 694 230 722 ut
257 690 416 735 contigit,
450 691 567 736 attigit.
619 689 876 724 Tablinum⁵
899 691 1050 735 proxime
1075 690 1203 723 Atrium
1231 691 1324 725 locus
1353 691 1492 733 dicitur,
1527 692 1619 735 quod
1646 693 1769 736 antiqui
1797 706 1868 726 ma-

96 741 249 786 gistratus
275 741 307 774 in
335 753 395 775 suo
419 742 561 787 imperio
587 743 717 776 tabulas
769 767 1021 777 .....
1073 740 1098 774 ⁶.
1117 739 1139 790 Η

261 793 420 826 Tabem
441 806 526 835 eam,
541 806 627 838 quae
642 795 768 828 faceret
786 795 968 835 tabescere,
990 793 1081 837 apud
1104 794 1256 836 antiquos
1270 789 1290 841 Η
1311 799 1512 837 usurpatum.
1541 794 1617 827 Sal·
1650 793 1750 840 [187.
1776 794 1864 840 188]

96 843 210 877 Iustius
237 855 372 888 quoque
399 845 611 889 frequenter,
652 851 688 879 ut
716 846 749 878 in
778 845 938 886 Catilina,
982 856 1057 878 cum
1085 846 1146 878 ait:
1193 844 1262 877 Uti
1296 845 1412 877 tabes
1446 845 1673 889 plerosque
1713 847 1866 879 civium

95 895 252 928 animos
284 896 506 930 invaserat.
564 899 609 931 Et
633 898 667 930 in
692 897 750 931 lib.
772 897 829 930 IV.
856 897 1084 929 historiarum:
1135 896 1217 937 Qui
1245 896 1411 939 quidem
1439 908 1540 937 mos,
1582 902 1623 929 ut
1649 898 1783 937 tabes,
1828 899 1867 930 in

93 945 248 979 Urbem
277 948 462 981 coierit*.
515 950 561 982 Et
582 949 797 982 Corvinius**
819 959 883 993 pro
909 948 1087 981 Liburnia:
1114 949 1295 992 Propter
1323 947 1433 980 hanc
1459 948 1594 980 tabem
1623 953 1746 990 atque
1773 960 1867 992 per-
1894 951 1947 990 ⁸91·
1966 959 2026 998 αξη-

94 998 245 1032 niciem
273 998 416 1032 domus
442 1000 583 1034 totius.
636 1000 832 1033 Tabellis
859 1011 922 1044 pro
950 999 1072 1033 chartis
1097 1000 1274 1032 utebantur
1301 999 1442 1042 antiqui,
1479 1000 1599 1042 quibus
1625 999 1711 1031 ultro
1739 1001 1821 1032 citro
1834 989 2040 1045 -ζ-,ηξῗοὲξρῃί-

93 1048 159 1082 sive
185 1050 358 1094 privatim,
385 1051 452 1084 sive
479 1052 616 1096 publice
643 1063 726 1096 opus
754 1056 841 1091 erat,
872 1052 1029 1084 certiores
1055 1052 1203 1084 absentes
1230 1050 1416 1089 faciebant;
1449 1051 1537 1083 unde
1565 1050 1678 1083 adhuc
1703 1051 1867 1083 tabellarii
1923 1053 2005 1080 fieius-

93 1099 248 1134 dicuntur
275 1107 308 1135 et
331 1103 473 1135 tabellae
499 1103 617 1137 missae
643 1104 685 1136 ab
711 1103 976 1148 imperatoribus,
1030 1103 1062 1135 T
1071 1115 1088 1135 a
1096 1114 1120 1148 g
1127 1115 1146 1135 a
1153 1114 1173 1135 x
1187 1101 1204 1123 ⁷
1227 1102 1423 1136 surunculus
1450 1114 1468 1134 a
1495 1102 1665 1147 tangendo
1676 1105 1722 1144 ††
1731 1129 1739 1145 ‚
1776 1103 1866 1136 cuius
1873 1088 2040 1156 ssssgstffgqgn‘j

92 1153 249 1186 vocabuli
270 1153 415 1187 Lucilius
441 1155 604 1188 meminit:
1892 1191 1900 1200 ι
1911 1191 1924 1215 f
1945 1156 2022 1217 {edun

192 1212 243 1245 Et
268 1215 449 1247 mutonis
476 1226 633 1247 manum
660 1215 931 1259 perscribere
944 1218 957 1233 *
983 1226 1082 1259 poss
1093 1225 1111 1247 e
1137 1218 1277 1258 tagem
1291 1217 1329 1247 *2
1876 1210 2037 1258 perscabere.

1892 1260 1933 1284 ‘'l'.
1948 1263 2022 1292 taga-

91 1271 231 1317 Tages
257 1274 392 1307 nomine
416 1273 516 1307 Genii
537 1275 639 1316 filius,
667 1285 774 1319 nepos
801 1275 904 1316 Iovis,
932 1286 1017 1319 puer
1043 1274 1164 1308 dicitur
1191 1273 1421 1318 discipulinam
1449 1272 1578 1305 dedisse
1601 1271 1755 1316 aruspicii
1779 1271 1865 1304 dno-
1929 1303 1988 1319 cem.

90 1322 198 1357 decim
225 1324 362 1369 populis
385 1326 547 1359 Etruriae.
607 1326 821 1368 Taminia,
864 1337 946 1359 uvae
972 1325 1134 1370 sylvestris
1160 1336 1283 1370 genuS,
1326 1324 1456 1357 videtur
1478 1324 1595 1357 Verrio
1623 1324 1732 1366 dicta,
1774 1323 1866 1366 quod

90 1378 156 1408 tam
183 1375 265 1408 mira
293 1377 347 1420 sit,
388 1388 488 1420 quarn
517 1377 663 1411 minium.
725 1378 856 1411 Talus
889 1378 921 1410 in
944 1377 1145 1410 Sabinorum
1172 1377 1360 1409 nominibus
1387 1375 1609 1420 praenominis
1636 1376 1714 1408 loco
1738 1374 1868 1407 videtur

81 1425 191 1462 fuisse.
244 1427 523 1462 Talentorum
556 1441 622 1462 non
649 1441 750 1462 unum
777 1441 893 1475 genus.
948 1429 1097 1462 Atticum
1126 1433 1175 1462 est
1201 1439 1256 1461 sex
1283 1428 1427 1461 millium
1454 1427 1635 1461 denarium.
1689 1425 1863 1458 Rhodium

82 1480 147 1520 et†
170 1477 410 1524 cistophorum
438 1486 582 1524 quatuor
609 1481 749 1514 millium
778 1486 810 1514 et
837 1481 1096 1526 quingentorum
1124 1480 1305 1514 denarium.
1358 1479 1621 1512 Alexandrinum
1647 1478 1776 1520 X11.††
1802 1470 2037 1532 destissiffiffim

82 1528 218 1563 narium.
270 1531 529 1576 Neapolitanum
562 1536 642 1566 sex*
670 1532 851 1565 denarium.
905 1533 1149 1576 Syracusanum
1181 1532 1281 1564 trium
1294 1535 1322 1549 **
1349 1530 1529 1563 denarium.
1584 1529 1778 1574 Rheginum
1813 1527 2036 1571 ‘'l-fifixllah.

83 1580 252 1619 ctoriati†.
307 1582 464 1616 Tamne
491 1594 532 1616 eo
559 1595 681 1627 usqne,
725 1589 760 1616 ut
781 1584 895 1617 Aelius
917 1584 1002 1617 Stilo
1030 1589 1063 1616 et
1086 1583 1220 1628 Opillus
1233 1585 1274 1622 -Η-
1296 1582 1451 1616 Aurelius
1477 1583 1740 1625 interpretantur.
1793 1579 1861 1612 Ita-
1872 1575 1916 1634 tf
1925 1582 1975 1634 fiel*
1979 1582 2036 1635 [ᾖ.

83 1642 150 1674 que
168 1632 342 1665 Afranius:
1924 1643 1991 1668 lium.

185 1682 343 1717 Tamne
370 1684 516 1718 arcula
542 1683 614 1718 tna
638 1686 763 1730 plena
790 1689 851 1718 est
877 1682 1151 1720 aranearum?
1871 1676 2036 1738 tifnliffiptnaa

83 1732 277 1767 Thaleae
309 1746 430 1769 nomen
457 1736 583 1770 dictum
611 1740 682 1769 est*
706 1737 765 1769 alis
790 1737 833 1769 ab
861 1738 974 1770 aetatis
999 1738 1083 1770 flore
1111 1738 1218 1778 aiunt,
1264 1736 1318 1769 alii
1346 1734 1438 1779 quod
1465 1733 1611 1767 carmina
1638 1744 1770 1777 semper
1795 1720 2033 1772 flo-ingvffiss„

84 1789 187 1819 reant.
240 1785 506 1831 Talipedare
532 1788 655 1832 antiqui
682 1788 839 1822 dicebant
864 1800 927 1833 pro
953 1790 1112 1823 vacillare
1138 1788 1282 1833 pedibus
1307 1785 1514 1824 lassitudine,
1558 1784 1650 1828 quasi
1677 1785 1734 1828 qui
1759 1780 2023 1840 trahit††{3u?pi·

84 1836 208 1880 pedes,
233 1842 270 1870 ut
296 1839 369 1871 talis
392 1839 543 1873 videatur
568 1840 734 1881 insistere,
762 1844 817 1872 ant
843 1840 1026 1875 identidem
1053 1841 1173 1873 tollere
1199 1839 1315 1884 pedes
1366 1837 1466 1870 Tam
1492 1836 1770 1881 significationem
1796 1834 1861 1868 ha-
1886 1849 1922 1875 ⁸5.
1941 1833 2005 1875 esse.

84 1888 160 1929 bet,
196 1899 272 1922 cnm
299 1889 472 1934 ponimus,
507 1891 765 1936 praepositivam
792 1892 980 1936 quandam,
1025 1892 1077 1926 cui
1106 1890 1336 1936 subiungimus
1362 1899 1497 1932 quam;
1540 1892 1575 1920 ut
1601 1898 1676 1921 cum
1704 1887 1860 1921 dicimus:

84 1943 152 1972 tam
179 1940 355 1985 egregium
382 1953 467 1986 opus
492 1947 560 1975 tam
587 1954 693 1988 parvo
718 1943 827 1988 pretio
855 1944 995 1983 venisse,
1013 1940 1034 1993 Η
1049 1943 1083 1976 id
1105 1948 1153 1976 est
1178 1943 1255 1982 sic,
1282 1945 1319 1975 ut
1341 1940 1433 1984 apud
1455 1939 1605 1973 Graecos
1627 1949 1714 1982 quo-
1750 1935 1858 1984 [189]

84 2001 151 2034 que
177 1989 289 2030 οὕτως
315 1989 469 2038 ἀγαθόν.
528 1994 612 2027 Item
647 2006 686 2028 ex
721 1995 885 2028 contrario
913 1996 943 2028 ei
971 1995 1129 2028 dicimus:
1173 2004 1274 2037 quam
1301 1992 1407 2025 malus
1429 1991 1614 2031 Homerus,
1656 1995 1723 2023 tam
1750 1990 1856 2022 bonus
2007 2035 2013 2041 ι

85 2041 276 2086 Cherylus*
297 2048 399 2088 poeta
425 2049 481 2078 est.
535 2047 581 2078 At
607 2046 730 2090 antiqui
757 2051 838 2078 tam
865 2046 964 2080 etiam
990 2058 1054 2091 pro
1080 2051 1220 2078 tamen
1246 2044 1294 2077 usi
1320 2049 1413 2083 sunt,
1451 2047 1487 2075 ut
1507 2041 1667 2075 Naevius:
1865 2034 1899 2060 'f-
1920 2034 2028 2094 ,σὲ-ΟΨ·

186 2093 322 2135 Quid*
349 2094 381 2128 si
406 2099 565 2138 taceat,
601 2097 698 2131 dum
724 2097 882 2139 videat,
916 2102 996 2131 tam
1024 2097 1147 2131 etiam
1174 2095 1297 2137 sciat,
1331 2093 1432 2139 quid
1458 2093 1661 2138 scriptum
1687 2091 1750 2125 sit.
1874 2104 1926 2130 ἀι.
1945 2104 2008 2135 Qui.

86 2209 196 2239 habent
217 2211 380 2243 Phinidae.
426 2213 473 2242 Ur
482 2224 504 2242 ε.
532 2232 570 2237 -
607 2215 637 2252 3)
660 2214 837 2243 Phoenissis
858 2224 949 2253 marg.
993 2217 1129 2244 nianum.
1158 2214 1237 2243 Urs.
1252 2230 1294 2235 —
1311 2213 1339 2250 6)
1356 2212 1411 2242 Hic
1425 2211 1527 2240 finitur
1543 2209 1751 2247 Fragmentum
1766 2207 1854 2237 Festi.

85 2252 160 2282 Ven.
185 2254 262 2283 Scal.
285 2271 328 2277 —
348 2254 380 2296 4)
410 2255 530 2295 Teu-at]
561 2256 691 2285 Verbum
715 2258 821 2293 iussit,
853 2262 949 2286 muta·
992 2258 1133 2296 Sequitur
1154 2256 1213 2285 iam
1235 2256 1348 2294 reliqua
1371 2265 1440 2295 pars
1462 2252 1638 2283 schedarum
1647 2262 1756 2291 ‚equae
1770 2250 1852 2290 apud

85 2295 184 2326 vimus
203 2296 234 2326 in
257 2299 305 2326 ius
326 2299 385 2334 sit,
421 2298 501 2337 quod
524 2299 554 2326 in
582 2300 678 2337 legum
708 2299 876 2338 fragmentis
906 2304 950 2329 est
991 2300 1185 2339 Pomponium
1206 2299 1328 2330 Laetum
1346 2297 1510 2332 exstabant,
1525 2295 1603 2324 Festi
1621 2295 1786 2333 fragmento
1800 2293 1853 2331 deq

88 2338 208 2378 antiquo
230 2341 320 2369 modo
343 2340 509 2378 scribendi,
533 2342 642 2371 IOVS.
668 2342 771 2371 SIET.
810 2342 890 2370 Urs.
907 2358 948 2364 —
990 2348 1111 2372 tractae.
1136 2358 1179 2364 —
1211 2340 1243 2383 7)
1262 2341 1357 2371 Lucili
1380 2349 1483 2370 versus
1503 2338 1544 2367 ita
1564 2337 1782 2367 emendandus:
1813 2334 1850 2364 Es

88 2381 117 2419 5)
142 2381 342 2423 Ταόἰίηιιηι.]
375 2384 416 2413 De
438 2383 529 2413 Atrio
559 2384 629 2414 vide
659 2394 749 2424 supra
775 2385 807 2414 in
830 2384 947 2413 Scribo-
988 2387 1122 2414 mutonis
1143 2395 1237 2414 manu
1254 2383 1428 2423 pet-scabere
1444 2392 1534 2422 posse
1555 2387 1704 2419 tagacem.
1730 2380 1806 2408 Urs.

139 2432 304 2464 GRAMMAT.
326 2445 392 2464 ιη.
413 2435 449 2464 Π.
1524 2433 1564 2466 Μ
1580 2444 1612 2465 m
