2263 2668
231 165 306 200 676
654 156 996 190 COMMENTARH
1022 157 1070 190 ΙΝ
1097 154 1242 190 PAULl
1267 155 1462 190 DIACONl
1488 156 1741 190 EXCERPTA

233 257 351 286 deduci.
383 252 496 291 Quodsi
519 251 622 278 Festus
645 259 660 275 a
683 247 859 277 succidendo
882 248 1019 288 scripsit,
1043 253 1076 277 ut
1099 253 1128 277 et
1150 248 1274 277 sortasse
1298 249 1381 285 fecit,
1403 259 1458 277 nae
1481 248 1517 276 ab
1541 259 1574 277 eo
1599 248 1790 277 libentissime
1813 248 1963 277 dissentio.
1988 248 2072 278 Dac.
2104 249 2167 279 Pa-

234 301 333 329 cuvius
355 299 393 327 in.
436 297 582 331 Integrum
604 291 726 319 Pacuvii
749 291 848 319 locun]
871 291 914 319 sic
938 291 1065 319 adduxit
1088 291 1189 319 Festus
1212 292 1241 319 in
1264 290 1390 320 serilla.-

845 340 907 370 Nec
930 340 993 370 ulla
1014 340 1134 370 subscus
1156 340 1269 370 cohibet
1291 352 1456 380 compagem
1479 340 1555 370 alvei

846 382 905 412 Sed
926 391 992 412 suta
1015 382 1076 412 lino
1099 391 1124 411 et
1147 384 1268 423 sparteis
1289 383 1442 412 serillibus.

230 431 340 461 Idem.

394 468 465 498 Sub
489 479 638 498 corona.
685 467 751 495 Vid.
776 466 849 495 Gell.
874 467 923 495 lib.
938 468 997 497 VH.
1021 467 1108 497 Ant.
1131 467 1227 506 Aug.
1263 468 1371 496 Versus
1394 467 1505 496 Plauti:
1530 467 1641 497 Praeco
1664 468 1706 497 ibi
1728 467 1805 496 adsit
1829 479 1892 497 cum
1916 479 2041 497 corona:
2066 468 2170 507 quique

229 515 329 549 liceat,
362 519 469 542 veneat.
500 509 602 540 Scal.
649 510 791 548 Exempla
814 510 923 548 passim
947 510 1027 548 apud
1050 509 1215 539 historic-os.
1263 511 1350 544 Quod
1380 511 1463 538 addit
1489 510 1565 538 infra
1588 511 1618 539 id
1641 511 1754 548 signum
1779 512 1868 539 fuisse
1890 510 1963 539 nihil
1987 511 2129 548 praestari
2153 522 2169 538 a

227 556 357 596 populo,
388 553 541 582 confirmat
566 553 639 581 Gell.
663 553 713 581 lib.
729 552 792 580 VII.
817 562 882 591 cap.
896 554 942 588 4.‚
974 552 1055 590 quod
1078 552 1188 591 alioqui
1213 553 1381 590 saepissime
1404 552 1510 589 tiebat,
1536 558 1566 581 ut
1589 554 1726 582 venditor
1749 564 1866 582 servum
1891 563 2011 589 sanum,
2035 563 2096 581 non
2118 552 2169 580 su-

227 610 308 634 rem,
338 608 398 626 non
422 597 593 634 fugitivum,
623 605 681 624 non
704 604 854 631 erronem,
884 606 945 623 non
969 595 1162 633 vespillonem
1188 599 1358 633 praestaret.
1382 594 1466 623 Dac,
1512 594 1624 624 Praeco
1646 595 1688 624 ibi
1710 595 1796 625 adsit.
1832 596 1867 624 In
1889 596 1986 624 Plauti
2008 596 2086 624 Edit.
2110 595 2168 624 sic:

228 641 341 671 Praeco
364 640 405 668 ibi
427 637 504 667 adsit
528 649 591 667 cum
616 648 739 673 corona,
764 637 869 677 quique
891 637 978 666 liceat
999 644 1119 675 veneat‚·
1141 638 1247 677 quique
1268 638 1286 664 i.
1306 648 1328 665 e.
1353 638 1463 676 quanti.
1508 636 1617 665 Idem.

391 679 599 710 Sublimem.
644 681 720 717 Lego
737 678 876 710 sublime,
910 680 1016 708 Ultima
1038 679 1152 717 syllaba
1176 680 1301 718 repetita
1324 680 1460 707 vitiosam
1484 681 1663 718 scripturam
1686 680 1791 710 innuit.
1823 680 1924 709 Limen
1947 685 2010 709 erat
2031 679 2169 718 superius

228 731 258 755 et
280 725 412 755 inferius.
446 723 587 762 Superius
605 721 754 752 sublimem
774 727 934 758 vocarunt,
959 721 1036 750 unde
1059 722 1191 750 sublimis
1213 723 1242 750 in
1266 722 1453 750 altitudinem
1477 723 1569 750 elatus
1593 727 1621 751 et
1643 723 1766 752 sublime
1789 723 1904 752 coelum
1927 723 2038 752 dictum
2057 722 2168 751 Ennio:

679 764 791 803 Aspice
812 763 867 794 lzoc
888 763 1010 793 sublime
1033 763 1160 793 candens
1182 776 1263 804 quem
1288 772 1394 793 vocant
1417 776 1515 793 omnes
1538 763 1643 794 Iovem.

230 810 298 845 Vel,
322 813 355 837 ut
378 806 458 846 apud
482 808 655 836 Ciceronem
677 807 728 835 lib.
743 807 778 835 ll.
803 808 915 844 (c.25.)
939 811 968 834 et
990 806 1040 835 111.
1063 809 1099 843 (c.
1116 808 1175 844 16)
1199 807 1234 836 de
1258 807 1323 835 Nat.
1348 807 1447 838 l)eor.:

679 849 791 888 Aspice
812 849 867 878 hoc
889 848 1012 877 sublime
1034 848 1160 878 candens
1183 861 1264 889 quem
1287 850 1423 879 invocant
1447 860 1544 878 omnes
1569 849 1673 879 Iovem.

226 893 316 922 Dac.
351 891 466 928 Virgilii
489 892 574 920 locus
597 897 640 920 est
664 894 769 929 Georg.
786 892 827 927 ll,
850 893 939 923 242:
966 890 1029 920 Hic
1051 899 1151 920 vertesr
1173 891 1256 920 nobis
1278 903 1386 930 semper
1408 891 1547 922 sublimis.

390 933 634 963 Sublimavit.
660 934 720 972 (Ad
742 945 771 972 p.
784 932 868 973 246.)
895 934 1033 962 Aurelius
1055 933 1156 962 Victor
1180 935 1209 962 in
1234 934 1368 973 Epitome
1392 938 1516 973 cap.2.:
1540 934 1702 975 Pallasque
1722 935 1879 974 praetoriis
1901 934 2079 962 ornamentis
2100 933 2169 962 sub-

225 977 353 1007 limatus.
378 977 412 1005 Et
430 978 459 1004 in
477 977 587 1004 Gloss.:
613 976 760 1011 Sublime,
783 973 862 1014 ὗψῶ.
886 976 972 1005 Item:
997 975 1147 1013 Sublime,
1170 988 1219 1012 σε,
1244 978 1415 1016 μετεωρίζω.
1440 977 1523 1006 Dac.
1551 977 1640 1006 Dixit
1655 978 1736 1006 Cato.
1762 977 1845 1005 Adde
1862 975 2036 1005 Sublimare.
2063 974 2167 1006 Goth.

388 1017 697 1050 Succenturiare.
741 1019 812 1047 Inde
835 1019 942 1047 milites
965 1019 1191 1057 succenturiati,
1223 1019 1273 1058 qui
1297 1019 1460 1060 explendae
1483 1021 1633 1049 centuriae
1656 1020 1864 1049 subiiciuntur.
1909 1020 2024 1048 Terent.
2049 1018 2167 1048 Phorm.

226 1061 332 1101 (Andr.
349 1061 375 1098 I,
401 1062 435 1098 4,
460 1059 538 1102 51.):

798 1104 886 1134 Nunc
905 1105 988 1144 prior
1009 1103 1091 1134 adito
1113 1112 1161 1136 tu.-
1192 1116 1243 1144 ego
1266 1107 1296 1134 in
1319 1104 1435 1134 insidiis
1457 1105 1506 1134 hic
1529 1115 1576 1133 ero

802 1146 1040 1176 Succenturiatus
1062 1147 1160 1187 siquid
1183 1147 1306 1187 deficitur.

225 1198 279 1226 Ubi
304 1198 451 1226 Donatus:
490 1198 564 1226 Tota
586 1196 753 1236 metaphora
779 1196 814 1226 tle
835 1210 864 1226 re
885 1197 1010 1227 militari
1031 1205 1080 1228 est.
1127 1198 1344 1227 Succenturiati
1367 1197 1521 1236 dicuntur,
1552 1199 1603 1238 qui
1623 1196 1788 1237 explendae
1811 1199 1955 1226 centuriae
1973 1197 2072 1236 gratia
2094 1195 2169 1225 sub-

223 1241 327 1269 iiciunt
349 1252 378 1268 se
399 1238 440 1268 ad
462 1238 687 1279 supplementum
711 1239 856 1269 ordinum.
895 1240 1003 1268 Versus
1026 1241 1137 1269 Plauti:
1161 1240 1372 1277 Succenturia‚
1397 1248 1508 1270 centum
1533 1241 1659 1281 require,
1684 1241 1735 1280 qui
1755 1248 1782 1268 te
1803 1238 1941 1268 delectent
1965 1238 2053 1268 domi.
2092 1238 2168 1267 Ver—

224 1293 288 1311 sum
312 1282 432 1311 Caecilii
456 1282 591 1320 quidam:
617 1281 705 1310 Nunc
726 1294 805 1311 meae
827 1281 958 1311 malitiae
981 1284 1088 1311 astutia
1112 1294 1183 1322 opus
1205 1291 1245 1312 est
1267 1284 1491 1313 succenturiata.
1537 1283 1594 1311 Sed
1617 1282 1693 1311 nihil
1716 1288 1812 1311 muto:
1836 1281 1923 1310 Nunc
1948 1292 2026 1310 meae
2046 1279 2169 1309 militiae

223 1326 331 1354 astutia
356 1336 427 1365 opus
450 1331 504 1361 est,
538 1325 728 1353 succenturia.
778 1324 920 1354 Militiam
944 1325 1020 1353 dixit
1043 1330 1165 1365 propter
1187 1323 1219 1356 τὸ
1242 1326 1440 1362 succenturia,
1471 1326 1551 1363 quod
1575 1325 1693 1354 militiae
1715 1325 1882 1364 proprium.
1914 1323 1997 1354 Dae.
2044 1323 2168 1352 Versum

224 1367 342 1396 Caecilii
364 1371 446 1396 recte
468 1367 510 1394 sic
534 1366 704 1396 emendasse
726 1367 847 1395 videtur
869 1368 1020 1406 Spengel.:

268 1417 271 1419 ’
757 1415 844 1447 Nunc
865 1430 943 1447 meae
965 1417 1097 1448 malitiae
1118 1418 1229 1447 astutia
1250 1425 1290 1446 est
1313 1417 1527 1446 succenturiata
1554 1428 1633 1456 opus.

224 1468 266 1497 Cf.
291 1468 411 1498 Caecilii
432 1469 536 1507 Fragg.
560 1468 605 1497 ed.
629 1467 763 1506 Spengel.
786 1478 852 1506 pag.
866 1469 916 1499 53.

384 1518 616 1548 subrumari.
662 1519 721 1554 Qui
744 1523 773 1547 et
793 1518 924 1548 subrumi
947 1519 1017 1548 dicti
1040 1525 1117 1547 sunt.
1163 1518 1228 1547 Vid.
1252 1519 1347 1547 Varro
1371 1519 1407 1547 de
1431 1520 1464 1547 R.
1487 1520 1517 1547 R.
1541 1529 1565 1548 e.
1582 1523 1608 1549 1.
1634 1524 1662 1547 et
1683 1529 1708 1547 c.
1721 1521 1751 1550 9.
1795 1520 1870 1555 Lege
1896 1518 1990 1546 infra:
2027 1517 2106 1557 Quia
2134 1530 2167 1547 ea

223 1562 313 1590 rumis
333 1560 513 1597 vocabatur,
539 1567 571 1590 ut
592 1561 649 1589 viri
672 1561 763 1589 docti.
798 1562 910 1590 Closs:
933 1560 1055 1597 Hamis,
1079 1558 1159 1599 θηλή
1183 1558 1321 1599 ἀρχαίως.
1358 1561 1517 1589 Dicebatur
1538 1566 1567 1589 et
1583 1560 1682 1589 Ruma
1701 1566 1729 1588 et
1742 1560 1868 1590 Rumen.
1901 1560 1973 1589 Vide
1988 1559 2166 1590 Ruminalis.

223 1602 310 1633 Duc.
348 1604 421 1633 Vide
444 1614 535 1642 supra
559 1602 738 1633 Adrumavit
762 1609 790 1632 et
811 1603 936 1632 Rumen.
964 1602 1069 1633 Goth.
1105 1602 1166 1631 His
1187 1602 1379 1632 vocabantur.
1411 1604 1512 1632 Rumis
1535 1603 1708 1632 vocabatur.
1745 1602 1822 1632 Lac.
1851 1603 1947 1631 Lacte.
1992 1602 2102 1631 Idem.

387 1644 540 1675 Subulo.
586 1646 680 1675 Varro
703 1646 753 1674 lib.
767 1645 814 1674 VI.
838 1645 875 1674 de
897 1646 927 1674 L.
944 1646 976 1673 L.
1001 1645 1063 1684 (lib.
1078 1645 1138 1675 Vll.
1162 1645 1325 1685 pag.322.)
1349 1656 1466 1674 versum
1489 1646 1576 1674 Ennii
1597 1646 1638 1674 ita
1660 1645 1766 1674 refert:

842 1687 955 1717 Subulo
967 1688 1120 1727 finitimas
1139 1695 1256 1726 propter
1278 1687 1396 1716 astabat
1417 1699 1519 1729 aquas.

224 1729 332 1758 Versus
354 1735 521 1769 corruptus.
547 1730 634 1760 Ant.
658 1729 753 1770 Aug*
799 1730 995 1759 Glossarium:
1033 1729 1146 1759 Subulo
1170 1727 1305 1768 αὐλητής.
1331 1729 1429 1759 Scal.
1474 1730 1630 1759 Turnebus
1653 1740 1712 1758 non
1736 1729 1928 1767 Hetruscam,
1960 1730 2012 1758 sed
2035 1729 2167 1758 Latinam

225 1782 285 1801 esse
307 1783 412 1802 vocem
434 1773 516 1802 dicit.
552 1773 626 1801 Nam
651 1771 818 1812 συρβηνεύς
840 1769 978 1812 αὐλητής.
1012 1772 1142 1811 Hesycli.
1167 1773 1312 1801 Meursius
1334 1772 1437 1802 subulo
1461 1774 1656 1812 depravatum
1679 1778 1765 1811 putat
1788 1783 1825 1801 ex
1846 1771 1954 1811 subflo,
1977 1772 2075 1802 ssator.
2110 1772 2169 1800 Sed

225 1814 352 1843 radicem
383 1817 445 1844 eius
475 1816 505 1844 in
527 1815 666 1843 Hetruria
691 1815 889 1854 quaerendam
912 1825 977 1844 cum
1001 1815 1088 1844 Festo
1112 1815 1200 1843 docet
1222 1815 1317 1843 Varro
1340 1815 1452 1844 lih.V1.
1476 1816 1512 1844 de
1534 1817 1564 1843 L.
1585 1816 1614 1843 L.
1637 1815 1677 1852 (l.
1696 1815 1757 1853 c.):
1793 1813 1887 1854 Apud
1908 1813 2034 1843 Ennium
2063 1813 2168 1843 subulo

221 1856 362 1892 finitimas
387 1865 505 1897 propter
534 1857 673 1886 adstabat
703 1868 815 1897 aquas‚·
850 1856 954 1886 subulo
983 1856 1094 1894 dictus,
1129 1855 1209 1897 quod
1235 1858 1277 1885 ita
1307 1855 1410 1886 dicunt
1437 1857 1584 1887 tibicinem
1610 1858 1716 1894 Tusci,
1752 1858 1891 1897 quocirca
1917 1855 2029 1885 radices
2057 1858 2116 1886 eius
2136 1857 2168 1885 in

229 1895 361 1935 Etruria,
397 1911 454 1928 non
478 1899 569 1928 Latio
599 1899 793 1940 quaerendum
822 1907 872 1929 est.
918 1900 1018 1935 Quare
1045 1910 1111 1928 cum
1135 1900 1224 1927 Tusci
1251 1899 1377 1938 plurima
1400 1900 1549 1929 habebant
1572 1911 1608 1929 ex
1631 1899 1753 1928 orientis
1775 1899 1901 1937 linguis,
1934 1899 2060 1938 putabat
2083 1899 2168 1928 Voss.

229 1947 290 1965 esse
312 1940 346 1967 ab
368 1941 494 1970 Arabico
516 1940 638 1979 unhul,
668 1942 764 1981 spica,
795 1942 912 1981 syrmis,
936 1943 1072 1971 calamus.
1116 1941 1228 1970 Versus
1251 1942 1337 1970 Ennii
1360 1942 1441 1981 apud
1463 1943 1581 1971 Festum
1605 1947 1648 1971 est
1670 1941 1854 1970 Trochaicus
1878 1942 2064 1980 septenarius
2086 1946 2168 1970 cata-

229 1979 357 2011 lecticus.
390 1984 476 2022 Apud
494 1984 655 2013 Varronem
678 1985 702 2012 si
725 1995 819 2025 aquas
840 1995 946 2024 ponas,
970 1985 1001 2014 in
1024 1984 1190 2023 penultimo
1214 1984 1270 2013 erit
1291 1985 1452 2013 sotadicus.
1485 1986 1542 2014 Pro
1565 1984 1684 2014 astabat
1706 1984 1843 2024 placebat
1865 1984 2015 2021 Scaligero
2038 1982 2166 2013 assabat.

229 2021 301 2049 Nam
325 2033 420 2053 assare
442 2026 574 2055 tibicines
597 2027 739 2055 dicuntur
762 2037 829 2055 cum
851 2032 961 2056 canunt
982 2027 1073 2064 tibia,
1101 2027 1180 2055 nulla
1203 2026 1330 2055 aliorum
1353 2037 1428 2056 voce
1450 2027 1583 2057 admista.
1606 2027 1696 2056 Dae.
1740 2027 1860 2064 Legitur
1880 2026 1969 2055 hodie
1991 2026 2072 2065 apud
2094 2026 2168 2055 Var-

229 2073 332 2092 ronem
355 2075 370 2093 e
392 2067 463 2096 cod.
484 2068 666 2097 Florentino:
705 2068 818 2098 Subulo
846 2068 996 2109 quondam
1024 2070 1156 2098 marinas
1181 2076 1300 2108 propter
1328 2068 1447 2098 astabat
1472 2082 1573 2111 aquas.
1621 2070 1695 2098 Vide
1724 2079 1801 2099 varr.
1826 2069 1906 2099 lectt.
1930 2070 2008 2107 apud
2033 2069 2166 2108 Spengel.

230 2106 272 2134 De
294 2105 483 2137 subulonibus
506 2111 636 2139 Etruscis
660 2112 697 2140 cf.
719 2112 834 2140 Mi'iller.
859 2112 906 2140 die
929 2112 1072 2141 Etrusker
1094 2112 1214 2140 tumn.
1237 2115 1387 2150 pag.201.
1410 2112 1460 2141 ubi
1489 2113 1558 2141 vide
1585 2122 1659 2151 quae
1686 2112 1716 2140 in
1740 2117 1807 2140 nota
1831 2112 1954 2149 margini
1978 2110 2108 2140 subiecta
2130 2111 2167 2140 de

231 2148 396 2194 fragmento
419 2149 502 2195 [iunii
522 2152 668 2189 leguntur.
712 2154 796 2182 Vidit
819 2154 979 2191 Miillerus,
1002 2154 1092 2183 verba
1114 2154 1164 2182 illa
1188 2155 1290 2183 Ennii:
1318 2153 1431 2194 Subulo
1453 2154 1601 2195 quondam
1624 2155 1756 2183 marinas
1776 2161 1894 2193 propter
1915 2152 2032 2183 astabat
2051 2152 2167 2193 plagas,

232 2190 323 2219 fuisse
345 2190 525 2238 principium
547 2194 676 2231 fabulae,
708 2206 782 2234 quae
805 2196 914 2234 legitur
936 2197 1013 2236 apud
1037 2197 1145 2225 Herod.
1162 2197 1192 2235 ΙΙ,
1218 2197 1288 2228 141.
1333 2197 1447 2226 Nomen
1475 2203 1571 2226 autem
1594 2195 1744 2226 subulonis
1765 2195 1844 2225 haud
1869 2196 1959 2225 dubie
1982 2207 1998 2224 a
2018 2193 2167 2225 sibilando

232 2232 384 2261 descendit
406 2243 468 2261 sxve
490 2233 618 2263 eiusdem
642 2242 684 2265 est
707 2238 827 2275 originis
851 2244 938 2277 atque
961 2238 1078 2276 sibilus,
1112 2240 1192 2267 unde
1214 2239 1404 2277 intelligitur,
1433 2239 1602 2269 sabulonem
1626 2249 1688 2267 esse
1709 2238 1877 2275 tibicinem,
1907 2238 2033 2269 Pseiss'er.
2078 2237 2168 2274 Quod.

233 2275 258 2303 si
279 2275 434 2303 Etruscum
457 2279 501 2303 est
521 2274 640 2313 subulo,
674 2280 704 2306 in
726 2281 825 2308 multis
847 2281 946 2311 verbis
969 2282 1104 2311 Latinam
1128 2282 1258 2320 linguam
1281 2291 1349 2310 cum
1371 2282 1496 2311 Etrusca
1517 2287 1671 2321 cognatam
1695 2282 1797 2318 fuisse,
1832 2281 1973 2310 credibile
1995 2285 2056 2316 est,
2086 2279 2166 2319 quod

234 2317 321 2346 etiam
341 2316 459 2345 aliunde
481 2322 614 2356 apparet.

395 2357 584 2406 Suburam.
629 2359 696 2388 Vid.
719 2361 811 2390 Varro
833 2364 941 2393 lib.lV.
965 2366 1001 2394 de
1024 2366 1104 2404 Liug.
1123 2366 1185 2394 Lat.
1210 2365 1257 2406 (V.
1280 2377 1347 2406 pag.
1361 2367 1412 2398 53.
1436 2367 1482 2395 ed.
1504 2364 1566 2404 Sp.)
1591 2366 1716 2402 Quintil.
1738 2365 1789 2395 lib.
1803 2366 1824 2396 Ι.
1848 2366 1948 2402 (c.7.).
1978 2365 2011 2393 In
2032 2367 2163 2393 veterum

234 2405 430 2430 monumentis
458 2406 539 2431 extat
559 2401 610 2431 hic
632 2412 702 2430 usus
725 2403 754 2432 C.
778 2403 879 2434 literae
901 2417 956 2444 pro
980 2408 1010 2436 B.
1033 2408 1070 2436 M.
1095 2408 1220 2437 Caecilio
1243 2410 1294 2447 Sp.
1317 2409 1348 2439 F.
1372 2410 1439 2437 Suc.
1461 2409 1539 2437 Rufo
1563 2413 1592 2437 et
1615 2409 1648 2437 T.
1670 2408 1760 2437 Aelio.
1782 2409 1814 2436 T.
1838 2408 1867 2435 F.
1891 2408 1957 2435 Suc.
1982 2406 2114 2435 Aciliano
2135 2409 2163 2432 et
