2263 2668
237 133 312 170 326

938 123 1135 159 PHOCAE
1165 125 1483 160 GRAMMATICI

235 233 324 271 tunt,
353 235 459 271 genu,
494 232 615 263 cornu,
650 230 746 260 veru,
780 229 901 262 specu,
935 218 1073 257 tonitru;
1108 223 1239 254 caetera
1265 230 1398 265 semper
1424 219 1623 265 singularia,
1656 224 1693 254 ut
1714 219 1783 254 hoc
1810 232 1899 264 seru,
1933 223 2034 268 gelu,
2061 236 2149 270 pecu
2160 223 2181 267 ¹,

236 286 330 315 testu.
382 276 529 309 Dicimus
554 278 665 304 tamen
692 270 779 303 haec
805 274 890 303 testa
920 275 953 303 et
977 266 1117 315 pecua².

400 333 433 367 5.
486 332 535 366 Al
561 331 690 375 syllaba
723 330 816 363 finita
850 330 958 363 neutri
992 330 1124 375 generis
1150 334 1223 363 sunt
1250 326 1302 363 et³
1327 330 1444 363 tertiae
1470 329 1700 364 declinationis

237 390 350 429 malis,
383 385 452 418 hoc
477 382 643 427 vectigal,
678 382 747 415 hoc
772 382 933 423 tribunal,
972 381 1041 415 hoc
1063 382 1225 426 lupercal.

1707 326 1730 372 4,
1773 334 1809 363 ut
1833 330 1902 365 hoc
1927 334 2067 379 animal,
2109 336 2181 369 ani-

1281 380 1392 414 Unum
1420 386 1468 414 est
1492 381 1664 415 masculini
1690 382 1820 426 generis
1844 386 2013 429 monosyl-
2047 386 2180 434 [1693]

238 444 368 479 labum,
396 436 454 468 hic
481 436 545 477 sal,
571 434 661 474 salis,
690 438 722 466 et
748 434 890 466 barbara
912 429 1081 478 propria-'⁷2
1108 438 1144 466 ut
1165 433 1308 466 Annibal
1319 429 1341 473 ⁶,
1368 433 1561 475 Adherbal,
1590 433 1775 475 Asdrubal,
1802 434 1964 471 Hiemsal.
2009 437 2058 470 El
2075 440 2183 472 neutri

238 491 369 539 generis
396 491 486 528 sunt,
514 490 549 519 ut
575 486 642 518 mel
670 490 703 518 et
730 482 805 518 fel⁷.
859 485 894 518 Il
920 485 1048 528 syllaba
1075 482 1268 518 terminata⁸
1291 485 1464 517 masculini
1490 485 1621 530 generis
1642 490 1732 525 sunt,
1760 490 1795 518 ut
1818 486 1875 519 hic
1898 488 2010 532 pugil,
2038 487 2183 534 mugil⁹3

237 544 297 578 sed
319 539 482 575 Iuvenalis
510 538 567 571 hic
588 533 767 582 mugilism
792 537 1028 569 nominativum
1055 537 1144 569 dixit.

237 595 305 630 nini
331 591 480 638 generis,
521 594 557 622 ut
582 588 670 622 haec
696 588 871 631 Tanaquil.

1198 536 1311 569 Unum
1338 537 1538 578 communis,
1565 536 1621 569 hie
1650 541 1683 569 et
1708 536 1795 571 haec
1821 538 1918 582 vigi13
1956 551 2057 573 unum
2082 541 2183 574 femi-

924 589 969 621 Et
996 589 1107 621 onmia
1134 589 1287 632 exemplo
1315 588 1431 620 tertiae
1458 588 1686 621 declinationis
1719 589 1940 624 inflectuntur.

237 651 352 682 natum
378 654 479 676 unum
505 641 666 673 invenitur
691 640 863 673 masculini
890 640 1038 684 generis,
1065 640 1123 672 hic
1149 636 1243 674 solu.

237 699 296 733 hic
323 695 454 733 consul,
487 693 621 737 praesul
632 689 670 731 12;
702 703 803 724 unum
830 689 1051 733 communem,
1087 691 1146 724 hic
1173 696 1205 723 et
1229 691 1315 724 haec
1344 691 1443 723 exsul.

2068 596 2081 624 t
2104 604 2119 624 r
2155 593 2184 618 ‘-

1300 639 1347 672 Ul
1374 639 1503 683 syllaba
1531 640 1622 672 finita
1650 639 1718 672 duo
1745 645 1819 673 sunt
1844 590 2184 688 masculin?lge‘¹3¹;¹ils'

1496 691 1651 724 Lucanus
1677 691 1763 724 libro
1791 693 1882 726 VIII.
1911 693 2042 740 [Exsul
2063 696 2184 729 adhuc

238 752 331 785 iacet
356 745 484 780 umbra
511 740 674 790 ducis.]¹⁴
700 743 745 776 Et
771 747 844 776 sunt
869 744 985 776 tertiae
1012 742 1257 786 declinationis,
1292 743 1452 783 consulis,
1485 743 1665 787 praesulis,
1694 743 1811 776 exsulis
1822 741 1854 778 ¹⁵.

403 805 438 838 6.
496 804 564 837 Um
590 803 717 848 syllaba
743 804 916 836 terminata
943 808 1016 836 sunt
1040 803 1146 836 neutri
1172 802 1302 847 generis
1330 807 1363 835 et
1388 803 1524 836 secundi
1551 798 1716 843 ordinisffi,
1742 807 1779 836 ut
1804 802 1873 837 hoc
1891 804 2012 847 telum,
2039 806 2183 847 coelum,

241 861 386 900 bellum,
419 857 615 901 imperium,
651 866 808 899 regnum,
845 851 992 888 saturnu.

1045 855 1083 887 ln
1110 854 1175 887 hac
1202 854 1406 887 extremitate
1433 855 1523 887 nulla
1550 854 1609 886 sibi
1635 854 1748 886 locum
1775 855 1974 900 ambiguitas
1984 854 2008 874 ¹⁸
2028 857 2183 891 vindicat.

404 908 462 941 Εη
489 908 619 951 syllaba
646 918 732 950 quae
758 902 955 948 finiunturw,
982 907 995 939 z'
1018 906 1124 939 vocali
1152 906 1358 950 praeposita,
1392 905 1461 939 duo
1488 905 1720 938 tantummodo
1748 907 1918 940 masculini
1944 909 2074 953 generis
2100 914 2184 950 sunt,

242 968 280 998 ut
303 962 363 995 hic
390 961 476 1000 rien,
504 955 649 997 rienis²⁰;

682 958 765 999 lien,
793 958 901 997 lienis;
934 969 1021 1001 quae
1043 958 1075 990 in
1103 958 1245 999 obliquis
1273 957 1403 991 casibus
1431 969 1449 991 e
1474 958 1618 990 litteram
1645 957 1844 1001 productam
1870 964 2008 994 servant.

2059 960 2105 993 Et
2131 972 2185 994 se-

241 1020 334 1061 ptem
362 1013 425 1045 alia
453 1010 600 1044 eiusdem
627 1010 755 1054 generis
782 1009 973 1053 antepositis
1000 1009 1268 1049 consonantibus,
1299 1008 1356 1042 hic
1383 1009 1520 1051 flamen,
1554 1009 1708 1042 sacerdos
1728 1005 1858 1051 lovis²¹,
1886 1015 2025 1054 pecten,
2051 1012 2185 1053 tibicen,

243 1067 382 1106 fidicen,
421 1063 549 1104 liticen,
591 1061 740 1103 tubicen,
783 1062 947 1094 cornicen.

1008 1061 1146 1094 Caetera
1173 1060 1280 1093 neutri
1306 1061 1437 1106 generis
1462 1065 1538 1094 sunt
1565 1061 1684 1105 procul
1712 1060 1815 1093 dubio
1842 1066 1874 1094 et
1902 1058 2051 1095 tertiae²²
2071 1062 2185 1095 simili-

239 1123 291 1151 ter
318 1114 562 1154 declinationiS,
604 1118 639 1145 ut
664 1112 733 1147 hoc
761 1123 910 1154 carmen,
954 1123 1092 1153 nomen,
1135 1117 1317 1155 certamen,
1352 1109 1498 1155 limen23,
1531 1124 1670 1154 numen,
1706 1123 1823 1156 omen,
1859 1114 2001 1156 crimen,
2034 1125 2185 1157 examen,

241 1170 358 1215 gluten
385 1171 418 1200 et
442 1166 493 1198 his
520 1165 647 1198 similia.

404 1225 440 1259 7.
491 1225 547 1259 Ar
574 1225 701 1269 syllaba
726 1224 900 1256 terminata
925 1223 1055 1268 generis
1082 1228 1154 1256 sunt
1180 1223 1286 1256 neutri
1313 1220 1467 1265 omnia²⁸‚
1499 1228 1535 1257 ut
1560 1222 1629 1257 hoc
1655 1223 1743 1257 lucar

240 1281 395 1323 laquear,
430 1278 581 1317 lacunar,
615 1277 742 1313 calcar3
783 1280 917 1319 praeter
944 1287 1044 1307 unum
1070 1276 1244 1319 proprium
1273 1275 1442 1308 masculini
1469 1275 1615 1319 generis,
1655 1274 1714 1309 hic
1742 1274 1873 1307 Caesar.

1743 1219 1791 1263 ·²⁵,
1826 1224 1987 1265 torcular,
2020 1225 2184 1269 pulvinar,

1928 1276 2024 1309 Haec
2049 1288 2185 1320 quoque

239 1331 356 1365 tertiae
391 1328 619 1363 declinationis
654 1328 833 1360 formulam
868 1332 1063 1369 sequuntur,
1106 1327 1164 1360 sed
1197 1332 1311 1360 neutra
1341 1327 1373 1359 in
1409 1327 1551 1370 obliquis
1580 1325 1707 1359 casibus
1735 1337 1757 1358 a
1784 1326 1985 1369 productam
2011 1325 2184 1367 habent²⁰3

240 1387 372 1416 notatur
398 1381 512 1423 iubar,
547 1379 640 1424 quod
669 1380 776 1412 solum
803 1383 993 1423 correptam
1020 1389 1043 1411 a
1070 1377 1190 1420 habet,
1226 1383 1261 1412 ut
1288 1378 1463 1424 Virgilius:
1498 1378 1621 1411 iubare
1648 1373 1812 1413 exorto²⁷.

243 1516 324 1546 adm.
342 1515 399 1544 Gu.
422 1532 463 1536 —
487 1513 513 1554 1)
537 1513 688 1542 Librarius
705 1513 736 1541 in
752 1512 824 1540 eod.
842 1512 898 1540 Gu.
915 1522 929 1540 a
947 1512 1090 1551 superiori
1104 1522 1192 1550 specii

244 1560 282 1589 ad
294 1569 371 1598 pecu
389 1558 524 1596 delapsus
544 1557 633 1585 verba
651 1556 745 1584 media
766 1560 794 1583 et
812 1555 909 1593 ipsum
921 1566 999 1593 pecti
1017 1555 1191 1592 praetermi-

243 1603 290 1632 sit.
336 1602 472 1629 Ceterum
487 1610 554 1627 serzi
569 1599 647 1627 idem
664 1603 706 1626 est
722 1598 802 1636 quod
814 1608 926 1634 seram,
956 1594 1060 1635 σ’ῤῥός,
1084 1598 1119 1625 de
1136 1608 1191 1636 qua

244 1646 338 1674 forma
361 1645 399 1673 cf.
418 1643 528 1671 Charis.
545 1642 571 1679 I,
600 1651 664 1680 pag.
682 1644 731 1672 23.
763 1657 801 1662 --
832 1639 860 1677 Ξ)
883 1641 1028 1668 Dicimus
1049 1646 1148 1668 tamen
1166 1645 1192 1667 et

246 1688 318 1715 llaec
335 1692 411 1714 tesia
427 1691 453 1713 et
468 1686 540 1713 llaec
557 1695 667 1722 Specaa
686 1685 746 1712 Asc.
764 1683 836 1712 Ven.
851 1683 882 1711 P.
910 1699 953 1704 —
981 1683 1011 1721 3)
1035 1684 1075 1710 Et
1090 1682 1192 1711 addidi

247 1739 283 1758 ex
299 1729 368 1757 Ven.
386 1729 450 1758 Asc.
469 1728 525 1756 Gu.
550 1743 591 1748 —
619 1726 647 1765 4)
679 1727 769 1754 Tertii
789 1725 907 1753 ordinis
925 1725 981 1755 Gu.
1025 1725 1105 1753 Idem
1123 1726 1194 1756 Cod.

247 1771 341 1800 om.in
356 1781 435 1809 seqq.
445 1781 493 1799 vv.
502 1770 629 1805 animal,
651 1769 798 1796 animali-9
812 1773 839 1796 el·
852 1768 909 1796 hoc
921 1767 1066 1804 tribunal,
1084 1768 1195 1797 hoc.—

246 1817 274 1848 5)
297 1813 333 1840 Ut
347 1814 396 1840 l1ic
407 1813 458 1840 sal
470 1812 548 1840 sali-s-
564 1817 588 1839 fl
601 1813 730 1850 propria
744 1811 876 1839 barbara
892 1811 948 1839 Gu.
964 1826 1004 1832 -—
1026 1813 1055 1847 6)
1081 1810 1118 1838 Ut
1135 1811 1196 1838 liic

247 1854 391 1885 Annibal,
409 1856 481 1883 Ven.
498 1856 563 1885 Asc.
580 1855 610 1884 P.
655 1855 799 1882 [lieni-sal
813 1864 870 1883 0111.
889 1854 944 1883 Gu.
969 1869 1010 1874 --
1031 1854 1063 1890 7)
1086 1853 1195 1881 Verba:

248 1898 291 1926 El
307 1899 405 1924 neutri
419 1908 484 1935 gen.
502 1902 587 1934 arent,
618 1902 650 1925 ut
666 1898 724 1924 mel
740 1903 765 1924 et
775 1897 829 1934 fel
844 1907 900 1924 om.
921 1897 979 1925 GU.
1008 1911 1050 1917 -
1079 1893 1107 1936 8)
1132 1896 1155 1925 I.
1175 1895 1194 1926 l,

240 1940 338 1979 finita
360 1939 477 1976 Syllaba
493 1941 549 1968 Gu.
573 1955 614 1961 -
642 1939 672 1977 9)
696 1938 759 1968 Hic
777 1939 873 1977 pugil
891 1938 941 1966 liic
965 1938 1067 1976 mugil
1085 1948 1141 1967 om.
1163 1943 1196 1966 ut

249 1981 364 2011 VemP.
388 1981 436 2007 liic
447 1982 540 2018 pugil
553 1982 653 2019 mugil
666 1992 723 2012 om.
739 1987 772 2010 ut
788 1983 864 2017 Asc,
880 1981 973 2009 adieci
989 1986 1023 2008 at
1038 1991 1073 2009 ex
1083 1981 1140 2010 Gu.
1154 1996 1196 2002 —-

250 2028 293 2059 10)
317 2022 447 2051 Iuvenal.
465 2025 521 2050 Sat.
537 2024 580 2058 X,
603 2026 672 2055 317.
695 2041 738 2046 —
761 2023 805 2063 11)
833 2024 879 2052 Ol
895 2025 1088 2051 terminatam
1103 2033 1197 2051 unum

250 2066 415 2101 invenitur,
437 2064 486 2091 liic
503 2066 549 2091 sol
564 2066 619 2093 Gu.
650 2067 684 2094 In
701 2068 738 2094 ol
752 2077 845 2094 mium
861 2068 1015 2094 invenitur
1031 2066 1198 2094 masculini

247 2110 364 2149 generis
381 2111 419 2135 ut
434 2106 463 2134 Ῐι.
480 2117 504 2136 S.
524 2106 597 2136 Ven-
616 2108 679 2137 Asc.
697 2109 724 2136 P.
759 2109 813 2138 Vv.
831 2110 996 2137 masculini
1006 2110 1124 2147 generis
1137 2118 1198 2136 non

249 2151 427 2181 videbantur
451 2148 548 2177 omitti
570 2159 663 2185 posse.
690 2165 731 2170 ——·
762 2149 805 2191 12)
842 2152 879 2179 Ut
899 2152 950 2179 hic,-
974 2151 1081 2179 consal
1102 2157 1128 2179 et
1149 2151 1199 2179 liic

246 2192 376 2233 praesul
389 2191 460 2220 Ven.
476 2191 541 2219 Asc.
559 2191 589 2218 P.
607 2191 657 2218 lzic
671 2194 809 2229 praesul,
839 2194 945 2221 consul
960 2204 1014 2223 om.
1029 2199 1062 2222 ut
1078 2194 1132 2222 Gu.
1155 2210 1198 2216 --

252 2237 298 2274 13)
327 2235 424 2263 Unam
445 2234 612 2261 commanis
631 2235 747 2270 generis
768 2235 797 2263 P.
820 2238 938 2273 generi-5
961 2247 1017 2266 om.
1034 2237 1108 2264 Ven.
1126 2237 1194 2266 Asc.

251 2289 346 2307 anum
361 2287 513 2305 commane
529 2275 609 2304 edidi
625 2285 639 2303 e
657 2275 726 2303 cod.
743 2277 801 2304 Gu.
852 2279 889 2305 Ut
909 2278 1023 2306 addunt
1040 2278 1112 2308 Ven.
1129 2278 1194 2309 Asc.

252 2321 282 2350 P.
312 2336 354 2342 —
385 2317 428 2357 14)
458 2317 539 2346 Exul
557 2317 658 2345 adhuc
680 2319 756 2344 iacet
777 2318 884 2346 umbra
904 2319 1003 2348 ducis.
1048 2322 1196 2349 Laeana-⁵·

252 2362 324 2405 (om.
339 2361 407 2391 libri
422 2360 506 2399 nota)
524 2361 579 2390 Gu.
598 2361 661 2390 Asc.
679 2359 750 2388 Ven-
796 2360 912 2387 Retinui
928 2361 1101 2398 lectionem,
1124 2373 1196 2400 quae

252 2411 295 2435 est
308 2405 386 2445 apud
402 2405 430 2433 P.
460 2404 556 2432 Locus
573 2407 614 2431 cst
629 2401 728 2432 Phars.
743 2401 823 2436 VllI,
848 2403 918 2433 837.
939 2418 981 2423 —
1003 2402 1047 2441 15)
1070 2405 1197 2432 Exsulis

1234 1512 1313 1541 deest
1326 1511 1358 1540 in
1375 1512 1447 1542 Cod.
1467 1512 1524 1540 Gu.
1546 1529 1588 1534 —
1611 1510 1655 1551 16)
1673 1509 1828 1539 Secundae
1843 1509 2059 1539 declinationis
2075 1511 2130 1541 Gu.
2145 1528 2186 1534 —

1235 1555 1281 1593 17)
1311 1555 1457 1583 Omnibus
1479 1554 1525 1583 his
1553 1554 1718 1583 nominibus
1741 1554 1865 1591 genitivi
1889 1554 1983 1582 additi
2006 1558 2075 1583 sunt
2095 1554 2128 1582 in
2143 1555 2185 1591 P„

1235 1608 1307 1635 quos
1330 1608 1391 1626 non
1415 1602 1579 1635 agnoscunt
1594 1597 1665 1626 Ven.
1683 1597 1747 1626 Asc.
1765 1597 1821 1627 Gu.
1866 1596 2030 1635 Imperium
2053 1597 2132 1625 deest
2154 1597 2186 1625 iu

1236 1641 1292 1670 Gu.
1338 1641 1475 1669 Ceterum
1490 1645 1557 1679 post
1572 1650 1598 1668 v.
1609 1641 1717 1677 fatam
1731 1638 1805 1667 haec
1820 1639 1959 1677 leguntur
1973 1639 2006 1667 in
2022 1639 2078 1668 Gu.
2120 1640 2186 1667 Ex-

1236 1684 1393 1721 cipiantur
1415 1682 1476 1710 dao
1502 1682 1635 1710 barbara
1649 1683 1800 1720 feminini
1823 1682 2038 1720 gliceriam
2069 1682 2187 1710 silar-

1238 1727 1337 1753 ciam
1354 1725 1432 1766 (lege
1449 1726 1636 1763 Ghowiam,
1660 1724 1862 1762 Philotium),
1885 1724 1992 1762 quibus
2008 1734 2099 1762 quum
2111 1734 2187 1762 pro·

1237 1768 1316 1796 xime
1336 1769 1489 1806 sequentia
1511 1768 1662 1796 manifeste
1683 1772 1865 1806 repugnent,
1894 1766 1975 1795 haud
1997 1766 2085 1795 dubie
2106 1777 2122 1794 a
2141 1776 2188 1795 se-

1238 1810 1310 1838 riori
1327 1821 1414 1839 manu
1430 1811 1539 1839 inserta
1557 1815 1634 1839 sunt.
1649 1826 1691 1831 —
1711 1812 1754 1845 18)
1773 1810 1901 1838 Nullam
1918 1809 1977 1836 sihi
1993 1809 2094 1836 locum
2108 1808 2185 1837 amb.

1240 1853 1269 1881 Ρ.
1296 1853 1386 1880 nulla
1408 1854 1467 1880 sihi
1491 1854 1590 1881 locum
1612 1853 1689 1880 amb.
1715 1852 1786 1882 Ven.
1809 1852 1875 1881 Asc.
1905 1851 1965 1879 sihi
1986 1852 2085 1879 locam
2107 1851 2185 1880 amb.

1239 1895 1328 1923 nulla
1345 1896 1398 1923 Gn.
1422 1912 1465 1917 —
1490 1895 1535 1936 19)
1559 1895 1606 1924 En.
1620 1895 1739 1932 qulaba
1760 1896 1974 1922 terminata
1996 1895 2052 1922 Gu.
2076 1909 2111 1916 —-
2140 1897 2184 1928 20)

1238 1939 1305 1967 Ren
1327 1940 1406 1966 renis
1425 1938 1475 1965 llic
1490 1939 1508 1966 l.
1523 1939 1588 1966 Asc.
1611 1939 1673 1965 rien
1689 1938 1738 1964 nis
1760 1937 1810 1964 hic
1825 1937 1844 1964 l.
1860 1936 1931 1967 Ven,
1945 1937 1978 1965 P.
2002 1938 2066 1964 rien
2085 1937 2184 1972 rimis,

1239 1981 1300 2008 lien
1317 1981 1372 2011 Gu.
1403 1981 1443 2009 De
1460 1981 1553 2009 forma
1569 1982 1632 2008 rim
1649 1980 1685 2008 cf.
1703 1979 1814 2010 Charis.
1833 1989 1861 2017 p.
1874 1978 1924 2010 24.
1948 1996 1986 2000 -
2009 1982 2054 2013 21)
2085 1979 2123 2007 Ut
2137 1978 2186 2006 hic

1230 2024 1347 2062 flamen
1367 2023 1401 2050 id
1418 2029 1460 2051 est
1476 2034 1536 2052 sac.
1553 2023 1613 2053 Iov.
1631 2023 1687 2051 Gu.
1731 2022 1764 2050 In
1782 2032 1863 2060 seqq.
1881 2021 2003 2058 singulis
2019 2021 2185 2050 nominibus

1241 2066 1292 2094 lzic
1306 2076 1467 2105 pronomen
1485 2065 1681 2104 praeponitur
1696 2065 1727 2092 in
1742 2065 1814 2094 Ven.
1832 2065 1899 2093 Asc.
1915 2065 1946 2092 P.
1984 2065 2114 2102 Lyricen
2129 2073 2184 2103 pro

1242 2109 1344 2137 liticen
1360 2109 1424 2137 Asc.
1442 2109 1511 2137 Ven.
1540 2124 1581 2129 —
1611 2110 1654 2141 ΞΩ)
1682 2108 1806 2136 Caetera
1822 2113 1895 2135 sant
1911 2108 2013 2134 neutri
2027 2107 2143 2145 generi-⁹
2157 2110 2185 2133 et

1236 2152 1348 2190 procul
1367 2150 1459 2179 dubio
1480 2156 1544 2179 tert.
1571 2149 1708 2179 decl.Gu.
1736 2166 1778 2171 —
1805 2152 1850 2186 23)
1873 2151 1990 2178 Lumen
2011 2149 2101 2176 limen
2118 2148 2183 2184 Gu.,

1241 2194 1291 2232 qui
1306 2193 1386 2222 hunc
1402 2193 1534 2222 ordinem
1549 2197 1662 2221 tuetur:
1690 2193 1815 2221 Carmen
1828 2191 1886 2232 (bis
1901 2189 2057 2231 positum),
2077 2191 2182 2225 lumen,

1240 2237 1340 2273 limen,
1362 2242 1518 2272 certamen,
1538 2246 1630 2271 omen,
1653 2236 1773 2270 crimen,
1790 2245 1906 2271 numen,
1922 2244 2051 2269 examen,
2068 2233 2181 2272 gluten.

1238 2280 1332 2314 —24)
1345 2279 1457 2307 Omnia
1471 2284 1542 2306 sant
1557 2279 1657 2306 neutri
1669 2288 1735 2316 gen.
1747 2278 1851 2306 Gu.—-
1865 2280 1909 2311 25)
1926 2277 1995 2305 Hoc
2011 2275 2109 2310 iubar,
2125 2272 2181 2300 hoc

1238 2322 1372 2349 torcular
1387 2321 1453 2350 Asc.
1470 2321 1540 2350 Ven.
1557 2327 1591 2349 ut
1606 2320 1855 2348 lacanatorealar
1871 2318 1936 2358 (sic)
1955 2319 2010 2346 Gu.
2043 2317 2110 2345 Hoc
2121 2315 2180 2342 sin-

1239 2364 1316 2401 gulis
1337 2364 1504 2392 nominibus
1527 2363 1719 2402 praemissum
1742 2367 1784 2390 est
1802 2362 1833 2390 in
1850 2362 1921 2390 Ven.
1938 2360 2004 2389 Asc.
2021 2358 2050 2386 P.
2071 2372 2114 2378 —
2133 2359 2179 2389 26)

1240 2407 1365 2434 Servant
1383 2406 1438 2436 eu.
1455 2423 1497 2428 -
1516 2409 1563 2440 27)
1581 2405 1662 2443 virg.
1678 2405 1748 2435 Aen.
1764 2404 1819 2442 lv,
1844 2405 1911 2435 130.
1932 2416 1975 2424 -
1994 2402 2039 2434 28)
2053 2400 2093 2427 Et
2107 2398 2180 2427 llaec
