2263 2668
454 113 519 147 DE
545 113 819 149 VERBORUM
845 111 1230 150 SIGNIFICATIONE
1256 113 1568 150 FRAGMENTA.
1826 114 1899 148 279

125 205 351 254 Ungulusss
379 206 546 241 Oscorum
573 208 688 253 lingua
715 209 848 250 anulus,
874 213 910 242 ut
961 231 1215 241 .....

227 261 261 293 si
287 258 387 303 quid
409 260 667 292 monumenti
695 265 818 294 nacta
846 266 921 301 est,
955 258 1023 302 qui
1051 269 1196 291 eorum
1224 260 1487 304 requireret⁷

229 317 291 344 est
317 310 507 355 ungulus
533 322 654 354 quem
683 311 721 344 ei
745 311 933 344 detraxit
959 309 1091 343 ebrio.

125 363 289 397 Pacuvius
316 363 349 395 in
375 362 499 394 Iliona:

227 413 505 458 Repugnanti
533 424 615 458 ego
642 424 773 458 porro
800 413 911 447 hunc
935 412 972 445 vi
999 412 1168 445 detraxi
1196 412 1418 456 ungulum3

127 470 160 498 et
186 467 218 499 in
244 466 416 498 Atalanta:

226 512 335 564 Susss
355 527 526 559 pensum
553 516 675 548 laevo
702 515 879 549 brachio
907 514 1087 548 ostendo
1115 514 1333 559 ungulum.
1790 511 1897 559 [196]

126 565 360 601 Unciaria⁷
388 568 441 600 lex
467 567 632 611 appellari
659 573 780 611 coepta
808 572 874 608 est,
912 578 1013 610 quam
1039 566 1078 599 L.
1106 566 1202 599 Sulla
1230 571 1263 598 et
1290 565 1472 609 Pompeius
1498 567 1604 600 Rufus
1633 565 1794 604 tulerunt,
1833 576 1899 607 qua

126 624 274 652 sanctum
303 623 367 657 est,
398 624 434 652 ut
461 618 630 651 debitores
663 619 826 653 decimam
861 625 991 662 partem
1043 642 1786 653 .............
1842 616 1894 648 di·

127 671 249 704 cebant
274 670 417 713 antiqui,
444 671 535 703 cuius
562 670 658 703 color
683 670 860 704 inficiendo
888 674 1048 710 mutatur,
1076 673 1111 701 ut
1137 669 1263 701 Ennius
1291 679 1368 701 cum
1396 669 1457 700 ait:

230 721 330 755 Cum
352 721 483 761 illud,
520 732 601 765 quo
636 722 715 754 iam
743 722 870 754 semel
906 726 966 754 est
997 721 1157 753 imbuta
1186 730 1364 753 veneno,

127 773 371 806 Ventabant
397 773 516 805 dixisse
542 773 693 816 antiquos
718 773 894 806 verisimile
922 777 986 813 est,
1020 783 1095 805 cum
1124 777 1156 805 et
1182 770 1432 816 praepositione
1465 769 1595 803 adiecta
1647 793 1897 802 .....

130 824 366 859 adventabant.
420 824 659 869 V.ntupum
686 830 750 865 est,
793 825 847 857 vel
900 849 1214 858 ......
1270 849 1276 856 .
1330 848 1338 855 .
1392 821 1485 864 quod
1513 820 1638 854 Graeci
1670 819 1747 855 ὕειν
1775 819 1897 853 dicunt.

127 875 416 908 Venditiones
440 876 635 909 dicebantur
662 876 742 909 olim
773 876 956 909 Censorum
983 875 1181 913 locationes3
1225 873 1319 918 quod
1346 871 1465 906 velutss
1501 872 1713 917 publicorum
1746 871 1899 904 locorum

127 927 290 959 venibant.
346 927 573 960 Viminalis
606 932 638 960 et
670 933 768 972 porta
805 933 836 960 et
863 927 959 960 collis
988 927 1215 971 appellantur,
1257 925 1350 969 quod
1386 924 1432 957 ibi
1459 925 1617 957 viminum
1644 923 1741 956 fuisse
1768 922 1899 954 videtur

127 978 225 1020 silva,
253 979 308 1011 ubi
336 983 383 1011 est
410 985 442 1011 et
465 990 520 1011 ara
541 979 612 1011 lovi
630 979 773 1011 Viminio
797 984 998 1014 consecrata.
1042 977 1206 1011 Vindex
1233 978 1276 1010 ab
1303 988 1344 1010 eo
1372 976 1464 1020 quod
1495 976 1656 1015 vindicat,
1697 985 1764 1017 quo
1792 974 1899 1006 minus

127 1030 170 1070 is,
196 1030 253 1073 qui
273 1041 409 1074 prensus
436 1035 501 1070 est,
532 1031 575 1063 ab
599 1030 665 1063 alio
693 1035 852 1063 teneatur.
908 1030 1088 1071 Vineae,
1124 1034 1160 1062 ut
1186 1029 1320 1062 Verrius
1342 1028 1523 1072 praecipit,
1550 1026 1642 1070 quod
1670 1025 1745 1057 vino
1773 1025 1899 1058 feraces

129 1082 210 1122 sint,
255 1081 355 1114 etiam
389 1081 546 1115 militares
579 1082 746 1125 quaedam
785 1081 1045 1115 machinationes
1077 1093 1097 1114 a
1123 1081 1336 1114 similitudine
1364 1079 1587 1123 appellantur.
1653 1077 1832 1110 Vivatus
1867 1081 1899 1108 et

128 1132 295 1165 vividus
322 1144 342 1165 a
369 1134 476 1177 poetis
503 1132 656 1167 dicuntur
689 1146 708 1166 a
738 1134 771 1166 vi
802 1144 934 1178 magna.
996 1133 1072 1165 Vin
1083 1130 1254 1166 diciae9
1282 1132 1495 1176 appellantur
1522 1142 1572 1163 res
1598 1141 1674 1168 eae,
1712 1128 1755 1161 de
1778 1127 1898 1171 quibus

128 1184 369 1217 controversia:
395 1184 488 1227 quod
516 1185 626 1228 potius
652 1184 773 1219 dicitur
798 1185 865 1225 ius,
899 1185 976 1228 quia
1003 1184 1040 1217 fit
1067 1185 1148 1217 inter
1176 1195 1250 1225 eos,
1286 1184 1343 1228 qui
1375 1182 1580 1216 contendunt
1596 1184 1619 1213 *.
1672 1179 1757 1213 Cato
1784 1179 1816 1211 in
1848 1188 1942 1219 ea,·f.
1961 1193 2005 1214 aut
2022 1198 2070 1223 po-

127 1246 227 1278 quam
261 1235 372 1268 scribit
403 1236 443 1269 L.
470 1235 573 1268 Furio
606 1236 648 1269 de
675 1248 762 1280 aqua
814 1262 821 1269 .
875 1261 883 1268 .
937 1261 944 1268 .
1000 1261 1315 1271 ......
1372 1261 1378 1267 .
1432 1261 1440 1268 .
1493 1246 1515 1267 S.
1568 1233 1797 1266 Praetores
1833 1222 1962 1282 se-tiffr
1976 1223 2070 1283 ἓξὲξ

129 1286 305 1320 cundum
331 1287 540 1331 populum
566 1288 780 1322 vindicias
809 1286 958 1320 dicunt
1010 1315 1017 1321 .
1072 1314 1079 1322 .
1133 1287 1298 1321 Lucilius:
1914 1291 1971 1317 cine
1991 1291 2058 1332 {nter

224 1338 353 1371 Nemo
381 1338 451 1372 hic
477 1339 713 1380 vindicias,
740 1350 874 1382 neque
901 1350 1020 1372 sacra
1048 1350 1181 1382 neque
1208 1349 1355 1371 numen
1382 1341 1567 1370 veretur.
1905 1334 2070 1386 ⁶⁰{gffiffil‘ff‘

128 1389 170 1422 de
197 1400 264 1432 quo
291 1390 394 1422 verbo
420 1390 553 1423 Cincius
576 1390 622 1425 sic
649 1391 712 1424 ait:
739 1390 968 1424 Vindiciae
996 1390 1097 1423 olim
1123 1391 1380 1424 dicebantur
1407 1388 1529 1431 illae,
1565 1396 1670 1430 quae
1696 1395 1744 1416 ex
1764 1382 1895 1415 fundO

121 1446 320 1484 sumptae
347 1441 387 1474 in
414 1442 474 1475 ius
498 1442 679 1475 adlatae
702 1447 831 1475 erant.
861 1447 894 1474 at
920 1442 991 1477 Ser.
1025 1441 1191 1486 Sulpicius
1245 1468 1251 1475 .
1307 1467 1314 1474 .
1368 1467 1375 1473 .
1430 1466 1437 1472 .
1494 1465 1500 1471 .
1554 1464 1561 1471 .
1618 1463 1624 1470 .
1680 1436 1745 1467 iam
1780 1435 1895 1479 singu-

121 1492 231 1524 lariter
264 1492 407 1526 formato
441 1493 618 1527 vindiciam
647 1506 715 1527 esse
741 1494 805 1537 ait,
846 1505 911 1537 qua
945 1493 987 1526 de
1022 1505 1057 1526 re
1085 1493 1309 1527 controversia
1337 1497 1402 1533 est,
1440 1492 1483 1524 ab
1518 1502 1558 1523 eo
1591 1487 1683 1532 quod
1711 1485 1896 1519 vindicatur

123 1568 496 1577 .......
549 1550 582 1577 et
613 1545 646 1577 in
678 1545 770 1579 Xll.:
806 1545 849 1578 Si
883 1545 1115 1578 vindiciam
1147 1546 1298 1578 falsam
1333 1543 1453 1583 tulit,
1496 1542 1529 1574 si
1561 1540 1668 1573 velit
1700 1538 1767 1579 is‘,
1822 1562 1828 1569 .
1884 1539 2070 1600 ''f'lliii’sffiw

121 1598 187 1676 tlor
214 1594 403 1628 arbitros
437 1599 524 1628 tres
550 1596 668 1639 dato,
711 1607 854 1629 eorum
889 1596 1071 1629 arbitrio
1125 1624 1132 1632 ,
1187 1625 1194 1632 ,
1248 1597 1410 1629 fructus
1450 1592 1658 1638 duplione
1702 1589 1889 1622 damnum

123 1645 326 1679 ‹ecidito.

120 1753 260 1782 Placidus
286 1753 315 1781 in
344 1753 476 1783 Glossis:
511 1754 665 1793 Oburbas‚
689 1755 915 1784 circumscribis.
936 1756 981 1784 di-
1029 1755 1218 1792 Ventabant,
1241 1754 1396 1783 habentur.
1426 1753 1506 1781 Urs.
1531 1767 1571 1772 —
1602 1750 1632 1787 8)
1657 1749 1745 1777 Velut
1758 1749 1888 1786 fractus

122 1800 202 1824 ctum
223 1795 258 1824 ab
278 1795 363 1826 urbo.
408 1797 514 1825 Versus
540 1798 626 1826 Ennii
651 1798 834 1827 emendatior
849 1799 878 1827 in
895 1797 979 1827 sche-
1019 1798 1211 1837 publicorum
1236 1798 1280 1827 Pr.
1300 1797 1372 1825 Ven.
1390 1795 1465 1823 Scal.
1495 1809 1536 1815 —
1575 1792 1603 1831 9)
1628 1789 1816 1829 Vindicius]
1853 1789 1886 1818 [n

122 1838 179 1870 dis.
216 1837 290 1867 Urs.
312 1855 352 1860 -
381 1837 411 1878 6)
441 1839 600 1878 Ungula-2]
627 1842 743 1877 Nacta,
768 1841 932 1878 legendum.
954 1845 982 1869 et
1026 1841 1161 1881 exemplo
1180 1840 1245 1868 XII.
1265 1839 1450 1873 tabularum,
1473 1836 1553 1875 quod
1568 1836 1598 1863 in
1618 1834 1676 1863 fine
1699 1833 1822 1862 adducit
1833 1832 1885 1861 Fe-

123 1882 223 1919 siquis
245 1883 386 1919 requiret.
409 1891 462 1919 pro
480 1888 623 1921 corrupto
640 1889 734 1912 autem
754 1885 860 1920 verbo,
884 1884 981 1920 elit-it),
1026 1888 1105 1918 stus,
1136 1882 1263 1911 schedae
1284 1887 1350 1910 ante
1373 1880 1505 1909 arbitros
1524 1878 1634 1907 habent
1654 1876 1779 1915 amplius
1800 1875 1886 1903 dimi-

120 1923 152 1951 iu
176 1923 294 1951 schedis
309 1928 369 1959 est,
391 1924 488 1960 ebrio,
521 1935 595 1963 quae
614 1936 682 1954 vera
705 1926 794 1955 lectio
815 1931 865 1955 est.
903 1927 981 1956 Urs.
1026 1925 1138 1954 dietum
1159 1925 1282 1954 verbum
1308 1943 1439 1954 .....
1461 1928 1523 1956 tor,
1543 1926 1577 1950 ut
1593 1921 1739 1958 integrum
1762 1918 1887 1947 fortasse

120 1982 161 1987 —
183 1964 211 2003 7)
236 1965 403 2004 Unciarc'a]
429 1966 510 2002 Quae
525 1973 704 2006 sequuntur,
728 1979 786 2007 quo
801 1968 982 2008 pertineant,
1027 1968 1132 2004 suerit,
1170 1969 1321 2003 Praetor,
1357 1970 1386 1995 et
1412 1965 1451 1994 ita
1482 1966 1520 1994 sit
1547 1962 1723 2003 legendum,
1758 1963 1887 1989 Praetor

121 2008 332 2046 quaerendum.
356 2009 466 2038 incerta
487 2011 554 2039 item
577 2016 661 2047 sunt,
681 2021 756 2049 quae
776 2017 843 2050 post
858 2011 982 2040 verbum
1026 2010 1158 2039 arbitros
1177 2015 1236 2038 tres
1259 2008 1342 2038 elato.
1383 2008 1462 2038 Urs.
