2263 2668
267 103 338 137 126
676 95 818 129 PAULI
846 94 967 128 mAc.
996 93 1250 129 EXCERPTA
1277 96 1341 130 EX
1367 96 1455 131 LIB.
1483 97 1625 132 POMP.
1654 97 1792 132 FESTI

365 194 443 227 alias
469 202 532 235 pro
559 188 793 229 admiratione,
830 193 864 220 ut
886 198 955 232 pro
982 187 1165 232 Iupphem
1204 189 1283 221 alias
1310 201 1373 234 pro
1400 196 1494 231 ante,
1529 197 1565 224 ut
1584 202 1656 236 pro
1681 192 1785 230 osteo,-
1819 194 1899 227 alias
1926 205 1990 239 pro
2016 196 2210 232 immittere¹
2238 186 2241 190 .

367 242 423 278 et²
440 241 647 287 promittere
673 239 823 272 barbam
852 244 884 272 et
911 240 1090 284 capillum.

265 295 507 344 Profundum,
551 290 643 335 quod
672 291 776 336 longe
803 288 928 323 habet³
950 291 1101 324 fundum.

267 347 417 394 profesti
444 344 512 376 dies
539 339 681 387 procul⁴
705 354 724 374 a
751 342 914 387 religione
941 341 1079 375 numinis
1108 341 1207 375 divini
1218 339 1238 375 ⁵.

269 399 438 444 Profitsns
464 406 563 438 super
591 393 729 426 modum
757 399 976 438 sumptuosus.
1029 394 1222 427 Terentius:

633 444 855 490 Profunda,
886 446 1040 490 perdat,
1072 447 1217 491 pereat,
1252 443 1339 477 nihil
1365 444 1416 477 ad
1442 442 1518 478 τηε6
1542 447 1674 481 attinet.

364 497 457 531 Alias
485 496 631 530 abiectas
658 497 777 531 iacens.
832 497 1008 530 Pacuvius:

633 547 809 594 Prosasus
834 549 987 594 gemitu,
1030 543 1240 581 murmur-0⁷.

265 598 407 638 Pluuti⁸
428 598 641 644 appellantur
668 610 785 643 canes,
824 611 966 644 quorum
995 611 1087 633 aures
1114 598 1294 644 languidae
1321 603 1394 629 sunt
1421 608 1461 631 ac
1487 597 1668 640 flaccidae,
1711 605 1743 632 et
1769 601 1864 634 latius
1892 600 2065 637 videntur⁹
2085 609 2210 648 patere.

266 656 417 689 Plantae
443 651 567 684 semina
595 651 740 693 olerum,
789 652 882 695 quod
909 652 1011 696 plana
1037 655 1128 693 sunt,
1180 656 1215 683 ut
1227 646 1250 666 ¹⁰
1276 648 1490 693 appellantur
1517 651 1615 684 etiam
1643 662 1682 684 ex
1709 651 1804 684 simili
1817 649 1838 669 ¹¹
1861 653 1997 697 plantae
2025 662 2210 690 nostrorum

364 703 500 748 pedum.

267 759 423 792 letcac
449 753 583 786 tabulae
610 754 748 798 planae,
798 755 841 787 ob
868 766 969 798 quam
996 765 1129 788 causam
1157 758 1190 786 et
1201 750 1224 770 ¹²
1243 750 1357 796 planci
1384 752 1614 797 appellantur,
1662 754 1718 796 qui
1745 750 1880 799 supra¹³
1902 756 2041 790 modum
2068 758 2211 802 pedibus

364 807 456 851 plani
469 803 492 822 ¹⁴
515 810 598 839 sunt.

265 859 442 894 Plebeium
470 857 698 901 magistratum
726 853 925 889 neminem15
947 867 1069 900 capere
1096 856 1193 896 licet,
1226 855 1285 887 nisi
1312 854 1370 898 qui
1381 851 1404 871 ¹⁸⁵
1427 866 1468 887 ex
1494 855 1596 899 plebe
1623 859 1671 888 est
1682 851 1715 888 ¹⁷.

262 910 380 946 Plutei
406 914 511 942 crates
538 908 631 942 corio
642 904 667 924 ¹⁸
689 908 795 941 crudo
822 908 966 940 intentae
976 904 1010 948 ¹⁹,
1046 919 1132 950 quae
1160 906 1310 939 solebant
1338 906 1466 950 opponi
1493 906 1649 939 militibus
1677 917 1762 952 opus
1788 908 2002 953 facientibus,
2030 916 2063 944 et
2089 913 2211 957 appel-

361 956 549 994 labantur²⁰
571 959 737 992 militares.
791 960 888 993 Nunc
911 959 1009 992 etiam
1037 959 1186 997 tabulae.
1213 959 1332 1001 quibus
1355 958 1436 1001 quid
1460 958 1685 1002 praesepitur,
1714 959 1833 993 eodem
1858 962 1991 995 nomine
2014 960 2208 997 dicuntur²¹.

261 1014 396 1049 Plebeii
422 1012 546 1044 aediles
573 1011 750 1044 dissidente
776 1011 879 1055 plebe
906 1023 925 1043 a
951 1011 1102 1055 patribus
1130 1014 1203 1043 sunt
1230 1010 1342 1043 creati.

261 1067 378 1101 Pleaea
406 1064 583 1109 colligata,
628 1063 717 1095 unde
727 1059 751 1079 ²²
773 1062 944 1107 perplexa.

260 1119 410 1152 Plentur
436 1114 560 1158 antiqui
587 1114 686 1147 etiarn
714 1114 782 1147 sine
807 1113 1110 1159 praepositionibus
1138 1112 1298 1146 dixerunt.

260 1169 448 1204 Ploxinum
457 1163 482 1184 ²³
503 1177 638 1211 capsam
666 1165 826 1198 dixerunt.

263 1222 342 1255 Pam
372 1219 461 1252 dicta
489 1214 569 1251 est²⁴
591 1229 610 1249 a
637 1217 803 1262 pactione.

265 1274 395 1306 Penem
422 1269 565 1304 caudam
587 1269 769 1310 vocabant,
797 1267 886 1301 unde
909 1264 974 1300 et²⁵
995 1265 1108 1314 offam
1128 1267 1300 1310 porcinam
1325 1276 1401 1300 cum
1425 1266 1533 1299 cauda
1554 1263 1665 1312 offam
1686 1266 1847 1310 penitam
1857 1263 1882 1284 ²⁰
1902 1267 2068 1301 dicebant.
2120 1267 2210 1302 Hinc

362 1329 395 1356 et
420 1321 595 1366 peniculos
622 1321 780 1361 dicimus,
815 1319 1010 1363 quibuscum
1039 1319 1255 1352 calciamenta
1282 1321 1476 1362 terguntur,
1521 1317 1578 1360 qui
1606 1316 1648 1349 de
1674 1317 1857 1351 caudarum
1886 1319 2090 1352 extremitate
2116 1319 2208 1352 fiunt.

361 1374 458 1407 Peuis
485 1373 630 1416 denique
657 1384 675 1404 a
706 1371 887 1416 pendendo
916 1367 1069 1404 vocata²⁷
1090 1375 1148 1403 est.

261 1427 414 1471 Propius
440 1425 575 1458 sobrino
602 1423 684 1457 mihi
712 1428 759 1457 est
786 1422 974 1457 consobrini
984 1419 1009 1439 ²⁸
1033 1421 1097 1454 mei
1123 1421 1211 1453 filius
1238 1425 1272 1453 et
1297 1419 1398 1464 patris
1424 1419 1490 1452 mei
1517 1419 1741 1454 consobrinus.

260 1477 436 1512 Possessio
463 1482 512 1509 est
537 1487 612 1508 usus
639 1475 712 1520 agri
739 1474 876 1518 quidam
902 1479 958 1506 aut
984 1472 1144 1513 aedificii,
1179 1483 1244 1504 non
1271 1470 1344 1516 ipse
1369 1470 1491 1504 fundus
1518 1476 1575 1504 aut
1601 1482 1693 1515 ager.

267 1531 408 1563 Portum
436 1528 626 1571 frequenter
654 1527 794 1559 maiores
821 1537 884 1570 pro
911 1525 1015 1557 domo
1042 1528 1233 1568 posuerunt.

262 1580 466 1614 Patrocinia
494 1579 660 1623 appellari
687 1583 808 1622 coepta
835 1581 926 1618 sunt,
953 1572 1090 1620 quum²⁰
1111 1575 1208 1620 plebs
1235 1573 1406 1607 distributa
1433 1569 1518 1605 est³⁰
1537 1573 1622 1606 inter
1648 1578 1779 1617 patres,
1806 1576 1842 1605 ut
1866 1583 1980 1606 eorum
2001 1574 2120 1618 opibus
2139 1579 2209 1607 tuta

362 1637 454 1664 esset.

266 1684 403 1715 l'ostiea
430 1683 515 1714 linea
541 1682 574 1713 in
601 1681 689 1725 agris
717 1675 936 1713 dividendis³³¹
961 1679 1004 1711 ab
1033 1678 1158 1710 oriente
1186 1677 1228 1710 ad
1257 1687 1413 1710 occasum
1441 1681 1580 1720 spectat.

1255 1811 1303 1839 Sic
1318 1811 1349 1840 L.
1362 1811 1394 1839 B.
1413 1810 1469 1839 Gn.
1487 1813 1515 1841 1.
1532 1813 1561 1842 2.
1585 1820 1628 1849 pr.
1646 1812 1675 1838 S.
1722 1812 1851 1837 intextae
1871 1810 1950 1848 vulg.
1975 1827 2012 1830 —
2036 1811 2083 1849 90)
2106 1812 2208 1850 appel-

1255 1852 1412 1890 labantur]
1438 1853 1630 1891 appellantur
1646 1852 1702 1882 Gu.
1720 1855 1746 1883 1.
1770 1869 1807 1873 —
1833 1851 1879 1892 21)
1901 1851 2058 1888 dicuntur]
2079 1863 2208 1893 Sequun-

1255 1902 1307 1924 tur
1322 1896 1353 1924 L.
1389 1896 1605 1934 signficantur
1621 1896 1676 1924 Gu.
1688 1898 1713 1926 1.
1730 1905 1777 1933 pr.
1800 1912 1832 1916 —
1854 1894 1901 1934 22)
1925 1894 2015 1934 unde]
2031 1895 2101 1924 inde
2115 1896 2146 1925 B.
2161 1907 2208 1936 pr.

264 1816 294 1844 L.
310 1817 336 1842 S-
359 1832 398 1837 —
422 1819 450 1851 1)
468 1827 526 1854 pro
542 1818 716 1850 tmmittcrc]
736 1825 793 1853 pro
810 1816 841 1842 in
858 1819 892 1841 ut
902 1815 1077 1852 promittere
1093 1814 1121 1839 S.
1156 1822 1212 1849 pro

264 1859 375 1884 mittere
395 1858 427 1885 L.
452 1874 487 1879 —
512 1860 541 1894 Ξ)
565 1857 608 1896 et]
631 1858 681 1886 Sic
698 1857 736 1886 M.
761 1857 817 1885 Gu.
833 1859 861 1888 2.
882 1866 927 1895 pr.
941 1856 970 1886 S.
1015 1861 1047 1883 nt
1068 1855 1147 1892 vulg.
1171 1870 1212 1875 -

264 1899 292 1935 3)
316 1898 419 1937 habet]
441 1899 548 1927 habeat
565 1901 659 1931 Gu.1.
682 1915 724 1922 —-
746 1900 777 1937 4)
794 1898 925 1938 procul]
950 1899 1037 1937 longe
1053 1898 1148 1927 Gu.1.
1173 1911 1210 1918 -

264 1941 292 1977 5)
317 1939 432 1978 divini]
455 1947 479 1968 et
496 1944 692 1970 nominantur
708 1943 797 1970 litera
812 1952 828 1969 c
843 1941 910 1970 add.
927 1941 956 1970 L.
981 1956 1017 1962 —
1041 1942 1069 1975 6)
1094 1937 1138 1967 ad
1152 1937 1212 1978 me]

266 1993 322 2012 om.
340 1983 370 2011 L.
385 1983 418 2010 B.
443 1998 476 2003 —
501 1985 528 2020 7)
552 1984 723 2024 murmuro]
747 1994 901 2013 marmure
914 1984 947 2013 B.
971 1999 1012 2005 -—
1034 1982 1062 2021 8)
1085 1981 1213 2020 Plauti]

266 2023 384 2052 l’lalcdi
405 2025 436 2052 L·
460 2024 515 2052 Gu—
532 2027 557 2055 1.
577 2027 603 2053 S.
634 2043 669 2048 —
699 2025 730 2067 9)
754 2026 914 2065 videntur]
937 2025 1100 2054 videantur
1118 2025 1149 2053 B.
1175 2042 1207 2046 —-

269 2066 313 2105 lo)
338 2066 384 2106 ut]
399 2065 448 2094 Sic
461 2066 492 2093 B.
501 2065 538 2095 M.
552 2068 607 2096 Gu.
621 2071 683 2099 1.2.
698 2079 744 2107 pr.
779 2076 805 2098 et
818 2070 899 2108 vulg.
923 2085 960 2090 -
986 2066 1034 2108 11)
1058 2079 1091 2095 ex
1105 2067 1213 2102 simili]

265 2110 360 2137 simili
376 2107 463 2136 modo
480 2108 508 2135 L.
535 2124 569 2129 —
598 2110 642 2145 12)
666 2110 702 2148 et]
722 2112 791 2142 add.
804 2113 836 2142 L.
851 2112 884 2140 B.
899 2111 937 2140 M.
954 2112 1008 2139 Gu.
1021 2113 1051 2142 2.
1064 2120 1109 2149 pr.
1154 2120 1211 2138 om.

265 2152 344 2190 vulg.
368 2168 409 2174 -—
433 2148 476 2188 13)
500 2151 605 2187 supra]
623 2161 710 2188 super
726 2154 820 2185 Gu.1.
836 2165 880 2193 pr.
902 2170 943 2175 --
966 2153 1011 2192 14)
1028 2152 1132 2192 plani]
1143 2153 1212 2191 pla-

265 2195 313 2221 nis
328 2193 365 2222 M.
393 2209 425 2214 -
453 2191 497 2231 15)
521 2192 680 2230 neminem]
703 2195 749 2221 Sic
766 2196 796 2223 L.
811 2197 844 2226 Β,
860 2196 897 2224 Μ.
916 2196 973 2226 Gu.
989 2198 1018 2227 2.
1034 2205 1079 2235 pr.
1095 2197 1124 2224 S.
1165 2206 1214 2223 ne-

265 2238 375 2264 minem·
396 2244 476 2273 mag.
495 2244 560 2273 cap.
584 2234 652 2261 lieet
670 2235 702 2263 B.
745 2237 851 2264 licebat
869 2239 899 2266 L.
942 2239 1054 2266 nemim*
1068 2238 1148 2276 vulg.
1173 2254 1211 2259 —

267 2277 310 2316 16)
335 2279 396 2306 nist
410 2278 473 2316 qui]
491 2278 544 2316 qui
560 2287 618 2304 non
635 2276 689 2304 Gu.
702 2279 728 2306 1.
751 2294 783 2297 —
808 2278 852 2313 17)
876 2283 928 2315 est]
945 2281 994 2308 Sic
1009 2290 1108 2309 omnes
1125 2279 1212 2310 codd.

265 2326 292 2349 et
307 2320 375 2350 edit.
391 2329 435 2358 pr.
453 2320 482 2347 S·
527 2320 568 2346 sit
583 2318 664 2356 vulg.
687 2334 728 2339 —-
752 2318 794 2356 13)
818 2321 914 2358 corio]
938 2333 952 2349 e
966 2333 1023 2350 cor.
1040 2323 1070 2350 L.
1116 2327 1213 2350 crates

262 2369 334 2391 ¹*sunt
353 2362 448 2400 vulg.,
471 2361 522 2390 sed
546 2367 618 2389 sunt
638 2371 693 2389 om.
716 2359 803 2389 codd.
817 2370 863 2399 pr.
877 2363 906 2390 S.
930 2378 971 2384 —
994 2362 1039 2402 19)
1063 2364 1211 2402 intentae]

1256 1938 1327 1967 inde
1348 1943 1374 1966 et
1396 1938 1452 1966 Gu.
1470 1940 1496 1969 1.
1514 1939 1542 1966 S.
1573 1954 1616 1959 —
1644 1940 1689 1975 23)
1714 1936 1896 1976 Ploxmam]
1924 1938 1973 1966 Sic
1994 1938 2052 1968 Gu.
2064 1941 2092 1970 2.
2111 1949 2158 1978 pr.
2179 1940 2206 1967 S.

1256 1980 1429 2011 Pleximum
1448 1980 1530 2019 vulg.
1574 1980 1640 2010 Om.
1664 1981 1791 2017 glossam
1815 1980 1845 2009 L.
1861 1980 1892 2009 B.
1922 1998 1959 2002 —-
1988 1981 2036 2016 24)
2063 1981 2122 2019 est]
2149 1992 2206 2012 om.

1258 2025 1314 2053 Gu.
1331 2027 1356 2055 1.
1378 2039 1420 2045 —
1440 2021 1487 2063 25)
1510 2022 1556 2062 et]
1581 2033 1637 2051 om.
1654 2023 1685 2051 B.
1703 2023 1760 2051 Gu.
1780 2026 1805 2053 1.
1824 2033 1872 2061 pr.
1898 2039 1936 2044 --·
1960 2023 2005 2062 26)
2029 2033 2099 2051 cum
2117 2022 2206 2053 caud.

1255 2067 1306 2106 off
1322 2068 1411 2105 pem]
1436 2076 1494 2094 om.
1518 2065 1575 2094 Gu.
1593 2068 1620 2097 1.
1646 2082 1686 2086 —
1708 2065 1754 2104 27)
1779 2066 1907 2103 vocata]
1932 2064 2018 2093 dicta
2034 2066 2064 2094 L.
2081 2070 2112 2095 et
2125 2066 2205 2104 vulg.

1258 2126 1295 2131 —
1319 2113 1363 2143 28)
1388 2107 1576 2146 consobrini]
1598 2108 1714 2135 sobrini
1733 2108 1765 2136 B.
1786 2124 1829 2130 —
1854 2108 1903 2146 29)
1925 2107 2038 2147 quum]
2062 2119 2154 2147 quom
2172 2109 2205 2138 B.

1256 2168 1296 2173 —
1318 2155 1363 2185 30)
1387 2150 1440 2190 est]
1456 2161 1513 2181 om.
1528 2151 1558 2178 L.
1580 2167 1622 2172 —
1644 2148 1691 2188 31)
1714 2149 1897 2189 dividendis]
1913 2149 2095 2180 dividundis
2109 2149 2203 2183 Gml.

1255 2210 1298 2216 —
1318 2196 1363 2227 32)
1388 2192 1565 2232 Pomptina]
1589 2193 1637 2222 Sic
1654 2192 1711 2222 Gu.
1726 2195 1756 2224 2.
1788 2192 1924 2222 Pontina
1939 2193 2019 2232 vulg.
2049 2191 2160 2223 Pontia
2173 2193 2202 2220 L.

1255 2235 1389 2275 Poptina
1410 2236 1448 2266 M.
1478 2251 1520 2258 —
1549 2234 1597 2276 33)
1626 2235 1786 2274 Pomptia]
1817 2236 1866 2264 Sic
1887 2236 1944 2265 Gu.
1962 2239 1991 2267 2.
2013 2235 2052 2265 M.
2093 2233 2202 2264 Pontia

1255 2280 1336 2317 vulg.
1359 2296 1397 2300 —
1422 2282 1467 2313 34)
1489 2277 1616 2317 vocata]
1640 2283 1683 2306 est
1702 2289 1764 2307 voc.
1787 2278 1868 2316 vulg.
1913 2278 1970 2307 Sed
1991 2287 2048 2306 om.
2069 2275 2155 2305 codd.
2174 2281 2202 2304 et

1255 2322 1327 2351 edit.
1342 2332 1385 2360 pr.
1402 2322 1430 2350 S.
1464 2326 1573 2349 vocata
1589 2331 1644 2350 om.
1661 2320 1719 2350 Gu.
1731 2324 1757 2353 1.
1788 2320 1948 2349 Adduntur
1961 2319 1992 2348 in
2008 2318 2072 2347 cod.
2087 2318 2117 2347 L.
2131 2317 2200 2347 huic

1256 2364 1369 2401 glossae
1381 2364 1469 2392 haec:
1493 2362 1625 2401 Papirus
1639 2364 1778 2391 nascitur
1793 2364 1825 2390 in
1840 2363 1903 2390 nilo
1918 2361 1995 2388 duo-⁹
2008 2359 2126 2387 cubitos
2142 2371 2200 2389 non
