2263 2668
234 149 307 186 172
623 144 853 180 EUTYCHII
879 141 943 176 DE
968 140 1313 178 DISCERNENDIS
1341 142 1786 180 CONIUGATIONIBUS

234 245 311 277 Non
334 241 380 274 sic
405 239 440 273 in
462 239 615 273 omnibus
640 238 746 271 verbis
770 237 1015 283 deponentibus
1044 236 1079 269 h.
1106 237 1236 271 videtur
1263 243 1396 283 praeter
1428 239 1532 283 haec,
1564 251 1651 285 quae
1681 251 1748 273 non
1769 239 1811 272 ab
1837 238 1950 273 activis
1983 239 2092 273 verbis
2122 244 2178 274 aut

235 293 435 328 neutralibus
468 292 652 324 derivantur
666 286 686 322 ¹.

401 344 435 376 2.
488 342 568 374 Sola
595 342 707 382 itaque
731 340 840 384 prima
865 338 1055 383 coniugatio
1085 339 1229 382 syllabas
1258 341 1479 385 genitivorum
1510 341 1649 375 nominis
1700 341 1869 375 custodire
1902 341 1987 374 solet
2017 341 2051 373 in
2085 340 2179 374 verbi

237 395 461 433 traductione,
488 393 605 424 notatis
626 392 691 424 illis
718 391 833 435 paucis
862 390 1145 423 terminationibus
1167 391 1199 423 in
1232 403 1290 433 co,
1321 393 1375 425 vel
1401 393 1434 425 in
1457 395 1508 434 to,
1535 393 1589 425 vel
1619 393 1651 425 in
1679 394 1763 433 cito,
1801 397 1833 424 et
1856 392 1888 424 in
1915 388 1983 424 uo3
2013 403 2033 424 a
2061 397 2178 435 quarta

239 447 458 481 declinatione
494 440 697 483 t1·ad11etis⁴,
731 447 763 475 et
791 443 816 475 si
846 453 932 486 quae
963 446 1037 474 sunt
1060 442 1141 474 tales
1172 442 1410 486 derivationes,
1451 454 1532 486 quas
1562 445 1653 487 quasi
1679 449 1812 488 praeter
1844 437 2009 475 aliarum⁵
2048 453 2178 476 morem

240 501 420 532 crescentes
440 495 587 538 superius
612 493 866 527 observavimus.
918 494 983 526 Illo
1006 504 1141 536 quoque
1165 495 1382 538 generaliter,
1414 498 1450 526 ut
1473 495 1577 527 omnis
1609 495 1806 540 ambiguitas
1828 495 1981 534 tollatur,
2007 493 2178 533 addendo,

240 549 331 592 quod
352 548 432 580 licet
456 546 580 590 duplex
598 546 636 577 sit
659 546 845 578 terminatio
865 545 1059 577 Latinorum
1078 545 1110 576 in
1132 546 1297 588 positione
1316 547 1504 588 verborum,
1531 546 1565 578 id
1590 551 1637 578 est
1657 551 1711 579 aut
1733 558 1752 579 o
1773 550 1828 578 aut
1852 556 1892 578 or
1910 545 2038 578 indica—
2047 542 2176 590 [2165]

240 601 306 632 tivo
324 598 488 643 praesenti
511 597 679 637 desinens,
707 598 830 640 absque
857 596 1035 640 corruptis,
1056 608 1141 638 quae
1163 597 1289 641 regulis
1313 597 1488 641 analogiae
1512 602 1641 638 carent,
1668 602 1703 630 ut
1723 609 1817 637 snm,
1846 608 1898 638 cs,
1927 599 1996 633 est;
2022 606 2178 641 possum,

234 661 398 696 prosum,
427 649 508 691 edo,
536 654 568 681 et
592 649 752 681 similibus
766 646 792 687 ¹⁵3
819 648 989 680 sciendum
1014 651 1061 679 est
1082 648 1115 680 in
1147 659 1187 680 or
1209 649 1345 691 quidem
1373 649 1557 681 desinentia
1587 649 1708 690 verba,
1742 649 1768 681 si
1796 649 1925 692 passiva
1951 647 2013 680 sint
2043 658 2179 680 suorum

240 702 423 735 activorum
454 700 721 744 coniugationem
753 711 899 739 servare,
929 699 963 731 id
993 703 1056 739 est,
1094 699 1160 732 sive
1184 700 1307 733 vocalis
1336 711 1392 732 seu
1417 710 1597 732 consonans
1628 700 1667 732 sit
1700 704 1774 732 ante
1800 711 1838 741 o,
1873 699 1987 732 addita
2010 709 2031 730 r
2057 698 2177 740 littera,

240 764 307 786 non
329 757 472 785 mutatur
500 748 713 795 οοιιίιιὲζεηίοἵ
741 751 766 784 si
798 755 992 795 permaneat
1014 750 1132 783 eadem
1163 752 1255 783 verbi
1281 751 1495 796 significati03
1530 756 1566 783 ut
1589 762 1687 793 curo,
1721 761 1845 790 curor‚·
1879 751 2005 790 doceo,
2033 749 2178 788 doceor,-

240 804 372 844 seriho,
401 802 554 842 scribor;
581 803 705 845 (tudio,
731 802 867 835 audior.
895 802 1027 834 Mutato
1050 813 1129 834 vero
1153 814 1277 846 genere
1299 808 1331 835 et
1353 802 1594 846 significatione
1615 802 1725 844 verbi,
1752 803 1832 835 licet
1850 802 1934 834 nihil
1958 799 2047 833 aliud
2076 800 2137 833 nisi
2158 810 2178 832 r

239 861 364 888 tantum
381 852 560 895 adsumatss,
581 865 646 886 non
665 855 819 887 observat
838 853 977 886 eandem
995 853 1274 898 coniugationem,
1293 859 1327 886 ut
1350 851 1506 898 spernffi„
1523 864 1679 899 spernor,
1695 853 1886 898 sperneris,
1906 862 2086 897 aspernor,
2114 850 2178 884 de-

240 918 381 951 ponens,
416 906 639 949 aspernaris,·
674 905 862 949 conspicio,
899 904 1082 948 conspicis,
1125 905 1333 949 conspicior,
1377 905 1601 949 conspiceris,
1636 905 1786 950 aspicio,
1826 904 1971 949 aspicis,
2013 902 2177 947 aspicior,

241 957 428 1002 aspiceris,·
455 958 652 1002 conspicor,
681 957 867 1000 deponens,
897 956 1131 1000 ‹·0nsp1·em·is;
1166 960 1298 995 sterno.
1334 957 1474 998 sternis,
1507 961 1660 999 ster-nor,
1687 955 1869 997 stez-neris,
1897 958 2096 988 consternor
2116 965 2177 986 au-

239 1014 324 1049 tem,
352 1009 539 1052 deponens,
567 1008 818 1044 consternatis,-
843 1006 965 1052 sat-Io,
1003 1012 1172 1048 neutrum,
1201 1004 1435 1053 gratificorm,
1463 1009 1574 1048 caris,
1602 1006 1787 1053 ludificor,
1814 1006 1928 1046 cco-is5
1959 1005 2066 1038 sentio
2085 1004 2176 1048 item,

238 1061 360 1104 sentis,
389 1060 546 1093 adsentio
571 1064 602 1092 et
626 1059 820 1101 adsentior,
851 1059 1036 1101 adsentor,
1065 1058 1251 1103 deponens,
1276 1059 1476 1092 adsentaris
1485 1073 1497 1099 ,-
1522 1070 1630 1105 gero,
1658 1055 1749 1101 ris-¹¹,
1776 1058 1993 1103 morigeror,
2019 1055 2178 1100 morige-

237 1123 339 1146 raris.

1661 338 1674 359 ²

400 1162 445 1194 Et
473 1173 491 1194 e
514 1161 649 1204 quidem
674 1160 830 1193 habentia
859 1165 933 1193 ante
959 1171 1016 1200 or,
1050 1161 1215 1193 secundae
1238 1165 1312 1193 sunt
1335 1157 1620 1206 coniugationisffl,
1648 1171 1709 1194 ceu
1736 1164 1811 1192 ante
1836 1159 1962 1193 dictum
1984 1161 2049 1199 est,
2075 1161 2111 1190 ut
2133 1157 2177 1190 li-

237 1209 360 1253 cem-¹³,
384 1214 574 1258 polliceor,
600 1209 777 1254 mereor-¹⁴,
806 1223 902 1254 reor,
931 1212 1090 1254 medeor,
1118 1223 1259 1255 vereor,
1285 1212 1428 1258 fateor,
1456 1217 1571 1255 tueor,
1607 1217 1639 1245 et
1663 1223 1748 1254 quae
1772 1222 1811 1244 ex
1837 1210 1888 1243 his
1918 1209 2054 1254 singulis
2080 1219 2176 1242 com-

235 1270 412 1307 ponuntur.
440 1264 462 1297 1
485 1268 595 1297 autem
610 1269 684 1297 ante
700 1275 739 1296 or
754 1263 910 1295 habentia
925 1263 1205 1296 observationibus
1227 1264 1354 1307 primae
1378 1265 1537 1305 carentia,
1565 1268 1730 1308 coguntur
1751 1262 1794 1295 ad
1809 1262 1943 1294 Illltam
1965 1261 2076 1293 venire
2093 1271 2177 1294 con-—

235 1312 482 1361 iugationemffi,
506 1321 540 1349 ut
560 1316 723 1358 amicior,
752 1311 957 1358 blamliorffi,
984 1315 1120 1357 ordior,
1148 1315 1305 1360 largior,
1332 1316 1473 1359 molior,
1501 1311 1706 1361 opperior-¹⁷,
1730 1314 1863 1355 metior,
1889 1309 2059 1354 sortior-¹⁸,
2081 1321 2174 1357 par-

236 1467 320 1502 Vffl,
346 1469 404 1503 17,
434 1468 484 1500 95.
515 1467 618 1496 Paullo
647 1468 732 1496 aliter
761 1467 871 1505 legitur
893 1468 971 1506 apud
994 1468 1092 1506 ipsum
1116 1469 1183 1497 Sta-

235 1510 324 1538 tium:
350 1511 487 1548 Jchmque
503 1511 579 1538 mim·
596 1513 720 1547 inseslos
742 1516 824 1538 utero
848 1510 934 1538 modo
956 1517 1079 1538 contuor
1094 1522 1182 1539 enses.

236 1553 365 1589 Infestos
392 1554 477 1581 etiam
507 1563 521 1580 e
549 1553 640 1581 Prisc.
669 1553 761 1581 Codd.
791 1557 930 1590 tanquam
957 1553 1075 1581 varians
1095 1554 1181 1581 lectio

237 1600 374 1622 enotatur
400 1606 414 1622 a
438 1595 576 1632 Krehlio,
601 1605 686 1633 quem
710 1594 787 1623 vide.
833 1596 967 1623 Ceterum
993 1596 1030 1623 es.
1053 1606 1124 1633 quae
1147 1596 1182 1624 de

238 1637 317 1664 omni
339 1637 395 1664 hac
410 1637 603 1665 fluctuatione
630 1639 708 1665 intel·
732 1637 893 1664 secundam
920 1642 948 1666 et
969 1638 1087 1666 tertiam
1111 1639 1186 1666 coni.

237 1678 299 1706 dixi
329 1679 365 1706 ad
396 1680 540 1707 Prisciani
568 1680 617 1708 lib.
641 1680 676 1707 de
704 1689 782 1707 vers.
815 1679 886 1708 Aen.
922 1689 987 1718 pag.
1013 1681 1082 1711 344.
1105 1690 1185 1718 seqq.

236 1720 288 1747 ubi
312 1720 576 1749 Grammaticorum
596 1723 676 1749 locos
697 1720 811 1758 collegi.
833 1737 876 1742 --
922 1725 945 1755 1)
969 1722 1024 1750 Vx‘.
1049 1723 1119 1750 ,Non
1141 1725 1186 1749 ,sie

236 1777 278 1782 —-
300 1777 339 1781 —
363 1761 540 1790 cleris-untur
562 1768 589 1790 et
611 1763 786 1801 interposita
810 1773 824 1790 e
849 1764 957 1792 Codice
984 1764 1087 1793 adieci.
1109 1765 1184 1793 Nolo

236 1808 335 1831 'tamen
360 1804 500 1839 diffiteri,
526 1804 596 1832 mihi
621 1806 761 1841 glossema
790 1805 894 1834 videri.
918 1807 1057 1834 Litteram
1080 1806 1108 1834 lz.
1133 1817 1185 1834 ex-

236 1846 318 1884 pleas
332 1845 446 1875 habere.
491 1846 524 1874 In
550 1847 621 1875 cod.
642 1852 685 1874 est
706 1847 903 1877 dirivantur,
930 1864 972 1870 ——
993 1852 1023 1884 2)
1045 1849 1092 1876 Sic
1112 1849 1184 1878 Cod.

239 1898 254 1916 a
280 1898 325 1926 pr.
348 1898 386 1916 m.
413 1889 490 1916 Cain.
516 1888 548 1917 Ρ.
580 1889 752 1916 Correctum
781 1889 811 1916 in
839 1890 909 1919 cod.
933 1893 1114 1921 nominum.
1143 1907 1185 1913 —

237 1929 268 1964 3)
292 1930 328 1957 [η
351 1941 389 1957 co
414 1931 460 1957 vel
480 1932 518 1958 in
542 1936 578 1958 to
602 1932 650 1958 vel
675 1932 714 1958 in
737 1932 816 1958 cito
840 1937 864 1958 el
888 1934 926 1960 in
952 1944 1001 1963 lto.
1025 1934 1068 1962 Ita
1086 1944 1099 1961 e
1121 1933 1185 1962 Co-

238 1971 303 2000 dice
319 1972 393 2000 dedi.
417 1973 453 2000 [ιι
476 1983 507 2000 co
532 1974 577 2000 vel
597 1979 626 2000 to
648 1974 695 2001 rel
717 1974 775 2000 cilo
799 1974 844 2000 vel
865 1975 957 2002 innuo
981 1977 1058 2004 Cam.
1075 1976 1106 2004 P.
1127 1976 1184 2004 nisi

238 2014 319 2052 quod
338 2015 370 2042 P.
394 2016 439 2042 rel
460 2016 491 2042 in
520 2016 572 2045 Uo.
595 2032 636 2037 —
658 2017 684 2050 4)
708 2015 771 2043 Hoc
794 2015 860 2043 loco
882 2016 1047 2055 interponit
1070 2019 1131 2046 sola
1151 2019 1183 2048 P.

238 2061 265 2084 eb
293 2058 324 2084 in
356 2057 386 2084 Io
411 2068 429 2084 α
452 2059 577 2095 quinta,
607 2067 680 2095 quae
709 2068 724 2084 a
748 2058 819 2085 Cod.
848 2062 877 2085 et
907 2059 985 2088 Cam.
1006 2061 1118 2091 absunt⁴
1141 2078 1184 2084 --

238 2097 266 2136 5)
289 2099 447 2127 Aliarum
474 2100 543 2127 Cod.
570 2110 585 2127 a
610 2111 654 2138 pr.
680 2110 718 2129 m.
748 2101 894 2127 aliorum
917 2101 988 2130 Cod.
1020 2112 1034 2130 e
1058 2113 1133 2132 corr.
1155 2108 1184 2133 et

238 2141 318 2169 Cam.
343 2142 373 2170 P.
394 2158 435 2162 —
457 2146 483 2175 6)
506 2143 546 2170 Et
568 2142 632 2169 llis
657 2143 810 2170 similibus
837 2142 916 2170 Cam.
939 2143 972 2171 P.
994 2143 1043 2171 his
1064 2145 1144 2174 abest
1167 2157 1184 2174 a

239 2181 311 2211 cod.
335 2200 376 2205 —
398 2186 425 2217 7)
455 2184 673 2222 Coningatione
696 2185 767 2213 Cod.
785 2185 836 2211 scd
858 2189 1024 2222 expunctae
1044 2186 1118 2215 duae
1134 2189 1184 2216 ul—

237 2225 328 2253 rimae
347 2225 471 2254 litterae.
495 2242 537 2248 -
568 2225 595 2265 8)
620 2227 691 2254 Nan·
714 2238 730 2254 r
761 2232 881 2254 tantu
891 2237 920 2254 m
943 2227 1098 2257 adsumat.
1141 2230 1184 2258 lta

239 2267 311 2295 cod.
343 2269 403 2295 nisi
429 2279 445 2296 r
472 2274 611 2296 assumat
640 2269 718 2297 Cam.
740 2270 802 2296 nisi
831 2279 846 2295 r
875 2276 1029 2305 assumat,
1063 2276 1183 2300 tantum

239 2320 298 2337 non
320 2309 350 2340 P.
375 2320 448 2348 quae
467 2310 555 2339 lectio
576 2316 675 2349 aperte
695 2316 797 2339 contra
815 2317 939 2340 mentem
959 2313 1124 2351 scriptoris.
1140 2330 1182 2337 —-

237 2351 265 2391 9)
290 2352 322 2380 In
346 2351 391 2381 his
423 2358 451 2381 et
470 2363 550 2391 seqq.
571 2353 713 2391 exemplis
747 2353 884 2381 codicem
915 2354 1002 2383 etiam
1030 2355 1060 2382 in
1094 2355 1179 2393 plene

235 2394 454 2433 perscribendis
473 2396 577 2425 formis
600 2396 758 2426 verborum
781 2400 897 2424 secutus
918 2407 993 2426 suin.
1036 2397 1071 2425 111
1099 2398 1177 2428 Cam.

1226 1473 1255 1497 et
1277 1469 1308 1498 P.
1329 1469 1504 1508 plerumque
1525 1468 1723 1498 secundarum
1742 1476 1937 1507 personarum
1965 1464 2086 1493 ultimae
2106 1468 2176 1492 tan-

1225 1516 1287 1539 tuin
1316 1512 1445 1550 syllabae
1473 1513 1620 1549 leguntur.
1654 1528 1696 1533 —-
1740 1510 1783 1550 10)
1816 1509 1998 1538 Vocabulum
2030 1506 2176 1545 deponens

1225 1554 1292 1582 add.
1319 1555 1396 1583 Cmn.
1414 1555 1444 1583 P.
1476 1571 1518 1576 —
1555 1559 1598 1589 11)
1623 1554 1696 1583 Voc.
1720 1552 1866 1591 deponens
1891 1551 1958 1579 add.
1979 1551 2057 1578 Cam.
2080 1549 2111 1577 P.
2136 1564 2174 1570 —

1228 1595 1270 1635 12)
1295 1597 1450 1624 Secundae
1478 1603 1547 1624 stent
1579 1599 1655 1626 εωιί.
1684 1597 1727 1624 Ita
1757 1596 1828 1624 (jod.
1856 1596 1918 1623 Sec.
1952 1603 2014 1621 con-
2043 1596 2114 1619 6·αηί
2142 1591 2175 1619 P-

1231 1638 1308 1666 Cam.
1338 1655 1381 1659 —
1414 1639 1461 1677 13)
1485 1641 1584 1677 Liqzc
1595 1651 1643 1668 eor
1665 1639 1740 1667 male
1761 1639 1839 1666 Cam.
1863 1637 1895 1666 P.
1920 1652 1961 1657 —-
1991 1632 2036 1673 14)
2061 1634 2176 1662 ,Mereor

1228 1691 1293 1708 reor
1314 1680 1430 1709 medeor
1454 1692 1552 1709 vereor
1574 1682 1645 1710 Cod.
1668 1680 1800 1716 medeor,
1823 1690 1904 1715 reor,
1928 1687 2053 1714 mereor,
2087 1677 2176 1704 mise-

1227 1733 1293 1750 reor
1324 1733 1422 1751 vvercor
1452 1725 1530 1751 Cani.
1559 1724 1591 1753 P.
1620 1741 1663 1746 —
1700 1727 1740 1759 15)
1774 1723 1932 1761 Coguntur
1966 1720 2096 1750 venire
2126 1716 2177 1745 ad

1228 1770 1412 1803 quartam
1434 1768 1509 1795 coni.
1533 1767 1612 1795 Cani.
1628 1767 1658 1796 P.
1682 1766 1723 1794 Ut
1737 1765 1816 1801 dedi,
1840 1763 1959 1792 exhibet
1974 1761 2062 1798 Cod.‚
2087 1770 2174 1799 quem

1227 1817 1263 1835 ne
1281 1807 1312 1835 in
1337 1808 1445 1836 talibus
1468 1808 1587 1846 quidem
1613 1808 1815 1846 derelinquere
1842 1805 1935 1835 volui.
1957 1820 1999 1826 —
2026 1802 2072 1842 16)
2094 1804 2176 1831 Par-

1226 1851 1286 1877 lior
1321 1848 1350 1879 11,
1381 1850 1401 1878 1.
1445 1850 1571 1889 interpp.
1597 1851 1675 1879 Cam.
1705 1850 1736 1878 P.
1768 1850 1858 1878 Recte
1886 1847 1996 1875 omittit
2026 1845 2097 1875 Cod.
2131 1861 2175 1867 --

1227 1895 1269 1926 17)
1284 1892 1407 1931 Operior
1429 1894 1541 1920 morior
1563 1893 1594 1922 P.
1613 1894 1738 1930 Operior
1751 1891 1870 1919 melior
1892 1890 1970 1918 Cam.
1991 1905 2027 1910 -—
2053 1890 2096 1924 18)
2109 1887 2175 1916 As-

1225 1936 1334 1962 sentior
1355 1934 1514 1963 intrudunt
1535 1935 1612 1963 Cam.
1634 1936 1666 1963 P.
1689 1948 1731 1955 —-
1758 1936 1800 1969 19)
1824 1932 1955 1972 Sequor,
1983 1932 2027 1959 ris
2047 1929 2080 1960 iu
2102 1929 2175 1960 eod.

1226 1987 1315 2015 supra
1338 1977 1458 2016 scripta.
1482 1978 1620 2005 Ceterum
1641 1976 1862 2005 terminationes
1884 1974 2042 2012 diligenter
2065 1983 2080 2001 e
2100 1971 2173 2002 cod.

1227 2019 1353 2048 correxi.
1380 2034 1422 2041 —-
1451 2022 1494 2055 20)
1516 2019 1560 2047 Ita
1585 2019 1655 2048 Cod.
1675 2019 1797 2058 quicum
1820 2017 2010 2046 consentiunt
2036 2015 2115 2044 Cam.
2139 2014 2173 2046 P.

1226 2071 1287 2089 non
1315 2062 1343 2089 lo
1354 2067 1496 2099 quatias,
1525 2067 1703 2100 sequutus,
1725 2061 1756 2089 id
1786 2061 1866 2099 quod
1887 2060 1953 2099 ipsa
1979 2057 2173 2087 Grammatici

1227 2104 1317 2132 verba
1338 2105 1506 2132 ostendunt.
1542 2121 1585 2126 —
1625 2108 1669 2139 21)
1694 2105 1752 2132 Sem
1784 2103 1856 2133 cod.
1886 2108 1915 2131 et
1944 2102 2024 2130 Cam.
2057 2101 2120 2129 sit-e
2137 2099 2170 2130 P.

1228 2146 1331 2174 Paullo
1358 2151 1425 2175 ante
1451 2147 1483 2174 in
1506 2146 1576 2175 cod.
1601 2151 1644 2175 est
1669 2146 1879 2181 derivantur,
1917 2144 1970 2173 sed
2002 2141 2173 2172 coniuncti-

1227 2198 1299 2217 vum
1321 2194 1419 2217 servat
1437 2189 1524 2217 etiam
1549 2189 1628 2217 Cam.
1655 2205 1698 2211 ·—-
1724 2187 1770 2229 22)
1786 2190 1894 2217 Secuta
1918 2186 1989 2216 cod.
2015 2186 2095 2214 Cam.
2119 2195 2173 2213 se-

1227 2237 1361 2269 quuntur
1382 2232 1414 2260 P.
1441 2247 1484 2253 —
1513 2230 1559 2270 23)
1581 2230 1689 2260 Precor
1709 2242 1826 2269 preces,
1855 2228 1954 2258 vador
1975 2239 2047 2266 ναε,
2073 2237 2172 2266 vagor

1224 2284 1339 2312 vagus,
1362 2274 1520 2313 suffragor
1537 2273 1698 2313 szffzzgiia·
1713 2274 1746 2304 P.
1770 2274 1827 2302 Sed
1848 2272 1920 2301 Cod.
1947 2276 1977 2300 et
1996 2271 2074 2301 Cam.
2093 2269 2171 2309 sub—

1223 2316 1352 2345 stantiva
1376 2317 1526 2347 omittunt.
1555 2313 1608 2338 —-'
1627 2318 1672 2354 24)
1701 2317 1814 2345 (ἔναιον
1836 2314 1956 2354 scripsi,
1986 2323 2076 2352 quum
2098 2310 2170 2340 Cod-

1221 2356 1327 2386 habeat
1344 2360 1481 2396 gratior,
1509 2358 1560 2388 sed
1588 2359 1600 2386 ι’
1621 2363 1771 2398 expuncto
1794 2363 1821 2388 et
1845 2358 1880 2387 ab
1905 2356 1962 2389 alia
1984 2363 2071 2384 manu
2093 2363 2169 2381 cor-

1219 2405 1303 2429 recto
1329 2401 1484 2439 gratulor.
1537 2401 1662 2430 Gralior
1690 2402 1770 2432 Cam.
1803 2401 1870 2430 Ah'o
1898 2397 2000 2429 ordino
2031 2396 2168 2435 negotior-
