2263 2668
216 137 292 171 620
647 134 990 169 COMMENTARII
1015 135 1064 169 ΙΝ
1089 133 1234 168 PAULI
1259 133 1455 169 DIACONI
1480 136 1731 172 EXCERPTA

382 225 630 268 Quisquiliae.
676 225 796 254 Caecilii
821 236 938 255 versum
963 227 1150 256 trochaicum
1174 227 1213 256 ita
1236 228 1316 265 lege:

709 266 890 308 Quisquilias
911 268 1038 299 volantis
1059 271 1136 298 venti
1157 268 1252 309 spolia
1275 280 1434 307 memoras3
1463 270 1474 298 i
1495 270 1594 300 modo.

216 315 260 343 Ita
283 314 356 342 solet
378 312 407 339 in
431 309 599 338 comoediis.
633 309 707 337 Cum
728 320 892 340 sermonem
914 312 1039 341 alicuius
1062 322 1124 341 non
1146 317 1231 341 curat
1254 313 1333 351 quis,
1359 312 1443 341 dicit:
1468 312 1565 351 logos,
1589 313 1780 353 quisquiliae,
1803 314 1913 343 floccos
1937 315 2079 353 loqueris:
2103 316 2158 344 abi.

215 358 248 385 In
273 353 450 384 Truculento
474 351 526 391 (V,
551 354 585 388 1,
609 350 690 392 44.):

708 392 835 434 Campus
858 394 951 427 dicis:
981 396 1048 434 abi,
1081 396 1146 434 abi,·
1171 396 1335 426 consultavi
1357 397 1440 426 istuc.

213 442 255 469 De
279 449 336 477 quo
361 436 441 475 apud
466 436 602 464 Plautum
626 436 713 475 plura
738 437 794 475 (Cf.
820 437 943 469 Palmer.
967 439 1068 477 Spicil.
1092 449 1157 478 pag.
1171 438 1266 479 622).
1311 440 1382 467 Item
1406 449 1524 468 versum
1546 440 1664 470 Naevii:

704 478 783 516 Abi,
813 479 865 508 abi
887 479 1038 510 deturbate
1059 492 1153 518 saxo,
1187 481 1272 511 homo
1296 492 1353 510 non
1376 481 1560 522 quisquiliae.

215 521 396 563 Quisquiliae
418 521 622 559 singularitem
659 520 745 550 homo
768 532 824 550 non
849 523 1039 564 quisquiliae,
1074 529 1108 553 ut
1139 524 1228 553 homo
1250 535 1308 552 non
1333 524 1428 554 nauci.
1459 524 1560 555 Scal.
1611 526 1741 555 Isidorus
1764 526 1795 554 in
1821 526 1932 557 Gloss.:
1974 525 2156 566 Quisquiliae

211 564 323 595 surculi
344 565 465 601 minuti,
495 562 669 604 quisquiliae
686 563 899 604 frumentorum
920 574 1128 606 purgamenta,
1157 566 1203 596 vel
1221 566 1309 607 palea
1332 574 1472 595 eventura.
1516 567 1619 597 Festus
1643 570 1684 597 ait
1706 579 1809 597 vocem
1832 570 1940 598 saetam
1963 580 1978 598 a
2001 567 2157 609 quidquid.

210 609 303 637 Iulius
328 607 458 645 Scaliger
481 618 497 634 a
519 607 639 646 quisque
661 611 690 634 et
713 607 834 645 proprie
858 608 900 636 sic
924 609 979 636 dici
1003 607 1035 639 τὸ
1058 608 1147 647 τυχὸν
1171 609 1318 648 quidquid
1344 609 1474 639 obvium,
1522 611 1578 639 Alii
1607 622 1661 650 per
1692 612 1950 650 transpositionem
1973 624 1987 640 a
2014 608 2155 649 σκύβαλα,

210 651 293 690 quod
322 650 399 678 idem
428 654 526 685 notat,
561 648 638 677 unde
663 649 758 679 Closs.
785 648 985 690 Quisquiliae,
1020 649 1161 692 σκύβαλα.
1205 653 1237 680 ln
1267 661 1355 680 versu
1377 651 1481 681 Naevii
1509 652 1586 682 nihil
1609 655 1800 692 mutandum,
1835 655 2017 694 separandae
2041 659 2154 682 tantum

212 699 282 722 sunt
304 702 408 721 voces:

700 733 766 764 Abi
788 734 908 765 deturba
931 743 957 765 ie
978 747 1057 766 saxo
1079 737 1164 768 homo
1187 749 1245 767 non
1268 736 1460 778 quisquiliae,
1486 737 1559 778 quid
1581 737 1649 769 est?

208 776 339 807 Deturba
362 783 388 804 ie
409 786 486 804 saxo
515 775 593 804 idem
623 780 666 804 est
689 778 769 815 quod
792 777 842 806 ahi
864 780 895 807 ἰη
916 778 1028 808 malam
1051 792 1125 818 rem,
1162 779 1237 809 male
1263 792 1379 820 pereas,
1419 785 1448 809 et
1471 781 1594 817 similia,
1629 792 1703 820 quae
1725 781 1756 810 in
1779 782 1939 810 comoediis
1962 787 2155 819 usurpantur.

206 820 294 848 Dac.
323 816 518 858 Quisquilium
537 823 566 847 et
584 817 761 858 cusculium,
784 821 813 848 in
837 821 944 859 plurali
968 822 1073 851 usitate
1096 822 1287 863 quisquiliae,
1312 822 1496 851 descendunt
1519 835 1534 852 a
1553 824 1666 852 Graeco
1691 821 1860 864 κόσκυλμα,
1885 835 1940 863 pro
1965 835 2023 862 quo
2046 824 2076 852 in
2099 832 2155 850 usu

207 862 423 890 deminutivum
447 865 490 889 est
513 859 741 899 κοσκυλμάτιον.
785 863 892 892 Forma
916 864 1056 893 vocabuli
1078 870 1121 894 est
1144 865 1376 904 reduplicativa‚
1411 865 1513 903 quales
1538 866 1568 894 in
1593 867 1692 895 multis
1715 867 1869 895 vocabulis
1893 868 1987 895 Latini
2010 865 2155 895 sermonis

207 902 466 942 deprehendimus.
508 903 605 931 Veluti
629 903 765 942 cuculus,
792 903 918 943 κόκκυξ,
939 918 1081 946 papaver,
1104 919 1216 947 upupa,
1240 908 1335 946 ἔποψ,
1359 905 1457 945 ulula,
1483 907 1574 946 bubo,
1598 916 1709 945 turtur,
1730 908 1870 949 populu-e,
1894 910 2040 945 cucumis,
2065 909 2155 944 cicur,

206 957 322 983 carcer,
356 946 449 981 cicer,
484 944 646 983 εἰείηᾶεἷα,
682 959 829 988 purpura,
857 948 986 991 furfur,
1019 950 1075 978 alia
1099 951 1199 980 multa.
1247 950 1406 979 Descendit
1428 955 1524 979 autem
1549 950 1709 980 cusculium
1733 957 1761 980 et
1783 949 1952 989 κόσκυλμα,
1988 963 2003 979 a
2028 947 2154 987 σκύλλω,

204 985 336 1026 σκύλμα,
362 987 441 1026 quod
464 998 581 1025 segmen
604 988 722 1027 capilli,
746 991 833 1026 corii,
859 996 914 1019 cet.
938 993 1058 1031 proprie
1080 992 1240 1030 significat,
1267 1004 1333 1021 nam
1358 990 1471 1024 σκύλλω
1495 999 1538 1022 est
1562 992 1699 1034 decerpo,
1723 993 1809 1023 vello.
1832 1011 1866 1016 -—
1888 994 1921 1023 In
1943 1003 2032 1023 versu
2047 992 2151 1022 Naevii

203 1031 338 1069 legerim:
366 1029 447 1065 Ἀῶ,
472 1028 625 1059 deturbat&
649 1038 675 1059 te
697 1043 789 1070 saxo,
812 1031 899 1062 lidmo
923 1045 996 1071 non,
1022 1034 1211 1075 quisquiliu'e3
1236 1034 1308 1075 quid
1328 1034 1394 1064 est?

370 1072 582 1112 Quintipor.
626 1074 683 1102 Pro
707 1079 793 1112 παῖς,
821 1086 914 1114 puer,
945 1077 1036 1106 Dores
1060 1077 1198 1105 dicebant
1221 1076 1289 1117 πόρ.
1335 1077 1417 1106 Unde
1444 1077 1634 1118 Quinciipor,
1656 1077 1831 1118 Marcipor‚
1859 1077 1984 1118 Caipor,
2010 1077 2152 1116 Lucipor.

201 1115 267 1144 Hoc
289 1121 349 1151 est,
374 1115 510 1151 Quincti,
535 1115 642 1153 Marci,
667 1117 744 1154 Caii,
768 1118 851 1146 Lucii
874 1129 948 1157 puer
970 1119 988 1148 i.
1010 1130 1032 1149 e.
1058 1130 1168 1148 servus
1195 1120 1266 1148 Nam
1292 1121 1397 1148 Graeci
1420 1122 1545 1158 παῖδας,
1578 1126 1611 1149 ut
1634 1121 1730 1149 Latini
1750 1132 1856 1160 pueros
1879 1131 1980 1150 servos
2004 1120 2152 1155 dicebant,

202 1159 354 1197 quomodo
377 1158 465 1186 etiam
489 1157 567 1186 Galli
590 1157 694 1187 dicunt
716 1172 836 1202 gar-con.
866 1161 952 1190 Dac.
992 1159 1108 1201 Caipor.
1140 1163 1258 1201 Gripor.
1289 1163 1407 1201 Calpur.
1434 1161 1538 1192 Goth.
1580 1164 1620 1191 De
1644 1163 1755 1201 origine
1779 1163 1917 1192 vocabuli
1939 1175 2010 1202 puer
2033 1161 2154 1191 disserit

203 1199 269 1231 Car.
295 1198 405 1229 Theod.
431 1199 599 1229 Jolzannsen
628 1201 658 1229 in
687 1202 790 1231 libello
815 1203 988 1233 utilissimo:
1024 1205 1074 1232 Die
1097 1204 1191 1233 Lehre
1216 1206 1268 1234 der
1292 1206 1353 1233 Lat.
1378 1205 1590 1243 Wortbildung
1616 1210 1669 1234 cet.
1693 1216 1758 1244 pag.
1773 1208 1824 1237 89.
1849 1206 1899 1234 ubi
1921 1206 2038 1234 derivat
2060 1216 2077 1233 a
2095 1215 2154 1243 pu—

201 1242 265 1280 bes,
283 1242 386 1283 pubeo.
420 1242 560 1271 Radicem
586 1243 662 1272 enim
684 1244 744 1284 pub
768 1246 875 1274 mutari
899 1247 939 1275 ait
961 1246 992 1274 in
1012 1258 1088 1286 puv,
1113 1247 1191 1277 unde
1205 1246 1280 1287 pitu,
1305 1258 1341 1276 ex
1366 1258 1424 1286 quo
1446 1251 1486 1286 pii
1512 1249 1708 1287 productum,
1731 1248 1808 1277 unde
1822 1252 1927 1286 pisus,
1947 1249 2051 1288 pusio,
2072 1245 2152 1286 puer,

199 1285 251 1314 ubi
275 1285 386 1314 vocalis
410 1290 477 1313 ante
500 1286 632 1314 vocalem
657 1287 845 1326 corripiatur.
892 1289 986 1326 Longe
1009 1294 1105 1318 tamen
1128 1290 1247 1318 videtur
1271 1301 1330 1319 esse
1354 1291 1554 1328 probabilius,
1589 1302 1660 1331 por,
1690 1303 1762 1330 puer
1784 1291 1857 1319 nihil
1881 1301 1944 1319 esse
1968 1291 2022 1318 nisi
2046 1290 2153 1318 demu-

200 1328 328 1357 tationes
352 1328 502 1356 vocalium
526 1339 541 1356 a
565 1328 681 1357 Graeco
704 1334 789 1366 παῖς,
821 1330 900 1369 quod
923 1331 1018 1369 ipsum
1043 1332 1182 1361 cohaeret
1205 1343 1270 1361 cum
1296 1334 1470 1361 Germanico
1494 1332 1598 1369 baur-s,
1627 1333 1721 1368 filius,
1753 1332 1841 1370 born,
1866 1332 1952 1370 barn,
1975 1337 2077 1368 natue,
2101 1330 2152 1359 bii-

202 1380 267 1405 rm,
288 1369 431 1410 gebc‘iren,
452 1371 549 1409 pario.
584 1372 621 1400 Et
644 1372 786 1401 credibile
809 1378 864 1409 est,
891 1374 969 1411 apud
992 1374 1072 1412 ipsos
1096 1379 1210 1403 veteres
1235 1375 1364 1403 Graecos
1387 1377 1458 1410 πᾶϊς
1481 1385 1599 1413 quoque
1622 1376 1670 1404 vel
1692 1377 1784 1410 πᾶῗις
1807 1376 1888 1413 (cum
1912 1375 2057 1413 digamma
2075 1374 2152 1403 Aeo-

199 1410 273 1449 lico)
301 1413 530 1450 pronunciatum
560 1423 638 1451 esse,
675 1421 856 1454 quapropter
884 1418 971 1445 etiam
1001 1417 1081 1455 apud
1106 1417 1265 1445 Homerum
1294 1420 1364 1453 πᾶϊς
1392 1417 1502 1455 ubique
1532 1418 1591 1445 fere
1614 1418 1770 1455 legendum
1792 1417 1924 1448 videtur.
1968 1418 2076 1446 Saltem
2098 1415 2151 1444 vix

200 1453 258 1482 alia
281 1455 428 1484 medicina
451 1455 549 1485 afferri
572 1461 672 1495 potest
695 1457 914 1496 epigrammati,
940 1460 1021 1497 quod
1044 1460 1121 1488 inter
1145 1459 1282 1498 Sapphus
1306 1461 1466 1497 fragmenta
1489 1460 1613 1498 Iegitur3
1636 1460 1688 1488 ubi
1711 1469 1790 1488 nunc
1813 1464 1871 1489 est:

865 1502 974 1536 Παῖδες
997 1500 1122 1538 ἄφωνος
1145 1502 1228 1533 ἐοῖσα
1251 1500 1316 1533 τάδ’
1341 1501 1464 1532 ἐννέπω.

200 1538 291 1576 Lege:
325 1541 406 1574 Πᾶϊς
428 1537 553 1578 ἄφωνος
575 1539 659 1571 ἐοῖσα
681 1552 707 1572 κ.
732 1554 756 1572 τ.
779 1544 803 1572 λ.
827 1542 884 1579 (Cf.
908 1542 987 1572 Neue
1010 1543 1160 1582 Sapphon.
1186 1545 1280 1583 Mytil.
1303 1545 1407 1582 fragm.
1431 1553 1498 1583 pag.
1513 1546 1582 1576 102.
1598 1543 1655 1583 sq.)
1679 1544 1816 1573 Ceterum
1840 1544 1877 1574 cf.
1901 1544 1987 1572 etiam
2012 1543 2149 1571 Creuzer.

200 1581 283 1610 Antt.
304 1582 419 1611 Romm.
443 1584 465 1619 §.
480 1585 529 1613 37.
555 1588 584 1611 et
608 1583 657 1621 qui
681 1584 722 1612 ibi
746 1584 829 1613 citati
853 1590 931 1614 sunt.

366 1623 520 1664 Quippe.
564 1625 674 1654 Tamen
695 1627 727 1655 in
751 1627 848 1656 verbis
874 1626 975 1664 Ennii,
1007 1638 1081 1666 quae
1104 1628 1209 1657 Festus
1233 1628 1271 1657 ad
1293 1628 1462 1668 exemplum
1484 1627 1625 1665 adducit,
1663 1628 1768 1669 quippe
1789 1638 1847 1656 non
1871 1624 1976 1667 quidni
1997 1626 2049 1655 sed
2070 1636 2150 1666 quo-

201 1665 279 1694 niam
302 1669 336 1694 ut
358 1676 454 1704 saepe.
498 1666 600 1705 Neque
631 1679 759 1707 unquam
790 1670 895 1710 quippe
923 1680 978 1708 pro
1002 1669 1106 1711 quidni
1128 1671 1272 1710 scriptum
1295 1671 1446 1710 reperias,
1483 1671 1535 1699 sed
1558 1671 1663 1711 quippe
1685 1671 1725 1699 ni.
1768 1670 1801 1698 In
1825 1670 1930 1698 ultimo
1951 1677 2042 1699 versu
2063 1667 2151 1697 Ennii

199 1716 255 1744 pro
279 1709 386 1737 moveri
408 1709 519 1737 Merula
542 1710 612 1748 legit
634 1722 753 1742 movere.
778 1711 865 1741 Dac.
909 1713 982 1750 Lege
1006 1723 1060 1750 pro
1084 1712 1188 1753 quidni
1212 1714 1258 1742 vel
1281 1714 1437 1754 quoniam,
1462 1713 1510 1742 vel
1534 1714 1619 1753 quia,
1643 1724 1720 1742 nam.
1754 1713 1806 1742 Est
1829 1717 1926 1740 autem
1950 1712 2055 1752 quippe
2078 1709 2151 1738 nihil

200 1749 256 1777 nisi
280 1751 461 1780 Graecorum
485 1749 550 1789 ἅτε,
587 1753 644 1781 hoc
666 1759 710 1782 est
732 1755 803 1794 quia
826 1752 946 1784 scilicet.
991 1755 1064 1784 Nam
1085 1767 1122 1795 pe
1144 1760 1187 1785 est
1211 1756 1287 1784 Osca
1312 1756 1407 1784 forma
1434 1765 1510 1794 quae
1533 1755 1638 1784 Latino
1661 1767 1729 1796 que,
1765 1756 1881 1784 Graeco
1909 1754 1961 1791 τέ,
1999 1753 2150 1782 Sauscrito

200 1790 282 1819 ischa
308 1794 483 1832 respondet,
523 1800 556 1823 ut
585 1795 674 1832 igitur
702 1798 807 1836 quippe
837 1797 876 1825 ad
905 1797 1028 1826 sormam
1060 1798 1141 1836 quod
1172 1799 1278 1827 attinet
1300 1798 1378 1827 idem
1401 1798 1457 1836 sit,
1494 1807 1527 1826 ac
1549 1797 1695 1839 quidque,
1731 1798 1853 1827 notione
1877 1807 1947 1826 vero
1969 1795 2151 1835 respondeat

204 1831 379 1864 Graecorum
404 1837 567 1874 particulae
589 1836 668 1875 ἅτε,
702 1849 777 1876 quae
801 1839 901 1867 eodem
925 1840 1014 1868 modo
1039 1845 1082 1869 est
1105 1841 1278 1880 composita.
1404 1846 1407 1847 ⁷

205 1911 246 1940 hb
266 1913 305 1942 HI
335 1877 559 1953 (VQuianam.
602 1881 637 1908 In
664 1891 754 1911 versu
785 1881 874 1910 Ennii
905 1882 987 1911 deest
1015 1884 1252 1923 monosyllabum
1280 1883 1423 1920 verbum,
1458 1882 1545 1921 quale
1576 1887 1619 1912 est
1647 1881 1716 1919 heu,
1754 1882 1800 1911 vel
1824 1892 1849 1911 ο.
1892 1880 1942 1908 Sic
1970 1879 2052 1918 virg.
2076 1879 2147 1908 Aen-

249 1937 254 1943 '
308 1936 314 1942 '
378 1941 385 1953 ³
411 1920 489 1960 13.):

756 1964 842 2003 Heu,
865 1968 1006 2006 quianam
1029 1968 1106 1997 santi
1128 1969 1285 1998 cinxerunt
1308 1978 1436 2008 aequora
1459 1966 1560 1996 nimbi.

204 1993 293 2024 Ant
317 1995 410 2036 Aug,
442 2001 515 2039 Lege
536 2004 580 2034 ita
603 2006 784 2036 Naevianum
807 2008 993 2039 Saturnium:

754 2049 873 2080 Summe
894 2052 988 2081 Deum
1012 2059 1162 2091 regnator,
1192 2053 1330 2093 quianam
1352 2049 1502 2091 genuisti?

204 2076 262 2114 (Cfi
284 2077 382 2109 Hffl‘ffl·
405 2080 494 2114 Elem.
517 2084 613 2117 doctr.
635 2095 719 2120 metr.
744 2103 809 2132 pag.
822 2095 904 2131 636.)
931 2094 1065 2123 Enniano
1087 2095 1188 2124 versui
1212 2095 1292 2124 deest
1312 2094 1425 2133 syllaba
1448 2093 1522 2123 heu.-

206 2159 300 2191 ΒΝΖ
754 2134 839 2173 Heu,
857 2137 1006 2178 ¹quianam
1029 2136 1117 2167 dictis
1139 2138 1246 2167 nostris
1267 2137 1408 2167 sententia
1419 2137 1512 2178 flexa
1534 2144 1584 2166 est.

369 2203 469 2255 Quid
490 2208 572 2258 ''iss'-
595 2210 653 2250 (Ad
676 2224 703 2252 P·
716 2218 799 2257 219·)
823 2220 879 2249 Pro
903 2221 976 2259 quid
999 2221 1037 2250 ni.
1081 2221 1124 2251 Ni
1146 2222 1223 2251 enim
1247 2222 1434 2250 decurtatum
1455 2231 1493 2250 ex
1516 2220 1586 2257 nisi,
1619 2219 1700 2258 quod
1723 2225 1766 2248 est
1789 2229 1844 2258 pro
1865 2220 1891 2248 si
1913 2229 1980 2248 non.
2025 2217 2110 2250 Dae⁷

369 2246 572 2299 Quffeflfl‘s·
620 2253 779 2291 QuieialuS.
820 2262 844 2289 A
869 2263 982 2300 quiete,
1010 2264 1091 2302 quod
1112 2265 1155 2292 ibi
1179 2265 1288 2293 mortui
1312 2264 1475 2303 quiescant.
1498 2262 1577 2292 MSS.
1601 2261 1712 2291 babent
1736 2260 1888 2299 Quietalis.
1931 2260 2019 2290 Dae.
2115 2285 2117 2287 .

370 2288 527 2338 Q'ffm‘m
554 2302 672 2332 prata,
718 2300 780 2329 Liv.
802 2303 914 2334 lib.111.
938 2306 983 2343 (c.
996 2307 1079 2344 26.):
1119 2306 1191 2346 Spes
1219 2307 1307 2336 unica
1336 2307 1450 2346 imperii
1474 2303 1578 2344 populi
1604 2303 1662 2333 Ro.
1686 2304 1723 2333 L.
1747 2303 1884 2342 Quintius
1910 2311 1992 2332 trans
2017 2301 2143 2332 Tiberim

205 2334 309 2356 comm
329 2340 392 2358 tum
413 2342 506 2370 tpsum
528 2332 716 2384 locum,-ul>i
737 2352 812 2371 nunc
834 2345 964 2375 Navalia
986 2355 1069 2384 sunt,
1092 2356 1231 2388 quattuor
1251 2350 1379 2388 iugerum
1403 2346 1517 2377 colebat
1539 2357 1658 2386 agrum,
1683 2358 1757 2387 quae
1779 2345 1873 2375 Prata
1891 2344 2012 2384 Quintia
2034 2352 2144 2373 vocan-

205 2376 252 2398 ’Ἦ
274 2375 342 2401 cest·
378 2371 461 2409 Quae
483 2376 518 2405 de
534 2377 674 2417 Lupercis
689 2381 807 2412 Romuli
830 2391 963 2426 tempore
987 2390 1143 2427 dicuntur,
1167 2391 1204 2420 ad
1220 2390 1438 2427 Quinctilianos
1459 2395 1488 2420 et
1501 2389 1667 2427 Fabianus,
1690 2394 1724 2418 ut
1739 2388 1887 2424 arbitror,
1909 2387 2065 2426 pertinent.
2099 2383 2141 2412 De
