2263 2668
519 562 1052 621 PRAEFATIO
1129 564 1577 624 EDITORIS.

70 904 181 955 Plus
212 925 349 967 quam
381 910 568 953 dimidia
597 921 720 969 parte
752 921 909 955 auctus
939 911 1189 955 Arusianus
1220 912 1294 955 hic
1326 911 1515 955 Messius
1547 916 1710 972 prodit,
1752 918 1877 961 cuius
1909 921 2015 965 olim

70 971 272 1013 libellum
303 971 497 1026 Angelus
529 969 699 1023 Maius,
737 972 803 1013 vir
844 972 897 1013 de
937 972 1221 1027 antiquarum
1259 972 1503 1013 litterarum
1539 975 1681 1016 studio
1712 977 2016 1022 immortaliter

70 1029 275 1081 meritus,
315 1044 371 1071 ex
402 1029 552 1070 codice
586 1030 735 1085 aliquo
773 1030 1092 1080 Ambrosiano,
1132 1031 1311 1072 nomine
1345 1028 1538 1073 Cornelii
1568 1032 1794 1076 Frontonis
1825 1051 2015 1094 praeno-

69 1097 183 1139 tato,
215 1088 362 1129 edidit.
424 1087 500 1129 Est
530 1088 578 1128 in
608 1089 878 1131 bibliotheca
904 1088 1294 1146 Guelpherbytana
1323 1090 1498 1131 libellus
1529 1105 1666 1133 mann
1696 1092 1829 1135 Gudii
1859 1111 2015 1138 exara-

69 1155 161 1199 tus,
201 1146 277 1201 qui
314 1147 449 1187 talem
484 1160 592 1203 prae
631 1161 677 1188 se
715 1148 798 1188 fert
828 1147 1046 1189 indicem:
1116 1149 1328 1189 Arusiani
1367 1151 1519 1199 Messi,
1563 1149 1604 1192 V.
1651 1149 1693 1192 C.
1734 1155 1804 1194 Or.
1838 1153 2012 1197 Comitis

67 1207 197 1260 primi
227 1204 407 1252 ordinis,
440 1206 637 1260 exempla
667 1206 944 1247 elocutionum
974 1219 1031 1247 ex
1065 1204 1258 1261 Virgilio,
1290 1207 1522 1258 Sallustio,
1564 1210 1775 1262 Terentio,
1811 1210 2011 1266 Cicerone,

70 1263 240 1319 digesta
261 1277 333 1317 per
363 1264 544 1304 littera-3.
604 1263 804 1305 Libellus
837 1274 900 1307 est
929 1265 978 1306 in
1008 1265 1161 1307 charta
1190 1266 1388 1323 scriptus,
1422 1266 1606 1322 eiusque
1638 1269 1685 1309 in
1714 1271 1854 1311 fronte
1885 1281 2012 1314 nota-

66 1323 128 1363 vit
157 1320 353 1363 Gudius:
385 1324 442 1363 In
481 1323 696 1378 aliquibus
731 1323 941 1365 codicibus
979 1338 1053 1379 pro
1083 1324 1299 1365 Arusiani
1329 1327 1460 1366 Messi
1490 1327 1602 1367 male
1633 1331 1799 1382 irrepsit
1831 1328 2010 1371 Cornelii

66 1382 305 1422 Frontonis.
366 1379 407 1421 Is
435 1381 611 1423 libellus
642 1382 768 1423 haud
798 1382 986 1425 dubium
1016 1391 1079 1424 est
1109 1383 1219 1438 quin
1249 1384 1304 1424 ab
1339 1384 1643 1438 antiquissimo
1683 1387 1829 1441 aliquo
1862 1389 2011 1430 codice

65 1439 259 1494 itemque
291 1439 455 1496 optimo
486 1441 795 1497 transscriptus
826 1441 901 1493 sit;
931 1449 1023 1482 tam
1055 1442 1175 1483 enim
1191 1450 1256 1483 est
1276 1441 1526 1494 incolumis,
1556 1452 1604 1484 ut
1620 1444 1834 1502 integrum
1852 1446 2014 1488 Gram—

65 1497 219 1539 matici
247 1499 535 1555 opusculum,
572 1499 727 1556 paucis
758 1500 868 1540 locis
901 1500 1116 1558 exceptis,
1149 1510 1499 1558 repraesentare,
1537 1501 1695 1558 Angeli
1727 1513 1874 1545 autem
1904 1504 2017 1546 Maii

68 1556 213 1597 codex
241 1557 374 1614 plane
403 1558 630 1599 mutilatus
660 1567 997 1615 truncatusque,
1027 1560 1222 1601 maxime
1254 1574 1354 1601 vero
1386 1559 1432 1599 in
1450 1560 1680 1615 posteriori
1699 1570 1841 1617 parte,
1872 1563 2008 1604 fnisse

65 1614 278 1656 videatur.
337 1615 536 1658 Rursum
566 1617 700 1674 igitur
727 1616 841 1659 mihi
873 1618 1073 1675 contigit,
1119 1618 1166 1658 id
1197 1619 1316 1673 quod
1354 1617 1400 1657 in
1429 1616 1650 1672 prioribus
1685 1618 2010 1672 Grammaticis,

64 1673 298 1728 hucusque
332 1688 358 1716 a
387 1689 459 1716 me
489 1676 704 1727 tractatis,
737 1675 953 1717 accidisse
985 1677 1267 1718 vehementer
1294 1677 1452 1725 laetor,
1492 1683 1541 1715 ut
1572 1677 1927 1731 antiquissimum
1956 1680 2012 1719 li-

64 1732 197 1773 brum
228 1741 406 1785 nactus,
436 1735 601 1775 fontem
632 1734 963 1790 integerrimum
994 1735 1115 1776 adire
1147 1747 1334 1791 possem,
1368 1747 1423 1773 ex
1455 1747 1542 1786 quo
1577 1736 1841 1790 opusculum
1873 1750 2010 1791 qnam

67 1790 474 1833 emendatissimum
504 1792 552 1833 in
581 1794 727 1834 lucem
756 1794 1010 1850 proferrem.
1068 1793 1179 1835 Nam
1209 1790 1382 1832 tametsi
1413 1791 1554 1831 relicti
1582 1801 1684 1833 sunt
1713 1793 1812 1845 loci,
1843 1794 1891 1835 in
1911 1796 2011 1850 qui-

65 1848 150 1888 bus
179 1850 404 1891 medicina
428 1852 485 1892 ab
517 1852 603 1892 alio
641 1860 814 1893 tantum
850 1852 963 1893 libro
1002 1851 1164 1907 scripto
1198 1849 1445 1905 exspectari
1476 1848 1626 1901 debet3
1667 1859 1815 1892 tamen
1846 1853 1893 1893 in
1922 1855 2011 1911 ple-

65 1906 216 1960 risque
250 1909 392 1950 codex
421 1910 495 1951 hic
538 1909 792 1962 Gudianus,
828 1924 979 1951 veram
1011 1908 1300 1950 Grammatici
1329 1921 1511 1949 manum
1545 1909 1693 1961 refert,
1734 1924 1786 1951 ac
1818 1926 1908 1952 non
1939 1927 2010 1953 so--

64 1965 160 2005 lum
189 1964 236 2005 ‘m
265 1966 318 2007 iis
352 1981 467 2021 quae
510 1967 657 2009 Maius
690 1969 782 2010 iam
819 1968 993 2024 publici
1030 1966 1136 2007 iuris
1175 1966 1354 2017 fecerat,
1395 1966 1613 2008 auxilium
1658 1969 1740 2009 fert
1779 1969 2010 2027 integerri-

64 2037 211 2071 mum,
242 2037 396 2066 verum
427 2026 559 2067 etiam
589 2041 705 2068 nova
738 2027 878 2068 multa
906 2025 1010 2065 satis
1044 2024 1274 2065 emendate
1304 2025 1467 2081 scripta
1500 2025 1644 2078 affert,
1683 2027 1745 2068 ita
1774 2037 1844 2079 ut,
1887 2029 2011 2084 quod

65 2095 203 2139 supra
234 2081 346 2133 dixi,
378 2084 475 2140 plus
508 2099 644 2140 quam
676 2084 862 2126 dimidia
891 2091 1013 2138 parte
1046 2091 1199 2123 auctus
1230 2083 1440 2123 videatur.
1481 2083 1627 2138 Atque
1657 2084 1771 2127 inter
1801 2100 1864 2137 ea,
1898 2102 2010 2142 quae

64 2153 180 2181 nova
211 2139 302 2181 iam
332 2141 557 2197 leguntur,
588 2144 783 2184 maxime
822 2141 1131 2182 memorabilia
1166 2150 1266 2182 sunt
1297 2141 1465 2196 aliquot
1496 2140 1722 2184 Ciceronis
1753 2146 2009 2200 fragmenta,

66 2199 254 2239 antehac
294 2213 383 2239 non
415 2202 609 2257 cognita,
650 2210 710 2252 et,
750 2199 870 2254 quod
907 2198 1051 2240 maius
1084 2207 1167 2251 est,
1207 2201 1451 2256 fragmenta
1480 2203 1699 2257 permulta
1731 2218 1787 2243 ex
1820 2204 2014 2244 Sallustii

64 2256 188 2297 libris
227 2256 539 2310 Historiarum,
585 2273 697 2314 quac
743 2259 974 2311 hucusque
1014 2272 1142 2298 nemo
1186 2258 1307 2299 vidit.
1375 2258 1443 2298 De
1484 2259 1646 2313 quibus
1686 2276 1824 2316 quum
1854 2263 2013 2302 scirem

64 2328 274 2371 magnam
311 2316 552 2358 multorum
587 2332 677 2358 esse
710 2316 1102 2372 exspectationem3
1133 2317 1255 2358 nolui
1288 2317 1554 2358 committere
1585 2328 1634 2359 ut
1661 2333 1712 2360 ea
1738 2320 1897 2360 diutius
1926 2329 2014 2360 tra*

65 2374 266 2425 iteretur,
311 2388 399 2430 qua
432 2375 484 2415 de
519 2389 675 2417 caussa
708 2374 944 2416 editionem
975 2375 1162 2433 amplius
1196 2375 1490 2418 differendam
1520 2391 1611 2417 non
1642 2379 1886 2419 censebam.

116 2451 280 2479 Gnnmn.
303 2460 369 2478 mr.
393 2450 413 2479 1.
1548 2445 1577 2479 C
1593 2456 1612 2479 c
