<?xml version="1.0" encoding="UTF-8"?>
<!DOCTYPE html PUBLIC "-//W3C//DTD XHTML 1.0 Transitional//EN"
    "http://www.w3.org/TR/xhtml1/DTD/xhtml1-transitional.dtd">
<html xmlns="http://www.w3.org/1999/xhtml" xml:lang="en" lang="en">
 <head>
  <title>
</title>
<meta http-equiv="Content-Type" content="text/html;charset=utf-8" />
  <meta name='ocr-system' content='tesseract 3.04.00' />
  <meta name='ocr-capabilities' content='ocr_page ocr_carea ocr_par ocr_line ocrx_word'/>
</head>
<body>
  <div class='ocr_page' id='page_1' title='image "./corpusgrammatico01linduoft_0774.png"; bbox 0 0 2263 2668; ppageno 0'>
   <div class='ocr_carea' id='block_1_1' title="bbox 218 165 1739 206">
    <p class='ocr_par' dir='ltr' id='par_1_1' title="bbox 218 165 1739 206">
     <span class='ocr_line' id='line_1_1' title="bbox 218 165 1739 206; baseline -0.004 -1"><span class='ocrx_word' id='word_1_1' title='bbox 218 171 292 206; x_wconf 80' lang='lat'>352</span> <span class='ocrx_word' id='word_1_2' title='bbox 648 165 992 202; x_wconf 87' lang='lat' dir='ltr'><strong>COMMENTARII</strong></span> <span class='ocrx_word' id='word_1_3' title='bbox 1017 166 1067 199; x_wconf 90' lang='lat' dir='ltr'>IN</span> <span class='ocrx_word' id='word_1_4' title='bbox 1091 167 1236 202; x_wconf 89' lang='lat' dir='ltr'><strong>PAULI</strong></span> <span class='ocrx_word' id='word_1_5' title='bbox 1261 169 1458 204; x_wconf 86' lang='lat' dir='ltr'>DIACONI</span> <span class='ocrx_word' id='word_1_6' title='bbox 1483 166 1739 201; x_wconf 89' lang='lat' dir='ltr'><strong>EXCERPTA</strong></span> 
     </span>
    </p>
   </div>
   <div class='ocr_carea' id='block_1_2' title="bbox 216 257 2169 895">
    <p class='ocr_par' dir='ltr' id='par_1_2' title="bbox 220 257 2168 342">
     <span class='ocr_line' id='line_1_2' title="bbox 220 257 2168 304; baseline -0.001 -10"><span class='ocrx_word' id='word_1_7' title='bbox 220 264 352 304; x_wconf 78' lang='lat' dir='ltr'>(p.262.</span> <span class='ocrx_word' id='word_1_8' title='bbox 375 262 481 295; x_wconf 79' lang='lat' dir='ltr'>Fl&#39;Ob-)</span> <span class='ocrx_word' id='word_1_9' title='bbox 506 260 586 298; x_wconf 73' lang='lat' dir='ltr'>apud</span> <span class='ocrx_word' id='word_1_10' title='bbox 609 269 695 297; x_wconf 88' lang='lat' dir='ltr'>quem</span> <span class='ocrx_word' id='word_1_11' title='bbox 718 258 866 287; x_wconf 80' lang='lat' dir='ltr'>disiuncte</span> <span class='ocrx_word' id='word_1_12' title='bbox 889 257 1012 294; x_wconf 80' lang='lat' dir='ltr'>legitur:</span> <span class='ocrx_word' id='word_1_13' title='bbox 1051 257 1088 286; x_wconf 85' lang='lat' dir='ltr'>bu</span> <span class='ocrx_word' id='word_1_14' title='bbox 1110 267 1141 289; x_wconf 77' lang='lat' dir='ltr'>iu</span> <span class='ocrx_word' id='word_1_15' title='bbox 1164 260 1215 289; x_wconf 80' lang='lat' dir='ltr'>bat</span> <span class='ocrx_word' id='word_1_16' title='bbox 1237 268 1278 292; x_wconf 74' lang='lat' dir='ltr'>m,</span> <span class='ocrx_word' id='word_1_17' title='bbox 1323 260 1446 289; x_wconf 78' lang='lat' dir='ltr'>Plautus</span> <span class='ocrx_word' id='word_1_18' title='bbox 1472 271 1526 299; x_wconf 85' lang='lat' dir='ltr'>pro</span> <span class='ocrx_word' id='word_1_19' title='bbox 1553 260 1637 299; x_wconf 77' lang='lat' dir='ltr'>nugis</span> <span class='ocrx_word' id='word_1_20' title='bbox 1659 260 1775 298; x_wconf 83' lang='lat' dir='ltr'><strong><em>posuit,</em></strong></span> <span class='ocrx_word' id='word_1_21' title='bbox 1811 265 1841 286; x_wconf 83' lang='lat' dir='ltr'>ut</span> <span class='ocrx_word' id='word_1_22' title='bbox 1864 259 1894 287; x_wconf 82' lang='lat' dir='ltr'>in</span> <span class='ocrx_word' id='word_1_23' title='bbox 1914 260 2022 299; x_wconf 79' lang='lat' dir='ltr'><strong><em>glossis</em></strong></span> <span class='ocrx_word' id='word_1_24' title='bbox 2043 270 2168 292; x_wconf 82' lang='lat' dir='ltr'>veterum</span> 
     </span>
     <span class='ocr_line' id='line_1_3' title="bbox 220 300 1912 342; baseline -0.004 -5"><span class='ocrx_word' id='word_1_25' title='bbox 220 307 269 336; x_wconf 82' lang='lat' dir='ltr'>bat</span> <span class='ocrx_word' id='word_1_26' title='bbox 292 315 335 336; x_wconf 77' lang='lat' dir='ltr'>iat</span> <span class='ocrx_word' id='word_1_27' title='bbox 357 308 380 334; x_wconf 72' lang='lat' dir='ltr'>ii</span> <span class='ocrx_word' id='word_1_28' title='bbox 401 313 625 341; x_wconf 74' lang='lat' dir='ltr'>anagmenorum</span> <span class='ocrx_word' id='word_1_29' title='bbox 650 302 926 340; x_wconf 75' lang='lat' dir='ltr'>(anaxamentorum</span> <span class='ocrx_word' id='word_1_30' title='bbox 950 305 1031 328; x_wconf 79' lang='lat' dir='ltr'>recte</span> <span class='ocrx_word' id='word_1_31' title='bbox 1054 301 1214 342; x_wconf 85' lang='lat' dir='ltr'>Meursius)</span> <span class='ocrx_word' id='word_1_32' title='bbox 1236 315 1338 332; x_wconf 85' lang='lat' dir='ltr'>vocum</span> <span class='ocrx_word' id='word_1_33' title='bbox 1362 310 1485 331; x_wconf 77' lang='lat' dir='ltr'>veterum</span> <span class='ocrx_word' id='word_1_34' title='bbox 1508 303 1647 340; x_wconf 78' lang='lat' dir='ltr'><strong><em>interpres</em></strong></span> <span class='ocrx_word' id='word_1_35' title='bbox 1668 301 1778 330; x_wconf 81' lang='lat' dir='ltr'><em>scribit.</em></span> <span class='ocrx_word' id='word_1_36' title='bbox 1824 300 1912 330; x_wconf 84' lang='lat' dir='ltr'>Duc.</span> 
     </span>
    </p>

    <p class='ocr_par' dir='ltr' id='par_1_3' title="bbox 219 338 2169 514">
     <span class='ocr_line' id='line_1_4' title="bbox 380 338 2167 385; baseline 0.001 -12"><span class='ocrx_word' id='word_1_37' title='bbox 380 344 498 374; x_wconf 79' lang='lat' dir='ltr'>Bulla</span> <span class='ocrx_word' id='word_1_38' title='bbox 521 341 624 383; x_wconf 81' lang='grc' dir='ltr'><em>βουλή.</em></span> <span class='ocrx_word' id='word_1_39' title='bbox 669 343 827 371; x_wconf 73' lang='lat' dir='ltr'>Tarentina</span> <span class='ocrx_word' id='word_1_40' title='bbox 850 338 960 381; x_wconf 76' lang='grc' dir='ltr'>βουλή,</span> <span class='ocrx_word' id='word_1_41' title='bbox 985 339 1078 381; x_wconf 82' lang='grc' dir='ltr'><em>βόλλα</em></span> <span class='ocrx_word' id='word_1_42' title='bbox 1102 351 1130 374; x_wconf 85' lang='lat' dir='ltr'>et</span> <span class='ocrx_word' id='word_1_43' title='bbox 1153 343 1305 385; x_wconf 67' lang='grc' dir='ltr'>ἀναβολὴ,</span> <span class='ocrx_word' id='word_1_44' title='bbox 1332 343 1479 384; x_wconf 65' lang='grc' dir='ltr'><em>εἷμβόλλοι,</em></span> <span class='ocrx_word' id='word_1_45' title='bbox 1502 345 1581 372; x_wconf 87' lang='lat' dir='ltr'>unde</span> <span class='ocrx_word' id='word_1_46' title='bbox 1604 344 1724 379; x_wconf 82' lang='lat' dir='ltr'>Abolla,</span> <span class='ocrx_word' id='word_1_47' title='bbox 1749 342 1830 381; x_wconf 90' lang='lat' dir='ltr'>quod</span> <span class='ocrx_word' id='word_1_48' title='bbox 1854 343 2032 374; x_wconf 79' lang='lat' dir='ltr'>Aeolismum</span> <span class='ocrx_word' id='word_1_49' title='bbox 2055 347 2167 385; x_wconf 85' lang='lat' dir='ltr'>resipit.</span> 
     </span>
     <span class='ocr_line' id='line_1_5' title="bbox 220 382 2167 428; baseline 0.002 -13"><span class='ocrx_word' id='word_1_50' title='bbox 220 391 322 422; x_wconf 74' lang='lat' dir='ltr'>scal,</span> <span class='ocrx_word' id='word_1_51' title='bbox 364 389 473 422; x_wconf 61' lang='lat' dir='ltr'>Van-0,</span> <span class='ocrx_word' id='word_1_52' title='bbox 503 391 536 414; x_wconf 91' lang='lat' dir='ltr'>ut</span> <span class='ocrx_word' id='word_1_53' title='bbox 558 386 649 415; x_wconf 78' lang='lat' dir='ltr'>refert</span> <span class='ocrx_word' id='word_1_54' title='bbox 670 385 868 421; x_wconf 73' lang='lat' dir='ltr'>Plutarchus,</span> <span class='ocrx_word' id='word_1_55' title='bbox 904 384 939 413; x_wconf 80' lang='lat' dir='ltr'>ab</span> <span class='ocrx_word' id='word_1_56' title='bbox 965 385 1087 414; x_wconf 83' lang='lat' dir='ltr'>Aeolico</span> <span class='ocrx_word' id='word_1_57' title='bbox 1111 385 1201 427; x_wconf 81' lang='grc' dir='ltr'><strong><em>βόλλα</em></strong></span> <span class='ocrx_word' id='word_1_58' title='bbox 1225 399 1280 426; x_wconf 85' lang='lat' dir='ltr'>pro</span> <span class='ocrx_word' id='word_1_59' title='bbox 1305 385 1418 427; x_wconf 77' lang='grc' dir='ltr'><em>βουλή,</em></span> <span class='ocrx_word' id='word_1_60' title='bbox 1449 392 1477 415; x_wconf 73' lang='lat' dir='ltr'>et</span> <span class='ocrx_word' id='word_1_61' title='bbox 1500 388 1601 425; x_wconf 87' lang='lat' dir='ltr'>pueris</span> <span class='ocrx_word' id='word_1_62' title='bbox 1626 387 1740 422; x_wconf 83' lang='lat' dir='ltr'>datam,</span> <span class='ocrx_word' id='word_1_63' title='bbox 1777 390 1809 413; x_wconf 83' lang='lat' dir='ltr'>ut</span> <span class='ocrx_word' id='word_1_64' title='bbox 1833 382 1988 425; x_wconf 70' lang='grc' dir='ltr'><strong><em>εὐβουλίας</em></strong></span> <span class='ocrx_word' id='word_1_65' title='bbox 2011 386 2167 428; x_wconf 77' lang='grc' dir='ltr'><em>σύμβολον,</em></span> 
     </span>
     <span class='ocr_line' id='line_1_6' title="bbox 219 427 2169 473; baseline -0.001 -11"><span class='ocrx_word' id='word_1_66' title='bbox 219 435 298 473; x_wconf 87' lang='lat' dir='ltr'>quod</span> <span class='ocrx_word' id='word_1_67' title='bbox 322 442 387 460; x_wconf 86' lang='lat' dir='ltr'>cum</span> <span class='ocrx_word' id='word_1_68' title='bbox 402 429 488 457; x_wconf 82' lang='lat' dir='ltr'>Festo</span> <span class='ocrx_word' id='word_1_69' title='bbox 511 429 590 457; x_wconf 77' lang='lat' dir='ltr'>facit.</span> <span class='ocrx_word' id='word_1_70' title='bbox 636 429 720 456; x_wconf 79' lang='lat' dir='ltr'>Bulla</span> <span class='ocrx_word' id='word_1_71' title='bbox 743 433 840 456; x_wconf 83' lang='lat' dir='ltr'>autem</span> <span class='ocrx_word' id='word_1_72' title='bbox 862 427 894 455; x_wconf 87' lang='lat' dir='ltr'>in</span> <span class='ocrx_word' id='word_1_73' title='bbox 917 428 995 455; x_wconf 88' lang='lat' dir='ltr'>collo</span> <span class='ocrx_word' id='word_1_74' title='bbox 1018 430 1118 466; x_wconf 85' lang='lat' dir='ltr'>pueris</span> <span class='ocrx_word' id='word_1_75' title='bbox 1140 431 1275 468; x_wconf 83' lang='lat' dir='ltr'>ingenuis</span> <span class='ocrx_word' id='word_1_76' title='bbox 1298 429 1534 468; x_wconf 84' lang='lat' dir='ltr'><strong>suspendebatur</strong></span> <span class='ocrx_word' id='word_1_77' title='bbox 1556 440 1662 466; x_wconf 83' lang='lat' dir='ltr'>aurea,</span> <span class='ocrx_word' id='word_1_78' title='bbox 1684 428 1834 457; x_wconf 73' lang='lat' dir='ltr'>libertinis</span> <span class='ocrx_word' id='word_1_79' title='bbox 1857 434 1989 466; x_wconf 82' lang='lat' dir='ltr'>scortea,</span> <span class='ocrx_word' id='word_1_80' title='bbox 2012 436 2041 459; x_wconf 78' lang='lat' dir='ltr'>et</span> <span class='ocrx_word' id='word_1_81' title='bbox 2064 442 2080 460; x_wconf 87' lang='lat' dir='ltr'>a</span> <span class='ocrx_word' id='word_1_82' title='bbox 2097 432 2169 460; x_wconf 84' lang='lat' dir='ltr'>Tar-</span> 
     </span>
     <span class='ocr_line' id='line_1_7' title="bbox 219 470 1023 514; baseline -0.007 -10"><span class='ocrx_word' id='word_1_83' title='bbox 219 477 319 514; x_wconf 90' lang='lat' dir='ltr'>quinio</span> <span class='ocrx_word' id='word_1_84' title='bbox 344 473 442 502; x_wconf 88' lang='lat' dir='ltr'>Prisco</span> <span class='ocrx_word' id='word_1_85' title='bbox 467 471 610 508; x_wconf 78' lang='lat' dir='ltr'>originem</span> <span class='ocrx_word' id='word_1_86' title='bbox 630 470 739 499; x_wconf 85' lang='lat' dir='ltr'>habere</span> <span class='ocrx_word' id='word_1_87' title='bbox 760 475 892 509; x_wconf 81' lang='lat' dir='ltr'>putatur.</span> <span class='ocrx_word' id='word_1_88' title='bbox 935 470 1023 498; x_wconf 82' lang='lat' dir='ltr'>Dae.</span> 
     </span>
    </p>

    <p class='ocr_par' dir='ltr' id='par_1_4' title="bbox 217 512 2169 641">
     <span class='ocr_line' id='line_1_8' title="bbox 379 512 2168 552; baseline 0.001 -10"><span class='ocrx_word' id='word_1_89' title='bbox 379 515 522 543; x_wconf 84' lang='lat' dir='ltr'>Boicus</span> <span class='ocrx_word' id='word_1_90' title='bbox 544 525 641 552; x_wconf 78' lang='lat' dir='ltr'>ager.</span> <span class='ocrx_word' id='word_1_91' title='bbox 685 514 752 542; x_wconf 87' lang='lat' dir='ltr'>Boii</span> <span class='ocrx_word' id='word_1_92' title='bbox 776 513 873 548; x_wconf 89' lang='lat' dir='ltr'>Galli,</span> <span class='ocrx_word' id='word_1_93' title='bbox 902 513 952 550; x_wconf 89' lang='lat' dir='ltr'>qui</span> <span class='ocrx_word' id='word_1_94' title='bbox 976 512 1056 542; x_wconf 72' lang='lat' dir='ltr'>circa</span> <span class='ocrx_word' id='word_1_95' title='bbox 1078 515 1191 543; x_wconf 86' lang='lat' dir='ltr'>Padum</span> <span class='ocrx_word' id='word_1_96' title='bbox 1215 515 1283 543; x_wconf 86' lang='lat' dir='ltr'>olim</span> <span class='ocrx_word' id='word_1_97' title='bbox 1307 514 1494 549; x_wconf 76' lang='lat' dir='ltr'><strong>habitavere,</strong></span> <span class='ocrx_word' id='word_1_98' title='bbox 1524 514 1575 542; x_wconf 86' lang='lat' dir='ltr'>sed</span> <span class='ocrx_word' id='word_1_99' title='bbox 1599 514 1667 542; x_wconf 87' lang='lat' dir='ltr'>inde</span> <span class='ocrx_word' id='word_1_100' title='bbox 1690 525 1705 542; x_wconf 84' lang='lat' dir='ltr'>a</span> <span class='ocrx_word' id='word_1_101' title='bbox 1728 513 1869 542; x_wconf 79' lang='lat' dir='ltr'>Romanis</span> <span class='ocrx_word' id='word_1_102' title='bbox 1893 514 1977 542; x_wconf 80' lang='lat' dir='ltr'>eiecti</span> <span class='ocrx_word' id='word_1_103' title='bbox 1999 515 2037 543; x_wconf 84' lang='lat' dir='ltr'>ad</span> <span class='ocrx_word' id='word_1_104' title='bbox 2058 515 2168 544; x_wconf 85' lang='lat' dir='ltr'>Istrum</span> 
     </span>
     <span class='ocr_line' id='line_1_9' title="bbox 217 555 2169 599; baseline -0.001 -11"><span class='ocrx_word' id='word_1_105' title='bbox 217 559 297 599; x_wconf 75' lang='lat' dir='ltr'>apud</span> <span class='ocrx_word' id='word_1_106' title='bbox 314 557 484 586; x_wconf 82' lang='lat' dir='ltr'>Tauriscos-</span> <span class='ocrx_word' id='word_1_107' title='bbox 515 556 621 584; x_wconf 74' lang='lat' dir='ltr'>Strabo</span> <span class='ocrx_word' id='word_1_108' title='bbox 645 557 697 584; x_wconf 72' lang='lat' dir='ltr'>lib·</span> <span class='ocrx_word' id='word_1_109' title='bbox 711 557 740 586; x_wconf 90' lang='grc'>5.</span> <span class='ocrx_word' id='word_1_110' title='bbox 762 557 865 590; x_wconf 78' lang='lat'>(216.)</span> <span class='ocrx_word' id='word_1_111' title='bbox 889 559 916 583; x_wconf 81' lang='lat' dir='ltr'>et</span> <span class='ocrx_word' id='word_1_112' title='bbox 934 555 996 584; x_wconf 79' lang='lat' dir='ltr'>Liv.</span> <span class='ocrx_word' id='word_1_113' title='bbox 1020 556 1070 585; x_wconf 90' lang='lat' dir='ltr'>lib.</span> <span class='ocrx_word' id='word_1_114' title='bbox 1083 558 1113 589; x_wconf 86' lang='lat'>5.</span> <span class='ocrx_word' id='word_1_115' title='bbox 1138 556 1176 594; x_wconf 82' lang='lat' dir='ltr'>(e.</span> <span class='ocrx_word' id='word_1_116' title='bbox 1189 559 1240 588; x_wconf 82' lang='lat'>33.</span> <span class='ocrx_word' id='word_1_117' title='bbox 1257 556 1322 596; x_wconf 80' lang='lat'><strong>34.)</strong></span> <span class='ocrx_word' id='word_1_118' title='bbox 1347 557 1435 587; x_wconf 86' lang='lat' dir='ltr'><strong><em>Dac.</em></strong></span> <span class='ocrx_word' id='word_1_119' title='bbox 1470 556 1543 585; x_wconf 84' lang='lat' dir='ltr'>Vide</span> <span class='ocrx_word' id='word_1_120' title='bbox 1565 557 1641 585; x_wconf 86' lang='lat' dir='ltr'>Scal.</span> <span class='ocrx_word' id='word_1_121' title='bbox 1665 558 1702 585; x_wconf 82' lang='lat' dir='ltr'>ad</span> <span class='ocrx_word' id='word_1_122' title='bbox 1725 567 1752 585; x_wconf 88' lang='lat' dir='ltr'>v.</span> <span class='ocrx_word' id='word_1_123' title='bbox 1768 558 1872 586; x_wconf 81' lang='lat' dir='ltr'>Boiae.</span> <span class='ocrx_word' id='word_1_124' title='bbox 1901 556 1937 585; x_wconf 85' lang='lat' dir='ltr'>In</span> <span class='ocrx_word' id='word_1_125' title='bbox 1959 567 2019 596; x_wconf 86' lang='lat' dir='ltr'>qua</span> <span class='ocrx_word' id='word_1_126' title='bbox 2042 564 2117 585; x_wconf 77' lang='lat' dir='ltr'>sunt.</span> <span class='ocrx_word' id='word_1_127' title='bbox 2138 559 2169 586; x_wconf 85' lang='lat' dir='ltr'>in</span> 
     </span>
     <span class='ocr_line' id='line_1_10' title="bbox 217 598 1441 641; baseline -0.003 -10"><span class='ocrx_word' id='word_1_128' title='bbox 217 613 275 641; x_wconf 89' lang='lat' dir='ltr'>quo</span> <span class='ocrx_word' id='word_1_129' title='bbox 299 605 367 629; x_wconf 88' lang='lat' dir='ltr'>sunt</span> <span class='ocrx_word' id='word_1_130' title='bbox 390 599 637 635; x_wconf 42' lang='lat' dir='ltr'>Mediolanensem</span> <span class='ocrx_word' id='word_1_131' title='bbox 666 599 735 627; x_wconf 85' lang='lat' dir='ltr'>vide</span> <span class='ocrx_word' id='word_1_132' title='bbox 758 599 874 626; x_wconf 81' lang='lat' dir='ltr'>Livium</span> <span class='ocrx_word' id='word_1_133' title='bbox 898 602 926 626; x_wconf 83' lang='lat' dir='ltr'>et</span> <span class='ocrx_word' id='word_1_134' title='bbox 946 598 1092 627; x_wconf 84' lang='lat' dir='ltr'>Iustinum</span> <span class='ocrx_word' id='word_1_135' title='bbox 1115 600 1242 639; x_wconf 81' lang='lat' dir='ltr'>(XXIV,</span> <span class='ocrx_word' id='word_1_136' title='bbox 1265 599 1308 638; x_wconf 88' lang='lat'>4.)</span> <span class='ocrx_word' id='word_1_137' title='bbox 1335 598 1441 628; x_wconf 75' lang='lat' dir='ltr'><strong><em>Goth.</em></strong></span> 
     </span>
    </p>

    <p class='ocr_par' dir='ltr' id='par_1_5' title="bbox 217 640 2169 723">
     <span class='ocr_line' id='line_1_11' title="bbox 380 640 2169 681; baseline 0 -11"><span class='ocrx_word' id='word_1_138' title='bbox 380 642 599 670; x_wconf 77' lang='lat' dir='ltr'>Burranica</span> <span class='ocrx_word' id='word_1_139' title='bbox 620 642 738 681; x_wconf 79' lang='lat' dir='ltr'>potio.</span> <span class='ocrx_word' id='word_1_140' title='bbox 784 641 874 676; x_wconf 87' lang='lat' dir='ltr'>Vide,</span> <span class='ocrx_word' id='word_1_141' title='bbox 899 650 974 678; x_wconf 80' lang='lat' dir='ltr'>quae</span> <span class='ocrx_word' id='word_1_142' title='bbox 990 641 1020 668; x_wconf 88' lang='lat' dir='ltr'>in</span> <span class='ocrx_word' id='word_1_143' title='bbox 1038 642 1240 670; x_wconf 80' lang='lat' dir='ltr'><strong>Coniectaneis</strong></span> <span class='ocrx_word' id='word_1_144' title='bbox 1260 642 1337 681; x_wconf 71' lang='lat' dir='ltr'>(pag.</span> <span class='ocrx_word' id='word_1_145' title='bbox 1351 641 1415 679; x_wconf 82' lang='lat'><strong>79.)</strong></span> <span class='ocrx_word' id='word_1_146' title='bbox 1433 642 1469 670; x_wconf 87' lang='lat' dir='ltr'>de</span> <span class='ocrx_word' id='word_1_147' title='bbox 1485 641 1543 669; x_wconf 88' lang='lat' dir='ltr'>hoc</span> <span class='ocrx_word' id='word_1_148' title='bbox 1567 641 1637 669; x_wconf 82' lang='lat' dir='ltr'>olim</span> <span class='ocrx_word' id='word_1_149' title='bbox 1661 642 1843 680; x_wconf 79' lang='lat' dir='ltr'>scripsimus.</span> <span class='ocrx_word' id='word_1_150' title='bbox 1869 640 1969 671; x_wconf 80' lang='lat' dir='ltr'><em>Scal.</em></span> <span class='ocrx_word' id='word_1_151' title='bbox 1997 641 2080 669; x_wconf 84' lang='lat' dir='ltr'>Hanc</span> <span class='ocrx_word' id='word_1_152' title='bbox 2096 641 2169 671; x_wconf 85' lang='lat' dir='ltr'>facit</span> 
     </span>
     <span class='ocr_line' id='line_1_12' title="bbox 217 682 2167 723; baseline -0.002 -7"><span class='ocrx_word' id='word_1_153' title='bbox 217 689 309 722; x_wconf 83' lang='lat' dir='ltr'>lacte,</span> <span class='ocrx_word' id='word_1_154' title='bbox 334 686 363 714; x_wconf 88' lang='lat' dir='ltr'>id</span> <span class='ocrx_word' id='word_1_155' title='bbox 387 689 429 713; x_wconf 83' lang='lat' dir='ltr'>est</span> <span class='ocrx_word' id='word_1_156' title='bbox 452 685 509 719; x_wconf 80' lang='lat' dir='ltr'>lae,</span> <span class='ocrx_word' id='word_1_157' title='bbox 534 693 600 711; x_wconf 81' lang='lat' dir='ltr'>cuin</span> <span class='ocrx_word' id='word_1_158' title='bbox 624 694 710 723; x_wconf 78' lang='lat' dir='ltr'>sapa,</span> <span class='ocrx_word' id='word_1_159' title='bbox 733 684 763 712; x_wconf 92' lang='lat' dir='ltr'>id</span> <span class='ocrx_word' id='word_1_160' title='bbox 786 689 828 711; x_wconf 85' lang='lat' dir='ltr'>est</span> <span class='ocrx_word' id='word_1_161' title='bbox 850 683 946 711; x_wconf 75' lang='lat' dir='ltr'>mulso</span> <span class='ocrx_word' id='word_1_162' title='bbox 970 682 1104 713; x_wconf 87' lang='lat' dir='ltr'>decocto.</span> <span class='ocrx_word' id='word_1_163' title='bbox 1136 685 1329 713; x_wconf 75' lang='lat' dir='ltr'>Buri-anicani</span> <span class='ocrx_word' id='word_1_164' title='bbox 1353 685 1504 722; x_wconf 83' lang='lat' dir='ltr'>potionem</span> <span class='ocrx_word' id='word_1_165' title='bbox 1528 684 1662 722; x_wconf 83' lang='lat' dir='ltr'>designat</span> <span class='ocrx_word' id='word_1_166' title='bbox 1679 685 1766 712; x_wconf 89' lang='lat' dir='ltr'>Ovid.</span> <span class='ocrx_word' id='word_1_167' title='bbox 1785 684 1887 723; x_wconf 66' lang='lat' dir='ltr'>(fast.)</span> <span class='ocrx_word' id='word_1_168' title='bbox 1903 684 1953 714; x_wconf 84' lang='lat' dir='ltr'>lib.</span> <span class='ocrx_word' id='word_1_169' title='bbox 1967 684 1995 715; x_wconf 83' lang='grc'>4.</span> <span class='ocrx_word' id='word_1_170' title='bbox 2014 685 2054 718; x_wconf 89' lang='lat' dir='ltr'>(v.</span> <span class='ocrx_word' id='word_1_171' title='bbox 2066 685 2167 722; x_wconf 84' lang='lat'><strong>779.):</strong></span> 
     </span>
    </p>

    <p class='ocr_par' dir='ltr' id='par_1_6' title="bbox 216 724 2168 895">
     <span class='ocr_line' id='line_1_13' title="bbox 794 724 1548 766; baseline 0.001 -13"><span class='ocrx_word' id='word_1_172' title='bbox 794 725 873 754; x_wconf 89' lang='lat' dir='ltr'>Dum</span> <span class='ocrx_word' id='word_1_173' title='bbox 897 724 963 754; x_wconf 82' lang='lat' dir='ltr'>licet</span> <span class='ocrx_word' id='word_1_174' title='bbox 986 728 1135 766; x_wconf 80' lang='lat' dir='ltr'>opposita,</span> <span class='ocrx_word' id='word_1_175' title='bbox 1176 726 1265 755; x_wconf 76' lang='lat' dir='ltr'>veluti</span> <span class='ocrx_word' id='word_1_176' title='bbox 1288 734 1398 755; x_wconf 80' lang='lat' dir='ltr'>cratere</span> <span class='ocrx_word' id='word_1_177' title='bbox 1420 725 1548 756; x_wconf 82' lang='lat' dir='ltr'>camella</span> 
     </span>
     <span class='ocr_line' id='line_1_14' title="bbox 837 767 1558 808; baseline 0 -12"><span class='ocrx_word' id='word_1_178' title='bbox 837 767 905 796; x_wconf 85' lang='lat' dir='ltr'>Lac</span> <span class='ocrx_word' id='word_1_179' title='bbox 928 769 1038 797; x_wconf 80' lang='lat' dir='ltr'>niveum</span> <span class='ocrx_word' id='word_1_180' title='bbox 1060 777 1155 808; x_wconf 73' lang='lat' dir='ltr'>potes,</span> <span class='ocrx_word' id='word_1_181' title='bbox 1192 780 1423 808; x_wconf 76' lang='lat' dir='ltr'>purpureamque</span> <span class='ocrx_word' id='word_1_182' title='bbox 1445 780 1558 808; x_wconf 79' lang='lat' dir='ltr'>sapam.</span> 
     </span>
     <span class='ocr_line' id='line_1_15' title="bbox 218 808 2168 852; baseline -0.002 -9"><span class='ocrx_word' id='word_1_183' title='bbox 218 815 307 843; x_wconf 81' lang='lat' dir='ltr'>Dae.</span> <span class='ocrx_word' id='word_1_184' title='bbox 340 811 375 841; x_wconf 88' lang='lat' dir='ltr'><em>A</em></span> <span class='ocrx_word' id='word_1_185' title='bbox 397 809 465 852; x_wconf 86' lang='lat' dir='ltr'>rufo</span> <span class='ocrx_word' id='word_1_186' title='bbox 489 809 587 839; x_wconf 86' lang='lat' dir='ltr'>colore</span> <span class='ocrx_word' id='word_1_187' title='bbox 609 821 692 850; x_wconf 82' lang='lat' dir='ltr'>quem</span> <span class='ocrx_word' id='word_1_188' title='bbox 717 808 845 839; x_wconf 78' lang='lat' dir='ltr'>huri-um.</span> <span class='ocrx_word' id='word_1_189' title='bbox 875 810 950 838; x_wconf 90' lang='lat' dir='ltr'>Vide</span> <span class='ocrx_word' id='word_1_190' title='bbox 972 811 1040 841; x_wconf 82' lang='lat' dir='ltr'>infr.</span> <span class='ocrx_word' id='word_1_191' title='bbox 1063 813 1198 841; x_wconf 85' lang='lat' dir='ltr'>Burrum.</span> <span class='ocrx_word' id='word_1_192' title='bbox 1229 812 1298 839; x_wconf 80' lang='lat' dir='ltr'>Inde</span> <span class='ocrx_word' id='word_1_193' title='bbox 1321 811 1463 851; x_wconf 84' lang='lat' dir='ltr'>Hispanis</span> <span class='ocrx_word' id='word_1_194' title='bbox 1485 811 1636 847; x_wconf 80' lang='lat' dir='ltr'>ssurracei,</span> <span class='ocrx_word' id='word_1_195' title='bbox 1660 810 1794 840; x_wconf 85' lang='lat' dir='ltr'>homines</span> <span class='ocrx_word' id='word_1_196' title='bbox 1817 812 1939 850; x_wconf 85' lang='lat' dir='ltr'>poti0ne</span> <span class='ocrx_word' id='word_1_197' title='bbox 1963 810 2113 840; x_wconf 80' lang='lat' dir='ltr'>rubentes:</span> <span class='ocrx_word' id='word_1_198' title='bbox 2139 816 2168 840; x_wconf 89' lang='lat' dir='ltr'>et</span> 
     </span>
     <span class='ocr_line' id='line_1_16' title="bbox 216 851 784 895; baseline -0.007 -10"><span class='ocrx_word' id='word_1_199' title='bbox 216 867 266 885; x_wconf 87' lang='lat' dir='ltr'>vas</span> <span class='ocrx_word' id='word_1_200' title='bbox 291 854 453 890; x_wconf 80' lang='lat' dir='ltr'>vinarium,</span> <span class='ocrx_word' id='word_1_201' title='bbox 477 853 631 882; x_wconf 82' lang='lat' dir='ltr'>Burracea.</span> <span class='ocrx_word' id='word_1_202' title='bbox 679 851 784 895; x_wconf 71' lang='lat' dir='ltr'>Goth.</span> 
     </span>
    </p>
   </div>
   <div class='ocr_carea' id='block_1_3' title="bbox 786 948 1596 983">
    <p class='ocr_par' dir='ltr' id='par_1_7' title="bbox 786 948 1596 983">
     <span class='ocr_line' id='line_1_17' title="bbox 786 948 1596 983; baseline 0.002 -3"><span class='ocrx_word' id='word_1_203' title='bbox 786 948 1596 983; x_wconf 85' lang='lat' dir='ltr'>ADLIBRUMlll.</span> 
     </span>
    </p>
   </div>
   <div class='ocr_carea' id='block_1_4' title="bbox 214 1020 2167 2457">
    <p class='ocr_par' dir='ltr' id='par_1_8' title="bbox 380 1020 2166 1063">
     <span class='ocr_line' id='line_1_18' title="bbox 380 1020 2166 1063; baseline 0.001 -11"><span class='ocrx_word' id='word_1_204' title='bbox 380 1020 534 1053; x_wconf 82' lang='lat' dir='ltr'>Corona.</span> <span class='ocrx_word' id='word_1_205' title='bbox 579 1023 614 1051; x_wconf 81' lang='lat' dir='ltr'>Et</span> <span class='ocrx_word' id='word_1_206' title='bbox 637 1032 690 1050; x_wconf 88' lang='lat' dir='ltr'>nos</span> <span class='ocrx_word' id='word_1_207' title='bbox 713 1032 833 1060; x_wconf 86' lang='lat' dir='ltr'>quoque</span> <span class='ocrx_word' id='word_1_208' title='bbox 856 1023 925 1052; x_wconf 78' lang='lat' dir='ltr'>alibi</span> <span class='ocrx_word' id='word_1_209' title='bbox 948 1023 1122 1060; x_wconf 85' lang='lat' dir='ltr'>docuimus,</span> <span class='ocrx_word' id='word_1_210' title='bbox 1156 1023 1301 1054; x_wconf 80' lang='lat' dir='ltr'><strong><em>Coronam</em></strong></span> <span class='ocrx_word' id='word_1_211' title='bbox 1320 1024 1448 1052; x_wconf 77' lang='lat' dir='ltr'>Graecae</span> <span class='ocrx_word' id='word_1_212' title='bbox 1472 1024 1592 1060; x_wconf 62' lang='lat' dir='ltr'>originis</span> <span class='ocrx_word' id='word_1_213' title='bbox 1617 1035 1687 1053; x_wconf 78' lang='lat' dir='ltr'>esse.</span> <span class='ocrx_word' id='word_1_214' title='bbox 1713 1024 1876 1052; x_wconf 83' lang='lat' dir='ltr'>Simonides</span> <span class='ocrx_word' id='word_1_215' title='bbox 1899 1025 1964 1063; x_wconf 87' lang='lat' dir='ltr'>(ap.</span> <span class='ocrx_word' id='word_1_216' title='bbox 1985 1024 2090 1053; x_wconf 86' lang='lat' dir='ltr'>Athen.</span> <span class='ocrx_word' id='word_1_217' title='bbox 2101 1024 2166 1053; x_wconf 87' lang='lat' dir='ltr'>XV.</span> 
     </span>
    </p>

    <p class='ocr_par' dir='ltr' id='par_1_9' title="bbox 214 1064 414 1107">
     <span class='ocr_line' id='line_1_19' title="bbox 214 1064 414 1107; baseline -0.02 -11"><span class='ocrx_word' id='word_1_218' title='bbox 214 1080 242 1107; x_wconf 84' lang='lat' dir='ltr'>p.</span> <span class='ocrx_word' id='word_1_219' title='bbox 256 1070 327 1099; x_wconf 85' lang='grc'>680.</span> <span class='ocrx_word' id='word_1_220' title='bbox 353 1064 414 1104; x_wconf 87' lang='lat' dir='ltr'>D.):</span> 
     </span>
    </p>

    <p class='ocr_par' dir='ltr' id='par_1_10' title="bbox 795 1107 1534 1151">
     <span class='ocr_line' id='line_1_20' title="bbox 795 1107 1534 1151; baseline 0.004 -14"><span class='ocrx_word' id='word_1_221' title='bbox 795 1109 908 1147; x_wconf 84' lang='grc' dir='ltr'>Φοῖβος</span> <span class='ocrx_word' id='word_1_222' title='bbox 929 1108 1075 1148; x_wconf 76' lang='grc' dir='ltr'><em>ἐσαγεῖται</em></span> <span class='ocrx_word' id='word_1_223' title='bbox 1098 1113 1159 1144; x_wconf 86' lang='grc' dir='ltr'><strong><em>τοῖς</em></strong></span> <span class='ocrx_word' id='word_1_224' title='bbox 1182 1110 1394 1151; x_wconf 80' lang='grc' dir='ltr'><em>τυνδαρίδῃσιν</em></span> <span class='ocrx_word' id='word_1_225' title='bbox 1417 1107 1534 1147; x_wconf 72' lang='grc' dir='ltr'><em>αόιδῆς,</em></span> 
     </span>
    </p>

    <p class='ocr_par' dir='ltr' id='par_1_11' title="bbox 214 1148 2167 1399">
     <span class='ocr_line' id='line_1_21' title="bbox 782 1148 1514 1193; baseline 0.001 -13"><span class='ocrx_word' id='word_1_226' title='bbox 782 1148 836 1181; x_wconf 75' lang='grc' dir='ltr'>“Ὰν</span> <span class='ocrx_word' id='word_1_227' title='bbox 860 1149 978 1189; x_wconf 77' lang='grc' dir='ltr'><em>ἅμετροι</em></span> <span class='ocrx_word' id='word_1_228' title='bbox 1000 1152 1123 1190; x_wconf 74' lang='grc' dir='ltr'>τέττιγες</span> <span class='ocrx_word' id='word_1_229' title='bbox 1147 1149 1356 1190; x_wconf 75' lang='grc' dir='ltr'><em>ἅπημείψαντο</em></span> <span class='ocrx_word' id='word_1_230' title='bbox 1379 1156 1514 1193; x_wconf 74' lang='grc' dir='ltr'><strong><em>χορωνῷ.</em></strong></span> 
     </span>
     <span class='ocr_line' id='line_1_22' title="bbox 215 1191 2167 1234; baseline 0 -11"><span class='ocrx_word' id='word_1_231' title='bbox 215 1195 297 1234; x_wconf 85' lang='lat' dir='ltr'>(vide</span> <span class='ocrx_word' id='word_1_232' title='bbox 321 1193 470 1222; x_wconf 83' lang='lat' dir='ltr'>Gaisford.</span> <span class='ocrx_word' id='word_1_233' title='bbox 496 1192 573 1220; x_wconf 86' lang='lat' dir='ltr'>Poet.</span> <span class='ocrx_word' id='word_1_234' title='bbox 599 1192 701 1221; x_wconf 85' lang='lat' dir='ltr'>Graec.</span> <span class='ocrx_word' id='word_1_235' title='bbox 726 1191 795 1220; x_wconf 80' lang='lat' dir='ltr'>Min.</span> <span class='ocrx_word' id='word_1_236' title='bbox 822 1193 867 1222; x_wconf 86' lang='lat' dir='ltr'>ed.</span> <span class='ocrx_word' id='word_1_237' title='bbox 890 1194 968 1231; x_wconf 78' lang='lat' dir='ltr'>Lips.</span> <span class='ocrx_word' id='word_1_238' title='bbox 993 1194 1122 1222; x_wconf 85' lang='lat' dir='ltr'>V01.111.</span> <span class='ocrx_word' id='word_1_239' title='bbox 1146 1197 1260 1233; x_wconf 79' lang='lat' dir='ltr'><strong>p.192.</strong></span> <span class='ocrx_word' id='word_1_240' title='bbox 1286 1195 1444 1231; x_wconf 61' lang='lat' dir='ltr'><strong>CXXIX).</strong></span> <span class='ocrx_word' id='word_1_241' title='bbox 1475 1195 1604 1232; x_wconf 83' lang='lat' dir='ltr'>Ideoque</span> <span class='ocrx_word' id='word_1_242' title='bbox 1629 1204 1687 1222; x_wconf 90' lang='lat' dir='ltr'>non</span> <span class='ocrx_word' id='word_1_243' title='bbox 1709 1194 1850 1223; x_wconf 67' lang='lat' dir='ltr'>carebant</span> <span class='ocrx_word' id='word_1_244' title='bbox 1873 1195 2001 1230; x_wconf 81' lang='lat' dir='ltr'>ratione,</span> <span class='ocrx_word' id='word_1_245' title='bbox 2025 1195 2077 1232; x_wconf 83' lang='lat' dir='ltr'>qui</span> <span class='ocrx_word' id='word_1_246' title='bbox 2099 1205 2167 1223; x_wconf 86' lang='lat' dir='ltr'>cum</span> 
     </span>
     <span class='ocr_line' id='line_1_23' title="bbox 214 1233 2166 1277; baseline 0.002 -12"><span class='ocrx_word' id='word_1_247' title='bbox 214 1237 394 1276; x_wconf 82' lang='lat' dir='ltr'>aspiratione</span> <span class='ocrx_word' id='word_1_248' title='bbox 416 1234 595 1264; x_wconf 79' lang='lat' dir='ltr'>scribebant.</span> <span class='ocrx_word' id='word_1_249' title='bbox 619 1233 719 1263; x_wconf 83' lang='lat' dir='ltr'><strong><em>Scal.</em></strong></span> <span class='ocrx_word' id='word_1_250' title='bbox 748 1234 810 1264; x_wconf 90' lang='lat' dir='ltr'>lmo</span> <span class='ocrx_word' id='word_1_251' title='bbox 833 1236 932 1274; x_wconf 85' lang='lat' dir='ltr'>potius</span> <span class='ocrx_word' id='word_1_252' title='bbox 956 1247 1066 1265; x_wconf 85' lang='lat' dir='ltr'>corona</span> <span class='ocrx_word' id='word_1_253' title='bbox 1089 1248 1103 1265; x_wconf 84' lang='lat' dir='ltr'>a</span> <span class='ocrx_word' id='word_1_254' title='bbox 1123 1234 1271 1277; x_wconf 73' lang='grc' dir='ltr'><em>Κορώνη,</em></span> <span class='ocrx_word' id='word_1_255' title='bbox 1297 1247 1386 1275; x_wconf 76' lang='lat' dir='ltr'>quain</span> <span class='ocrx_word' id='word_1_256' title='bbox 1403 1238 1532 1276; x_wconf 84' lang='lat' dir='ltr'>Hesych.</span> <span class='ocrx_word' id='word_1_257' title='bbox 1555 1238 1770 1275; x_wconf 81' lang='lat' dir='ltr'>interpretatur</span> <span class='ocrx_word' id='word_1_258' title='bbox 1792 1235 1871 1272; x_wconf 79' lang='grc' dir='ltr'><strong><em>εἶὸος</em></strong></span> <span class='ocrx_word' id='word_1_259' title='bbox 1893 1234 2055 1275; x_wconf 75' lang='grc' dir='ltr'><em>στεφάνου.</em></span> <span class='ocrx_word' id='word_1_260' title='bbox 2076 1237 2166 1268; x_wconf 78' lang='lat' dir='ltr'>Dae.</span> 
     </span>
     <span class='ocr_line' id='line_1_24' title="bbox 215 1276 2166 1318; baseline -0.001 -10"><span class='ocrx_word' id='word_1_261' title='bbox 215 1281 255 1309; x_wconf 88' lang='lat' dir='ltr'>De</span> <span class='ocrx_word' id='word_1_262' title='bbox 279 1289 390 1308; x_wconf 84' lang='lat' dir='ltr'>corona</span> <span class='ocrx_word' id='word_1_263' title='bbox 414 1278 509 1306; x_wconf 86' lang='lat' dir='ltr'>civica</span> <span class='ocrx_word' id='word_1_264' title='bbox 532 1276 690 1313; x_wconf 81' lang='lat' dir='ltr'>donativa,</span> <span class='ocrx_word' id='word_1_265' title='bbox 722 1279 887 1314; x_wconf 81' lang='lat' dir='ltr'>graminea,</span> <span class='ocrx_word' id='word_1_266' title='bbox 918 1279 1019 1315; x_wconf 80' lang='lat' dir='ltr'>lanea,</span> <span class='ocrx_word' id='word_1_267' title='bbox 1049 1285 1176 1318; x_wconf 86' lang='lat' dir='ltr'>myrtea,</span> <span class='ocrx_word' id='word_1_268' title='bbox 1206 1280 1322 1316; x_wconf 84' lang='lat' dir='ltr'>navali,</span> <span class='ocrx_word' id='word_1_269' title='bbox 1354 1280 1543 1315; x_wconf 83' lang='lat' dir='ltr'>obsidionali,</span> <span class='ocrx_word' id='word_1_270' title='bbox 1575 1280 1686 1314; x_wconf 75' lang='lat' dir='ltr'>civica,</span> <span class='ocrx_word' id='word_1_271' title='bbox 1718 1280 1842 1315; x_wconf 81' lang='lat' dir='ltr'>murali,</span> <span class='ocrx_word' id='word_1_272' title='bbox 1866 1280 1961 1315; x_wconf 82' lang='lat' dir='ltr'>ovali,</span> <span class='ocrx_word' id='word_1_273' title='bbox 1983 1279 2166 1318; x_wconf 83' lang='lat' dir='ltr'>triumphali,</span> 
     </span>
     <span class='ocr_line' id='line_1_25' title="bbox 214 1317 2167 1361; baseline -0.001 -10"><span class='ocrx_word' id='word_1_274' title='bbox 214 1334 240 1351; x_wconf 88' lang='lat' dir='ltr'>v.</span> <span class='ocrx_word' id='word_1_275' title='bbox 267 1321 368 1351; x_wconf 75' lang='lat' dir='ltr'>Civica</span> <span class='ocrx_word' id='word_1_276' title='bbox 390 1321 457 1348; x_wconf 72' lang='lat' dir='ltr'>inst.</span> <span class='ocrx_word' id='word_1_277' title='bbox 481 1320 664 1355; x_wconf 74' lang='lat' dir='ltr'>Donaticae,</span> <span class='ocrx_word' id='word_1_278' title='bbox 693 1317 856 1357; x_wconf 70' lang='lat' dir='ltr'>Gradivus,</span> <span class='ocrx_word' id='word_1_279' title='bbox 881 1320 1069 1358; x_wconf 81' lang='lat' dir='ltr'>Lemniscae,</span> <span class='ocrx_word' id='word_1_280' title='bbox 1092 1324 1227 1361; x_wconf 77' lang='lat' dir='ltr'>lWyriea,</span> <span class='ocrx_word' id='word_1_281' title='bbox 1250 1321 1393 1357; x_wconf 81' lang='lat' dir='ltr'>Navalis,</span> <span class='ocrx_word' id='word_1_282' title='bbox 1420 1321 1640 1358; x_wconf 71' lang='lat' dir='ltr'>obsidionalis,</span> <span class='ocrx_word' id='word_1_283' title='bbox 1668 1321 1786 1358; x_wconf 72' lang='lat' dir='ltr'>Omdis,</span> <span class='ocrx_word' id='word_1_284' title='bbox 1811 1321 2017 1361; x_wconf 73' lang='lat' dir='ltr'>Triumphales</span> <span class='ocrx_word' id='word_1_285' title='bbox 2039 1327 2068 1350; x_wconf 90' lang='lat' dir='ltr'>et</span> <span class='ocrx_word' id='word_1_286' title='bbox 2091 1322 2167 1351; x_wconf 78' lang='lat' dir='ltr'>Gell.</span> 
     </span>
     <span class='ocr_line' id='line_1_26' title="bbox 214 1361 524 1399; baseline -0.01 -6"><span class='ocrx_word' id='word_1_287' title='bbox 214 1365 320 1399; x_wconf 86' lang='lat' dir='ltr'>lib.V,</span> <span class='ocrx_word' id='word_1_288' title='bbox 343 1366 371 1395; x_wconf 87' lang='lat'>6.</span> <span class='ocrx_word' id='word_1_289' title='bbox 420 1361 524 1391; x_wconf 74' lang='lat' dir='ltr'>Goth.</span> 
     </span>
    </p>

    <p class='ocr_par' dir='ltr' id='par_1_12' title="bbox 214 1403 2166 1490">
     <span class='ocr_line' id='line_1_27' title="bbox 380 1403 2166 1445; baseline 0 -11"><span class='ocrx_word' id='word_1_290' title='bbox 380 1404 580 1434; x_wconf 79' lang='lat' dir='ltr'>Coturnix.</span> <span class='ocrx_word' id='word_1_291' title='bbox 623 1403 649 1432; x_wconf 84' lang='lat' dir='ltr'>A</span> <span class='ocrx_word' id='word_1_292' title='bbox 671 1414 743 1433; x_wconf 87' lang='lat' dir='ltr'>sono</span> <span class='ocrx_word' id='word_1_293' title='bbox 766 1405 849 1434; x_wconf 85' lang='lat' dir='ltr'>vocis</span> <span class='ocrx_word' id='word_1_294' title='bbox 873 1405 982 1434; x_wconf 83' lang='lat' dir='ltr'>dictam</span> <span class='ocrx_word' id='word_1_295' title='bbox 1007 1407 1074 1435; x_wconf 89' lang='lat' dir='ltr'>vult</span> <span class='ocrx_word' id='word_1_296' title='bbox 1094 1407 1219 1443; x_wconf 83' lang='lat' dir='ltr'>Festus,</span> <span class='ocrx_word' id='word_1_297' title='bbox 1244 1406 1325 1445; x_wconf 85' lang='lat' dir='ltr'>quod</span> <span class='ocrx_word' id='word_1_298' title='bbox 1348 1408 1473 1445; x_wconf 79' lang='lat' dir='ltr'>primam</span> <span class='ocrx_word' id='word_1_299' title='bbox 1496 1406 1526 1434; x_wconf 90' lang='lat' dir='ltr'>in</span> <span class='ocrx_word' id='word_1_300' title='bbox 1549 1411 1638 1434; x_wconf 82' lang='lat' dir='ltr'>cantu</span> <span class='ocrx_word' id='word_1_301' title='bbox 1661 1405 1804 1444; x_wconf 81' lang='lat' dir='ltr'>syllabam</span> <span class='ocrx_word' id='word_1_302' title='bbox 1829 1406 1946 1434; x_wconf 81' lang='lat' dir='ltr'>reserat.</span> <span class='ocrx_word' id='word_1_303' title='bbox 1983 1406 2038 1434; x_wconf 90' lang='lat' dir='ltr'>Sed</span> <span class='ocrx_word' id='word_1_304' title='bbox 2061 1405 2166 1434; x_wconf 87' lang='lat' dir='ltr'>melius</span> 
     </span>
     <span class='ocr_line' id='line_1_28' title="bbox 214 1445 1324 1490; baseline -0.002 -11"><span class='ocrx_word' id='word_1_305' title='bbox 214 1450 334 1479; x_wconf 76' lang='lat' dir='ltr'>Servius</span> <span class='ocrx_word' id='word_1_306' title='bbox 357 1448 392 1476; x_wconf 80' lang='lat' dir='ltr'>ab</span> <span class='ocrx_word' id='word_1_307' title='bbox 417 1447 537 1485; x_wconf 90' lang='lat' dir='ltr'>obliquo</span> <span class='ocrx_word' id='word_1_308' title='bbox 561 1445 688 1486; x_wconf 80' lang='grc' dir='ltr'><strong><em>ὄρτυγος</em></strong></span> <span class='ocrx_word' id='word_1_309' title='bbox 712 1457 766 1484; x_wconf 84' lang='lat' dir='ltr'>per</span> <span class='ocrx_word' id='word_1_310' title='bbox 789 1449 1048 1486; x_wconf 78' lang='lat' dir='ltr'>transpositionem</span> <span class='ocrx_word' id='word_1_311' title='bbox 1071 1462 1086 1490; x_wconf 75' lang='lat' dir='ltr'><em>y</em></span> <span class='ocrx_word' id='word_1_312' title='bbox 1110 1450 1139 1477; x_wconf 91' lang='lat' dir='ltr'>in</span> <span class='ocrx_word' id='word_1_313' title='bbox 1163 1461 1179 1478; x_wconf 91' lang='lat' dir='ltr'><strong>c</strong></span> <span class='ocrx_word' id='word_1_314' title='bbox 1201 1454 1324 1477; x_wconf 82' lang='lat' dir='ltr'>mutato.</span> 
     </span>
    </p>

    <p class='ocr_par' dir='ltr' id='par_1_13' title="bbox 216 1487 2167 1699">
     <span class='ocr_line' id='line_1_29' title="bbox 380 1487 2166 1531; baseline 0.001 -12"><span class='ocrx_word' id='word_1_315' title='bbox 380 1489 502 1519; x_wconf 85' lang='lat' dir='ltr'>Cornu</span> <span class='ocrx_word' id='word_1_316' title='bbox 512 1500 539 1517; x_wconf 88' lang='lat' dir='ltr'>a.</span> <span class='ocrx_word' id='word_1_317' title='bbox 583 1488 691 1517; x_wconf 83' lang='lat' dir='ltr'>Allusit</span> <span class='ocrx_word' id='word_1_318' title='bbox 713 1489 867 1518; x_wconf 82' lang='lat' dir='ltr'>Horatius:</span> <span class='ocrx_word' id='word_1_319' title='bbox 892 1510 929 1514; x_wconf 89' lang='lat'>—</span> <span class='ocrx_word' id='word_1_320' title='bbox 956 1509 993 1513; x_wconf 90' lang='lat'><strong>—</strong></span> <span class='ocrx_word' id='word_1_321' title='bbox 1018 1499 1043 1519; x_wconf 84' lang='lat' dir='ltr'>et</span> <span class='ocrx_word' id='word_1_322' title='bbox 1066 1491 1152 1520; x_wconf 76' lang='lat' dir='ltr'>addit</span> <span class='ocrx_word' id='word_1_323' title='bbox 1176 1503 1286 1520; x_wconf 76' lang='lat' dir='ltr'>cornua</span> <span class='ocrx_word' id='word_1_324' title='bbox 1307 1492 1436 1531; x_wconf 76' lang='lat' dir='ltr'>pauperi.</span> <span class='ocrx_word' id='word_1_325' title='bbox 1468 1489 1570 1520; x_wconf 78' lang='lat' dir='ltr'><strong><em>Scal.</em></strong></span> <span class='ocrx_word' id='word_1_326' title='bbox 1594 1490 1736 1519; x_wconf 80' lang='lat' dir='ltr'>Nicandri</span> <span class='ocrx_word' id='word_1_327' title='bbox 1759 1490 1930 1519; x_wconf 84' lang='lat' dir='ltr'>scholiastes</span> <span class='ocrx_word' id='word_1_328' title='bbox 1951 1487 2166 1531; x_wconf 72' lang='grc' dir='ltr'><strong><em>Ἀλεξιφαρμα-</em></strong></span> 
     </span>
     <span class='ocr_line' id='line_1_30' title="bbox 216 1530 2167 1574; baseline -0.001 -9"><span class='ocrx_word' id='word_1_329' title='bbox 216 1539 291 1570; x_wconf 79' lang='grc' dir='ltr'><strong><em>κοῖς·</em></strong></span> <span class='ocrx_word' id='word_1_330' title='bbox 316 1534 346 1564; x_wconf 84' lang='grc' dir='ltr'>οί</span> <span class='ocrx_word' id='word_1_331' title='bbox 368 1532 492 1563; x_wconf 71' lang='grc' dir='ltr'><em>παλαιοὶ</em></span> <span class='ocrx_word' id='word_1_332' title='bbox 513 1531 634 1571; x_wconf 74' lang='grc' dir='ltr'><em>κέρασιν</em></span> <span class='ocrx_word' id='word_1_333' title='bbox 656 1531 783 1571; x_wconf 78' lang='grc' dir='ltr'><strong><em>ἐχρῶντο</em></strong></span> <span class='ocrx_word' id='word_1_334' title='bbox 807 1533 839 1563; x_wconf 79' lang='grc' dir='ltr'>ἐν</span> <span class='ocrx_word' id='word_1_335' title='bbox 861 1536 897 1574; x_wconf 79' lang='grc' dir='ltr'>τῇ</span> <span class='ocrx_word' id='word_1_336' title='bbox 919 1530 1005 1564; x_wconf 81' lang='grc' dir='ltr'><em>πόσει</em></span> <span class='ocrx_word' id='word_1_337' title='bbox 1027 1530 1093 1564; x_wconf 73' lang='grc' dir='ltr'>ἀντὶ</span> <span class='ocrx_word' id='word_1_338' title='bbox 1116 1537 1175 1564; x_wconf 74' lang='grc' dir='ltr'>τῶν</span> <span class='ocrx_word' id='word_1_339' title='bbox 1199 1537 1368 1572; x_wconf 72' lang='grc' dir='ltr'><em>ποτηρίων,</em></span> <span class='ocrx_word' id='word_1_340' title='bbox 1408 1530 1481 1563; x_wconf 73' lang='grc' dir='ltr'>ὁθὲν</span> <span class='ocrx_word' id='word_1_341' title='bbox 1509 1534 1559 1563; x_wconf 80' lang='grc' dir='ltr'>καὶ</span> <span class='ocrx_word' id='word_1_342' title='bbox 1581 1531 1613 1563; x_wconf 78' lang='grc' dir='ltr'>τὸ</span> <span class='ocrx_word' id='word_1_343' title='bbox 1636 1530 1757 1571; x_wconf 71' lang='grc' dir='ltr'><em>κεράσαι</em></span> <span class='ocrx_word' id='word_1_344' title='bbox 1782 1534 1902 1571; x_wconf 73' lang='grc' dir='ltr'><em>εἴρηται.</em></span> <span class='ocrx_word' id='word_1_345' title='bbox 1936 1530 1956 1570; x_wconf 74' lang='grc' dir='ltr'><em>ἢ</em></span> <span class='ocrx_word' id='word_1_346' title='bbox 1979 1532 2027 1563; x_wconf 81' lang='grc' dir='ltr'>διὰ</span> <span class='ocrx_word' id='word_1_347' title='bbox 2049 1545 2167 1573; x_wconf 78' lang='grc' dir='ltr'><em>ταυρω-</em></span> 
     </span>
     <span class='ocr_line' id='line_1_31' title="bbox 217 1571 2166 1615; baseline -0.001 -8"><span class='ocrx_word' id='word_1_348' title='bbox 217 1576 299 1607; x_wconf 76' lang='grc' dir='ltr'><strong><em>τικὸν</em></strong></span> <span class='ocrx_word' id='word_1_349' title='bbox 322 1579 381 1606; x_wconf 75' lang='grc' dir='ltr'>τῶν</span> <span class='ocrx_word' id='word_1_350' title='bbox 405 1571 574 1610; x_wconf 68' lang='grc' dir='ltr'><strong><em>πινόντων,</em></strong></span> <span class='ocrx_word' id='word_1_351' title='bbox 594 1575 725 1604; x_wconf 79' lang='grc' dir='ltr'>τουτέστι</span> <span class='ocrx_word' id='word_1_352' title='bbox 746 1574 802 1612; x_wconf 70' lang='grc' dir='ltr'>τὴν</span> <span class='ocrx_word' id='word_1_353' title='bbox 825 1572 884 1605; x_wconf 70' lang='grc' dir='ltr'>ἀπὸ</span> <span class='ocrx_word' id='word_1_354' title='bbox 908 1579 963 1605; x_wconf 87' lang='grc' dir='ltr'>τοῦ</span> <span class='ocrx_word' id='word_1_355' title='bbox 987 1577 1073 1606; x_wconf 76' lang='lat' dir='ltr'>oi&#39;vov</span> <span class='ocrx_word' id='word_1_356' title='bbox 1097 1574 1190 1615; x_wconf 74' lang='grc' dir='ltr'><em>ἰσχύν.</em></span> <span class='ocrx_word' id='word_1_357' title='bbox 1218 1574 1254 1606; x_wconf 85' lang='lat' dir='ltr'>‘O</span> <span class='ocrx_word' id='word_1_358' title='bbox 1279 1573 1432 1610; x_wconf 79' lang='grc' dir='ltr'><em>Διόνυσος</em></span> <span class='ocrx_word' id='word_1_359' title='bbox 1453 1576 1501 1605; x_wconf 78' lang='grc' dir='ltr'>καὶ</span> <span class='ocrx_word' id='word_1_360' title='bbox 1524 1576 1722 1613; x_wconf 72' lang='grc' dir='ltr'><em>ταυροκέρως.</em></span> <span class='ocrx_word' id='word_1_361' title='bbox 1753 1575 1798 1603; x_wconf 86' lang='lat' dir='ltr'>Ad</span> <span class='ocrx_word' id='word_1_362' title='bbox 1820 1575 1896 1603; x_wconf 78' lang='lat' dir='ltr'>hanc</span> <span class='ocrx_word' id='word_1_363' title='bbox 1919 1575 2082 1605; x_wconf 75' lang='lat' dir='ltr'>bibentium</span> <span class='ocrx_word' id='word_1_364' title='bbox 2105 1582 2166 1605; x_wconf 83' lang='lat' dir='ltr'>tor-</span> 
     </span>
     <span class='ocr_line' id='line_1_32' title="bbox 216 1616 2166 1658; baseline -0.001 -9"><span class='ocrx_word' id='word_1_365' title='bbox 216 1622 336 1649; x_wconf 84' lang='lat' dir='ltr'>vitatem</span> <span class='ocrx_word' id='word_1_366' title='bbox 368 1618 470 1646; x_wconf 77' lang='lat' dir='ltr'>allusit</span> <span class='ocrx_word' id='word_1_367' title='bbox 492 1617 634 1645; x_wconf 82' lang='lat' dir='ltr'>Horatius</span> <span class='ocrx_word' id='word_1_368' title='bbox 657 1616 731 1654; x_wconf 86' lang='lat' dir='ltr'>(Od.</span> <span class='ocrx_word' id='word_1_369' title='bbox 746 1617 806 1653; x_wconf 86' lang='lat'>111,</span> <span class='ocrx_word' id='word_1_370' title='bbox 829 1621 884 1654; x_wconf 79' lang='lat'>21,</span> <span class='ocrx_word' id='word_1_371' title='bbox 909 1616 997 1658; x_wconf 81' lang='lat'>18.):</span> <span class='ocrx_word' id='word_1_372' title='bbox 1036 1617 1073 1646; x_wconf 82' lang='lat' dir='ltr'>Et</span> <span class='ocrx_word' id='word_1_373' title='bbox 1097 1617 1148 1647; x_wconf 81' lang='lat' dir='ltr'>dat</span> <span class='ocrx_word' id='word_1_374' title='bbox 1171 1629 1281 1647; x_wconf 82' lang='lat' dir='ltr'>cornua</span> <span class='ocrx_word' id='word_1_375' title='bbox 1303 1619 1434 1657; x_wconf 78' lang='lat' dir='ltr'>pauperi.</span> <span class='ocrx_word' id='word_1_376' title='bbox 1467 1618 1551 1647; x_wconf 85' lang='lat' dir='ltr'>Dae.</span> <span class='ocrx_word' id='word_1_377' title='bbox 1597 1616 1713 1646; x_wconf 80' lang='lat' dir='ltr'>Cornua</span> <span class='ocrx_word' id='word_1_378' title='bbox 1732 1618 1823 1657; x_wconf 80' lang='lat' dir='ltr'>fiunt.</span> <span class='ocrx_word' id='word_1_379' title='bbox 1860 1618 1958 1654; x_wconf 82' lang='lat' dir='ltr'>Fiant,</span> <span class='ocrx_word' id='word_1_380' title='bbox 1985 1623 2020 1646; x_wconf 86' lang='lat' dir='ltr'>ut</span> <span class='ocrx_word' id='word_1_381' title='bbox 2041 1619 2166 1649; x_wconf 85' lang='lat' dir='ltr'>belluae.</span> 
     </span>
     <span class='ocr_line' id='line_1_33' title="bbox 218 1659 734 1699; baseline -0.012 -8"><span class='ocrx_word' id='word_1_382' title='bbox 218 1662 335 1698; x_wconf 59' lang='lat' dir='ltr'>Goth„</span> <span class='ocrx_word' id='word_1_383' title='bbox 359 1670 435 1699; x_wconf 86' lang='lat' dir='ltr'>quae</span> <span class='ocrx_word' id='word_1_384' title='bbox 457 1659 541 1687; x_wconf 84' lang='lat' dir='ltr'>addit</span> <span class='ocrx_word' id='word_1_385' title='bbox 563 1659 628 1689; x_wconf 87' lang='lat' dir='ltr'>cod.</span> <span class='ocrx_word' id='word_1_386' title='bbox 652 1659 734 1697; x_wconf 81' lang='lat' dir='ltr'>Lips,</span> 
     </span>
    </p>

    <p class='ocr_par' dir='ltr' id='par_1_14' title="bbox 219 1698 2166 1786">
     <span class='ocr_line' id='line_1_34' title="bbox 380 1698 2166 1743; baseline 0 -12"><span class='ocrx_word' id='word_1_387' title='bbox 380 1701 509 1741; x_wconf 77' lang='lat' dir='ltr'>Gorgo.</span> <span class='ocrx_word' id='word_1_388' title='bbox 552 1702 646 1730; x_wconf 85' lang='lat' dir='ltr'>Vetus</span> <span class='ocrx_word' id='word_1_389' title='bbox 670 1701 854 1730; x_wconf 83' lang='lat' dir='ltr'>Glossarium</span> <span class='ocrx_word' id='word_1_390' title='bbox 877 1700 994 1740; x_wconf 46' lang='lat' dir='ltr'>per-G,</span> <span class='ocrx_word' id='word_1_391' title='bbox 1019 1702 1128 1740; x_wconf 79' lang='lat' dir='ltr'>Gorgo.</span> <span class='ocrx_word' id='word_1_392' title='bbox 1160 1703 1276 1738; x_wconf 65' lang='lat' dir='ltr'>Gon-ee,</span> <span class='ocrx_word' id='word_1_393' title='bbox 1300 1699 1522 1741; x_wconf 82' lang='grc' dir='ltr'><strong><em>α’ναμφίβολος.</em></strong></span> <span class='ocrx_word' id='word_1_394' title='bbox 1553 1703 1642 1740; x_wconf 85' lang='lat' dir='ltr'>Lege:</span> <span class='ocrx_word' id='word_1_395' title='bbox 1670 1700 1784 1741; x_wconf 74' lang='lat' dir='ltr'>Gorge,</span> <span class='ocrx_word' id='word_1_396' title='bbox 1811 1698 2034 1741; x_wconf 71' lang='grc' dir='ltr'><strong><em>ἀναμφιβόλως.</em></strong></span> <span class='ocrx_word' id='word_1_397' title='bbox 2066 1701 2166 1743; x_wconf 75' lang='lat' dir='ltr'>Gargi,</span> 
     </span>
     <span class='ocr_line' id='line_1_35' title="bbox 219 1743 1399 1786; baseline -0.002 -11"><span class='ocrx_word' id='word_1_398' title='bbox 219 1745 427 1786; x_wconf 74' lang='grc' dir='ltr'><strong><em>α’ναμφίβοληι.</em></strong></span> <span class='ocrx_word' id='word_1_399' title='bbox 458 1743 560 1773; x_wconf 82' lang='lat' dir='ltr'>Scal.</span> <span class='ocrx_word' id='word_1_400' title='bbox 606 1744 697 1779; x_wconf 86' lang='lat' dir='ltr'>Quasi</span> <span class='ocrx_word' id='word_1_401' title='bbox 721 1743 808 1773; x_wconf 77' lang='lat' dir='ltr'>corde</span> <span class='ocrx_word' id='word_1_402' title='bbox 829 1755 885 1783; x_wconf 76' lang='lat' dir='ltr'>ago</span> <span class='ocrx_word' id='word_1_403' title='bbox 909 1745 967 1773; x_wconf 86' lang='lat' dir='ltr'>dici</span> <span class='ocrx_word' id='word_1_404' title='bbox 991 1749 1077 1783; x_wconf 85' lang='lat' dir='ltr'>putat</span> <span class='ocrx_word' id='word_1_405' title='bbox 1100 1745 1264 1775; x_wconf 74' lang='lat' dir='ltr'>martinius.</span> <span class='ocrx_word' id='word_1_406' title='bbox 1309 1745 1399 1773; x_wconf 85' lang='lat' dir='ltr'>Dac.</span> 
     </span>
    </p>

    <p class='ocr_par' dir='ltr' id='par_1_15' title="bbox 379 1786 1649 1826">
     <span class='ocr_line' id='line_1_36' title="bbox 379 1786 1649 1826; baseline -0.001 -10"><span class='ocrx_word' id='word_1_407' title='bbox 379 1786 560 1817; x_wconf 78' lang='lat' dir='ltr'>Cor-bitae.</span> <span class='ocrx_word' id='word_1_408' title='bbox 607 1787 704 1815; x_wconf 88' lang='lat' dir='ltr'>Genus</span> <span class='ocrx_word' id='word_1_409' title='bbox 726 1787 837 1825; x_wconf 80' lang='lat' dir='ltr'>navigii</span> <span class='ocrx_word' id='word_1_410' title='bbox 859 1787 978 1815; x_wconf 84' lang='lat' dir='ltr'>tardum</span> <span class='ocrx_word' id='word_1_411' title='bbox 1002 1792 1031 1816; x_wconf 90' lang='lat' dir='ltr'>et</span> <span class='ocrx_word' id='word_1_412' title='bbox 1053 1798 1151 1823; x_wconf 59' lang='lat' dir='ltr'>grave.</span> <span class='ocrx_word' id='word_1_413' title='bbox 1200 1788 1292 1816; x_wconf 79' lang='lat' dir='ltr'>Plaut.</span> <span class='ocrx_word' id='word_1_414' title='bbox 1316 1787 1453 1824; x_wconf 84' lang='lat' dir='ltr'>Poen.3‚</span> <span class='ocrx_word' id='word_1_415' title='bbox 1480 1790 1506 1818; x_wconf 87' lang='lat'>1.</span> <span class='ocrx_word' id='word_1_416' title='bbox 1533 1786 1572 1826; x_wconf 90' lang='lat' dir='ltr'>(v.</span> <span class='ocrx_word' id='word_1_417' title='bbox 1588 1786 1649 1825; x_wconf 75' lang='lat'><strong>4.):</strong></span> 
     </span>
    </p>

    <p class='ocr_par' dir='ltr' id='par_1_16' title="bbox 221 1828 2166 1995">
     <span class='ocr_line' id='line_1_37' title="bbox 835 1828 1496 1869; baseline -0.002 -10"><span class='ocrx_word' id='word_1_418' title='bbox 835 1844 875 1850; x_wconf 78' lang='lat'>—·</span> <span class='ocrx_word' id='word_1_419' title='bbox 909 1849 947 1852; x_wconf 97' lang='lat'><strong>—</strong></span> <span class='ocrx_word' id='word_1_420' title='bbox 977 1846 1019 1852; x_wconf 91' lang='lat'>-—-</span> <span class='ocrx_word' id='word_1_421' title='bbox 1050 1829 1195 1858; x_wconf 78' lang='lat' dir='ltr'>Homines</span> <span class='ocrx_word' id='word_1_422' title='bbox 1217 1828 1496 1869; x_wconf 76' lang='lat' dir='ltr'>spissigradissimos</span> 
     </span>
     <span class='ocr_line' id='line_1_38' title="bbox 754 1870 1609 1912; baseline 0 -11"><span class='ocrx_word' id='word_1_423' title='bbox 754 1870 913 1901; x_wconf 74' lang='lat' dir='ltr'>Tardiores</span> <span class='ocrx_word' id='word_1_424' title='bbox 935 1883 1024 1912; x_wconf 82' lang='lat' dir='ltr'>quam</span> <span class='ocrx_word' id='word_1_425' title='bbox 1047 1872 1177 1901; x_wconf 80' lang='lat' dir='ltr'>corbitae</span> <span class='ocrx_word' id='word_1_426' title='bbox 1198 1880 1265 1900; x_wconf 81' lang='lat' dir='ltr'>sunt</span> <span class='ocrx_word' id='word_1_427' title='bbox 1287 1873 1317 1900; x_wconf 84' lang='lat' dir='ltr'>in</span> <span class='ocrx_word' id='word_1_428' title='bbox 1340 1870 1502 1911; x_wconf 74' lang='lat' dir='ltr'>tranquillo</span> <span class='ocrx_word' id='word_1_429' title='bbox 1525 1872 1609 1901; x_wconf 82' lang='lat' dir='ltr'>mari.</span> 
     </span>
     <span class='ocr_line' id='line_1_39' title="bbox 221 1913 2166 1954; baseline 0 -11"><span class='ocrx_word' id='word_1_430' title='bbox 221 1915 269 1943; x_wconf 80' lang='lat' dir='ltr'>Sic</span> <span class='ocrx_word' id='word_1_431' title='bbox 291 1919 382 1942; x_wconf 79' lang='lat' dir='ltr'>autem</span> <span class='ocrx_word' id='word_1_432' title='bbox 406 1914 502 1942; x_wconf 68' lang='lat' dir='ltr'>dictae</span> <span class='ocrx_word' id='word_1_433' title='bbox 525 1914 673 1950; x_wconf 77' lang='lat' dir='ltr'>cmbitae,</span> <span class='ocrx_word' id='word_1_434' title='bbox 696 1915 778 1954; x_wconf 90' lang='lat' dir='ltr'>quod</span> <span class='ocrx_word' id='word_1_435' title='bbox 802 1913 901 1944; x_wconf 72' lang='lat' dir='ltr'>corbes</span> <span class='ocrx_word' id='word_1_436' title='bbox 923 1915 952 1943; x_wconf 88' lang='lat' dir='ltr'>in</span> <span class='ocrx_word' id='word_1_437' title='bbox 977 1915 1054 1943; x_wconf 82' lang='lat' dir='ltr'>malo</span> <span class='ocrx_word' id='word_1_438' title='bbox 1076 1914 1240 1954; x_wconf 78' lang='grc' dir='ltr'><em>παράσημα</em></span> <span class='ocrx_word' id='word_1_439' title='bbox 1262 1914 1516 1953; x_wconf 84' lang='lat' dir='ltr'>suspenderentur</span> <span class='ocrx_word' id='word_1_440' title='bbox 1540 1919 1643 1942; x_wconf 77' lang='lat' dir='ltr'>contra</span> <span class='ocrx_word' id='word_1_441' title='bbox 1667 1915 1787 1942; x_wconf 71' lang='lat' dir='ltr'>solitum</span> <span class='ocrx_word' id='word_1_442' title='bbox 1806 1925 1932 1950; x_wconf 85' lang='lat' dir='ltr'>morem,</span> <span class='ocrx_word' id='word_1_443' title='bbox 1957 1924 2073 1953; x_wconf 84' lang='lat' dir='ltr'>semper</span> <span class='ocrx_word' id='word_1_444' title='bbox 2089 1914 2166 1943; x_wconf 87' lang='lat' dir='ltr'>enim</span> 
     </span>
     <span class='ocr_line' id='line_1_40' title="bbox 221 1954 983 1995; baseline -0.001 -9"><span class='ocrx_word' id='word_1_445' title='bbox 221 1954 381 1995; x_wconf 75' lang='grc' dir='ltr'><em>παράσημα</em></span> <span class='ocrx_word' id='word_1_446' title='bbox 402 1957 432 1983; x_wconf 89' lang='lat' dir='ltr'>in</span> <span class='ocrx_word' id='word_1_447' title='bbox 455 1967 557 1994; x_wconf 81' lang='lat' dir='ltr'>prora,</span> <span class='ocrx_word' id='word_1_448' title='bbox 591 1963 619 1985; x_wconf 88' lang='lat' dir='ltr'>et</span> <span class='ocrx_word' id='word_1_449' title='bbox 641 1959 710 1986; x_wconf 85' lang='lat' dir='ltr'>inde</span> <span class='ocrx_word' id='word_1_450' title='bbox 732 1968 848 1986; x_wconf 82' lang='lat' dir='ltr'>nomen.</span> <span class='ocrx_word' id='word_1_451' title='bbox 892 1956 947 1985; x_wconf 84' lang='lat' dir='ltr'>Da</span> <span class='ocrx_word' id='word_1_452' title='bbox 958 1968 983 1986; x_wconf 86' lang='lat' dir='ltr'>c.</span> 
     </span>
    </p>

    <p class='ocr_par' dir='ltr' id='par_1_17' title="bbox 385 1996 2165 2039">
     <span class='ocr_line' id='line_1_41' title="bbox 385 1996 2165 2039; baseline 0.002 -15"><span class='ocrx_word' id='word_1_453' title='bbox 385 1996 556 2028; x_wconf 74' lang='lat' dir='ltr'>colurna.</span> <span class='ocrx_word' id='word_1_454' title='bbox 602 2000 648 2029; x_wconf 75' lang='lat' dir='ltr'>Ab</span> <span class='ocrx_word' id='word_1_455' title='bbox 679 2001 783 2029; x_wconf 79' lang='lat' dir='ltr'>arbore</span> <span class='ocrx_word' id='word_1_456' title='bbox 813 2000 917 2037; x_wconf 84' lang='lat' dir='ltr'>corylo</span> <span class='ocrx_word' id='word_1_457' title='bbox 946 2000 1024 2028; x_wconf 84' lang='lat' dir='ltr'>dicta</span> <span class='ocrx_word' id='word_1_458' title='bbox 1050 2000 1152 2039; x_wconf 83' lang='lat' dir='ltr'>potius</span> <span class='ocrx_word' id='word_1_459' title='bbox 1175 1998 1299 2028; x_wconf 81' lang='lat' dir='ltr'>colurna</span> <span class='ocrx_word' id='word_1_460' title='bbox 1321 1998 1554 2038; x_wconf 78' lang='lat' dir='ltr'>transpositione</span> <span class='ocrx_word' id='word_1_461' title='bbox 1576 1999 1742 2027; x_wconf 79' lang='lat' dir='ltr'>litterarum</span> <span class='ocrx_word' id='word_1_462' title='bbox 1766 2009 1821 2037; x_wconf 91' lang='lat' dir='ltr'>pro</span> <span class='ocrx_word' id='word_1_463' title='bbox 1845 1997 1984 2035; x_wconf 70' lang='lat' dir='ltr'>conm‘la,</span> <span class='ocrx_word' id='word_1_464' title='bbox 2022 2003 2055 2027; x_wconf 85' lang='lat' dir='ltr'>ut</span> <span class='ocrx_word' id='word_1_465' title='bbox 2078 1999 2165 2028; x_wconf 82' lang='lat' dir='ltr'>sentit</span> 
     </span>
    </p>

    <p class='ocr_par' dir='ltr' id='par_1_18' title="bbox 222 2039 827 2080">
     <span class='ocr_line' id='line_1_42' title="bbox 222 2039 827 2080; baseline 0 -10"><span class='ocrx_word' id='word_1_466' title='bbox 222 2040 352 2070; x_wconf 76' lang='lat' dir='ltr'>Servius.</span> <span class='ocrx_word' id='word_1_467' title='bbox 398 2039 494 2076; x_wconf 66' lang='lat' dir='ltr'>virgil.</span> <span class='ocrx_word' id='word_1_468' title='bbox 519 2042 622 2080; x_wconf 80' lang='lat' dir='ltr'>Georg.</span> <span class='ocrx_word' id='word_1_469' title='bbox 647 2044 701 2080; x_wconf 85' lang='lat' dir='ltr'>(u,</span> <span class='ocrx_word' id='word_1_470' title='bbox 723 2044 827 2079; x_wconf 85' lang='lat'>396.):</span> 
     </span>
    </p>

    <p class='ocr_par' dir='ltr' id='par_1_19' title="bbox 223 2082 2163 2196">
     <span class='ocr_line' id='line_1_43' title="bbox 753 2082 1580 2125; baseline 0 -12"><span class='ocrx_word' id='word_1_471' title='bbox 753 2084 936 2125; x_wconf 79' lang='lat' dir='ltr'>Pinguiaque</span> <span class='ocrx_word' id='word_1_472' title='bbox 957 2086 988 2113; x_wconf 87' lang='lat' dir='ltr'>in</span> <span class='ocrx_word' id='word_1_473' title='bbox 1009 2083 1131 2113; x_wconf 76' lang='lat' dir='ltr'>verubus</span> <span class='ocrx_word' id='word_1_474' title='bbox 1153 2083 1325 2113; x_wconf 76' lang='lat' dir='ltr'>torrebimus</span> <span class='ocrx_word' id='word_1_475' title='bbox 1346 2090 1418 2112; x_wconf 71' lang='lat' dir='ltr'>exta</span> <span class='ocrx_word' id='word_1_476' title='bbox 1442 2082 1580 2113; x_wconf 82' lang='lat' dir='ltr'>columis.</span> 
     </span>
     <span class='ocr_line' id='line_1_44' title="bbox 223 2124 2163 2166; baseline 0.004 -18"><span class='ocrx_word' id='word_1_477' title='bbox 223 2127 330 2150; x_wconf 68' lang='grc' dir='ltr'>Τηιηρη</span> <span class='ocrx_word' id='word_1_478' title='bbox 354 2127 423 2150; x_wconf 30' lang='lat' dir='ltr'>vett,</span> <span class='ocrx_word' id='word_1_479' title='bbox 449 2124 540 2153; x_wconf 66' lang='lat' dir='ltr'>(J&#39;loss.</span> <span class='ocrx_word' id='word_1_480' title='bbox 567 2126 700 2163; x_wconf 73' lang='grc' dir='ltr'><em>Κρανέα,</em></span> <span class='ocrx_word' id='word_1_481' title='bbox 731 2127 875 2166; x_wconf 77' lang='grc' dir='ltr'><em>ὄὲνδρον;</em></span> <span class='ocrx_word' id='word_1_482' title='bbox 906 2126 1076 2163; x_wconf 75' lang='lat' dir='ltr'>colurnam,</span> <span class='ocrx_word' id='word_1_483' title='bbox 1108 2137 1222 2155; x_wconf 80' lang='lat' dir='ltr'>cornus.</span> <span class='ocrx_word' id='word_1_484' title='bbox 1266 2127 1362 2164; x_wconf 86' lang='lat' dir='ltr'>Ergo,</span> <span class='ocrx_word' id='word_1_485' title='bbox 1394 2137 1521 2165; x_wconf 82' lang='lat' dir='ltr'>cornus,</span> <span class='ocrx_word' id='word_1_486' title='bbox 1551 2124 1706 2162; x_wconf 71' lang='lat' dir='ltr'>cornulas,</span> <span class='ocrx_word' id='word_1_487' title='bbox 1736 2124 1891 2162; x_wconf 82' lang='lat' dir='ltr'>conurlus,</span> <span class='ocrx_word' id='word_1_488' title='bbox 1922 2124 2076 2162; x_wconf 83' lang='lat' dir='ltr'>colurnus,</span> <span class='ocrx_word' id='word_1_489' title='bbox 2108 2137 2163 2155; x_wconf 87' lang='lat' dir='ltr'>co—</span> 
     </span>
     <span class='ocr_line' id='line_1_45' title="bbox 224 2164 479 2196; baseline -0.016 0"><span class='ocrx_word' id='word_1_490' title='bbox 224 2169 347 2196; x_wconf 70' lang='lat' dir='ltr'>lun-num.</span> <span class='ocrx_word' id='word_1_491' title='bbox 394 2164 479 2193; x_wconf 71' lang='lat' dir='ltr'><strong><em>Hac.</em></strong></span> 
     </span>
    </p>

    <p class='ocr_par' dir='ltr' id='par_1_20' title="bbox 226 2205 2162 2457">
     <span class='ocr_line' id='line_1_46' title="bbox 391 2205 2162 2247; baseline 0.003 -14"><span class='ocrx_word' id='word_1_492' title='bbox 391 2205 584 2234; x_wconf 73' lang='lat' dir='ltr'>Cothones.</span> <span class='ocrx_word' id='word_1_493' title='bbox 627 2209 761 2238; x_wconf 83' lang='lat' dir='ltr'>Diximus</span> <span class='ocrx_word' id='word_1_494' title='bbox 783 2210 813 2238; x_wconf 81' lang='lat' dir='ltr'>in</span> <span class='ocrx_word' id='word_1_495' title='bbox 837 2211 913 2239; x_wconf 83' lang='lat' dir='ltr'>notis</span> <span class='ocrx_word' id='word_1_496' title='bbox 937 2211 973 2239; x_wconf 81' lang='lat' dir='ltr'>ad</span> <span class='ocrx_word' id='word_1_497' title='bbox 996 2211 1024 2242; x_wconf 84' lang='lat' dir='ltr'>h.</span> <span class='ocrx_word' id='word_1_498' title='bbox 1047 2221 1075 2241; x_wconf 84' lang='lat' dir='ltr'>v.</span> <span class='ocrx_word' id='word_1_499' title='bbox 1100 2210 1233 2239; x_wconf 80' lang='lat' dir='ltr'>omittere</span> <span class='ocrx_word' id='word_1_500' title='bbox 1256 2221 1318 2238; x_wconf 85' lang='lat' dir='ltr'>eam</span> <span class='ocrx_word' id='word_1_501' title='bbox 1343 2211 1419 2239; x_wconf 90' lang='lat' dir='ltr'>Scal.</span> <span class='ocrx_word' id='word_1_502' title='bbox 1442 2215 1471 2238; x_wconf 84' lang='lat' dir='ltr'>et</span> <span class='ocrx_word' id='word_1_503' title='bbox 1489 2211 1558 2239; x_wconf 82' lang='lat' dir='ltr'>Dae.</span> <span class='ocrx_word' id='word_1_504' title='bbox 1591 2210 1648 2239; x_wconf 87' lang='lat' dir='ltr'>Sed</span> <span class='ocrx_word' id='word_1_505' title='bbox 1671 2210 1821 2239; x_wconf 87' lang='lat' dir='ltr'>invenitur</span> <span class='ocrx_word' id='word_1_506' title='bbox 1844 2210 1937 2247; x_wconf 73' lang='lat' dir='ltr'>glossa</span> <span class='ocrx_word' id='word_1_507' title='bbox 1959 2220 1981 2240; x_wconf 81' lang='lat'>8.</span> <span class='ocrx_word' id='word_1_508' title='bbox 1998 2219 2026 2238; x_wconf 83' lang='lat' dir='ltr'>v.</span> <span class='ocrx_word' id='word_1_509' title='bbox 2052 2208 2162 2239; x_wconf 81' lang='lat' dir='ltr'>Cato-</span> 
     </span>
     <span class='ocr_line' id='line_1_47' title="bbox 226 2249 2160 2292; baseline 0.001 -13"><span class='ocrx_word' id='word_1_510' title='bbox 226 2262 294 2279; x_wconf 81' lang='lat' dir='ltr'>nes.</span> <span class='ocrx_word' id='word_1_511' title='bbox 318 2249 354 2278; x_wconf 92' lang='lat' dir='ltr'>L.</span> <span class='ocrx_word' id='word_1_512' title='bbox 389 2249 526 2286; x_wconf 81' lang='lat' dir='ltr'>Repone‚</span> <span class='ocrx_word' id='word_1_513' title='bbox 549 2254 584 2276; x_wconf 90' lang='lat' dir='ltr'>ut</span> <span class='ocrx_word' id='word_1_514' title='bbox 604 2249 634 2277; x_wconf 88' lang='lat' dir='ltr'>in</span> <span class='ocrx_word' id='word_1_515' title='bbox 656 2252 803 2280; x_wconf 83' lang='lat' dir='ltr'>veteribus</span> <span class='ocrx_word' id='word_1_516' title='bbox 826 2253 1027 2291; x_wconf 77' lang='lat' dir='ltr'>editionibus,</span> <span class='ocrx_word' id='word_1_517' title='bbox 1052 2253 1214 2288; x_wconf 68' lang='lat' dir='ltr'>Cofflones,</span> <span class='ocrx_word' id='word_1_518' title='bbox 1238 2254 1310 2292; x_wconf 88' lang='lat' dir='ltr'>quid</span> <span class='ocrx_word' id='word_1_519' title='bbox 1332 2253 1448 2282; x_wconf 80' lang='lat' dir='ltr'>differat</span> <span class='ocrx_word' id='word_1_520' title='bbox 1466 2251 1577 2282; x_wconf 72' lang='lat' dir='ltr'>Cothon</span> <span class='ocrx_word' id='word_1_521' title='bbox 1601 2264 1616 2281; x_wconf 83' lang='lat' dir='ltr'>a</span> <span class='ocrx_word' id='word_1_522' title='bbox 1639 2258 1744 2291; x_wconf 85' lang='lat' dir='ltr'>portu,</span> <span class='ocrx_word' id='word_1_523' title='bbox 1768 2253 1898 2291; x_wconf 77' lang='lat' dir='ltr'>explicat</span> <span class='ocrx_word' id='word_1_524' title='bbox 1914 2251 2042 2280; x_wconf 80' lang='lat' dir='ltr'>Servius.</span> <span class='ocrx_word' id='word_1_525' title='bbox 2065 2249 2160 2280; x_wconf 83' lang='lat' dir='ltr'><em>Scal.</em></span> 
     </span>
     <span class='ocr_line' id='line_1_48' title="bbox 226 2290 2158 2333; baseline 0.001 -14"><span class='ocrx_word' id='word_1_526' title='bbox 226 2294 301 2320; x_wconf 83' lang='lat' dir='ltr'>Sunt</span> <span class='ocrx_word' id='word_1_527' title='bbox 323 2295 421 2319; x_wconf 84' lang='lat' dir='ltr'>autem</span> <span class='ocrx_word' id='word_1_528' title='bbox 443 2290 585 2319; x_wconf 82' lang='lat' dir='ltr'>cothones</span> <span class='ocrx_word' id='word_1_529' title='bbox 609 2293 693 2329; x_wconf 80' lang='lat' dir='ltr'>parvi</span> <span class='ocrx_word' id='word_1_530' title='bbox 713 2299 817 2330; x_wconf 78' lang='lat' dir='ltr'>portus</span> <span class='ocrx_word' id='word_1_531' title='bbox 839 2296 868 2322; x_wconf 88' lang='lat' dir='ltr'>in</span> <span class='ocrx_word' id='word_1_532' title='bbox 891 2296 965 2324; x_wconf 81' lang='lat' dir='ltr'>mari</span> <span class='ocrx_word' id='word_1_533' title='bbox 990 2307 1049 2324; x_wconf 90' lang='lat' dir='ltr'>non</span> <span class='ocrx_word' id='word_1_534' title='bbox 1072 2297 1241 2332; x_wconf 85' lang='lat' dir='ltr'>naturales,</span> <span class='ocrx_word' id='word_1_535' title='bbox 1279 2296 1331 2324; x_wconf 87' lang='lat' dir='ltr'>sed</span> <span class='ocrx_word' id='word_1_536' title='bbox 1354 2301 1414 2324; x_wconf 82' lang='lat' dir='ltr'>arte</span> <span class='ocrx_word' id='word_1_537' title='bbox 1438 2300 1465 2324; x_wconf 84' lang='lat' dir='ltr'>et</span> <span class='ocrx_word' id='word_1_538' title='bbox 1490 2305 1578 2323; x_wconf 84' lang='lat' dir='ltr'>manu</span> <span class='ocrx_word' id='word_1_539' title='bbox 1595 2295 1676 2324; x_wconf 82' lang='lat' dir='ltr'>facti.</span> <span class='ocrx_word' id='word_1_540' title='bbox 1722 2296 1760 2324; x_wconf 89' lang='lat' dir='ltr'>Ut</span> <span class='ocrx_word' id='word_1_541' title='bbox 1781 2296 1905 2333; x_wconf 82' lang='lat' dir='ltr'>exponit</span> <span class='ocrx_word' id='word_1_542' title='bbox 1927 2293 2045 2322; x_wconf 84' lang='lat' dir='ltr'>Servius</span> <span class='ocrx_word' id='word_1_543' title='bbox 2067 2293 2116 2321; x_wconf 90' lang='lat' dir='ltr'>lib.</span> <span class='ocrx_word' id='word_1_544' title='bbox 2130 2295 2158 2323; x_wconf 85' lang='lat'>1.</span> 
     </span>
     <span class='ocr_line' id='line_1_49' title="bbox 228 2333 2158 2376; baseline 0.001 -14"><span class='ocrx_word' id='word_1_545' title='bbox 228 2340 267 2369; x_wconf 82' lang='lat' dir='ltr'>(v.</span> <span class='ocrx_word' id='word_1_546' title='bbox 282 2333 369 2372; x_wconf 81' lang='lat'>431.)</span> <span class='ocrx_word' id='word_1_547' title='bbox 397 2333 512 2362; x_wconf 77' lang='lat' dir='ltr'>Aeneid.</span> <span class='ocrx_word' id='word_1_548' title='bbox 538 2333 650 2361; x_wconf 84' lang='lat' dir='ltr'>Dicitur</span> <span class='ocrx_word' id='word_1_549' title='bbox 673 2333 794 2369; x_wconf 64' lang='lat' dir='ltr'>cathon,</span> <span class='ocrx_word' id='word_1_550' title='bbox 818 2338 899 2374; x_wconf 83' lang='lat' dir='ltr'>onis,-</span> <span class='ocrx_word' id='word_1_551' title='bbox 921 2343 949 2365; x_wconf 87' lang='lat' dir='ltr'>et</span> <span class='ocrx_word' id='word_1_552' title='bbox 972 2337 1142 2374; x_wconf 74' lang='lat' dir='ltr'>cothonum,</span> <span class='ocrx_word' id='word_1_553' title='bbox 1166 2339 1204 2366; x_wconf 84' lang='grc' dir='ltr'>ηἰ.</span> <span class='ocrx_word' id='word_1_554' title='bbox 1230 2339 1322 2376; x_wconf 82' lang='lat' dir='ltr'>Atqui</span> <span class='ocrx_word' id='word_1_555' title='bbox 1345 2337 1450 2367; x_wconf 78' lang='lat' dir='ltr'>coilzon</span> <span class='ocrx_word' id='word_1_556' title='bbox 1473 2348 1528 2376; x_wconf 88' lang='lat' dir='ltr'>pro</span> <span class='ocrx_word' id='word_1_557' title='bbox 1553 2343 1642 2376; x_wconf 88' lang='lat' dir='ltr'>portu</span> <span class='ocrx_word' id='word_1_558' title='bbox 1664 2338 1778 2366; x_wconf 82' lang='lat' dir='ltr'>fossitio</span> <span class='ocrx_word' id='word_1_559' title='bbox 1802 2338 1856 2365; x_wconf 78' lang='lat' dir='ltr'>vix</span> <span class='ocrx_word' id='word_1_560' title='bbox 1877 2337 2011 2365; x_wconf 83' lang='lat' dir='ltr'>Latinum</span> <span class='ocrx_word' id='word_1_561' title='bbox 2036 2334 2158 2364; x_wconf 84' lang='lat' dir='ltr'>videtur.</span> 
     </span>
     <span class='ocr_line' id='line_1_50' title="bbox 229 2375 2159 2419; baseline 0 -14"><span class='ocrx_word' id='word_1_562' title='bbox 229 2378 269 2405; x_wconf 85' lang='lat' dir='ltr'>ltu</span> <span class='ocrx_word' id='word_1_563' title='bbox 291 2375 455 2403; x_wconf 68' lang='lat' dir='ltr'>vocabatur</span> <span class='ocrx_word' id='word_1_564' title='bbox 477 2385 569 2413; x_wconf 84' lang='lat' dir='ltr'>parva</span> <span class='ocrx_word' id='word_1_565' title='bbox 591 2375 686 2403; x_wconf 86' lang='lat' dir='ltr'>insula</span> <span class='ocrx_word' id='word_1_566' title='bbox 703 2375 901 2413; x_wconf 77' lang='lat' dir='ltr'>Carthaginis,</span> <span class='ocrx_word' id='word_1_567' title='bbox 924 2389 999 2417; x_wconf 87' lang='lat' dir='ltr'>quae</span> <span class='ocrx_word' id='word_1_568' title='bbox 1022 2380 1117 2408; x_wconf 85' lang='lat' dir='ltr'>vicem</span> <span class='ocrx_word' id='word_1_569' title='bbox 1141 2386 1244 2418; x_wconf 85' lang='lat' dir='ltr'>portus</span> <span class='ocrx_word' id='word_1_570' title='bbox 1268 2381 1430 2419; x_wconf 82' lang='lat' dir='ltr'>praebebat</span> <span class='ocrx_word' id='word_1_571' title='bbox 1452 2385 1481 2409; x_wconf 88' lang='lat' dir='ltr'>et</span> <span class='ocrx_word' id='word_1_572' title='bbox 1503 2380 1620 2409; x_wconf 81' lang='lat' dir='ltr'>navalia</span> <span class='ocrx_word' id='word_1_573' title='bbox 1642 2379 1776 2408; x_wconf 79' lang='lat' dir='ltr'>habebat.</span> <span class='ocrx_word' id='word_1_574' title='bbox 1801 2379 1895 2408; x_wconf 83' lang='lat' dir='ltr'>Strab.</span> <span class='ocrx_word' id='word_1_575' title='bbox 1913 2380 1972 2409; x_wconf 80' lang='lat' dir='ltr'>l.7.</span> <span class='ocrx_word' id='word_1_576' title='bbox 1991 2376 2052 2416; x_wconf 88' lang='lat'>(17,</span> <span class='ocrx_word' id='word_1_577' title='bbox 2072 2377 2159 2414; x_wconf 78' lang='lat'>832.)</span> 
     </span>
     <span class='ocr_line' id='line_1_51' title="bbox 227 2416 2159 2457; baseline 0.001 -10"><span class='ocrx_word' id='word_1_578' title='bbox 227 2418 351 2447; x_wconf 79' lang='lat' dir='ltr'>Factitia</span> <span class='ocrx_word' id='word_1_579' title='bbox 373 2416 446 2446; x_wconf 80' lang='lat' dir='ltr'>haec</span> <span class='ocrx_word' id='word_1_580' title='bbox 467 2418 563 2446; x_wconf 82' lang='lat' dir='ltr'>insula</span> <span class='ocrx_word' id='word_1_581' title='bbox 587 2423 614 2447; x_wconf 83' lang='lat' dir='ltr'>et</span> <span class='ocrx_word' id='word_1_582' title='bbox 637 2417 748 2455; x_wconf 85' lang='lat' dir='ltr'>Euripo</span> <span class='ocrx_word' id='word_1_583' title='bbox 773 2418 965 2457; x_wconf 80' lang='lat' dir='ltr'>circumdata,</span> <span class='ocrx_word' id='word_1_584' title='bbox 1004 2421 1035 2449; x_wconf 88' lang='lat' dir='ltr'>id</span> <span class='ocrx_word' id='word_1_585' title='bbox 1061 2427 1103 2450; x_wconf 67' lang='lat' dir='ltr'>cst</span> <span class='ocrx_word' id='word_1_586' title='bbox 1125 2423 1220 2450; x_wconf 83' lang='lat' dir='ltr'>canali</span> <span class='ocrx_word' id='word_1_587' title='bbox 1239 2423 1421 2452; x_wconf 81' lang='lat' dir='ltr'>manufacto.</span> <span class='ocrx_word' id='word_1_588' title='bbox 1462 2423 1551 2452; x_wconf 84' lang='lat' dir='ltr'>Forte</span> <span class='ocrx_word' id='word_1_589' title='bbox 1574 2420 1698 2452; x_wconf 77' lang='grc' dir='ltr'><em>Κώθων</em></span> <span class='ocrx_word' id='word_1_590' title='bbox 1721 2422 1799 2450; x_wconf 81' lang='lat' dir='ltr'>dicta</span> <span class='ocrx_word' id='word_1_591' title='bbox 1822 2431 1895 2451; x_wconf 88' lang='lat' dir='ltr'>voce</span> <span class='ocrx_word' id='word_1_592' title='bbox 1918 2421 2042 2455; x_wconf 82' lang='lat' dir='ltr'>Graeca,</span> <span class='ocrx_word' id='word_1_593' title='bbox 2078 2418 2159 2456; x_wconf 84' lang='lat' dir='ltr'>quod</span> 
     </span>
    </p>
   </div>
  </div>
 </body>
</html>
