2263 2668
393 200 465 233 252
1012 198 1150 232 SEXTI
1178 198 1239 232 ΡΟ
1245 198 1377 232 ΜΡΕΠ
1403 199 1542 233 FESTI

391 292 514 327 montio
535 290 693 335 Ligures,
720 291 921 335 Siculosque
948 296 1149 336 exegerunt3
1175 304 1250 326 nam
1278 304 1355 326 vere
1383 304 1478 327 sacro
1506 293 1573 326 nati
1600 298 1702 328 erant.
1756 293 1808 327 Sa
1817 293 1985 339 gminal
2009 301 2168 330 vocantur

389 344 572 383 verbenae,
613 341 648 374 id
676 348 723 375 est
748 343 876 376 herbae
903 354 1026 388 purae,
1068 345 1146 387 quia
1174 356 1213 378 ex
1239 345 1316 378 loco
1344 350 1457 378 sancto
1486 345 1684 378 arcebantur
1711 357 1729 377 a
1758 345 1922 388 Consule,
1955 347 2167 389 Praetoreve,

389 394 508 439 legatis
534 393 821 437 proficiscentibus
847 394 890 427 ad
918 394 1037 427 foedus
1064 395 1272 436 faciendum,
1300 396 1496 440 bellumque
1522 396 1755 435 indicendnm3
1786 397 1837 430 vel
1865 409 1884 429 a
1910 398 2105 439 sanciendo,
2133 399 2167 432 id

218 457 250 483 Ὗ.
268 458 295 480 Α.
314 455 380 479 Sca·
390 451 438 479 est
465 445 705 478 confirmando.
759 446 940 479 Naevius*:

217 493 380 549 P‘fgffizssgsffi
491 497 560 529 Ius
587 502 797 530 sacratum
825 498 938 530 Iovis
966 497 1187 531 iurandum
1215 498 1412 543 sagmine.

240 558 355 591 sagmina
389 548 574 593 Sagaces
600 548 815 593 appellantur
841 549 936 582 multi
962 561 1002 582 ac
1028 550 1170 583 sollertis
1198 550 1366 583 acuminis
1419 550 1573 583 Afranius
1601 551 1633 583 in
1654 550 1868 583 Brundisina:

215 594 379 626 sumpserunt.
491 599 587 641 Quis
612 604 693 632 tam
721 601 869 646 sagaci
897 600 1046 643 corde,
1092 607 1218 645 atque
1245 601 1419 646 ingenio
1448 602 1583 636 unico.

388 650 565 685 Lucretius
592 651 613 685 l.
635 651 694 686 11.:

490 703 576 736 Nec
603 703 733 736 minus
759 703 868 737 haec
893 703 1072 736 animuin
1100 699 1120 752 Η
1150 715 1416 748 cognoscere
1438 715 1572 749 posse
1598 716 1824 749 sagacem.
2060 703 2165 750 [130]

388 754 572 799 Sagacem
600 755 698 788 etiam
725 766 842 788 canem
869 755 960 788 dixit
1011 781 1018 787 .
1073 781 1079 787 .
1135 780 1141 787 .
1195 780 1202 787 .
1258 780 1265 788 .
1318 781 1325 787 .
1380 757 1565 789 invictus
1601 757 1738 800 canis,
1788 766 1956 800 sagax,
1999 756 2168 789 validis

387 806 550 839 viribus
585 805 729 839 fretus.
783 806 891 852 Saga
919 817 1052 851 quoque
1079 806 1209 839 dicitur
1235 806 1355 839 mulier
1381 808 1493 851 perita
1520 818 1720 848 sacrorum,
1764 811 1797 840 et
1817 808 1871 840 vir
1898 807 2043 852 sapiens,
2084 818 2166 851 pro—

388 857 496 890 ducta
518 857 642 902 prima
668 857 826 902 syllaba,
855 859 990 890 forsitan
1016 862 1160 902 propter
1187 857 1458 902 ambiguitatem
1487 859 1684 891 evitandam.
1740 856 1963 892 Sanates2
1986 859 2087 904 quasi
2107 869 2167 892 sa-

217 916 254 940 ‘12
275 916 377 950 Opilius
388 909 459 941 nati
486 909 671 953 appellati,
706 909 744 942 id
771 913 838 950 est,
873 913 1021 943 sanatae
1048 910 1179 943 mentis.
1232 910 1401 953 Sulpicius
1430 914 1548 943 autem
1572 910 1706 956 Rufus,
1743 910 1914 953 Sanates,
1950 915 1983 943 et
2007 909 2167 954 Opillus*

387 959 555 993 Aurelius
582 960 781 993 existimant
808 961 874 995 dici
901 961 1069 994 inferioris
1096 961 1162 994 loci
1188 965 1331 1005 gentes,
1369 966 1404 994 ut
1426 962 1602 1003 Tiburtes,
1642 965 1675 994 et
1702 962 1808 1003 alios,
1845 962 1904 1006 qui
1931 972 2008 994 cum
2033 961 2167 1006 populo

389 1011 534 1045 Tiburte
560 1011 765 1045 habitarunt
790 1013 824 1045 in
851 1024 945 1058 agro
968 1013 1116 1054 Tiburti,
1144 1012 1177 1044 id
1207 1016 1256 1045 est
1279 1014 1510 1058 peregrinos,
1538 1013 1769 1059 irfferiorisque
1796 1014 1865 1047 loci
1887 1017 2020 1059 gentes.
2047 1014 2167 1058 itaque

387 1064 556 1108 scriptum
585 1067 634 1097 est
660 1064 693 1096 in
713 1064 806 1097 Xll.:

490 1115 621 1158 Nexo,
659 1116 906 1159 solutoque,
946 1114 1071 1156 sorti,
1112 1115 1332 1160 sanatiqne
1359 1115 1471 1149 idem
1499 1117 1565 1149 ius
1592 1121 1702 1150 esto:

387 1165 423 1198 id
450 1170 498 1199 est
523 1166 708 1208 bonorum,
735 1167 830 1212 quod
856 1170 888 1199 et
910 1167 1122 1211 peregrino,
1150 1167 1207 1210 qui
1234 1173 1265 1199 et
1292 1168 1494 1200 inferiorum
1521 1168 1757 1211 coloniarum,
1785 1178 1871 1211 quae
1894 1172 1967 1199 sunt
1990 1167 2167 1200 deductae

386 1217 421 1250 in
442 1217 582 1250 Priscos
603 1218 759 1259 Latinos,
801 1229 890 1263 quas
910 1218 1055 1251 Priscus
1080 1229 1145 1251 rex
1171 1219 1314 1264 inegerit
1340 1219 1522 1252 secundum
1548 1231 1667 1262 mare,
1705 1230 1816 1264 supra
1844 1222 1875 1252 et
1901 1218 1989 1251 infra
2010 1219 2166 1261 Romam,

386 1268 420 1300 in
447 1269 605 1302 civitates
624 1270 847 1311 Latinorum,
876 1280 1000 1313 eosque
1026 1271 1165 1311 sanatis,
1194 1274 1387 1315 propterea
1414 1271 1508 1315 quod
1534 1276 1668 1315 praeter
1695 1271 1890 1314 opinionem
1917 1281 1974 1304 eos
1995 1271 2166 1316 paravis-

386 1324 452 1362 set,
479 1321 738 1366 sanavissetque,
772 1325 803 1353 et
832 1332 908 1353 cnm
937 1322 985 1355 eis
1008 1322 1140 1366 pacisci
1166 1322 1345 1365 potuisset,
1380 1323 1589 1361 nominavit,·
1623 1327 1659 1355 ut
1687 1323 1736 1355 ait
1762 1322 1896 1355 Cincius
1922 1322 1944 1358 l.
1967 1322 2010 1355 11.
2040 1322 2084 1355 de
2110 1321 2167 1368 os·-

373 1370 467 1417 ficio
490 1372 725 1406 iurisconsulti.
753 1384 793 1405 ne
815 1372 966 1406 Valerius
993 1374 1133 1417 quidem
1155 1372 1315 1406 Messala
1340 1373 1373 1405 in
1399 1374 1473 1406 ΧΠ.
1502 1374 1736 1418 explanatione
1760 1374 1800 1406 id.
1822 1373 1945 1406 omisit.
1972 1374 2031 1418 qui
2050 1378 2166 1407 tamen

215 1427 241 1451 ‘f-
253 1426 378 1455 inscribit.
388 1423 422 1456 in
450 1434 490 1456 eo
518 1424 605 1456 libro
633 1435 735 1468 quem
762 1424 808 1456 de
835 1425 938 1457 dictis
964 1424 1112 1458 involute
1139 1424 1304 1466 inscribi*‚
1333 1425 1432 1458 fortis
1456 1429 1488 1458 et
1513 1426 1649 1458 sanatis
1672 1425 1754 1457 duas
1777 1428 1895 1469 gentes
1917 1424 2070 1458 finitimas
2093 1436 2167 1459 esse

388 1474 455 1515 ait,
479 1470 499 1523 Η
524 1475 570 1508 de
598 1475 720 1520 quibus
746 1475 856 1520 legem
884 1475 973 1510 hanc
1000 1476 1162 1521 scriptam
1190 1487 1280 1517 esse,
1323 1487 1393 1520 qua
1420 1481 1578 1519 cautum,
1613 1481 1647 1509 ut
1673 1476 1709 1509 id
1736 1476 1784 1509 ius
1810 1474 2001 1521 manifesto,
2055 1475 2163 1523 [131]

386 1526 480 1570 quod
500 1527 653 1571 populus
674 1528 717 1560 R.
741 1526 913 1560 haberent.
950 1539 1060 1572 neque
1087 1528 1192 1569 alios,
1237 1539 1342 1573 quam
1359 1527 1518 1573 screws,
1568 1532 1600 1561 et
1626 1531 1755 1561 sanates
1782 1539 1860 1560 eam
1887 1527 2002 1573 legem
2027 1528 2165 1573 signifi—

386 1588 463 1610 care
491 1578 676 1619 existimat,
706 1578 771 1611 hoc
797 1578 980 1613 intellectu.
1009 1579 1104 1612 multi
1130 1584 1220 1617 sunt,
1254 1578 1377 1623 quibus
1403 1580 1497 1624 quod
1523 1580 1617 1613 alias
1639 1579 1791 1625 placuit,
1819 1579 2000 1624 displiceat
2019 1583 2166 1625 postea,-

233 1629 361 1671 ‘fisaqati
387 1629 534 1674 ideoque
561 1630 631 1663 ait:
673 1635 745 1662 sant
771 1629 869 1664 forcti
879 1630 902 1670 *‚
936 1629 1146 1676 significare
1170 1631 1281 1663 sanati
1305 1630 1420 1664 insani.

266 1664 337 1696 (εἴφ’
555 1679 757 1726 Sarpta3
784 1682 932 1723 vinea,
970 1686 1121 1727 putata3
1159 1682 1194 1715 id
1222 1686 1270 1714 est
1294 1693 1380 1726 pura
1396 1682 1519 1728 jacta.
1551 1681 1719 1727 virgulae
1746 1681 1836 1714 enim
1862 1681 2002 1715 relictae
2027 1682 2164 1727 inpedi-

386 1735 502 1765 mento
528 1732 654 1765 vitibus
678 1733 787 1766 solent
813 1744 900 1772 esse,
937 1745 1024 1776 quae
1050 1734 1130 1766 ideo
1156 1732 1418 1769 abscinduntur.
1453 1733 1530 1766 iude
1558 1733 1656 1766 etiam
1682 1736 1863 1767 sarmenta
1888 1733 2074 1778 scriptores
2099 1734 2167 1767 dici

387 1787 521 1827 putant.
554 1794 704 1829 sarpere
730 1784 819 1817 enim
847 1785 976 1828 antiqui
1002 1795 1065 1829 pro
1092 1796 1252 1830 purgare
1278 1785 1453 1820 dicebant.
1508 1784 1641 1818 Sarte
1667 1785 1700 1817 in
1723 1783 1961 1829 Auguralibus
1981 1795 2052 1830 pro
2077 1785 2166 1819 inte-

388 1845 452 1878 gro
479 1835 630 1878 ponitur;
671 1847 775 1877 sane,
808 1840 972 1881 sarteque
998 1836 1116 1869 audire
1141 1837 1336 1881 videreque.
1363 1836 1406 1870 ob
1442 1848 1547 1881 quam
1575 1848 1715 1870 causam
1741 1847 1846 1880 opera
1871 1835 2031 1880 publica,
2074 1848 2166 1882 quae

389 1885 568 1927 locantur,
597 1890 633 1919 ut
660 1887 791 1932 integra
819 1891 1032 1930 praestentur
1057 1892 1159 1921 sarta
1176 1892 1269 1921 tecta
1287 1893 1457 1922 vocantur.
1485 1889 1608 1921 etenim
1625 1888 1763 1921 sarcire
1780 1891 1829 1921 est
1847 1888 2026 1933 integrum
2042 1888 2164 1922 facere.

554 1938 698 1971 Sarra
724 1938 927 1981 dicebatur,
955 1951 1041 1984 quae
1063 1951 1149 1973 nunc
1171 1940 1293 1983 Epiros
1318 1940 1457 1973 dicitur.
1512 1939 1737 1981 Sardare,
1762 1939 1950 1984 intelligere
1971 1939 2164 1986 significat.

391 1984 539 2020 Naevius
577 1990 657 2022 belli
685 1991 806 2023 Punici
838 1990 927 2024 libro
986 2017 993 2023 .
1048 2018 1055 2025 .
1109 2017 1118 2024 .
1183 1990 1307 2037 Quod
1347 1991 1462 2024 bruti
1503 2002 1578 2025 nec
1619 1991 1719 2024 satis
1762 1991 1958 2024 sardare
1996 1995 2163 2035 queunt.

392 2034 511 2070 Sardi
538 2042 707 2074 venales
735 2042 853 2075 alius
879 2041 970 2075 alio
995 2042 1192 2087 nequior:
1227 2054 1268 2075 ex
1293 2042 1362 2076 hoc
1389 2048 1502 2075 natum
1523 2042 1751 2087 proverbium
1777 2041 1928 2083 videtur,
1959 2042 2052 2085 quod
2077 2042 2165 2077 ludis

221 2083 259 2107 Ὗ·
287 2084 384 2110 vicanis
400 2085 620 2129 Capitolinis,
647 2093 705 2136 qui
731 2093 814 2126 fiunt
835 2105 855 2126 a
876 2093 1012 2127 vicinis*
1031 2094 1266 2138 praetextatis
1293 2094 1408 2128 auctio
1429 2093 1618 2128 Velentium
1629 2095 1656 2110 ¹¹*
1670 2093 1762 2140 fieri
1787 2094 1873 2127 solet
1899 2094 1934 2127 in
1959 2105 2027 2137 qua
2051 2095 2165 2127 novis-

253 2117 371 2177 flingen
394 2135 491 2169 simus
525 2142 664 2185 quisque
696 2144 893 2178 deterrimus
923 2145 1122 2189 producitur
1147 2158 1172 2179 a
1195 2157 1372 2190 praecone
1398 2156 1496 2179 senex
1522 2158 1598 2180 cum
1624 2151 1706 2190 toga
1733 2156 1777 2189 pa
1793 2142 2002 2193 ssretexta†‚
2055 2143 2162 2193 [132]

238 2186 373 2246 Ηὲεξὲἰιξε·
395 2187 552 2231 bullaque
578 2203 692 2235 aurea,
719 2207 786 2238 quo
814 2196 906 2230 cultu
932 2208 1030 2241 reges
1057 2196 1144 2230 soliti
1170 2203 1242 2230 sunt
1270 2209 1339 2230 esse
1365 2197 1396 2230 E
1441 2223 1447 2229 .
1503 2222 1509 2228 .
1565 2227 1571 2232 .
1627 2208 1744 2231 corum
1755 2199 1808 2239 Η,
1838 2196 1895 2240 qui
1917 2195 2016 2229 Sardi
2040 2198 2163 2242 appel-

222 2255 278 2287 ἦς.
295 2241 387 2282 airhs-

259 2298 352 2322 corum,
483 2295 510 2332 1)
533 2298 709 2335 Sag-minsa]
741 2302 861 2332 Versum
892 2305 1014 2341 Naevii,
1044 2306 1094 2344 qui
1118 2305 1200 2334 deest
1221 2306 1252 2334 in
1297 2311 1394 2334 autem
1417 2306 1507 2334 simili
1531 2306 1617 2334 modo
1640 2305 1732 2342 dixit,
1756 2317 1791 2333 ne
1805 2300 1941 2334 Messala
1955 2305 2078 2344 quidem
2091 2296 2167 2334 Aue*

395 2337 576 2387 exemplari,
605 2339 634 2368 ἦ]
663 2345 793 2378 margine
824 2346 992 2375 addidimus
1020 2358 1055 2376 ex
1083 2348 1166 2377 Pauli
1189 2349 1253 2387 epi-
1293 2359 1357 2387 gur
1379 2350 1410 2376 in
1441 2350 1648 2387 explanatione
1679 2350 1883 2385 auguriorum
1907 2349 2032 2386 reperire
2051 2357 2082 2374 se
2101 2357 2159 2385 po-

394 2383 483 2426 }Oma·
528 2381 646 2429 emero-2
670 2393 686 2410 ο
708 2383 780 2413 fides
803 2387 889 2423 alma,
914 2393 981 2427 apta
1005 2390 1120 2428 pinnis,
1144 2395 1171 2419 et
1194 2391 1252 2419 ius·
1297 2393 1392 2419 misse
1414 2392 1476 2428 ait,
1500 2401 1558 2430 quo
1582 2391 1646 2428 hic,
1669 2402 1704 2419 ne
1733 2391 1874 2419 Valerius
1895 2388 2016 2428 quidem
2026 2388 2159 2417 Messala

393 2422 553 2451 lurandum
576 2423 664 2454 Iovls.
697 2425 776 2453 Urs.
805 2443 845 2449 —
874 2430 903 2464 2)
927 2431 1080 2470 sanates]
1103 2432 1252 2461 Videndus
1296 2435 1328 2461 z'tz
1350 2434 1424 2462 XII.
1450 2434 1660 2472 explanatione
1683 2432 1719 2460 id
1747 2434 1858 2460 omisit.
1908 2431 2045 2459 Extrema
2068 2430 2159 2459 verba

392 2462 494 2492 Fe⁵²²¹⁸
521 2467 552 2494 ᾗ]
575 2464 709 2503 F⁰r⁶¹17⁸s
738 2472 766 2496 Εἴ
787 2468 814 2495 ῐΠ
839 2471 973 2501 Suriates,
1026 2474 1058 2501 Iu
1086 2474 1253 2512 Marspedis
1295 2475 1383 2504 huius
1410 2476 1578 2513 fragmenti,
1611 2475 1716 2513 quibus
1740 2474 1842 2512 opinio
1865 2472 2004 2502 Messalae
2031 2473 2158 2503 refertur
