<?xml version="1.0" encoding="UTF-8"?>
<!DOCTYPE html PUBLIC "-//W3C//DTD XHTML 1.0 Transitional//EN"
    "http://www.w3.org/TR/xhtml1/DTD/xhtml1-transitional.dtd">
<html xmlns="http://www.w3.org/1999/xhtml" xml:lang="en" lang="en">
 <head>
  <title>
</title>
<meta http-equiv="Content-Type" content="text/html;charset=utf-8" />
  <meta name='ocr-system' content='tesseract 3.04.00' />
  <meta name='ocr-capabilities' content='ocr_page ocr_carea ocr_par ocr_line ocrx_word'/>
</head>
<body>
  <div class='ocr_page' id='page_1' title='image "./corpusgrammatico01linduoft_0818.png"; bbox 0 0 2263 2668; ppageno 0'>
   <div class='ocr_carea' id='block_1_1' title="bbox 217 172 1736 219">
    <p class='ocr_par' dir='ltr' id='par_1_1' title="bbox 217 172 1736 219">
     <span class='ocr_line' id='line_1_1' title="bbox 217 172 1736 219; baseline 0 -9"><span class='ocrx_word' id='word_1_1' title='bbox 217 184 291 219; x_wconf 80' lang='lat'><strong><em>392</em></strong></span> <span class='ocrx_word' id='word_1_2' title='bbox 647 172 992 210; x_wconf 84' lang='lat' dir='ltr'><strong>COMMENTARII</strong></span> <span class='ocrx_word' id='word_1_3' title='bbox 1018 172 1067 206; x_wconf 91' lang='lat' dir='ltr'><strong><em>IN</em></strong></span> <span class='ocrx_word' id='word_1_4' title='bbox 1092 173 1236 209; x_wconf 88' lang='lat' dir='ltr'><strong>PAULI</strong></span> <span class='ocrx_word' id='word_1_5' title='bbox 1264 175 1459 210; x_wconf 86' lang='lat' dir='ltr'>DIACONI</span> <span class='ocrx_word' id='word_1_6' title='bbox 1484 174 1736 210; x_wconf 86' lang='lat' dir='ltr'><strong>EXCERPTA</strong></span> 
     </span>
    </p>
   </div>
   <div class='ocr_carea' id='block_1_2' title="bbox 211 264 2160 1324">
    <p class='ocr_par' dir='ltr' id='par_1_2' title="bbox 211 264 2160 1324">
     <span class='ocr_line' id='line_1_2' title="bbox 216 264 2157 311; baseline -0.002 -4"><span class='ocrx_word' id='word_1_7' title='bbox 216 275 322 307; x_wconf 80' lang='lat' dir='ltr'><strong><em>stibulo</em></strong></span> <span class='ocrx_word' id='word_1_8' title='bbox 344 273 451 303; x_wconf 87' lang='lat' dir='ltr'><strong><em>mortui</em></strong></span> <span class='ocrx_word' id='word_1_9' title='bbox 470 275 637 311; x_wconf 71' lang='lat' dir='ltr'><strong><em>poneretur,</em></strong></span> <span class='ocrx_word' id='word_1_10' title='bbox 674 267 775 308; x_wconf 79' lang='lat' dir='ltr'><em>nequis</em></span> <span class='ocrx_word' id='word_1_11' title='bbox 795 264 963 306; x_wconf 73' lang='lat' dir='ltr'><strong><em>imprudens</em></strong></span> <span class='ocrx_word' id='word_1_12' title='bbox 975 264 1132 308; x_wconf 85' lang='lat' dir='ltr'><strong><em>funestam</em></strong></span> <span class='ocrx_word' id='word_1_13' title='bbox 1155 266 1273 298; x_wconf 75' lang='lat' dir='ltr'><strong><em>domum</em></strong></span> <span class='ocrx_word' id='word_1_14' title='bbox 1296 279 1355 298; x_wconf 86' lang='lat' dir='ltr'><strong><em>rem</em></strong></span> <span class='ocrx_word' id='word_1_15' title='bbox 1378 267 1507 297; x_wconf 74' lang='lat' dir='ltr'><strong><em>divinam</em></strong></span> <span class='ocrx_word' id='word_1_16' title='bbox 1527 266 1665 308; x_wconf 72' lang='lat' dir='ltr'><strong><em>facturus</em></strong></span> <span class='ocrx_word' id='word_1_17' title='bbox 1689 268 1814 297; x_wconf 80' lang='lat' dir='ltr'><strong><em>introeat</em></strong></span> <span class='ocrx_word' id='word_1_18' title='bbox 1835 277 1861 298; x_wconf 80' lang='lat' dir='ltr'><strong><em>et</em></strong></span> <span class='ocrx_word' id='word_1_19' title='bbox 1883 273 1968 311; x_wconf 84' lang='lat' dir='ltr'><strong><em>quasi</em></strong></span> <span class='ocrx_word' id='word_1_20' title='bbox 1989 274 2157 303; x_wconf 81' lang='lat' dir='ltr'><strong><em>attamina—</em></strong></span> 
     </span>
     <span class='ocr_line' id='line_1_3' title="bbox 218 308 2158 356; baseline -0.005 -8"><span class='ocrx_word' id='word_1_21' title='bbox 218 328 262 348; x_wconf 80' lang='lat' dir='ltr'><strong><em>tus</em></strong></span> <span class='ocrx_word' id='word_1_22' title='bbox 283 323 414 356; x_wconf 83' lang='lat' dir='ltr'><strong><em>suscepta</em></strong></span> <span class='ocrx_word' id='word_1_23' title='bbox 433 323 568 353; x_wconf 79' lang='lat' dir='ltr'><strong><em>peragere</em></strong></span> <span class='ocrx_word' id='word_1_24' title='bbox 589 321 647 339; x_wconf 86' lang='lat' dir='ltr'><strong><em>non</em></strong></span> <span class='ocrx_word' id='word_1_25' title='bbox 668 310 769 350; x_wconf 78' lang='lat' dir='ltr'><strong><em>possit.</em></strong></span> <span class='ocrx_word' id='word_1_26' title='bbox 814 310 860 338; x_wconf 82' lang='lat' dir='ltr'><strong><em>Ex</em></strong></span> <span class='ocrx_word' id='word_1_27' title='bbox 881 308 926 337; x_wconf 80' lang='lat' dir='ltr'><strong><em>his</em></strong></span> <span class='ocrx_word' id='word_1_28' title='bbox 949 309 1098 337; x_wconf 90' lang='lat' dir='ltr'><strong><em>Servianis</em></strong></span> <span class='ocrx_word' id='word_1_29' title='bbox 1120 310 1284 350; x_wconf 78' lang='lat' dir='ltr'><strong><em>intelligeS‚</em></strong></span> <span class='ocrx_word' id='word_1_30' title='bbox 1323 321 1413 349; x_wconf 91' lang='lat' dir='ltr'><strong><em>quare</em></strong></span> <span class='ocrx_word' id='word_1_31' title='bbox 1437 311 1550 339; x_wconf 84' lang='lat' dir='ltr'><strong>Plinius</strong></span> <span class='ocrx_word' id='word_1_32' title='bbox 1573 310 1670 350; x_wconf 91' lang='lat' dir='ltr'>(XVI,</span> <span class='ocrx_word' id='word_1_33' title='bbox 1692 312 1748 346; x_wconf 86' lang='lat'><strong><em>33,</em></strong></span> <span class='ocrx_word' id='word_1_34' title='bbox 1771 312 1839 349; x_wconf 91' lang='lat'>60.)</span> <span class='ocrx_word' id='word_1_35' title='bbox 1862 313 1900 342; x_wconf 89' lang='lat' dir='ltr'><strong><em>de</em></strong></span> <span class='ocrx_word' id='word_1_36' title='bbox 1922 324 1954 342; x_wconf 89' lang='lat' dir='ltr'><strong><em>ea</em></strong></span> <span class='ocrx_word' id='word_1_37' title='bbox 1977 316 2081 345; x_wconf 74' lang='lat' dir='ltr'><strong><em>arbore</em></strong></span> <span class='ocrx_word' id='word_1_38' title='bbox 2104 317 2158 344; x_wconf 89' lang='lat'><strong><em>10..</em></strong></span> 
     </span>
     <span class='ocr_line' id='line_1_4' title="bbox 217 350 2156 400; baseline -0.002 -10"><span class='ocrx_word' id='word_1_39' title='bbox 217 371 309 400; x_wconf 90' lang='lat' dir='ltr'><strong><em>quens</em></strong></span> <span class='ocrx_word' id='word_1_40' title='bbox 332 357 455 387; x_wconf 85' lang='lat' dir='ltr'><strong><em>dixerit:</em></strong></span> <span class='ocrx_word' id='word_1_41' title='bbox 490 354 556 383; x_wconf 89' lang='lat' dir='ltr'><strong><em>Diti</em></strong></span> <span class='ocrx_word' id='word_1_42' title='bbox 577 363 682 389; x_wconf 85' lang='lat' dir='ltr'><strong><em>sacra,</em></strong></span> <span class='ocrx_word' id='word_1_43' title='bbox 710 351 776 381; x_wconf 79' lang='lat' dir='ltr'><strong><em>ideo</em></strong></span> <span class='ocrx_word' id='word_1_44' title='bbox 798 359 824 381; x_wconf 85' lang='lat' dir='ltr'><strong><em>et</em></strong></span> <span class='ocrx_word' id='word_1_45' title='bbox 835 350 963 393; x_wconf 65' lang='lat' dir='ltr'><strong><em>funebri</em></strong></span> <span class='ocrx_word' id='word_1_46' title='bbox 983 352 1067 391; x_wconf 76' lang='lat' dir='ltr'><strong><em>signo</em></strong></span> <span class='ocrx_word' id='word_1_47' title='bbox 1089 351 1130 381; x_wconf 80' lang='lat' dir='ltr'><strong><em>ad</em></strong></span> <span class='ocrx_word' id='word_1_48' title='bbox 1152 352 1254 383; x_wconf 76' lang='lat' dir='ltr'><strong><em>domos</em></strong></span> <span class='ocrx_word' id='word_1_49' title='bbox 1274 354 1381 393; x_wconf 83' lang='lat' dir='ltr'><strong><em>posita.</em></strong></span> <span class='ocrx_word' id='word_1_50' title='bbox 1425 353 1544 382; x_wconf 80' lang='lat' dir='ltr'><strong><em>Novum</em></strong></span> <span class='ocrx_word' id='word_1_51' title='bbox 1570 357 1668 381; x_wconf 83' lang='lat' dir='ltr'><strong><em>autem</em></strong></span> <span class='ocrx_word' id='word_1_52' title='bbox 1690 353 1770 381; x_wconf 88' lang='lat' dir='ltr'><strong><em>hunc</em></strong></span> <span class='ocrx_word' id='word_1_53' title='bbox 1791 364 1901 384; x_wconf 83' lang='lat' dir='ltr'><strong><em>morem</em></strong></span> <span class='ocrx_word' id='word_1_54' title='bbox 1926 357 2030 395; x_wconf 80' lang='lat' dir='ltr'><strong><em>fuisse,</em></strong></span> <span class='ocrx_word' id='word_1_55' title='bbox 2062 368 2156 396; x_wconf 91' lang='lat' dir='ltr'><strong><em>neque</em></strong></span> 
     </span>
     <span class='ocr_line' id='line_1_5' title="bbox 215 394 2157 435; baseline -0.002 -2"><span class='ocrx_word' id='word_1_56' title='bbox 215 409 275 433; x_wconf 85' lang='lat' dir='ltr'><strong><em>tam</em></strong></span> <span class='ocrx_word' id='word_1_57' title='bbox 298 404 461 434; x_wconf 81' lang='lat' dir='ltr'><strong><em>vetustum,</em></strong></span> <span class='ocrx_word' id='word_1_58' title='bbox 495 406 582 435; x_wconf 90' lang='lat' dir='ltr'><strong><em>quam</em></strong></span> <span class='ocrx_word' id='word_1_59' title='bbox 603 400 688 434; x_wconf 88' lang='lat' dir='ltr'><strong><em>putat</em></strong></span> <span class='ocrx_word' id='word_1_60' title='bbox 711 395 849 430; x_wconf 87' lang='lat' dir='ltr'><strong><em>Servius,</em></strong></span> <span class='ocrx_word' id='word_1_61' title='bbox 881 394 930 423; x_wconf 88' lang='lat' dir='ltr'><strong><em>vel</em></strong></span> <span class='ocrx_word' id='word_1_62' title='bbox 954 404 990 422; x_wconf 85' lang='lat' dir='ltr'><strong><em>ex</em></strong></span> <span class='ocrx_word' id='word_1_63' title='bbox 1014 404 1048 422; x_wconf 90' lang='lat' dir='ltr'><strong><em>eo</em></strong></span> <span class='ocrx_word' id='word_1_64' title='bbox 1073 401 1212 434; x_wconf 85' lang='lat' dir='ltr'><strong><em>apparet,</em></strong></span> <span class='ocrx_word' id='word_1_65' title='bbox 1243 395 1322 434; x_wconf 90' lang='lat' dir='ltr'><strong><em>quod</em></strong></span> <span class='ocrx_word' id='word_1_66' title='bbox 1345 396 1498 434; x_wconf 79' lang='lat' dir='ltr'><strong><em>peregrina</em></strong></span> <span class='ocrx_word' id='word_1_67' title='bbox 1522 400 1584 425; x_wconf 83' lang='lat' dir='ltr'><strong><em>erat</em></strong></span> <span class='ocrx_word' id='word_1_68' title='bbox 1607 396 1711 432; x_wconf 87' lang='lat' dir='ltr'><strong><em>arbor,</em></strong></span> <span class='ocrx_word' id='word_1_69' title='bbox 1743 406 1867 435; x_wconf 84' lang='lat' dir='ltr'><strong><em>seroque</em></strong></span> <span class='ocrx_word' id='word_1_70' title='bbox 1890 399 2010 428; x_wconf 84' lang='lat' dir='ltr'><strong>Romam</strong></span> <span class='ocrx_word' id='word_1_71' title='bbox 2034 400 2157 429; x_wconf 82' lang='lat' dir='ltr'><strong><em>advecta</em></strong></span> 
     </span>
     <span class='ocr_line' id='line_1_6' title="bbox 216 437 2157 481; baseline -0.001 -7"><span class='ocrx_word' id='word_1_72' title='bbox 216 446 287 481; x_wconf 81' lang='lat' dir='ltr'><strong><em>fuit,</em></strong></span> <span class='ocrx_word' id='word_1_73' title='bbox 324 452 383 470; x_wconf 87' lang='lat' dir='ltr'><strong><em>non</em></strong></span> <span class='ocrx_word' id='word_1_74' title='bbox 411 440 538 468; x_wconf 80' lang='lat' dir='ltr'><strong><em>multum</em></strong></span> <span class='ocrx_word' id='word_1_75' title='bbox 566 443 633 467; x_wconf 88' lang='lat' dir='ltr'><strong><em>ante</em></strong></span> <span class='ocrx_word' id='word_1_76' title='bbox 656 437 774 466; x_wconf 86' lang='lat' dir='ltr'><strong><em>Catonis</em></strong></span> <span class='ocrx_word' id='word_1_77' title='bbox 802 441 943 474; x_wconf 75' lang='lat' dir='ltr'><strong><em>aetatem,</em></strong></span> <span class='ocrx_word' id='word_1_78' title='bbox 980 446 1075 474; x_wconf 87' lang='lat' dir='ltr'><strong><em>neque</em></strong></span> <span class='ocrx_word' id='word_1_79' title='bbox 1104 439 1180 466; x_wconf 89' lang='lat' dir='ltr'><strong><em>enim</em></strong></span> <span class='ocrx_word' id='word_1_80' title='bbox 1204 439 1241 467; x_wconf 86' lang='lat' dir='ltr'><strong><em>de</em></strong></span> <span class='ocrx_word' id='word_1_81' title='bbox 1263 449 1294 467; x_wconf 88' lang='lat' dir='ltr'><strong><em>ea</em></strong></span> <span class='ocrx_word' id='word_1_82' title='bbox 1317 442 1377 466; x_wconf 86' lang='lat' dir='ltr'><strong><em>tam</em></strong></span> <span class='ocrx_word' id='word_1_83' title='bbox 1399 438 1524 467; x_wconf 81' lang='lat' dir='ltr'><strong><em>verbose</em></strong></span> <span class='ocrx_word' id='word_1_84' title='bbox 1546 439 1664 467; x_wconf 89' lang='lat' dir='ltr'><strong><em>locutus</em></strong></span> <span class='ocrx_word' id='word_1_85' title='bbox 1688 443 1765 467; x_wconf 82' lang='lat' dir='ltr'><strong><em>esset</em></strong></span> <span class='ocrx_word' id='word_1_86' title='bbox 1787 439 1876 476; x_wconf 83' lang='lat' dir='ltr'><strong><em>Cato,</em></strong></span> <span class='ocrx_word' id='word_1_87' title='bbox 1911 446 1945 470; x_wconf 87' lang='lat' dir='ltr'><strong><em>ut</em></strong></span> <span class='ocrx_word' id='word_1_88' title='bbox 1967 447 2048 471; x_wconf 89' lang='lat' dir='ltr'><strong><em>notat</em></strong></span> <span class='ocrx_word' id='word_1_89' title='bbox 2070 443 2157 471; x_wconf 83' lang='lat' dir='ltr'><strong><em>etiam</em></strong></span> 
     </span>
     <span class='ocr_line' id='line_1_7' title="bbox 216 479 2157 525; baseline -0.002 -10"><span class='ocrx_word' id='word_1_90' title='bbox 216 486 334 516; x_wconf 65' lang='lat' dir='ltr'><strong><em>Plinius</em></strong></span> <span class='ocrx_word' id='word_1_91' title='bbox 358 482 489 511; x_wconf 79' lang='lat' dir='ltr'><strong><em>Divitum</em></strong></span> <span class='ocrx_word' id='word_1_92' title='bbox 513 485 609 509; x_wconf 88' lang='lat' dir='ltr'><strong><em>autem</em></strong></span> <span class='ocrx_word' id='word_1_93' title='bbox 631 485 762 517; x_wconf 80' lang='lat' dir='ltr'><strong><em>tantum,</em></strong></span> <span class='ocrx_word' id='word_1_94' title='bbox 791 490 851 508; x_wconf 89' lang='lat' dir='ltr'><strong><em>non</em></strong></span> <span class='ocrx_word' id='word_1_95' title='bbox 875 479 963 509; x_wconf 77' lang='lat' dir='ltr'><strong><em>etiarn</em></strong></span> <span class='ocrx_word' id='word_1_96' title='bbox 987 479 1118 508; x_wconf 88' lang='lat' dir='ltr'><strong><em>omnium</em></strong></span> <span class='ocrx_word' id='word_1_97' title='bbox 1142 481 1263 510; x_wconf 87' lang='lat' dir='ltr'><strong><em>aedibus</em></strong></span> <span class='ocrx_word' id='word_1_98' title='bbox 1284 481 1430 519; x_wconf 85' lang='lat' dir='ltr'><strong><em>praeponi</em></strong></span> <span class='ocrx_word' id='word_1_99' title='bbox 1452 481 1560 519; x_wconf 84' lang='lat' dir='ltr'><strong><em>solere,</em></strong></span> <span class='ocrx_word' id='word_1_100' title='bbox 1590 485 1695 509; x_wconf 81' lang='lat' dir='ltr'><strong>auctor</strong></span> <span class='ocrx_word' id='word_1_101' title='bbox 1717 481 1852 510; x_wconf 90' lang='lat' dir='ltr'><strong><em>Lucanus</em></strong></span> <span class='ocrx_word' id='word_1_102' title='bbox 1876 483 1953 519; x_wconf 82' lang='lat' dir='ltr'><strong><em>(Ill,</em></strong></span> <span class='ocrx_word' id='word_1_103' title='bbox 1977 483 2087 525; x_wconf 82' lang='lat'><strong><em>442.):</em></strong></span> <span class='ocrx_word' id='word_1_104' title='bbox 2117 484 2157 514; x_wconf 82' lang='lat' dir='ltr'><strong><em>Et</em></strong></span> 
     </span>
     <span class='ocr_line' id='line_1_8' title="bbox 214 521 2156 567; baseline -0.001 -10"><span class='ocrx_word' id='word_1_105' title='bbox 214 540 272 558; x_wconf 88' lang='lat' dir='ltr'><strong><em>non</em></strong></span> <span class='ocrx_word' id='word_1_106' title='bbox 291 525 418 567; x_wconf 83' lang='lat' dir='ltr'><strong><em>plebeios</em></strong></span> <span class='ocrx_word' id='word_1_107' title='bbox 440 523 535 553; x_wconf 82' lang='lat' dir='ltr'><strong><em>luctus</em></strong></span> <span class='ocrx_word' id='word_1_108' title='bbox 555 530 661 552; x_wconf 73' lang='lat' dir='ltr'><strong><em>testata</em></strong></span> <span class='ocrx_word' id='word_1_109' title='bbox 684 534 841 562; x_wconf 76' lang='lat' dir='ltr'><strong><em>cupressus.</em></strong></span> <span class='ocrx_word' id='word_1_110' title='bbox 878 522 968 550; x_wconf 85' lang='lat' dir='ltr'><strong><em>Cuius</em></strong></span> <span class='ocrx_word' id='word_1_111' title='bbox 991 521 1034 550; x_wconf 87' lang='lat' dir='ltr'><strong><em>rei</em></strong></span> <span class='ocrx_word' id='word_1_112' title='bbox 1058 532 1175 552; x_wconf 82' lang='lat' dir='ltr'><strong><em>causam</em></strong></span> <span class='ocrx_word' id='word_1_113' title='bbox 1199 524 1309 552; x_wconf 88' lang='lat' dir='ltr'><strong><em>nullam</em></strong></span> <span class='ocrx_word' id='word_1_114' title='bbox 1333 523 1421 551; x_wconf 81' lang='lat' dir='ltr'><strong><em>aliam</em></strong></span> <span class='ocrx_word' id='word_1_115' title='bbox 1443 528 1536 562; x_wconf 82' lang='lat' dir='ltr'><strong><em>puto,</em></strong></span> <span class='ocrx_word' id='word_1_116' title='bbox 1561 534 1648 562; x_wconf 86' lang='lat' dir='ltr'><strong><em>quam</em></strong></span> <span class='ocrx_word' id='word_1_117' title='bbox 1670 524 1820 553; x_wconf 82' lang='lat' dir='ltr'><strong><em>raritatem</em></strong></span> <span class='ocrx_word' id='word_1_118' title='bbox 1843 525 1973 563; x_wconf 86' lang='lat' dir='ltr'><strong><em>arboris,</em></strong></span> <span class='ocrx_word' id='word_1_119' title='bbox 1997 526 2080 565; x_wconf 84' lang='lat' dir='ltr'><strong><em>quod</em></strong></span> <span class='ocrx_word' id='word_1_120' title='bbox 2100 527 2156 555; x_wconf 81' lang='lat' dir='ltr'><strong><em>ini-</em></strong></span> 
     </span>
     <span class='ocr_line' id='line_1_9' title="bbox 214 564 2158 608; baseline -0.001 -9"><span class='ocrx_word' id='word_1_121' title='bbox 214 572 255 599; x_wconf 88' lang='lat' dir='ltr'><strong><em>tio</em></strong></span> <span class='ocrx_word' id='word_1_122' title='bbox 277 568 366 608; x_wconf 86' lang='lat' dir='ltr'><strong><em>pauci</em></strong></span> <span class='ocrx_word' id='word_1_123' title='bbox 388 568 417 596; x_wconf 88' lang='lat' dir='ltr'><strong><em>in</em></strong></span> <span class='ocrx_word' id='word_1_124' title='bbox 439 567 513 604; x_wconf 86' lang='lat' dir='ltr'><strong><em>agris</em></strong></span> <span class='ocrx_word' id='word_1_125' title='bbox 536 571 587 594; x_wconf 90' lang='lat' dir='ltr'><strong><em>aut</em></strong></span> <span class='ocrx_word' id='word_1_126' title='bbox 608 565 686 594; x_wconf 89' lang='lat' dir='ltr'><strong><em>intra</em></strong></span> <span class='ocrx_word' id='word_1_127' title='bbox 710 566 838 594; x_wconf 86' lang='lat' dir='ltr'><strong><em>urbanas</em></strong></span> <span class='ocrx_word' id='word_1_128' title='bbox 860 565 947 593; x_wconf 78' lang='lat' dir='ltr'><strong><em>villas</em></strong></span> <span class='ocrx_word' id='word_1_129' title='bbox 972 574 1036 593; x_wconf 86' lang='lat' dir='ltr'><strong><em>eam</em></strong></span> <span class='ocrx_word' id='word_1_130' title='bbox 1057 565 1192 594; x_wconf 78' lang='lat' dir='ltr'><strong><em>arborem</em></strong></span> <span class='ocrx_word' id='word_1_131' title='bbox 1216 565 1418 594; x_wconf 72' lang='lat' dir='ltr'><strong>instituebant.</strong></span> <span class='ocrx_word' id='word_1_132' title='bbox 1449 564 1550 595; x_wconf 88' lang='lat' dir='ltr'><strong><em>Scal.</em></strong></span> <span class='ocrx_word' id='word_1_133' title='bbox 1594 566 1689 595; x_wconf 86' lang='lat' dir='ltr'><strong><em>Servii</em></strong></span> <span class='ocrx_word' id='word_1_134' title='bbox 1714 567 1804 595; x_wconf 82' lang='lat' dir='ltr'><strong><em>verba</em></strong></span> <span class='ocrx_word' id='word_1_135' title='bbox 1829 567 1907 596; x_wconf 85' lang='lat' dir='ltr'><strong><em>dicta</em></strong></span> <span class='ocrx_word' id='word_1_136' title='bbox 1931 573 2000 597; x_wconf 82' lang='lat' dir='ltr'><strong><em>sunt</em></strong></span> <span class='ocrx_word' id='word_1_137' title='bbox 2022 568 2059 597; x_wconf 87' lang='lat' dir='ltr'><strong><em>ad</em></strong></span> <span class='ocrx_word' id='word_1_138' title='bbox 2081 569 2158 597; x_wconf 84' lang='lat' dir='ltr'><strong><em>illud</em></strong></span> 
     </span>
     <span class='ocr_line' id='line_1_10' title="bbox 213 606 2155 651; baseline 0 -11"><span class='ocrx_word' id='word_1_139' title='bbox 213 612 316 651; x_wconf 80' lang='lat' dir='ltr'><strong><em>virgil.</em></strong></span> <span class='ocrx_word' id='word_1_140' title='bbox 333 610 382 640; x_wconf 85' lang='grc' dir='ltr'>ΙΙΙ.</span> <span class='ocrx_word' id='word_1_141' title='bbox 406 609 475 638; x_wconf 88' lang='lat' dir='ltr'><strong><em>Aen.</em></strong></span> <span class='ocrx_word' id='word_1_142' title='bbox 499 609 571 648; x_wconf 86' lang='lat' dir='ltr'><strong><em>(IV,</em></strong></span> <span class='ocrx_word' id='word_1_143' title='bbox 594 608 704 646; x_wconf 85' lang='lat'><strong><em>507.):</em></strong></span> <span class='ocrx_word' id='word_1_144' title='bbox 740 607 777 637; x_wconf 81' lang='lat' dir='ltr'><strong><em>Et</em></strong></span> <span class='ocrx_word' id='word_1_145' title='bbox 797 606 908 649; x_wconf 76' lang='lat' dir='ltr'><strong><em>fronde</em></strong></span> <span class='ocrx_word' id='word_1_146' title='bbox 934 614 1075 636; x_wconf 78' lang='lat' dir='ltr'><strong><em>coronant</em></strong></span> <span class='ocrx_word' id='word_1_147' title='bbox 1094 607 1224 648; x_wconf 82' lang='lat' dir='ltr'><strong><em>funerea.</em></strong></span> <span class='ocrx_word' id='word_1_148' title='bbox 1269 608 1313 636; x_wconf 86' lang='lat' dir='ltr'><strong><em>Ad</em></strong></span> <span class='ocrx_word' id='word_1_149' title='bbox 1336 607 1416 636; x_wconf 88' lang='lat' dir='ltr'><strong><em>huuc</em></strong></span> <span class='ocrx_word' id='word_1_150' title='bbox 1437 618 1548 638; x_wconf 85' lang='lat' dir='ltr'><strong><em>morem</em></strong></span> <span class='ocrx_word' id='word_1_151' title='bbox 1571 609 1707 638; x_wconf 84' lang='lat' dir='ltr'><strong><em>alludens</em></strong></span> <span class='ocrx_word' id='word_1_152' title='bbox 1732 610 1835 639; x_wconf 90' lang='lat' dir='ltr'><strong><em>Horat.</em></strong></span> <span class='ocrx_word' id='word_1_153' title='bbox 1859 610 1950 641; x_wconf 85' lang='lat' dir='ltr'><strong><em>Odar.</em></strong></span> <span class='ocrx_word' id='word_1_154' title='bbox 1973 610 2025 641; x_wconf 91' lang='lat' dir='ltr'><strong><em>lib.</em></strong></span> <span class='ocrx_word' id='word_1_155' title='bbox 2038 611 2082 648; x_wconf 90' lang='lat'><strong><em>11,</em></strong></span> <span class='ocrx_word' id='word_1_156' title='bbox 2106 613 2155 642; x_wconf 83' lang='lat'><strong><em>14.</em></strong></span> 
     </span>
     <span class='ocr_line' id='line_1_11' title="bbox 214 654 368 693; baseline 0 -6"><span class='ocrx_word' id='word_1_157' title='bbox 214 655 284 693; x_wconf 82' lang='lat'><strong><em>(15,</em></strong></span> <span class='ocrx_word' id='word_1_158' title='bbox 308 654 368 690; x_wconf 79' lang='lat'><strong>5·)2</strong></span> 
     </span>
     <span class='ocr_line' id='line_1_12' title="bbox 872 690 1495 733; baseline 0.005 -14"><span class='ocrx_word' id='word_1_159' title='bbox 872 690 973 731; x_wconf 85' lang='lat' dir='ltr'><strong><em>Neque</em></strong></span> <span class='ocrx_word' id='word_1_160' title='bbox 993 691 1112 729; x_wconf 79' lang='lat' dir='ltr'><strong><em>harum,</em></strong></span> <span class='ocrx_word' id='word_1_161' title='bbox 1143 704 1217 733; x_wconf 83' lang='lat' dir='ltr'><strong><em>quas</em></strong></span> <span class='ocrx_word' id='word_1_162' title='bbox 1239 690 1326 728; x_wconf 81' lang='lat' dir='ltr'><strong><em>colis,</em></strong></span> <span class='ocrx_word' id='word_1_163' title='bbox 1358 691 1495 722; x_wconf 86' lang='lat' dir='ltr'><strong><em>arborum</em></strong></span> 
     </span>
     <span class='ocr_line' id='line_1_13' title="bbox 876 734 1351 774; baseline 0 -12"><span class='ocrx_word' id='word_1_164' title='bbox 876 734 918 762; x_wconf 85' lang='lat' dir='ltr'><strong><em>Te</em></strong></span> <span class='ocrx_word' id='word_1_165' title='bbox 937 741 1050 773; x_wconf 81' lang='lat' dir='ltr'><strong><em>praeter</em></strong></span> <span class='ocrx_word' id='word_1_166' title='bbox 1072 735 1181 764; x_wconf 85' lang='lat' dir='ltr'><strong><em>invisas</em></strong></span> <span class='ocrx_word' id='word_1_167' title='bbox 1203 745 1351 774; x_wconf 83' lang='lat' dir='ltr'><strong><em>cupressos</em></strong></span> 
     </span>
     <span class='ocr_line' id='line_1_14' title="bbox 880 775 1422 817; baseline 0 -12"><span class='ocrx_word' id='word_1_168' title='bbox 880 775 951 806; x_wconf 84' lang='lat' dir='ltr'><strong><em>Ulla</em></strong></span> <span class='ocrx_word' id='word_1_169' title='bbox 977 775 1084 806; x_wconf 86' lang='lat' dir='ltr'><strong><em>brevem</em></strong></span> <span class='ocrx_word' id='word_1_170' title='bbox 1109 776 1259 806; x_wconf 71' lang='lat' dir='ltr'><strong><em>dominum</em></strong></span> <span class='ocrx_word' id='word_1_171' title='bbox 1281 784 1422 817; x_wconf 81' lang='lat' dir='ltr'><strong><em>sequetur.</em></strong></span> 
     </span>
     <span class='ocr_line' id='line_1_15' title="bbox 215 818 648 860; baseline -0.014 -7"><span class='ocrx_word' id='word_1_172' title='bbox 215 825 250 853; x_wconf 88' lang='lat' dir='ltr'><strong><em>Et</em></strong></span> <span class='ocrx_word' id='word_1_173' title='bbox 274 821 373 860; x_wconf 86' lang='lat' dir='ltr'><strong><em>Virgil.</em></strong></span> <span class='ocrx_word' id='word_1_174' title='bbox 396 820 444 849; x_wconf 93' lang='lat' dir='ltr'><strong><em>lib.</em></strong></span> <span class='ocrx_word' id='word_1_175' title='bbox 461 819 509 850; x_wconf 82' lang='lat' dir='ltr'><strong><em>VI.</em></strong></span> <span class='ocrx_word' id='word_1_176' title='bbox 533 818 648 859; x_wconf 79' lang='lat'><strong><em>(216.):</em></strong></span> 
     </span>
     <span class='ocr_line' id='line_1_16' title="bbox 1117 860 1491 901; baseline 0.003 -11"><span class='ocrx_word' id='word_1_177' title='bbox 1117 860 1233 890; x_wconf 83' lang='lat' dir='ltr'><strong><em>Ferales</em></strong></span> <span class='ocrx_word' id='word_1_178' title='bbox 1254 868 1321 890; x_wconf 82' lang='lat' dir='ltr'><strong><em>ante</em></strong></span> <span class='ocrx_word' id='word_1_179' title='bbox 1343 872 1491 901; x_wconf 82' lang='lat' dir='ltr'><strong><em>cupressos</em></strong></span> 
     </span>
     <span class='ocr_line' id='line_1_17' title="bbox 876 901 1070 934; baseline -0.005 -1"><span class='ocrx_word' id='word_1_180' title='bbox 876 901 1070 934; x_wconf 81' lang='lat' dir='ltr'><strong><em>Constituunt.</em></strong></span> 
     </span>
     <span class='ocr_line' id='line_1_18' title="bbox 214 951 301 980; baseline -0.011 0"><span class='ocrx_word' id='word_1_181' title='bbox 214 951 301 980; x_wconf 85' lang='lat' dir='ltr'><strong><em>Dac.</em></strong></span> 
     </span>
     <span class='ocr_line' id='line_1_19' title="bbox 379 986 2159 1029; baseline 0.001 -11"><span class='ocrx_word' id='word_1_182' title='bbox 379 986 553 1018; x_wconf 82' lang='lat' dir='ltr'><strong><em>Curiales</em></strong></span> <span class='ocrx_word' id='word_1_183' title='bbox 572 986 770 1029; x_wconf 73' lang='lat' dir='ltr'><strong><em>flamine-⁹.</em></strong></span> <span class='ocrx_word' id='word_1_184' title='bbox 815 986 945 1017; x_wconf 81' lang='lat' dir='ltr'><strong><em>Minores</em></strong></span> <span class='ocrx_word' id='word_1_185' title='bbox 968 988 1136 1018; x_wconf 80' lang='lat' dir='ltr'><strong><em>sacerdotes</em></strong></span> <span class='ocrx_word' id='word_1_186' title='bbox 1160 988 1304 1026; x_wconf 77' lang='lat' dir='ltr'><strong><em>intellige,</em></strong></span> <span class='ocrx_word' id='word_1_187' title='bbox 1343 988 1394 1027; x_wconf 85' lang='lat' dir='ltr'><strong><em>qui</em></strong></span> <span class='ocrx_word' id='word_1_188' title='bbox 1418 988 1574 1018; x_wconf 87' lang='lat' dir='ltr'><strong><em>curionum</em></strong></span> <span class='ocrx_word' id='word_1_189' title='bbox 1598 989 1693 1019; x_wconf 85' lang='lat' dir='ltr'><strong><em>vicem</em></strong></span> <span class='ocrx_word' id='word_1_190' title='bbox 1716 1001 1799 1020; x_wconf 87' lang='lat' dir='ltr'><strong><em>sacra</em></strong></span> <span class='ocrx_word' id='word_1_191' title='bbox 1823 996 1852 1021; x_wconf 87' lang='lat' dir='ltr'><strong><em>et</em></strong></span> <span class='ocrx_word' id='word_1_192' title='bbox 1875 990 2066 1020; x_wconf 84' lang='lat' dir='ltr'><strong><em>caerimonias</em></strong></span> <span class='ocrx_word' id='word_1_193' title='bbox 2088 990 2159 1019; x_wconf 86' lang='lat' dir='ltr'><strong><em>obi-</em></strong></span> 
     </span>
     <span class='ocr_line' id='line_1_20' title="bbox 211 1030 1375 1064; baseline -0.003 0"><span class='ocrx_word' id='word_1_194' title='bbox 211 1036 290 1064; x_wconf 87' lang='lat' dir='ltr'><strong>bant.</strong></span> <span class='ocrx_word' id='word_1_195' title='bbox 336 1032 410 1061; x_wconf 82' lang='lat' dir='ltr'><strong><em>Nam</em></strong></span> <span class='ocrx_word' id='word_1_196' title='bbox 433 1032 564 1061; x_wconf 81' lang='lat' dir='ltr'><strong><em>curiones</em></strong></span> <span class='ocrx_word' id='word_1_197' title='bbox 586 1030 735 1059; x_wconf 84' lang='lat' dir='ltr'><strong><em>curiarum</em></strong></span> <span class='ocrx_word' id='word_1_198' title='bbox 759 1030 927 1059; x_wconf 82' lang='lat' dir='ltr'><strong><em>sacerdotes</em></strong></span> <span class='ocrx_word' id='word_1_199' title='bbox 950 1030 1039 1059; x_wconf 87' lang='lat' dir='ltr'><strong><em>fuisse</em></strong></span> <span class='ocrx_word' id='word_1_200' title='bbox 1062 1036 1164 1060; x_wconf 87' lang='lat' dir='ltr'><strong><em>notum</em></strong></span> <span class='ocrx_word' id='word_1_201' title='bbox 1188 1036 1241 1060; x_wconf 82' lang='lat' dir='ltr'><strong><em>est.</em></strong></span> <span class='ocrx_word' id='word_1_202' title='bbox 1287 1031 1341 1059; x_wconf 91' lang='lat' dir='ltr'><strong><em>Da</em></strong></span> <span class='ocrx_word' id='word_1_203' title='bbox 1352 1043 1375 1061; x_wconf 91' lang='lat' dir='ltr'><strong><em>c.</em></strong></span> 
     </span>
     <span class='ocr_line' id='line_1_21' title="bbox 379 1071 2159 1115; baseline 0.001 -13"><span class='ocrx_word' id='word_1_204' title='bbox 379 1073 612 1114; x_wconf 68' lang='lat' dir='ltr'><strong><em>Cyparissos.</em></strong></span> <span class='ocrx_word' id='word_1_205' title='bbox 658 1072 734 1101; x_wconf 85' lang='lat' dir='ltr'><strong><em>Vide</em></strong></span> <span class='ocrx_word' id='word_1_206' title='bbox 761 1071 949 1112; x_wconf 71' lang='lat' dir='ltr'><strong><em>Cyparissiae.</em></strong></span> <span class='ocrx_word' id='word_1_207' title='bbox 989 1073 1071 1103; x_wconf 85' lang='lat' dir='ltr'><strong><em>Idem</em></strong></span> <span class='ocrx_word' id='word_1_208' title='bbox 1094 1074 1170 1102; x_wconf 88' lang='lat' dir='ltr'><strong><em>enim</em></strong></span> <span class='ocrx_word' id='word_1_209' title='bbox 1194 1073 1258 1102; x_wconf 87' lang='lat' dir='ltr'><strong><em>aliis</em></strong></span> <span class='ocrx_word' id='word_1_210' title='bbox 1280 1074 1378 1102; x_wconf 84' lang='lat' dir='ltr'><strong><em>verbis</em></strong></span> <span class='ocrx_word' id='word_1_211' title='bbox 1401 1073 1520 1103; x_wconf 79' lang='lat' dir='ltr'><strong><em>dicitur.</em></strong></span> <span class='ocrx_word' id='word_1_212' title='bbox 1550 1073 1639 1103; x_wconf 87' lang='lat' dir='ltr'><strong><em>Ant.</em></strong></span> <span class='ocrx_word' id='word_1_213' title='bbox 1661 1074 1754 1114; x_wconf 76' lang='lat' dir='ltr'><strong><em>Aug.</em></strong></span> <span class='ocrx_word' id='word_1_214' title='bbox 1801 1073 1986 1115; x_wconf 80' lang='lat' dir='ltr'><strong><em>Cuparisseae</em></strong></span> <span class='ocrx_word' id='word_1_215' title='bbox 2009 1081 2038 1105; x_wconf 88' lang='lat' dir='ltr'><strong><em>et</em></strong></span> <span class='ocrx_word' id='word_1_216' title='bbox 2061 1086 2159 1115; x_wconf 87' lang='lat' dir='ltr'><strong><em>cupa-</em></strong></span> 
     </span>
     <span class='ocr_line' id='line_1_22' title="bbox 212 1115 2158 1158; baseline -0.001 -10"><span class='ocrx_word' id='word_1_217' title='bbox 212 1119 314 1148; x_wconf 83' lang='lat' dir='ltr'><strong><em>rissiae</em></strong></span> <span class='ocrx_word' id='word_1_218' title='bbox 344 1121 373 1146; x_wconf 87' lang='lat' dir='ltr'><strong><em>et</em></strong></span> <span class='ocrx_word' id='word_1_219' title='bbox 403 1116 582 1156; x_wconf 86' lang='lat' dir='ltr'><strong><em>cuparissae,</em></strong></span> <span class='ocrx_word' id='word_1_220' title='bbox 619 1116 715 1152; x_wconf 81' lang='lat' dir='ltr'><strong><em>ignes,</em></strong></span> <span class='ocrx_word' id='word_1_221' title='bbox 753 1116 804 1153; x_wconf 91' lang='lat' dir='ltr'><strong><em>qui</em></strong></span> <span class='ocrx_word' id='word_1_222' title='bbox 834 1116 864 1143; x_wconf 90' lang='lat' dir='ltr'><strong><em>in</em></strong></span> <span class='ocrx_word' id='word_1_223' title='bbox 892 1115 1013 1145; x_wconf 87' lang='lat' dir='ltr'><strong><em>modum</em></strong></span> <span class='ocrx_word' id='word_1_224' title='bbox 1044 1116 1177 1154; x_wconf 76' lang='lat' dir='ltr'><strong><em>cypressi</em></strong></span> <span class='ocrx_word' id='word_1_225' title='bbox 1207 1121 1361 1155; x_wconf 80' lang='lat' dir='ltr'><strong><em>apparent.</em></strong></span> <span class='ocrx_word' id='word_1_226' title='bbox 1405 1117 1479 1145; x_wconf 87' lang='lat' dir='ltr'><strong><em>Nam</em></strong></span> <span class='ocrx_word' id='word_1_227' title='bbox 1509 1127 1564 1155; x_wconf 84' lang='lat' dir='ltr'><strong><em>pro</em></strong></span> <span class='ocrx_word' id='word_1_228' title='bbox 1594 1127 1752 1156; x_wconf 82' lang='lat' dir='ltr'><strong><em>cupressus</em></strong></span> <span class='ocrx_word' id='word_1_229' title='bbox 1775 1119 1942 1158; x_wconf 82' lang='lat' dir='ltr'><strong><em>cuparissus</em></strong></span> <span class='ocrx_word' id='word_1_230' title='bbox 1964 1118 2120 1148; x_wconf 79' lang='lat' dir='ltr'><strong><em>dicebatur</em></strong></span> <span class='ocrx_word' id='word_1_231' title='bbox 2142 1129 2158 1146; x_wconf 89' lang='lat' dir='ltr'><strong><em>a</em></strong></span> 
     </span>
     <span class='ocr_line' id='line_1_23' title="bbox 214 1156 1473 1198; baseline -0.001 -9"><span class='ocrx_word' id='word_1_232' title='bbox 214 1162 327 1190; x_wconf 86' lang='lat' dir='ltr'><strong><em>Graeco</em></strong></span> <span class='ocrx_word' id='word_1_233' title='bbox 351 1156 547 1197; x_wconf 77' lang='grc' dir='ltr'><strong>κυπάρισσος.</strong></span> <span class='ocrx_word' id='word_1_234' title='bbox 580 1157 682 1195; x_wconf 81' lang='lat' dir='ltr'><strong><em>Virgil.</em></strong></span> <span class='ocrx_word' id='word_1_235' title='bbox 707 1157 771 1193; x_wconf 88' lang='lat' dir='ltr'><strong><em>(Ge.</em></strong></span> <span class='ocrx_word' id='word_1_236' title='bbox 789 1157 831 1194; x_wconf 80' lang='grc' dir='ltr'><strong><em>ΙΙ,</em></strong></span> <span class='ocrx_word' id='word_1_237' title='bbox 855 1157 937 1196; x_wconf 77' lang='lat'><strong><em>84.):</em></strong></span> <span class='ocrx_word' id='word_1_238' title='bbox 968 1157 1031 1188; x_wconf 89' lang='lat' dir='ltr'><strong><em>Nec</em></strong></span> <span class='ocrx_word' id='word_1_239' title='bbox 1053 1157 1151 1187; x_wconf 82' lang='lat' dir='ltr'><strong><em>Idaeis</em></strong></span> <span class='ocrx_word' id='word_1_240' title='bbox 1175 1159 1341 1198; x_wconf 86' lang='lat' dir='ltr'><strong><em>cuparissis.</em></strong></span> <span class='ocrx_word' id='word_1_241' title='bbox 1386 1158 1473 1188; x_wconf 91' lang='lat' dir='ltr'><strong><em>Dac.</em></strong></span> 
     </span>
     <span class='ocr_line' id='line_1_24' title="bbox 378 1199 2159 1242; baseline 0 -12"><span class='ocrx_word' id='word_1_242' title='bbox 378 1199 620 1241; x_wconf 83' lang='lat' dir='ltr'><strong><em>Coninquere.</em></strong></span> <span class='ocrx_word' id='word_1_243' title='bbox 668 1199 831 1240; x_wconf 82' lang='lat' dir='ltr'><strong><em>Coinquire.</em></strong></span> <span class='ocrx_word' id='word_1_244' title='bbox 875 1201 1032 1240; x_wconf 85' lang='lat' dir='ltr'><strong><em>Suspicor:</em></strong></span> <span class='ocrx_word' id='word_1_245' title='bbox 1070 1199 1262 1241; x_wconf 83' lang='lat' dir='ltr'><strong><em>Conquinire,</em></strong></span> <span class='ocrx_word' id='word_1_246' title='bbox 1292 1199 1443 1230; x_wconf 81' lang='lat' dir='ltr'><strong><em>decubare.</em></strong></span> <span class='ocrx_word' id='word_1_247' title='bbox 1486 1200 1508 1229; x_wconf 83' lang='lat' dir='ltr'><strong>A</strong></span> <span class='ocrx_word' id='word_1_248' title='bbox 1532 1211 1591 1240; x_wconf 89' lang='lat' dir='ltr'><strong><em>quo</em></strong></span> <span class='ocrx_word' id='word_1_249' title='bbox 1615 1203 1814 1242; x_wconf 85' lang='lat' dir='ltr'><strong><em>conquinisco.</em></strong></span> <span class='ocrx_word' id='word_1_250' title='bbox 1859 1203 1900 1232; x_wconf 92' lang='lat' dir='ltr'><strong><em>De</em></strong></span> <span class='ocrx_word' id='word_1_251' title='bbox 1930 1212 1964 1232; x_wconf 90' lang='lat' dir='ltr'><strong><em>eo</em></strong></span> <span class='ocrx_word' id='word_1_252' title='bbox 1987 1202 2055 1231; x_wconf 75' lang='lat' dir='ltr'><strong><em>vide</em></strong></span> <span class='ocrx_word' id='word_1_253' title='bbox 2079 1201 2159 1241; x_wconf 80' lang='lat' dir='ltr'><strong><em>apud</em></strong></span> 
     </span>
     <span class='ocr_line' id='line_1_25' title="bbox 212 1240 2160 1283; baseline -0.001 -8"><span class='ocrx_word' id='word_1_254' title='bbox 212 1245 340 1275; x_wconf 84' lang='lat' dir='ltr'><strong><em>Nonium</em></strong></span> <span class='ocrx_word' id='word_1_255' title='bbox 364 1244 444 1283; x_wconf 86' lang='lat' dir='ltr'><strong><em>(pag.</em></strong></span> <span class='ocrx_word' id='word_1_256' title='bbox 458 1242 508 1273; x_wconf 78' lang='lat'><strong><em>84.</em></strong></span> <span class='ocrx_word' id='word_1_257' title='bbox 530 1242 575 1271; x_wconf 87' lang='lat' dir='ltr'><strong><em>ed.</em></strong></span> <span class='ocrx_word' id='word_1_258' title='bbox 598 1242 718 1279; x_wconf 61' lang='lat' dir='ltr'><strong><em>Mero).</em></strong></span> <span class='ocrx_word' id='word_1_259' title='bbox 765 1240 986 1283; x_wconf 85' lang='lat' dir='ltr'><strong><em>Gonquiniscere</em></strong></span> <span class='ocrx_word' id='word_1_260' title='bbox 1016 1248 1059 1273; x_wconf 84' lang='lat' dir='ltr'><strong><em>est</em></strong></span> <span class='ocrx_word' id='word_1_261' title='bbox 1088 1253 1231 1272; x_wconf 87' lang='lat' dir='ltr'><strong><em>cernuum</em></strong></span> <span class='ocrx_word' id='word_1_262' title='bbox 1262 1253 1293 1272; x_wconf 81' lang='lat' dir='ltr'><strong><em>se</em></strong></span> <span class='ocrx_word' id='word_1_263' title='bbox 1322 1244 1472 1272; x_wconf 86' lang='lat' dir='ltr'><strong><em>inflectere</em></strong></span> <span class='ocrx_word' id='word_1_264' title='bbox 1501 1244 1551 1272; x_wconf 89' lang='lat' dir='ltr'><strong><em>vel</em></strong></span> <span class='ocrx_word' id='word_1_265' title='bbox 1579 1244 1742 1282; x_wconf 87' lang='lat' dir='ltr'><strong><em>inclinare,</em></strong></span> <span class='ocrx_word' id='word_1_266' title='bbox 1780 1251 1813 1274; x_wconf 86' lang='lat' dir='ltr'><strong><em>ut</em></strong></span> <span class='ocrx_word' id='word_1_267' title='bbox 1835 1245 1945 1274; x_wconf 81' lang='lat' dir='ltr'><strong><em>faciunt</em></strong></span> <span class='ocrx_word' id='word_1_268' title='bbox 1968 1245 2160 1275; x_wconf 84' lang='lat' dir='ltr'><strong><em>exoneraturi</em></strong></span> 
     </span>
     <span class='ocr_line' id='line_1_26' title="bbox 213 1284 811 1324; baseline -0.008 -6"><span class='ocrx_word' id='word_1_269' title='bbox 213 1293 355 1318; x_wconf 83' lang='lat' dir='ltr'><strong><em>ventrem.</em></strong></span> <span class='ocrx_word' id='word_1_270' title='bbox 400 1285 578 1324; x_wconf 85' lang='lat' dir='ltr'><strong><em>Pomponius</em></strong></span> <span class='ocrx_word' id='word_1_271' title='bbox 601 1284 811 1313; x_wconf 82' lang='lat' dir='ltr'><strong><em>Atellanarius:</em></strong></span> 
     </span>
    </p>
   </div>
   <div class='ocr_carea' id='block_1_3' title="bbox 667 1334 1681 1461">
    <p class='ocr_par' dir='ltr' id='par_1_3' title="bbox 667 1334 1681 1461">
     <span class='ocr_line' id='line_1_27' title="bbox 668 1334 1644 1377; baseline 0 -12"><span class='ocrx_word' id='word_1_272' title='bbox 668 1356 705 1360; x_wconf 87' lang='lat'><strong><em>—-</em></strong></span> <span class='ocrx_word' id='word_1_273' title='bbox 732 1334 822 1366; x_wconf 78' lang='lat' dir='ltr'><strong><em>simul</em></strong></span> <span class='ocrx_word' id='word_1_274' title='bbox 840 1337 916 1366; x_wconf 81' lang='lat' dir='ltr'><strong><em>intro</em></strong></span> <span class='ocrx_word' id='word_1_275' title='bbox 939 1337 1019 1374; x_wconf 83' lang='lat' dir='ltr'><strong><em>veni,</em></strong></span> <span class='ocrx_word' id='word_1_276' title='bbox 1044 1338 1154 1367; x_wconf 84' lang='lat' dir='ltr'><strong><em>accessi</em></strong></span> <span class='ocrx_word' id='word_1_277' title='bbox 1176 1336 1218 1366; x_wconf 79' lang='lat' dir='ltr'><strong><em>ad</em></strong></span> <span class='ocrx_word' id='word_1_278' title='bbox 1237 1345 1370 1377; x_wconf 82' lang='lat' dir='ltr'><strong><em>patrem‚·</em></strong></span> <span class='ocrx_word' id='word_1_279' title='bbox 1400 1336 1505 1377; x_wconf 75' lang='lat' dir='ltr'><strong><em>prendi</em></strong></span> <span class='ocrx_word' id='word_1_280' title='bbox 1528 1348 1644 1366; x_wconf 86' lang='lat' dir='ltr'><strong><em>manum</em></strong></span> 
     </span>
     <span class='ocr_line' id='line_1_28' title="bbox 667 1378 1681 1420; baseline 0.001 -13"><span class='ocrx_word' id='word_1_281' title='bbox 667 1378 703 1408; x_wconf 86' lang='lat' dir='ltr'><strong><em>In</em></strong></span> <span class='ocrx_word' id='word_1_282' title='bbox 726 1386 802 1408; x_wconf 87' lang='lat' dir='ltr'><strong><em>terra</em></strong></span> <span class='ocrx_word' id='word_1_283' title='bbox 825 1386 855 1408; x_wconf 81' lang='lat' dir='ltr'><strong><em>ut</em></strong></span> <span class='ocrx_word' id='word_1_284' title='bbox 879 1378 1007 1408; x_wconf 76' lang='lat' dir='ltr'><strong><em>cubabat</em></strong></span> <span class='ocrx_word' id='word_1_285' title='bbox 1029 1379 1127 1417; x_wconf 78' lang='lat' dir='ltr'><strong><em>nuda,</em></strong></span> <span class='ocrx_word' id='word_1_286' title='bbox 1164 1379 1205 1409; x_wconf 79' lang='lat' dir='ltr'><strong><em>ad</em></strong></span> <span class='ocrx_word' id='word_1_287' title='bbox 1226 1391 1289 1408; x_wconf 87' lang='lat' dir='ltr'><strong><em>eum</em></strong></span> <span class='ocrx_word' id='word_1_288' title='bbox 1314 1387 1345 1408; x_wconf 85' lang='lat' dir='ltr'><strong><em>ut</em></strong></span> <span class='ocrx_word' id='word_1_289' title='bbox 1368 1381 1533 1420; x_wconf 70' lang='lat' dir='ltr'><strong><em>conque-ri,</em></strong></span> <span class='ocrx_word' id='word_1_290' title='bbox 1566 1379 1681 1409; x_wconf 80' lang='lat' dir='ltr'><strong><em>interim</em></strong></span> 
     </span>
     <span class='ocr_line' id='line_1_29' title="bbox 670 1420 1020 1461; baseline 0.003 -10"><span class='ocrx_word' id='word_1_291' title='bbox 670 1420 808 1451; x_wconf 80' lang='lat' dir='ltr'><strong><em>Mulieres</em></strong></span> <span class='ocrx_word' id='word_1_292' title='bbox 829 1422 1020 1461; x_wconf 80' lang='lat' dir='ltr'><strong><em>conspiciunt.</em></strong></span> 
     </span>
    </p>
   </div>
   <div class='ocr_carea' id='block_1_4' title="bbox 213 1469 2160 1641">
    <p class='ocr_par' dir='ltr' id='par_1_4' title="bbox 213 1469 2160 1589">
     <span class='ocr_line' id='line_1_30' title="bbox 213 1469 2159 1512; baseline -0.002 -8"><span class='ocrx_word' id='word_1_293' title='bbox 213 1476 279 1504; x_wconf 88' lang='lat' dir='ltr'><strong><em>Hoc</em></strong></span> <span class='ocrx_word' id='word_1_294' title='bbox 301 1474 388 1503; x_wconf 76' lang='lat' dir='ltr'><strong><em>etiam</em></strong></span> <span class='ocrx_word' id='word_1_295' title='bbox 411 1477 525 1502; x_wconf 84' lang='lat' dir='ltr'><strong><em>veteres</em></strong></span> <span class='ocrx_word' id='word_1_296' title='bbox 548 1483 685 1502; x_wconf 69' lang='lat' dir='ltr'><strong><em>cernuat-e</em></strong></span> <span class='ocrx_word' id='word_1_297' title='bbox 708 1472 863 1510; x_wconf 85' lang='lat' dir='ltr'><strong><em>dicebant,</em></strong></span> <span class='ocrx_word' id='word_1_298' title='bbox 902 1483 1080 1512; x_wconf 86' lang='lat' dir='ltr'><strong><em>quamquam</em></strong></span> <span class='ocrx_word' id='word_1_299' title='bbox 1103 1477 1132 1503; x_wconf 86' lang='lat' dir='ltr'><strong><em>et</em></strong></span> <span class='ocrx_word' id='word_1_300' title='bbox 1154 1483 1297 1503; x_wconf 88' lang='lat' dir='ltr'><strong><em>cernuare</em></strong></span> <span class='ocrx_word' id='word_1_301' title='bbox 1321 1473 1407 1502; x_wconf 80' lang='lat' dir='ltr'><strong><em>etiam</em></strong></span> <span class='ocrx_word' id='word_1_302' title='bbox 1432 1469 1498 1503; x_wconf 73' lang='grc' dir='ltr'><strong><em>ἀντὶ</em></strong></span> <span class='ocrx_word' id='word_1_303' title='bbox 1526 1474 1579 1503; x_wconf 88' lang='grc' dir='ltr'><strong><em>τοῦ</em></strong></span> <span class='ocrx_word' id='word_1_304' title='bbox 1607 1469 1798 1508; x_wconf 68' lang='grc' dir='ltr'><em>ἀσκωλιάζειν</em></span> <span class='ocrx_word' id='word_1_305' title='bbox 1827 1472 2020 1512; x_wconf 80' lang='lat' dir='ltr'><strong><em>accipiebant.</em></strong></span> <span class='ocrx_word' id='word_1_306' title='bbox 2065 1471 2159 1502; x_wconf 86' lang='lat' dir='ltr'><strong><em>Varro</em></strong></span> 
     </span>
     <span class='ocr_line' id='line_1_31' title="bbox 214 1514 2160 1556; baseline -0.002 -10"><span class='ocrx_word' id='word_1_307' title='bbox 214 1518 263 1548; x_wconf 87' lang='lat' dir='ltr'><strong><em>lib.</em></strong></span> <span class='ocrx_word' id='word_1_308' title='bbox 277 1518 300 1547; x_wconf 88' lang='grc' dir='ltr'><strong><em>Ι.</em></strong></span> <span class='ocrx_word' id='word_1_309' title='bbox 323 1517 359 1545; x_wconf 86' lang='lat' dir='ltr'><strong><em>de</em></strong></span> <span class='ocrx_word' id='word_1_310' title='bbox 382 1516 442 1544; x_wconf 82' lang='lat' dir='ltr'><strong><em>vita</em></strong></span> <span class='ocrx_word' id='word_1_311' title='bbox 468 1515 572 1554; x_wconf 88' lang='lat' dir='ltr'><strong><em>populi</em></strong></span> <span class='ocrx_word' id='word_1_312' title='bbox 596 1516 697 1543; x_wconf 74' lang='lat' dir='ltr'><strong><em>Rom-z</em></strong></span> <span class='ocrx_word' id='word_1_313' title='bbox 733 1514 830 1544; x_wconf 81' lang='lat' dir='ltr'><strong><em>Etiam</em></strong></span> <span class='ocrx_word' id='word_1_314' title='bbox 858 1514 949 1555; x_wconf 81' lang='lat' dir='ltr'><strong><em>pelles</em></strong></span> <span class='ocrx_word' id='word_1_315' title='bbox 978 1515 1101 1545; x_wconf 80' lang='lat' dir='ltr'><strong><em>bubulas</em></strong></span> <span class='ocrx_word' id='word_1_316' title='bbox 1131 1515 1194 1546; x_wconf 84' lang='lat' dir='ltr'><strong><em>oleo</em></strong></span> <span class='ocrx_word' id='word_1_317' title='bbox 1222 1515 1358 1556; x_wconf 79' lang='lat' dir='ltr'><strong><em>perfusas</em></strong></span> <span class='ocrx_word' id='word_1_318' title='bbox 1383 1514 1589 1555; x_wconf 72' lang='lat' dir='ltr'><strong><em>percurrebant</em></strong></span> <span class='ocrx_word' id='word_1_319' title='bbox 1620 1514 1716 1556; x_wconf 78' lang='lat' dir='ltr'><strong><em>ibique</em></strong></span> <span class='ocrx_word' id='word_1_320' title='bbox 1744 1515 1930 1546; x_wconf 82' lang='lat' dir='ltr'><strong><em>cernuabant.</em></strong></span> <span class='ocrx_word' id='word_1_321' title='bbox 1975 1516 1998 1544; x_wconf 89' lang='lat' dir='ltr'><strong>A</strong></span> <span class='ocrx_word' id='word_1_322' title='bbox 2025 1525 2084 1554; x_wconf 88' lang='lat' dir='ltr'><strong><em>quo</em></strong></span> <span class='ocrx_word' id='word_1_323' title='bbox 2109 1515 2160 1543; x_wconf 86' lang='lat' dir='ltr'><strong><em>ille</em></strong></span> 
     </span>
     <span class='ocr_line' id='line_1_32' title="bbox 214 1557 700 1589; baseline -0.006 0"><span class='ocrx_word' id='word_1_324' title='bbox 214 1570 317 1589; x_wconf 87' lang='lat' dir='ltr'><strong><em>versus</em></strong></span> <span class='ocrx_word' id='word_1_325' title='bbox 339 1563 423 1587; x_wconf 86' lang='lat' dir='ltr'><strong><em>vetus</em></strong></span> <span class='ocrx_word' id='word_1_326' title='bbox 445 1558 476 1586; x_wconf 89' lang='lat' dir='ltr'><strong><em>in</em></strong></span> <span class='ocrx_word' id='word_1_327' title='bbox 500 1557 700 1587; x_wconf 78' lang='lat' dir='ltr'><strong><em>Carminibus:</em></strong></span> 
     </span>
    </p>

    <p class='ocr_par' dir='ltr' id='par_1_5' title="bbox 670 1598 1423 1641">
     <span class='ocr_line' id='line_1_33' title="bbox 670 1598 1423 1641; baseline 0 -13"><span class='ocrx_word' id='word_1_328' title='bbox 670 1598 736 1628; x_wconf 81' lang='lat' dir='ltr'><strong><em>Sibi</em></strong></span> <span class='ocrx_word' id='word_1_329' title='bbox 753 1606 886 1638; x_wconf 78' lang='lat' dir='ltr'><strong><em>pastores</em></strong></span> <span class='ocrx_word' id='word_1_330' title='bbox 907 1598 993 1628; x_wconf 75' lang='lat' dir='ltr'><strong><em>ludos</em></strong></span> <span class='ocrx_word' id='word_1_331' title='bbox 1005 1598 1132 1641; x_wconf 82' lang='lat' dir='ltr'><strong><em>faciunt</em></strong></span> <span class='ocrx_word' id='word_1_332' title='bbox 1154 1600 1242 1629; x_wconf 83' lang='lat' dir='ltr'><strong><em>coriis</em></strong></span> <span class='ocrx_word' id='word_1_333' title='bbox 1264 1598 1423 1629; x_wconf 84' lang='lat' dir='ltr'><strong><em>cernualia.</em></strong></span> 
     </span>
    </p>
   </div>
   <div class='ocr_carea' id='block_1_5' title="bbox 216 1647 2161 1860">
    <p class='ocr_par' dir='ltr' id='par_1_6' title="bbox 216 1647 2161 1860">
     <span class='ocr_line' id='line_1_34' title="bbox 216 1647 2160 1690; baseline -0.002 -9"><span class='ocrx_word' id='word_1_334' title='bbox 216 1654 271 1682; x_wconf 78' lang='lat' dir='ltr'><strong><em>Hic</em></strong></span> <span class='ocrx_word' id='word_1_335' title='bbox 294 1652 382 1681; x_wconf 84' lang='lat' dir='ltr'><strong><em>ludus</em></strong></span> <span class='ocrx_word' id='word_1_336' title='bbox 405 1648 536 1681; x_wconf 77' lang='grc' dir='ltr'><em>οἶσκωλία</em></span> <span class='ocrx_word' id='word_1_337' title='bbox 558 1651 739 1686; x_wconf 80' lang='lat' dir='ltr'><strong><em>vocabatur,</em></strong></span> <span class='ocrx_word' id='word_1_338' title='bbox 765 1650 802 1678; x_wconf 83' lang='lat' dir='ltr'><strong><em>de</em></strong></span> <span class='ocrx_word' id='word_1_339' title='bbox 825 1660 884 1688; x_wconf 92' lang='lat' dir='ltr'><strong><em>quo</em></strong></span> <span class='ocrx_word' id='word_1_340' title='bbox 907 1651 1049 1688; x_wconf 84' lang='lat' dir='ltr'><strong><em>Virgilius</em></strong></span> <span class='ocrx_word' id='word_1_341' title='bbox 1072 1649 1137 1690; x_wconf 89' lang='lat' dir='ltr'><strong><em>(Ge.</em></strong></span> <span class='ocrx_word' id='word_1_342' title='bbox 1154 1651 1197 1687; x_wconf 82' lang='grc' dir='ltr'><strong><em>ΙΙ,</em></strong></span> <span class='ocrx_word' id='word_1_343' title='bbox 1221 1652 1322 1688; x_wconf 80' lang='grc'>384.);</span> <span class='ocrx_word' id='word_1_344' title='bbox 1359 1649 1469 1679; x_wconf 81' lang='lat' dir='ltr'><strong><em>Uncios</em></strong></span> <span class='ocrx_word' id='word_1_345' title='bbox 1491 1647 1594 1678; x_wconf 80' lang='lat' dir='ltr'><strong><em>saliere</em></strong></span> <span class='ocrx_word' id='word_1_346' title='bbox 1613 1659 1665 1688; x_wconf 86' lang='lat' dir='ltr'><strong><em>per</em></strong></span> <span class='ocrx_word' id='word_1_347' title='bbox 1684 1656 1769 1678; x_wconf 82' lang='lat' dir='ltr'><strong><em>utres.</em></strong></span> <span class='ocrx_word' id='word_1_348' title='bbox 1811 1650 1885 1679; x_wconf 87' lang='lat' dir='ltr'><strong><em>Nam</em></strong></span> <span class='ocrx_word' id='word_1_349' title='bbox 1908 1650 2052 1680; x_wconf 87' lang='lat' dir='ltr'><strong><em>cadebant</em></strong></span> <span class='ocrx_word' id='word_1_350' title='bbox 2073 1651 2160 1689; x_wconf 89' lang='lat' dir='ltr'><strong><em>proni</em></strong></span> 
     </span>
     <span class='ocr_line' id='line_1_35' title="bbox 217 1691 2160 1733; baseline 0 -11"><span class='ocrx_word' id='word_1_351' title='bbox 217 1697 247 1724; x_wconf 84' lang='lat' dir='ltr'><strong><em>in</em></strong></span> <span class='ocrx_word' id='word_1_352' title='bbox 270 1705 378 1730; x_wconf 84' lang='lat' dir='ltr'><strong><em>armos,</em></strong></span> <span class='ocrx_word' id='word_1_353' title='bbox 408 1693 499 1731; x_wconf 86' lang='lat' dir='ltr'><strong><em>idque</em></strong></span> <span class='ocrx_word' id='word_1_354' title='bbox 522 1704 658 1722; x_wconf 86' lang='lat' dir='ltr'><strong><em>cernuare</em></strong></span> <span class='ocrx_word' id='word_1_355' title='bbox 679 1693 836 1722; x_wconf 83' lang='lat' dir='ltr'><strong><em>vocabant.</em></strong></span> <span class='ocrx_word' id='word_1_356' title='bbox 881 1694 973 1721; x_wconf 82' lang='lat' dir='ltr'><strong><em>Erant</em></strong></span> <span class='ocrx_word' id='word_1_357' title='bbox 996 1698 1024 1721; x_wconf 89' lang='lat' dir='ltr'><strong><em>et</em></strong></span> <span class='ocrx_word' id='word_1_358' title='bbox 1047 1693 1155 1721; x_wconf 84' lang='lat' dir='ltr'><strong><em>cernui</em></strong></span> <span class='ocrx_word' id='word_1_359' title='bbox 1180 1693 1268 1730; x_wconf 85' lang='lat' dir='ltr'><strong><em>ludii,</em></strong></span> <span class='ocrx_word' id='word_1_360' title='bbox 1294 1693 1484 1733; x_wconf 81' lang='grc' dir='ltr'><em>κυβιστηταί,</em></span> <span class='ocrx_word' id='word_1_361' title='bbox 1514 1691 1550 1720; x_wconf 88' lang='lat' dir='ltr'><strong><em>de</em></strong></span> <span class='ocrx_word' id='word_1_362' title='bbox 1573 1691 1679 1730; x_wconf 92' lang='lat' dir='ltr'><strong><em>quibus</em></strong></span> <span class='ocrx_word' id='word_1_363' title='bbox 1701 1692 1732 1720; x_wconf 85' lang='lat' dir='ltr'><strong><em>in</em></strong></span> <span class='ocrx_word' id='word_1_364' title='bbox 1756 1692 1959 1722; x_wconf 82' lang='lat' dir='ltr'><strong><em>Coniectaneis</em></strong></span> <span class='ocrx_word' id='word_1_365' title='bbox 1982 1693 2062 1732; x_wconf 82' lang='lat' dir='ltr'><strong><em>(pag.</em></strong></span> <span class='ocrx_word' id='word_1_366' title='bbox 2076 1691 2160 1732; x_wconf 88' lang='lat'><strong><em>168.)</em></strong></span> 
     </span>
     <span class='ocr_line' id='line_1_36' title="bbox 220 1733 2161 1775; baseline 0 -11"><span class='ocrx_word' id='word_1_367' title='bbox 220 1738 360 1767; x_wconf 81' lang='lat' dir='ltr'><strong><em>diximus.</em></strong></span> <span class='ocrx_word' id='word_1_368' title='bbox 404 1736 441 1764; x_wconf 87' lang='lat' dir='ltr'><strong><em>Et</em></strong></span> <span class='ocrx_word' id='word_1_369' title='bbox 464 1735 499 1763; x_wconf 91' lang='lat' dir='ltr'><strong><em>ab</em></strong></span> <span class='ocrx_word' id='word_1_370' title='bbox 524 1745 557 1763; x_wconf 88' lang='lat' dir='ltr'><strong><em>eo</em></strong></span> <span class='ocrx_word' id='word_1_371' title='bbox 580 1735 778 1774; x_wconf 83' lang='lat' dir='ltr'><strong><em>petauristae,</em></strong></span> <span class='ocrx_word' id='word_1_372' title='bbox 810 1734 869 1764; x_wconf 86' lang='lat' dir='ltr'><strong><em>hoc</em></strong></span> <span class='ocrx_word' id='word_1_373' title='bbox 892 1741 936 1765; x_wconf 88' lang='lat' dir='ltr'><strong><em>est</em></strong></span> <span class='ocrx_word' id='word_1_374' title='bbox 958 1735 1139 1772; x_wconf 71' lang='lat' dir='ltr'><strong><em>funambuli,</em></strong></span> <span class='ocrx_word' id='word_1_375' title='bbox 1174 1735 1348 1764; x_wconf 86' lang='lat' dir='ltr'><strong><em>dicebantur</em></strong></span> <span class='ocrx_word' id='word_1_376' title='bbox 1372 1734 1483 1765; x_wconf 82' lang='lat' dir='ltr'><strong><em>cernui.</em></strong></span> <span class='ocrx_word' id='word_1_377' title='bbox 1529 1734 1665 1763; x_wconf 83' lang='lat' dir='ltr'><strong><em>Glossae:</em></strong></span> <span class='ocrx_word' id='word_1_378' title='bbox 1708 1733 1845 1764; x_wconf 83' lang='lat' dir='ltr'><strong><em>Cernulat</em></strong></span> <span class='ocrx_word' id='word_1_379' title='bbox 1873 1737 2018 1775; x_wconf 79' lang='grc' dir='ltr'><strong><em>κυβιστιᾶ.</em></strong></span> <span class='ocrx_word' id='word_1_380' title='bbox 2060 1736 2161 1764; x_wconf 78' lang='lat' dir='ltr'><strong><em>Senec-</em></strong></span> 
     </span>
     <span class='ocr_line' id='line_1_37' title="bbox 220 1775 2160 1818; baseline -0.002 -10"><span class='ocrx_word' id='word_1_381' title='bbox 220 1780 308 1818; x_wconf 82' lang='lat' dir='ltr'><strong><em>Epist.</em></strong></span> <span class='ocrx_word' id='word_1_382' title='bbox 327 1783 374 1815; x_wconf 82' lang='lat'><strong><em>8.‚</em></strong></span> <span class='ocrx_word' id='word_1_383' title='bbox 411 1783 446 1807; x_wconf 86' lang='lat' dir='ltr'><strong><em>ut</em></strong></span> <span class='ocrx_word' id='word_1_384' title='bbox 469 1783 512 1807; x_wconf 89' lang='lat' dir='ltr'><strong><em>est</em></strong></span> <span class='ocrx_word' id='word_1_385' title='bbox 535 1778 775 1807; x_wconf 82' lang='lat' dir='ltr'><strong><em>animadversum</em></strong></span> <span class='ocrx_word' id='word_1_386' title='bbox 799 1788 815 1806; x_wconf 82' lang='lat' dir='ltr'><strong><em>a</em></strong></span> <span class='ocrx_word' id='word_1_387' title='bbox 838 1779 872 1808; x_wconf 91' lang='lat' dir='ltr'><strong><em>N.</em></strong></span> <span class='ocrx_word' id='word_1_388' title='bbox 897 1778 993 1806; x_wconf 86' lang='lat' dir='ltr'><strong><em>Fabro</em></strong></span> <span class='ocrx_word' id='word_1_389' title='bbox 1017 1789 1054 1806; x_wconf 84' lang='lat' dir='ltr'><strong><em>ex</em></strong></span> <span class='ocrx_word' id='word_1_390' title='bbox 1076 1778 1227 1807; x_wconf 86' lang='lat' dir='ltr'><strong><em>veteribus</em></strong></span> <span class='ocrx_word' id='word_1_391' title='bbox 1249 1778 1348 1807; x_wconf 86' lang='lat' dir='ltr'><strong><em>libris:</em></strong></span> <span class='ocrx_word' id='word_1_392' title='bbox 1385 1777 1455 1806; x_wconf 89' lang='lat' dir='ltr'><strong><em>Non</em></strong></span> <span class='ocrx_word' id='word_1_393' title='bbox 1480 1777 1564 1805; x_wconf 74' lang='lat' dir='ltr'><strong><em>vertit</em></strong></span> <span class='ocrx_word' id='word_1_394' title='bbox 1583 1776 1731 1818; x_wconf 80' lang='lat' dir='ltr'><strong><em>fortuna,</em></strong></span> <span class='ocrx_word' id='word_1_395' title='bbox 1769 1776 1820 1806; x_wconf 74' lang='lat' dir='ltr'><strong><em>sed</em></strong></span> <span class='ocrx_word' id='word_1_396' title='bbox 1848 1776 1978 1808; x_wconf 80' lang='lat' dir='ltr'><strong><em>cernulat</em></strong></span> <span class='ocrx_word' id='word_1_397' title='bbox 2006 1785 2032 1806; x_wconf 83' lang='lat' dir='ltr'><strong><em>et</em></strong></span> <span class='ocrx_word' id='word_1_398' title='bbox 2051 1775 2160 1808; x_wconf 75' lang='lat' dir='ltr'><strong><em>allidit.</em></strong></span> 
     </span>
     <span class='ocr_line' id='line_1_38' title="bbox 222 1818 1519 1860; baseline -0.002 -11"><span class='ocrx_word' id='word_1_399' title='bbox 222 1820 356 1850; x_wconf 83' lang='lat' dir='ltr'><strong><em>Cernulus</em></strong></span> <span class='ocrx_word' id='word_1_400' title='bbox 378 1819 589 1860; x_wconf 77' lang='grc' dir='ltr'><em>πεταυριστής,</em></span> <span class='ocrx_word' id='word_1_401' title='bbox 614 1821 776 1849; x_wconf 78' lang='lat' dir='ltr'><strong><em>Cernuavit</em></strong></span> <span class='ocrx_word' id='word_1_402' title='bbox 797 1818 1043 1859; x_wconf 80' lang='grc' dir='ltr'><em>πεπεταύρισται,</em></span> <span class='ocrx_word' id='word_1_403' title='bbox 1067 1821 1152 1849; x_wconf 85' lang='lat' dir='ltr'><strong><em>male.</em></strong></span> <span class='ocrx_word' id='word_1_404' title='bbox 1193 1821 1318 1849; x_wconf 74' lang='lat' dir='ltr'><strong><em>Cet-nuit.</em></strong></span> <span class='ocrx_word' id='word_1_405' title='bbox 1362 1819 1519 1848; x_wconf 85' lang='lat' dir='ltr'><strong><em>Lucillius:</em></strong></span> 
     </span>
    </p>
   </div>
   <div class='ocr_carea' id='block_1_6' title="bbox 670 1868 1606 1911">
    <p class='ocr_par' dir='ltr' id='par_1_7' title="bbox 670 1868 1606 1911">
     <span class='ocr_line' id='line_1_39' title="bbox 670 1868 1606 1911; baseline -0.001 -12"><span class='ocrx_word' id='word_1_406' title='bbox 670 1870 766 1901; x_wconf 78' lang='lat' dir='ltr'><strong><em>Modo</em></strong></span> <span class='ocrx_word' id='word_1_407' title='bbox 788 1883 918 1909; x_wconf 82' lang='lat' dir='ltr'><strong><em>sursum,</em></strong></span> <span class='ocrx_word' id='word_1_408' title='bbox 952 1870 1040 1901; x_wconf 81' lang='lat' dir='ltr'><strong><em>modo</em></strong></span> <span class='ocrx_word' id='word_1_409' title='bbox 1064 1870 1196 1900; x_wconf 82' lang='lat' dir='ltr'><strong><em>deorsum</em></strong></span> <span class='ocrx_word' id='word_1_410' title='bbox 1219 1878 1359 1911; x_wconf 84' lang='lat' dir='ltr'><strong><em>tanquam</em></strong></span> <span class='ocrx_word' id='word_1_411' title='bbox 1382 1868 1477 1899; x_wconf 82' lang='lat' dir='ltr'><strong><em>collus</em></strong></span> <span class='ocrx_word' id='word_1_412' title='bbox 1500 1870 1606 1906; x_wconf 83' lang='lat' dir='ltr'><strong><em>cernui,</em></strong></span> 
     </span>
    </p>
   </div>
   <div class='ocr_carea' id='block_1_7' title="bbox 223 1919 2162 2466">
    <p class='ocr_par' dir='ltr' id='par_1_8' title="bbox 223 1919 2162 2251">
     <span class='ocr_line' id='line_1_40' title="bbox 223 1919 2162 1960; baseline 0.001 -13"><span class='ocrx_word' id='word_1_413' title='bbox 223 1919 279 1947; x_wconf 89' lang='lat' dir='ltr'><strong><em>hoc</em></strong></span> <span class='ocrx_word' id='word_1_414' title='bbox 301 1925 343 1948; x_wconf 83' lang='lat' dir='ltr'><strong><em>est</em></strong></span> <span class='ocrx_word' id='word_1_415' title='bbox 365 1921 551 1959; x_wconf 83' lang='lat' dir='ltr'><strong><em>petauristae.</em></strong></span> <span class='ocrx_word' id='word_1_416' title='bbox 585 1922 691 1951; x_wconf 83' lang='lat' dir='ltr'><strong><em>Evenit</em></strong></span> <span class='ocrx_word' id='word_1_417' title='bbox 713 1923 788 1951; x_wconf 89' lang='lat' dir='ltr'><strong><em>enim</em></strong></span> <span class='ocrx_word' id='word_1_418' title='bbox 811 1922 855 1950; x_wconf 83' lang='lat' dir='ltr'><strong><em>illi</em></strong></span> <span class='ocrx_word' id='word_1_419' title='bbox 878 1933 958 1951; x_wconf 84' lang='lat' dir='ltr'><strong><em>nunc</em></strong></span> <span class='ocrx_word' id='word_1_420' title='bbox 982 1932 1116 1958; x_wconf 85' lang='lat' dir='ltr'><strong><em>sursum,</em></strong></span> <span class='ocrx_word' id='word_1_421' title='bbox 1139 1931 1220 1950; x_wconf 84' lang='lat' dir='ltr'><strong><em>nunc</em></strong></span> <span class='ocrx_word' id='word_1_422' title='bbox 1243 1921 1382 1949; x_wconf 83' lang='lat' dir='ltr'><strong><em>deorsum</em></strong></span> <span class='ocrx_word' id='word_1_423' title='bbox 1405 1920 1516 1949; x_wconf 83' lang='lat' dir='ltr'><strong><em>collum</em></strong></span> <span class='ocrx_word' id='word_1_424' title='bbox 1538 1920 1689 1960; x_wconf 87' lang='lat' dir='ltr'><strong><em>pendere,</em></strong></span> <span class='ocrx_word' id='word_1_425' title='bbox 1712 1926 1801 1960; x_wconf 86' lang='lat' dir='ltr'><strong><em>prout</em></strong></span> <span class='ocrx_word' id='word_1_426' title='bbox 1824 1925 1874 1950; x_wconf 86' lang='lat' dir='ltr'><strong><em>aut</em></strong></span> <span class='ocrx_word' id='word_1_427' title='bbox 1896 1930 1927 1950; x_wconf 84' lang='lat' dir='ltr'><strong><em>se</em></strong></span> <span class='ocrx_word' id='word_1_428' title='bbox 1949 1920 2089 1949; x_wconf 85' lang='lat' dir='ltr'><strong><em>deorsum</em></strong></span> <span class='ocrx_word' id='word_1_429' title='bbox 2110 1919 2162 1948; x_wconf 86' lang='lat' dir='ltr'><strong><em>de-</em></strong></span> 
     </span>
     <span class='ocr_line' id='line_1_41' title="bbox 223 1962 2161 2004; baseline 0.002 -15"><span class='ocrx_word' id='word_1_430' title='bbox 223 1962 302 1995; x_wconf 77' lang='lat' dir='ltr'><strong><em>iicit,</em></strong></span> <span class='ocrx_word' id='word_1_431' title='bbox 325 1967 374 1990; x_wconf 81' lang='lat' dir='ltr'><strong><em>aut</em></strong></span> <span class='ocrx_word' id='word_1_432' title='bbox 395 1963 425 1990; x_wconf 90' lang='lat' dir='ltr'><strong><em>in</em></strong></span> <span class='ocrx_word' id='word_1_433' title='bbox 449 1964 540 1992; x_wconf 81' lang='lat' dir='ltr'><strong><em>altum</em></strong></span> <span class='ocrx_word' id='word_1_434' title='bbox 564 1965 690 1993; x_wconf 81' lang='lat' dir='ltr'><strong><em>subiicit.</em></strong></span> <span class='ocrx_word' id='word_1_435' title='bbox 715 1963 816 1994; x_wconf 85' lang='lat' dir='ltr'><strong><em>Scal.</em></strong></span> <span class='ocrx_word' id='word_1_436' title='bbox 857 1965 936 1993; x_wconf 88' lang='lat' dir='ltr'><strong><em>Nihil</em></strong></span> <span class='ocrx_word' id='word_1_437' title='bbox 961 1965 1019 2002; x_wconf 83' lang='lat' dir='ltr'><strong><em>agit</em></strong></span> <span class='ocrx_word' id='word_1_438' title='bbox 1041 1964 1185 2001; x_wconf 74' lang='lat' dir='ltr'><strong><em>Scaliger,</em></strong></span> <span class='ocrx_word' id='word_1_439' title='bbox 1215 1964 1365 2004; x_wconf 83' lang='lat' dir='ltr'><strong><em>coinquire</em></strong></span> <span class='ocrx_word' id='word_1_440' title='bbox 1387 1964 1587 2002; x_wconf 75' lang='lat' dir='ltr'><strong><em>compositum</em></strong></span> <span class='ocrx_word' id='word_1_441' title='bbox 1611 1974 1626 1992; x_wconf 90' lang='lat' dir='ltr'><strong><em>a</em></strong></span> <span class='ocrx_word' id='word_1_442' title='bbox 1648 1964 1741 1992; x_wconf 87' lang='lat' dir='ltr'><strong><em>verbo</em></strong></span> <span class='ocrx_word' id='word_1_443' title='bbox 1764 1964 1869 2004; x_wconf 83' lang='lat' dir='ltr'><strong><em>inquo,</em></strong></span> <span class='ocrx_word' id='word_1_444' title='bbox 1895 1963 1975 2002; x_wconf 88' lang='lat' dir='ltr'><strong><em>quod</em></strong></span> <span class='ocrx_word' id='word_1_445' title='bbox 1996 1967 2039 1992; x_wconf 89' lang='lat' dir='ltr'><strong><em>est</em></strong></span> <span class='ocrx_word' id='word_1_446' title='bbox 2057 1973 2161 2002; x_wconf 77' lang='lat' dir='ltr'><strong><em>purgo.</em></strong></span> 
     </span>
     <span class='ocr_line' id='line_1_42' title="bbox 225 2003 2161 2047; baseline 0.002 -17"><span class='ocrx_word' id='word_1_447' title='bbox 225 2003 367 2041; x_wconf 75' lang='lat' dir='ltr'><strong><em>Deputare</em></strong></span> <span class='ocrx_word' id='word_1_448' title='bbox 389 2010 482 2033; x_wconf 84' lang='lat' dir='ltr'><strong><em>autem</em></strong></span> <span class='ocrx_word' id='word_1_449' title='bbox 506 2006 580 2035; x_wconf 82' lang='lat' dir='ltr'><strong><em>nihil</em></strong></span> <span class='ocrx_word' id='word_1_450' title='bbox 603 2012 645 2036; x_wconf 88' lang='lat' dir='ltr'><strong><em>est</em></strong></span> <span class='ocrx_word' id='word_1_451' title='bbox 666 2007 764 2043; x_wconf 89' lang='lat' dir='ltr'><strong><em>aliud,</em></strong></span> <span class='ocrx_word' id='word_1_452' title='bbox 791 2017 878 2046; x_wconf 84' lang='lat' dir='ltr'><strong><em>quam</em></strong></span> <span class='ocrx_word' id='word_1_453' title='bbox 899 2014 1017 2047; x_wconf 85' lang='lat' dir='ltr'><strong><em>putare,</em></strong></span> <span class='ocrx_word' id='word_1_454' title='bbox 1043 2007 1075 2035; x_wconf 89' lang='lat' dir='ltr'><strong><em>id</em></strong></span> <span class='ocrx_word' id='word_1_455' title='bbox 1099 2012 1142 2035; x_wconf 87' lang='lat' dir='ltr'><strong><em>est</em></strong></span> <span class='ocrx_word' id='word_1_456' title='bbox 1161 2017 1296 2046; x_wconf 80' lang='lat' dir='ltr'><strong><em>purgare.</em></strong></span> <span class='ocrx_word' id='word_1_457' title='bbox 1341 2006 1545 2044; x_wconf 73' lang='lat' dir='ltr'><strong><em>compositum</em></strong></span> <span class='ocrx_word' id='word_1_458' title='bbox 1568 2016 1623 2045; x_wconf 86' lang='lat' dir='ltr'><strong><em>pro</em></strong></span> <span class='ocrx_word' id='word_1_459' title='bbox 1647 2005 1790 2045; x_wconf 81' lang='lat' dir='ltr'><strong><em>simplici,</em></strong></span> <span class='ocrx_word' id='word_1_460' title='bbox 1816 2010 1848 2034; x_wconf 87' lang='lat' dir='ltr'><strong><em>ut</em></strong></span> <span class='ocrx_word' id='word_1_461' title='bbox 1871 2005 1912 2034; x_wconf 82' lang='lat' dir='ltr'><strong><em>fit.</em></strong></span> <span class='ocrx_word' id='word_1_462' title='bbox 1956 2005 2017 2034; x_wconf 84' lang='lat' dir='ltr'><strong><em>Imo</em></strong></span> <span class='ocrx_word' id='word_1_463' title='bbox 2041 2009 2069 2033; x_wconf 93' lang='lat' dir='ltr'><strong><em>et</em></strong></span> <span class='ocrx_word' id='word_1_464' title='bbox 2091 2005 2161 2033; x_wconf 88' lang='lat' dir='ltr'><strong><em>alibi</em></strong></span> 
     </span>
     <span class='ocr_line' id='line_1_43' title="bbox 226 2045 2162 2088; baseline 0.001 -15"><span class='ocrx_word' id='word_1_465' title='bbox 226 2045 353 2081; x_wconf 68' lang='lat' dir='ltr'><strong><em>Scaliger</em></strong></span> <span class='ocrx_word' id='word_1_466' title='bbox 377 2045 434 2073; x_wconf 83' lang='lat' dir='ltr'><strong><em>sere</em></strong></span> <span class='ocrx_word' id='word_1_467' title='bbox 457 2050 627 2078; x_wconf 75' lang='lat' dir='ltr'><strong><em>sententiam</em></strong></span> <span class='ocrx_word' id='word_1_468' title='bbox 651 2050 799 2086; x_wconf 76' lang='lat' dir='ltr'><strong><em>demutat,</em></strong></span> <span class='ocrx_word' id='word_1_469' title='bbox 830 2060 898 2078; x_wconf 90' lang='lat' dir='ltr'><strong><em>cum</em></strong></span> <span class='ocrx_word' id='word_1_470' title='bbox 921 2050 1043 2079; x_wconf 81' lang='lat' dir='ltr'><strong><em>adducit</em></strong></span> <span class='ocrx_word' id='word_1_471' title='bbox 1065 2049 1141 2078; x_wconf 92' lang='lat' dir='ltr'><strong><em>illud</em></strong></span> <span class='ocrx_word' id='word_1_472' title='bbox 1165 2060 1180 2078; x_wconf 91' lang='lat' dir='ltr'><strong><em>e</em></strong></span> <span class='ocrx_word' id='word_1_473' title='bbox 1202 2048 1303 2077; x_wconf 82' lang='lat' dir='ltr'><strong><em>tabula</em></strong></span> <span class='ocrx_word' id='word_1_474' title='bbox 1325 2058 1488 2076; x_wconf 80' lang='lat' dir='ltr'><strong><em>marmorea</em></strong></span> <span class='ocrx_word' id='word_1_475' title='bbox 1511 2049 1637 2077; x_wconf 84' lang='lat' dir='ltr'><strong><em>Romae:</em></strong></span> <span class='ocrx_word' id='word_1_476' title='bbox 1670 2047 1835 2088; x_wconf 85' lang='lat' dir='ltr'><strong><em>Earumque</em></strong></span> <span class='ocrx_word' id='word_1_477' title='bbox 1856 2047 1994 2077; x_wconf 81' lang='lat' dir='ltr'><strong><em>arborum</em></strong></span> <span class='ocrx_word' id='word_1_478' title='bbox 2017 2045 2162 2088; x_wconf 75' lang='lat' dir='ltr'><strong><em>adolefa-</em></strong></span> 
     </span>
     <span class='ocr_line' id='line_1_44' title="bbox 227 2088 2162 2131; baseline 0.001 -15"><span class='ocrx_word' id='word_1_479' title='bbox 227 2094 339 2116; x_wconf 70' lang='lat' dir='ltr'><strong><em>ctat-um</em></strong></span> <span class='ocrx_word' id='word_1_480' title='bbox 362 2093 386 2113; x_wconf 83' lang='lat' dir='ltr'><strong><em>et</em></strong></span> <span class='ocrx_word' id='word_1_481' title='bbox 410 2088 663 2126; x_wconf 82' lang='lat' dir='ltr'><strong><em>coinquenclarum.</em></strong></span> <span class='ocrx_word' id='word_1_482' title='bbox 697 2091 735 2120; x_wconf 83' lang='lat' dir='ltr'><strong><em>Et</em></strong></span> <span class='ocrx_word' id='word_1_483' title='bbox 758 2093 788 2120; x_wconf 88' lang='lat' dir='ltr'><strong><em>in</em></strong></span> <span class='ocrx_word' id='word_1_484' title='bbox 811 2103 843 2121; x_wconf 91' lang='lat' dir='ltr'><strong><em>eo</em></strong></span> <span class='ocrx_word' id='word_1_485' title='bbox 867 2090 933 2121; x_wconf 82' lang='lat' dir='ltr'><strong><em>luco</em></strong></span> <span class='ocrx_word' id='word_1_486' title='bbox 957 2091 1034 2121; x_wconf 85' lang='lat' dir='ltr'><strong><em>aliae</em></strong></span> <span class='ocrx_word' id='word_1_487' title='bbox 1055 2093 1113 2121; x_wconf 87' lang='lat' dir='ltr'><strong><em>sint</em></strong></span> <span class='ocrx_word' id='word_1_488' title='bbox 1135 2091 1283 2130; x_wconf 75' lang='lat' dir='ltr'><strong><em>repositae.</em></strong></span> <span class='ocrx_word' id='word_1_489' title='bbox 1306 2090 1394 2119; x_wconf 89' lang='lat' dir='ltr'><strong><em>Dac.</em></strong></span> <span class='ocrx_word' id='word_1_490' title='bbox 1444 2089 1667 2131; x_wconf 84' lang='lat' dir='ltr'><strong><em>Conquiniscere</em></strong></span> <span class='ocrx_word' id='word_1_491' title='bbox 1689 2091 1783 2119; x_wconf 91' lang='lat' dir='ltr'><strong><em>Nonio</em></strong></span> <span class='ocrx_word' id='word_1_492' title='bbox 1806 2089 1956 2119; x_wconf 76' lang='lat' dir='ltr'><strong><em>decubare.</em></strong></span> <span class='ocrx_word' id='word_1_493' title='bbox 1983 2088 2086 2119; x_wconf 77' lang='lat' dir='ltr'><strong><em>Goth.</em></strong></span> <span class='ocrx_word' id='word_1_494' title='bbox 2123 2090 2162 2118; x_wconf 89' lang='lat' dir='ltr'><strong><em>Ut</em></strong></span> 
     </span>
     <span class='ocr_line' id='line_1_45' title="bbox 226 2129 2162 2174; baseline -0.003 -9"><span class='ocrx_word' id='word_1_495' title='bbox 226 2139 316 2158; x_wconf 61' lang='lat' dir='ltr'><strong><em>secere</em></strong></span> <span class='ocrx_word' id='word_1_496' title='bbox 340 2138 441 2165; x_wconf 40' lang='lat'><strong>⁵³3⁰&amp;</strong></span> <span class='ocrx_word' id='word_1_497' title='bbox 463 2129 576 2167; x_wconf 67' lang='lat' dir='ltr'><strong><em>dicere,</em></strong></span> <span class='ocrx_word' id='word_1_498' title='bbox 599 2138 627 2161; x_wconf 86' lang='lat' dir='ltr'><strong><em>et</em></strong></span> <span class='ocrx_word' id='word_1_499' title='bbox 648 2145 760 2171; x_wconf 76' lang='lat' dir='ltr'><strong><em>secare3</em></strong></span> <span class='ocrx_word' id='word_1_500' title='bbox 783 2139 815 2162; x_wconf 83' lang='lat' dir='ltr'><strong><em>ut</em></strong></span> <span class='ocrx_word' id='word_1_501' title='bbox 835 2142 940 2174; x_wconf 85' lang='lat' dir='ltr'><strong><em>putare</em></strong></span> <span class='ocrx_word' id='word_1_502' title='bbox 961 2135 1130 2163; x_wconf 81' lang='lat' dir='ltr'><strong><em>existimare</em></strong></span> <span class='ocrx_word' id='word_1_503' title='bbox 1153 2139 1181 2162; x_wconf 89' lang='lat' dir='ltr'><strong><em>et</em></strong></span> <span class='ocrx_word' id='word_1_504' title='bbox 1201 2141 1304 2172; x_wconf 84' lang='lat' dir='ltr'><strong><em>putare</em></strong></span> <span class='ocrx_word' id='word_1_505' title='bbox 1325 2133 1344 2161; x_wconf 91' lang='lat' dir='ltr'><strong><em>i.</em></strong></span> <span class='ocrx_word' id='word_1_506' title='bbox 1368 2144 1394 2171; x_wconf 93' lang='lat' dir='ltr'><strong><em>q.</em></strong></span> <span class='ocrx_word' id='word_1_507' title='bbox 1418 2143 1533 2170; x_wconf 86' lang='lat' dir='ltr'><strong><em>secare;</em></strong></span> <span class='ocrx_word' id='word_1_508' title='bbox 1558 2133 1600 2161; x_wconf 89' lang='lat' dir='ltr'><strong><em>sic</em></strong></span> <span class='ocrx_word' id='word_1_509' title='bbox 1622 2134 1739 2174; x_wconf 82' lang='lat' dir='ltr'><strong><em>inquere</em></strong></span> <span class='ocrx_word' id='word_1_510' title='bbox 1757 2131 1904 2172; x_wconf 87' lang='lat' dir='ltr'><strong><em>(inquam)</em></strong></span> <span class='ocrx_word' id='word_1_511' title='bbox 1928 2132 2043 2168; x_wconf 85' lang='lat' dir='ltr'><strong><em>dicere,</em></strong></span> <span class='ocrx_word' id='word_1_512' title='bbox 2065 2136 2095 2160; x_wconf 91' lang='lat' dir='ltr'><strong><em>et</em></strong></span> <span class='ocrx_word' id='word_1_513' title='bbox 2117 2132 2162 2160; x_wconf 83' lang='lat' dir='ltr'><strong><em>in·</em></strong></span> 
     </span>
     <span class='ocr_line' id='line_1_46' title="bbox 227 2174 2161 2217; baseline 0.003 -19"><span class='ocrx_word' id='word_1_514' title='bbox 227 2182 310 2210; x_wconf 86' lang='lat' dir='ltr'><strong><em>quere</em></strong></span> <span class='ocrx_word' id='word_1_515' title='bbox 331 2180 446 2206; x_wconf 87' lang='lat' dir='ltr'><strong><em>secare,</em></strong></span> <span class='ocrx_word' id='word_1_516' title='bbox 481 2178 601 2208; x_wconf 77' lang='lat' dir='ltr'><strong><em>cognata</em></strong></span> <span class='ocrx_word' id='word_1_517' title='bbox 624 2185 686 2204; x_wconf 80' lang='lat' dir='ltr'><strong><em>esse</em></strong></span> <span class='ocrx_word' id='word_1_518' title='bbox 706 2177 857 2207; x_wconf 81' lang='lat' dir='ltr'><strong><em>videntur.</em></strong></span> <span class='ocrx_word' id='word_1_519' title='bbox 903 2177 1002 2213; x_wconf 91' lang='lat' dir='ltr'><strong><em>Quare</em></strong></span> <span class='ocrx_word' id='word_1_520' title='bbox 1028 2176 1207 2217; x_wconf 83' lang='lat' dir='ltr'><strong><em>Coninquere</em></strong></span> <span class='ocrx_word' id='word_1_521' title='bbox 1230 2175 1304 2204; x_wconf 86' lang='lat' dir='ltr'><strong><em>nihil</em></strong></span> <span class='ocrx_word' id='word_1_522' title='bbox 1328 2179 1372 2204; x_wconf 85' lang='lat' dir='ltr'><strong><em>est</em></strong></span> <span class='ocrx_word' id='word_1_523' title='bbox 1393 2175 1451 2204; x_wconf 85' lang='lat' dir='ltr'><strong><em>nisi</em></strong></span> <span class='ocrx_word' id='word_1_524' title='bbox 1473 2174 1674 2213; x_wconf 80' lang='lat' dir='ltr'><strong><em>conscindere,</em></strong></span> <span class='ocrx_word' id='word_1_525' title='bbox 1711 2174 1879 2211; x_wconf 75' lang='lat' dir='ltr'><strong><em>concidere5</em></strong></span> <span class='ocrx_word' id='word_1_526' title='bbox 1915 2179 2004 2214; x_wconf 85' lang='lat' dir='ltr'><strong><em>atque</em></strong></span> <span class='ocrx_word' id='word_1_527' title='bbox 2025 2174 2067 2203; x_wconf 85' lang='lat' dir='ltr'><strong><em>ita</em></strong></span> <span class='ocrx_word' id='word_1_528' title='bbox 2089 2174 2161 2203; x_wconf 78' lang='lat' dir='ltr'><strong><em>scri-</em></strong></span> 
     </span>
     <span class='ocr_line' id='line_1_47' title="bbox 226 2212 640 2251; baseline 0 -9"><span class='ocrx_word' id='word_1_529' title='bbox 226 2213 373 2245; x_wconf 77' lang='lat' dir='ltr'><strong><em>bendum,</em></strong></span> <span class='ocrx_word' id='word_1_530' title='bbox 395 2212 438 2240; x_wconf 83' lang='lat' dir='ltr'><strong><em>uti</em></strong></span> <span class='ocrx_word' id='word_1_531' title='bbox 461 2214 640 2251; x_wconf 83' lang='lat' dir='ltr'><strong><em>scripsimus.</em></strong></span> 
     </span>
    </p>

    <p class='ocr_par' dir='ltr' id='par_1_9' title="bbox 230 2252 2160 2466">
     <span class='ocr_line' id='line_1_48' title="bbox 394 2252 2160 2299; baseline 0.002 -17"><span class='ocrx_word' id='word_1_532' title='bbox 394 2252 609 2296; x_wconf 80' lang='lat' dir='ltr'><strong><em>Carnificis</em></strong></span> <span class='ocrx_word' id='word_1_533' title='bbox 632 2256 725 2287; x_wconf 79' lang='lat' dir='ltr'><strong><em>loco.</em></strong></span> <span class='ocrx_word' id='word_1_534' title='bbox 756 2260 907 2298; x_wconf 83' lang='lat' dir='ltr'><strong><em>Originem</em></strong></span> <span class='ocrx_word' id='word_1_535' title='bbox 930 2261 1018 2289; x_wconf 88' lang='lat' dir='ltr'><strong><em>huius</em></strong></span> <span class='ocrx_word' id='word_1_536' title='bbox 1040 2261 1132 2289; x_wconf 84' lang='lat' dir='ltr'><strong><em>moris</em></strong></span> <span class='ocrx_word' id='word_1_537' title='bbox 1156 2260 1287 2299; x_wconf 80' lang='lat' dir='ltr'><strong><em>explicat</em></strong></span> <span class='ocrx_word' id='word_1_538' title='bbox 1308 2264 1392 2288; x_wconf 79' lang='lat' dir='ltr'><strong><em>vetus</em></strong></span> <span class='ocrx_word' id='word_1_539' title='bbox 1412 2259 1543 2298; x_wconf 82' lang='lat' dir='ltr'><strong><em>scriptor</em></strong></span> <span class='ocrx_word' id='word_1_540' title='bbox 1558 2259 1673 2288; x_wconf 90' lang='lat' dir='ltr'><strong><em>Cassius</em></strong></span> <span class='ocrx_word' id='word_1_541' title='bbox 1696 2259 1796 2289; x_wconf 77' lang='lat' dir='ltr'><strong><em>Emina</em></strong></span> <span class='ocrx_word' id='word_1_542' title='bbox 1816 2259 1894 2299; x_wconf 83' lang='lat' dir='ltr'><strong><em>apud</em></strong></span> <span class='ocrx_word' id='word_1_543' title='bbox 1910 2258 2060 2288; x_wconf 86' lang='lat' dir='ltr'><strong><em>Servium:</em></strong></span> <span class='ocrx_word' id='word_1_544' title='bbox 2084 2258 2160 2286; x_wconf 74' lang='lat' dir='ltr'><strong><em>Tar-</em></strong></span> 
     </span>
     <span class='ocr_line' id='line_1_49' title="bbox 230 2296 2159 2344; baseline -0.003 -13"><span class='ocrx_word' id='word_1_545' title='bbox 230 2297 361 2337; x_wconf 57' lang='lat' dir='ltr'><strong><em>quim&#39;m,</em></strong></span> <span class='ocrx_word' id='word_1_546' title='bbox 384 2296 498 2334; x_wconf 63' lang='grc' dir='ltr'><strong><em>ῘΠΨῙῙῑ)</em></strong></span> <span class='ocrx_word' id='word_1_547' title='bbox 523 2296 667 2336; x_wconf 77' lang='lat' dir='ltr'><strong><em>Superbus</em></strong></span> <span class='ocrx_word' id='word_1_548' title='bbox 688 2310 751 2327; x_wconf 86' lang='lat' dir='ltr'><strong><em>cum</em></strong></span> <span class='ocrx_word' id='word_1_549' title='bbox 775 2301 894 2332; x_wconf 85' lang='lat' dir='ltr'><strong><em>cloacas</em></strong></span> <span class='ocrx_word' id='word_1_550' title='bbox 914 2302 1054 2342; x_wconf 81' lang='lat' dir='ltr'><strong><em>populum</em></strong></span> <span class='ocrx_word' id='word_1_551' title='bbox 1075 2302 1177 2344; x_wconf 82' lang='lat' dir='ltr'><strong><em>facere</em></strong></span> <span class='ocrx_word' id='word_1_552' title='bbox 1198 2303 1352 2341; x_wconf 74' lang='lat' dir='ltr'><strong><em>coegisset,</em></strong></span> <span class='ocrx_word' id='word_1_553' title='bbox 1383 2309 1409 2331; x_wconf 77' lang='lat' dir='ltr'><strong><em>et</em></strong></span> <span class='ocrx_word' id='word_1_554' title='bbox 1430 2301 1465 2331; x_wconf 87' lang='lat' dir='ltr'><strong><em>ob</em></strong></span> <span class='ocrx_word' id='word_1_555' title='bbox 1487 2301 1564 2331; x_wconf 74' lang='lat' dir='ltr'><strong><em>banc</em></strong></span> <span class='ocrx_word' id='word_1_556' title='bbox 1585 2302 1722 2331; x_wconf 86' lang='lat' dir='ltr'><strong><em>iniuriam</em></strong></span> <span class='ocrx_word' id='word_1_557' title='bbox 1744 2300 1830 2330; x_wconf 84' lang='lat' dir='ltr'><strong><em>multi</em></strong></span> <span class='ocrx_word' id='word_1_558' title='bbox 1850 2313 1880 2331; x_wconf 89' lang='lat' dir='ltr'><strong><em>se</em></strong></span> <span class='ocrx_word' id='word_1_559' title='bbox 1899 2300 2053 2340; x_wconf 83' lang='lat' dir='ltr'><strong><em>suspendio</em></strong></span> <span class='ocrx_word' id='word_1_560' title='bbox 2075 2309 2159 2327; x_wconf 82' lang='lat' dir='ltr'><strong><em>neca-</em></strong></span> 
     </span>
     <span class='ocr_line' id='line_1_50' title="bbox 231 2339 2160 2385; baseline -0.003 -10"><span class='ocrx_word' id='word_1_561' title='bbox 231 2346 307 2375; x_wconf 86' lang='lat' dir='ltr'><strong><em>rent,</em></strong></span> <span class='ocrx_word' id='word_1_562' title='bbox 336 2339 418 2367; x_wconf 55' lang='lat' dir='ltr'><strong><em>5²⁸⁸st</em></strong></span> <span class='ocrx_word' id='word_1_563' title='bbox 441 2349 566 2379; x_wconf 74' lang='lat' dir='ltr'><strong><em>C⁰rP0m</em></strong></span> <span class='ocrx_word' id='word_1_564' title='bbox 588 2350 684 2368; x_wconf 76' lang='lat' dir='ltr'><strong><em>eorum</em></strong></span> <span class='ocrx_word' id='word_1_565' title='bbox 708 2344 787 2370; x_wconf 83' lang='lat' dir='ltr'><strong><em>cruci</em></strong></span> <span class='ocrx_word' id='word_1_566' title='bbox 808 2345 894 2384; x_wconf 74' lang='lat' dir='ltr'><strong><em>affigi</em></strong></span> <span class='ocrx_word' id='word_1_567' title='bbox 943 2346 1027 2374; x_wconf 84' lang='lat' dir='ltr'><strong><em>Tunc</em></strong></span> <span class='ocrx_word' id='word_1_568' title='bbox 1046 2346 1173 2385; x_wconf 86' lang='lat' dir='ltr'><strong><em>primum</em></strong></span> <span class='ocrx_word' id='word_1_569' title='bbox 1195 2343 1327 2373; x_wconf 76' lang='lat' dir='ltr'><strong><em>habitum</em></strong></span> <span class='ocrx_word' id='word_1_570' title='bbox 1350 2351 1390 2372; x_wconf 83' lang='lat' dir='ltr'><strong><em>est</em></strong></span> <span class='ocrx_word' id='word_1_571' title='bbox 1412 2351 1493 2384; x_wconf 83' lang='lat' dir='ltr'><strong><em>turpe</em></strong></span> <span class='ocrx_word' id='word_1_572' title='bbox 1514 2351 1633 2374; x_wconf 86' lang='lat' dir='ltr'><strong><em>mortem</em></strong></span> <span class='ocrx_word' id='word_1_573' title='bbox 1655 2343 1712 2373; x_wconf 87' lang='lat' dir='ltr'><strong><em>sibi</em></strong></span> <span class='ocrx_word' id='word_1_574' title='bbox 1734 2344 1918 2374; x_wconf 83' lang='lat' dir='ltr'><strong><em>consciscere.</em></strong></span> <span class='ocrx_word' id='word_1_575' title='bbox 1956 2343 1995 2371; x_wconf 91' lang='lat' dir='ltr'><strong><em>Ut</em></strong></span> <span class='ocrx_word' id='word_1_576' title='bbox 2015 2351 2074 2370; x_wconf 86' lang='lat' dir='ltr'><strong><em>non</em></strong></span> <span class='ocrx_word' id='word_1_577' title='bbox 2094 2345 2160 2369; x_wconf 84' lang='lat' dir='ltr'><strong><em>tan·</em></strong></span> 
     </span>
     <span class='ocr_line' id='line_1_51' title="bbox 233 2380 2158 2425; baseline 0.001 -17"><span class='ocrx_word' id='word_1_578' title='bbox 233 2386 294 2410; x_wconf 81' lang='lat' dir='ltr'><strong><em>tum</em></strong></span> <span class='ocrx_word' id='word_1_579' title='bbox 318 2380 353 2409; x_wconf 88' lang='lat' dir='ltr'><strong><em>de</em></strong></span> <span class='ocrx_word' id='word_1_580' title='bbox 375 2390 425 2416; x_wconf 87' lang='lat' dir='ltr'><strong><em>e0,</em></strong></span> <span class='ocrx_word' id='word_1_581' title='bbox 462 2381 514 2419; x_wconf 87' lang='lat' dir='ltr'><strong><em>qui</em></strong></span> <span class='ocrx_word' id='word_1_582' title='bbox 537 2391 566 2409; x_wconf 88' lang='lat' dir='ltr'><strong><em>se</em></strong></span> <span class='ocrx_word' id='word_1_583' title='bbox 587 2382 787 2416; x_wconf 74' lang='lat' dir='ltr'><strong><em>vulnerasset,</em></strong></span> <span class='ocrx_word' id='word_1_584' title='bbox 824 2391 856 2413; x_wconf 91' lang='lat' dir='ltr'><strong><em>ut</em></strong></span> <span class='ocrx_word' id='word_1_585' title='bbox 878 2392 1058 2421; x_wconf 82' lang='lat' dir='ltr'><strong><em>moreretur,</em></strong></span> <span class='ocrx_word' id='word_1_586' title='bbox 1095 2387 1318 2424; x_wconf 70' lang='lat' dir='ltr'><strong><em>intelligendum</em></strong></span> <span class='ocrx_word' id='word_1_587' title='bbox 1341 2387 1394 2422; x_wconf 88' lang='lat' dir='ltr'><strong><em>sit,</em></strong></span> <span class='ocrx_word' id='word_1_588' title='bbox 1431 2386 1482 2414; x_wconf 86' lang='lat' dir='ltr'><strong><em>sed</em></strong></span> <span class='ocrx_word' id='word_1_589' title='bbox 1506 2386 1542 2415; x_wconf 89' lang='lat' dir='ltr'><strong><em>de</em></strong></span> <span class='ocrx_word' id='word_1_590' title='bbox 1565 2397 1616 2424; x_wconf 89' lang='lat' dir='ltr'><strong><em>eo,</em></strong></span> <span class='ocrx_word' id='word_1_591' title='bbox 1647 2387 1699 2425; x_wconf 86' lang='lat' dir='ltr'><strong><em>qui</em></strong></span> <span class='ocrx_word' id='word_1_592' title='bbox 1721 2386 1827 2425; x_wconf 86' lang='lat' dir='ltr'><strong><em>quovis</em></strong></span> <span class='ocrx_word' id='word_1_593' title='bbox 1850 2386 1938 2414; x_wconf 89' lang='lat' dir='ltr'><strong><em>modo</em></strong></span> <span class='ocrx_word' id='word_1_594' title='bbox 1961 2389 2081 2413; x_wconf 84' lang='lat' dir='ltr'><strong><em>mortem</em></strong></span> <span class='ocrx_word' id='word_1_595' title='bbox 2103 2383 2158 2411; x_wconf 80' lang='lat' dir='ltr'><strong><em>sibi</em></strong></span> 
     </span>
     <span class='ocr_line' id='line_1_52' title="bbox 233 2423 2159 2466; baseline 0.001 -14"><span class='ocrx_word' id='word_1_596' title='bbox 233 2423 433 2452; x_wconf 87' lang='lat' dir='ltr'><strong><em>conscisceret.</em></strong></span> <span class='ocrx_word' id='word_1_597' title='bbox 479 2423 578 2458; x_wconf 86' lang='lat' dir='ltr'><strong><em>Quare</em></strong></span> <span class='ocrx_word' id='word_1_598' title='bbox 601 2424 674 2453; x_wconf 85' lang='lat' dir='ltr'><strong><em>adeo</em></strong></span> <span class='ocrx_word' id='word_1_599' title='bbox 698 2425 840 2453; x_wconf 86' lang='lat' dir='ltr'><strong><em>eiusmodi</em></strong></span> <span class='ocrx_word' id='word_1_600' title='bbox 862 2427 994 2457; x_wconf 81' lang='lat' dir='ltr'><strong><em>homines</em></strong></span> <span class='ocrx_word' id='word_1_601' title='bbox 1017 2429 1260 2458; x_wconf 76' lang='lat' dir='ltr'><strong><em>abominabantur</em></strong></span> <span class='ocrx_word' id='word_1_602' title='bbox 1282 2428 1474 2457; x_wconf 82' lang='lat' dir='ltr'><strong><em>vetustissimi</em></strong></span> <span class='ocrx_word' id='word_1_603' title='bbox 1496 2430 1637 2466; x_wconf 85' lang='lat' dir='ltr'><strong><em>Romani,</em></strong></span> <span class='ocrx_word' id='word_1_604' title='bbox 1663 2433 1696 2458; x_wconf 88' lang='lat' dir='ltr'><strong><em>ut</em></strong></span> <span class='ocrx_word' id='word_1_605' title='bbox 1717 2438 1754 2457; x_wconf 79' lang='lat' dir='ltr'><strong><em>ne</em></strong></span> <span class='ocrx_word' id='word_1_606' title='bbox 1776 2429 1818 2457; x_wconf 87' lang='lat' dir='ltr'><strong><em>eis</em></strong></span> <span class='ocrx_word' id='word_1_607' title='bbox 1840 2428 1957 2466; x_wconf 87' lang='lat' dir='ltr'><strong><em>quidem</em></strong></span> <span class='ocrx_word' id='word_1_608' title='bbox 1979 2427 2055 2454; x_wconf 83' lang='lat' dir='ltr'><strong><em>iusta</em></strong></span> <span class='ocrx_word' id='word_1_609' title='bbox 2078 2425 2159 2454; x_wconf 83' lang='lat' dir='ltr'><strong><em>face-</em></strong></span> 
     </span>
    </p>
   </div>
  </div>
 </body>
</html>
