2263 2668
863 178 950 214 LIB.
978 176 1003 210 1.
1053 176 1198 213 SEGM.
1225 177 1252 215 Ι.
1954 180 2027 215 155

307 272 477 306 Protinus
505 271 691 306 Arcadiae
716 273 858 319 gelidos
883 271 1031 306 invisere
1047 270 1162 318 fines,-

80 323 125 356 Et
151 322 310 358 Horatius
332 326 514 358 carminum
542 325 628 357 libro
655 325 782 369 primo:

313 375 426 410 Omne
452 387 530 409 cum
556 375 707 409 Proteus
728 387 839 421 pecus
866 375 940 420 egit
966 374 1057 407 altos

727 428 846 461 Visere
871 422 1056 463 montes²⁶‚·

79 474 160 517 quia
193 487 289 509 sensu
319 482 410 511 caret
442 478 779 521 frequentativorum,
814 478 891 510 ideo
925 475 1196 521 coniugationem
1228 474 1363 508 illorum
1399 486 1464 507 non
1500 474 1647 510 servat²⁷.
1700 475 1876 509 Perfectae
1911 480 2022 509 autem

80 526 212 560 formae
237 529 357 570 verba,
392 541 477 572 quae
504 541 570 562 non
597 527 702 563 sunt²³
729 530 882 563 anomala
914 529 1038 562 scilicet
1064 528 1118 560 vel
1145 526 1331 565 defectiva,
1366 527 1400 558 in
1426 524 1614 569 quattuor-²⁹
1639 528 1776 561 inveniri
1811 528 2024 572 coniugatio-

80 578 177 610 nibus
203 579 318 619 vide03
344 581 544 623 quibusdam
571 587 680 615 tamen
708 594 747 615 ea
775 580 968 614 differentiis
994 579 1137 612 arbitror
1162 589 1260 623 posse
1287 577 1444 618 discerni,
1473 584 1505 610 et
1529 580 1699 613 vocalibus
1726 579 1861 623 quidem
1888 585 2023 612 antece-

80 629 233 662 dentibus
259 631 390 664 facilior
417 637 464 665 est
499 634 700 675 observatio,
737 645 837 677 quam
864 631 1128 666 consonantibus,
1182 631 1269 663 Tres
1298 626 1420 661 enim³⁰
1446 631 1577 664 vocales
1604 637 1679 663 ante
1707 642 1726 664 o
1752 630 1806 664 vel
1835 641 1892 671 or,
1928 631 2022 663 verbi

80 680 188 713 finalis
213 684 464 727 repperiuntur,
493 695 529 725 e,
558 685 586 724 ἰ,
613 696 655 722 τις
682 686 758 729 quia
785 695 846 717 nec
873 695 896 717 α
922 683 1066 728 penitus,
1093 693 1155 715 nec
1177 692 1215 722 o,
1243 685 1318 713 ante
1345 692 1364 713 o
1390 680 1571 723 invenitur,
1599 683 1659 715 nisi
1682 679 1748 715 ἰῐι31
1774 682 1878 714 verbo
1904 681 2021 723 reboo,

80 732 173 775 quod
200 733 327 767 factum
354 740 401 768 est
427 747 446 767 a
472 733 580 781 βοῶ32
607 737 739 770 Graeco
766 737 887 778 verbo,
922 740 954 768 et
979 733 1163 768 secundum
1194 733 1338 778 primam
1371 732 1640 777 coniugationem
1667 733 1870 768 declinatum
1896 744 2023 778 reppe-

79 783 162 816 ritur
188 786 279 830 apud
308 786 485 830 Virgilium
512 787 544 819 in
571 788 668 821 tertio
694 789 779 821 libro
808 786 1023 831 Georgicon,
1050 791 1104 818 ut:

309 837 473 871 Rebocmt
498 839 625 879 silvae,
653 844 685 872 et
712 850 866 884 magnus
895 834 1114 882 Olympus-³³3

79 886 125 921 Et
153 887 294 930 inchoo,
322 901 365 923 as
391 890 483 933 quod
510 902 530 922 a
559 887 664 934 20'0134
690 891 824 924 Graeco
850 890 955 923 verbo
982 888 1181 921 traductum.

245 964 279 997 3.
333 964 455 998 Omnia
487 966 589 1010 igitur
622 967 725 999 verba
759 971 833 999 ante
861 977 880 1000 o
905 965 960 998 vel
987 976 1028 998 or
1060 964 1194 997 finalem
1221 972 1241 994 e
1265 961 1418 995 vocalem
1451 960 1626 1001 habentia,
1663 960 1754 993 unius
1784 964 1911 994 tantum
1937 965 2022 1004 sunt,

82 1019 116 1047 et
140 1016 324 1049 secundum
350 1023 476 1050 veteres
503 1018 619 1051 artium
646 1018 840 1062 scriptores,
877 1017 1042 1051 secundae
1069 1013 1330 1058 coniugationis,
1365 1025 1452 1056 quae
1478 1013 1549 1045 sola
1576 1013 1673 1044 etiam
1700 1013 1730 1044 in
1756 1013 1928 1056 primitivis
1953 1012 2024 1046 hoc

80 1065 200 1099 habuit
225 1069 418 1112 proprium,
454 1069 545 1112 quod
579 1070 633 1102 vix
664 1070 748 1102 aliae
784 1070 816 1101 in
849 1069 1043 1102 derivativis.
1096 1068 1182 1100 Nam
1217 1065 1390 1108 quomodo
1425 1065 1534 1108 prima
1568 1064 1758 1108 coniugatio
1794 1064 1863 1096 fre-
1891 1062 2022 1110 [2146]

81 1119 288 1161 quentativa,
314 1121 409 1152 tertia
435 1119 641 1161 inchoativa,
668 1126 785 1164 quarta
812 1121 1002 1153 meditativa
1021 1120 1141 1159 verba,
1169 1117 1215 1151 sic
1239 1116 1404 1156 secunda,
1430 1116 1462 1148 in
1486 1127 1524 1148 eo
1544 1115 1805 1148 terminationem
1830 1115 1923 1158 quasi
1944 1126 2024 1159 spe-

82 1170 220 1210 cialem,
247 1171 318 1215 ipsa
344 1177 455 1203 tamen
480 1183 546 1203 non
572 1168 637 1204 ἰῐι35
664 1173 852 1205 derivativis
879 1173 1007 1212 solum,
1034 1171 1092 1204 sed
1120 1170 1217 1203 etiam
1244 1168 1278 1200 in
1304 1167 1476 1213 primitivis
1502 1164 1704 1211 possidet³⁶‚
1740 1172 1775 1199 ut
1801 1166 1932 1208 habeo,
1966 1170 2024 1199 ta-

82 1232 160 1263 ceo,
186 1233 328 1265 ηιαηεο,
355 1234 492 1263 moneo,
518 1226 657 1268 stupeo,
683 1223 830 1265 scabeo,
856 1219 1051 1269 squale0³⁷‚
1079 1233 1181 1265 areo⁷
1209 1231 1348 1261 censeo,
1377 1219 1523 1261 candeo,
1550 1219 1663 1257 timeo,
1691 1229 1790 1263 egeo,
1817 1218 1930 1261 doleo,
1951 1229 2025 1263 pa-

80 1276 155 1315 teo,
191 1284 308 1308 caveo.
368 1274 569 1317 Eodemque
604 1275 708 1307 modo
741 1276 775 1308 in
809 1286 869 1308 eor
901 1286 1036 1319 quoque
1071 1272 1271 1312 desinentia,
1310 1282 1378 1304 non
1413 1271 1520 1303 solum
1553 1270 1698 1314 passiva,
1737 1269 1796 1301 sed
1831 1269 1929 1302 etiam
1963 1269 2026 1302 de-

79 1325 255 1368 ponentia,
283 1325 336 1358 vel
362 1327 573 1368 communia,
600 1327 764 1360 secundae
787 1332 859 1359 sunt
882 1338 1013 1371 semper
1042 1323 1300 1370 coniugationis‚
1336 1327 1373 1356 ut
1394 1327 1440 1355 est
1461 1321 1645 1367 polliceor,
1673 1318 1845 1362 lienem-³⁶³,
1871 1320 2025 1361 medeor,

80 1386 180 1417 reor,
207 1387 362 1418 mereor,
389 1388 529 1419 vereor,
559 1378 743 1420 misereor,
761 1378 906 1423 fateor,
936 1377 1130 1424 profiteor,
1164 1380 1281 1417 tueor,
1315 1375 1459 1407 intueor.
1512 1374 1676 1406 Notantur
1702 1372 1829 1417 primae
1856 1368 2026 1415 quidem³⁹

81 1427 341 1472 coniugationis,
370 1428 449 1469 beo,
477 1440 574 1471 creo,
607 1441 701 1470 meo,
739 1441 911 1471 commeo,
945 1425 1124 1469 mtuseo⁴⁰,
1160 1427 1319 1469 enucleo,
1354 1421 1532 1470 laque0⁴¹‚
1566 1421 1707 1458 sereofl.
1762 1424 1908 1465 Quartae
1934 1434 2026 1465 vero,

82 1475 173 1521 eost3
199 1490 306 1525 queo,
335 1484 367 1513 et
392 1492 479 1524 quae
504 1486 571 1514 tam
600 1492 641 1514 ex
666 1482 717 1515 his
744 1493 844 1525 quam
872 1493 912 1514 ex
938 1481 1002 1514 illis
1029 1483 1276 1524 componuntur
1302 1477 1385 1511 sicut
1410 1487 1534 1520 veneo,
1560 1487 1691 1521 nequeo
1701 1472 1734 1508 ⁴⁴.

247 1555 281 1589 4.
338 1555 375 1589 U
396 1567 532 1601 quoque
558 1558 713 1592 vocalem
747 1563 821 1592 ante
848 1570 868 1592 o
893 1558 949 1592 vel
975 1569 1016 1591 or
1041 1557 1177 1590 finalem
1202 1555 1362 1588 habentia
1387 1554 1489 1587 verba
1522 1552 1706 1597 primitiva,
1740 1551 1837 1585 tertia
1868 1550 1929 1585 sibi
1955 1550 2028 1584 sola

82 1655 134 1684 sed
159 1656 237 1686 Cam.
260 1662 381 1695 Nemeo,
404 1664 558 1687 treme-sco:
581 1658 717 1695 dormio,
741 1657 900 1688 dormisco.
915 1674 957 1680 -—
987 1657 1032 1696 19)

82 1698 158 1727 Male
177 1699 207 1727 P.
232 1701 428 1731 inveteresco.
475 1703 555 1730 Idem
574 1703 677 1741 paullo
702 1707 769 1740 post
794 1703 966 1730 inveni-sco.
991 1717 1033 1722 —

81 1739 130 1780 20)
150 1741 236 1770 Hunc
251 1743 350 1771 locum
365 1744 394 1772 P.
409 1744 449 1772 ita
465 1744 598 1773 exhibet:
617 1745 710 1783 agli-5
721 1745 814 1783 gliris
830 1746 912 1772 venit
924 1744 1033 1782 glisco.

85 1784 254 1821 Quomodo.
277 1785 400 1814 Meliora
419 1787 488 1815 Cod.
503 1798 578 1826 quae
593 1787 738 1818 dedimus.
762 1788 860 1825 Longe
874 1787 929 1815 alia
945 1786 1033 1814 habet

83 1827 162 1855 Cam.
179 1827 230 1855 ubi
245 1827 303 1857 ita:
326 1828 460 1867 dormio,
479 1829 639 1859 dormisco.
670 1830 704 1858 A
716 1831 833 1858 nomine
850 1840 969 1868 vespero
985 1839 1034 1857 νε-

83 1879 232 1907 speraseo.
273 1871 307 1899 A
328 1882 510 1911 purpura
533 1883 796 1912 purpura-500.
840 1872 874 1900 A
895 1872 1034 1899 calvus

83 1911 226 1941 calviaco.
260 1913 408 1953 Invetem,
432 1921 589 1944 veterasco.
617 1917 724 1952 Senex,
746 1926 871 1945 senesco.
903 1914 1033 1947 Iuvenis,

84 1954 251 1983 szenisco.
288 1956 372 1992 Gli-5,
388 1959 498 1996 glisco.
525 1974 559 1979 —
590 1956 637 1998 21)
663 1958 701 1986 Ut
722 1964 775 1985 est
791 1959 820 1986 P.
837 1973 880 1979 —
911 1956 955 1994 29)
980 1955 1036 1983 Vel

85 1998 124 2024 in
151 1998 188 2024 TO
210 1997 240 2025 Ρ·
261 2013 303 2019 -·
338 2002 381 2033 23)
404 2000 622 2030 Tantummodo
638 2001 668 2029 P.
687 2001 765 2029 Cam.
785 2016 828 2022 -—
867 1997 912 2037 24)
935 1999 1033 2025 Merso

84 2039 187 2068 addidi
205 2049 219 2068 e
236 2039 306 2069 Cod.
323 2045 351 2068 et
365 2042 442 2073 Cam.
459 2059 501 2064 —
523 2046 568 2079 25)
586 2043 657 2071 cod,
672 2042 777 2071 habet:
801 2040 940 2069 aeneidos
956 2039 1032 2066 libro

90 2082 191 2111 Vllll.
222 2081 278 2110 Sed
298 2084 377 2120 quod
394 2085 502 2113 citatur
515 2084 752 2120 hemistichium,
772 2094 866 2121 neque
881 2084 911 2110 in
927 2086 1032 2109 octavo

83 2135 179 2162 neque
198 2125 228 2152 in
250 2134 345 2162 nono,
375 2126 464 2155 immo
488 2137 525 2155 ne
544 2128 577 2156 in
595 2128 657 2156 ullo
682 2127 798 2165 quidem
819 2124 931 2161 Virgilii
956 2123 1033 2151 libro

84 2168 203 2203 legitur.
240 2167 322 2195 Alter
339 2178 411 2197 vero
433 2180 537 2198 versus
559 2170 609 2208 qui
630 2169 765 2204 additur,
795 2168 867 2196 Aen.
886 2166 937 2195 lib.
957 2165 1033 2201 Vlll,

87 2212 157 2242 159.
181 2209 344 2239 invenitur.
365 2226 407 2232 --
436 2211 482 2251 26)
504 2212 606 2240 Horat.
624 2212 678 2240 Od.
696 2211 726 2243 Ι,
751 2214 786 2245 2,
808 2212 837 2240 7.
868 2208 940 2237 Cod.
959 2209 1034 2236 male

86 2254 126 2280 in
136 2253 227 2280 visere
248 2257 369 2282 montes.
392 2269 433 2275 —
467 2254 511 2293 27)
529 2254 596 2282 Ideo
616 2265 678 2281 nec
698 2252 912 2279 c‹nzi.ill01-mn
929 2261 1033 2279 Serva-

84 2297 139 2323 4ἰί
164 2295 193 2324 P.
219 2295 296 2324 Cam.
318 2311 360 2316 -
400 2295 446 2332 28)
471 2297 548 2324 Sunt
572 2296 642 2325 cod.
660 2296 736 2323 Cam.
753 2295 831 2321 sicut
852 2294 926 2321 male
944 2294 973 2322 P.
993 2309 1033 2314 —

85 2337 132 2375 ⁶29)
156 2338 225 2365 Post
246 2347 400 2365 numerum
424 2344 569 2375 quattuor
584 2339 655 2366 cod.
672 2347 762 2375 supra
780 2337 924 2375 scriptum
947 2335 1035 2364 habet

87 2382 128 2408 ίῐῆ
146 2380 165 2410 i.
184 2390 208 2408 e.
226 2385 362 2414 tantum,
389 2381 468 2417 quod
485 2381 680 2417 incongruum
699 2383 750 2407 est.
773 2396 807 2400 —
833 2376 881 2418 30)
902 2378 1034 2415 Cod.f‹c-

87 2423 175 2450 ellim·
196 2429 236 2450 est
261 2422 427 2450 ‹›l)<s·sr1·ali1›
453 2423 523 2458 (iam
545 2423 678 2460 sequitur
698 2431 795 2450 novus
818 2422 934 2458 versus)
969 2422 1035 2449 Tres

88 2465 218 2503 quidem.
259 2466 315 2494 Sed
333 2465 451 2504 quidem
468 2470 635 2495 correctum
652 2468 705 2493 est.
741 2464 797 2495 Vv.
821 2475 913 2503 quum
929 2474 1035 2492 con-xo-

1075 1657 1222 1686 nantibus
1237 1655 1348 1684 omittit
1362 1654 1449 1682 etiam
1466 1653 1544 1680 Cam.
1562 1668 1605 1673 -—
1631 1654 1677 1686 31)
1696 1652 1769 1680 Nisi
1787 1653 1819 1679 in
1836 1661 1874 1678 eo
1889 1650 1975 1679 verbo
1995 1651 2027 1680 P.

1075 1717 1118 1722 —
1139 1698 1188 1740 32)
1206 1698 1239 1726 A
1256 1699 1348 1736 βοᾶν
1375 1697 1489 1724 Graeco
1505 1706 1532 1725 v.
1559 1695 1638 1723 Cam.
1676 1695 1778 1722 Paullo
1800 1697 1869 1732 post
1889 1692 2028 1720 declina-

1077 1749 1142 1771 tur
1166 1747 1198 1769 et
1220 1741 1368 1778 reperitur
1381 1738 1412 1766 P.
1436 1754 1476 1760 —
1515 1736 1562 1777 33)
1581 1737 1778 1774 Reboanlque
1792 1736 1890 1763 siluae
1913 1740 1939 1762 et
1956 1735 2027 1764 Cod.

1076 1785 1199 1814 reboant
1227 1783 1382 1818 siluaeque
1406 1785 1432 1807 et
1460 1780 1539 1809 Cam.
1563 1779 1593 1807 P.
1638 1779 1756 1807 Rectius
1783 1777 1932 1806 omittitur
1958 1788 2025 1816 que,

1077 1827 1157 1866 quod
1178 1824 1246 1853 sede
1270 1833 1343 1860 vaga
1367 1822 1533 1851 ostenditur
1555 1831 1614 1849 esse
1641 1820 1824 1851 additicium.
1866 1821 1964 1858 Atque
1986 1821 2026 1848 ita

1077 1870 1164 1898 etiam
1180 1866 1260 1905 apud
1277 1866 1354 1903 Virg.
1371 1865 1476 1902 Georg.
1492 1864 1543 1899 ΙΙΙ,
1565 1864 1636 1895 223.
1659 1863 1815 1901 legendum
1830 1873 1944 1891 censeo.
1974 1863 2027 1890 Ce-

1076 1917 1172 1940 terum
1190 1908 1269 1948 apud
1285 1908 1365 1946 Virg.
1386 1907 1472 1936 etiam
1490 1906 1582 1935 codd.
1599 1905 1719 1944 quidam
1738 1906 1850 1944 longa-9
1870 1905 2026 1944 Olympus.

1344 1970 1366 1986 ω

1075 2011 1118 2017 -
1140 1991 1186 2035 34)
1205 1992 1274 2024 cod.
1295 2003 1359 2029 uoq
1384 1987 1462 2031 (sic).
1492 1991 1571 2019 Cam.
1586 1987 1628 2029 χοὶ
1640 2002 1670 2020 ω.
1685 2006 1728 2012 —
1757 1993 1804 2025 35)
1820 1991 1856 2019 In
1873 1990 2026 2019 desidera—

1076 2042 1128 2066 tur
1141 2036 1170 2064 in
1185 2036 1254 2065 Cod.
1269 2051 1311 2056 —
1332 2037 1379 2070 36)
1391 2033 1545 2062 Pus-sedet
1560 2033 1630 2061 Cod.
1650 2050 1684 2054 —
1710 2035 1758 2068 37)
1773 2033 1883 2061 Scaheo
1900 2034 2024 2072 squaleo

1076 2080 1108 2108 in
1127 2079 1197 2109 Cod.
1212 2082 1281 2106 sunt
1298 2087 1387 2116 supra
1401 2076 1520 2115 scripta.
1551 2076 1626 2104 Tum
1640 2075 1670 2103 in
1687 2075 1817 2110 margine
1831 2087 1846 2103 a
1861 2086 1920 2104 rec.
1934 2085 2025 2103 manu

1077 2122 1240 2150 adduntur:
1264 2121 1403 2148 immineo
1421 2120 1508 2157 lugeo
1525 2117 1620 2154 deleo,
1645 2128 1718 2156 quae
1734 2119 1812 2146 Cam.
1828 2118 1871 2146 sic
1889 2118 2026 2157 interpo—

1076 2166 1137 2194 nit:
1155 2169 1263 2202 pateo,
1288 2163 1393 2201 lugeo,
1418 2172 1524 2198 caveo,
1549 2162 1697 2189 immineo.
1718 2177 1754 2182 —
1786 2160 1834 2198 38)
1852 2161 1928 2189 Male
1947 2161 2024 2190 Cam.

1077 2212 1104 2236 et
1121 2208 1148 2236 P.
1169 2207 1293 2245 lt'qzceor.
1317 2221 1359 2226 —
1403 2204 1451 2243 39)
1477 2203 1607 2242 Quidem
1629 2203 1731 2231 addidi
1754 2213 1769 2231 e
1785 2203 1864 2232 Cam.
1886 2208 1914 2231 et
1930 2204 1960 2233 P.
1983 2218 2024 2224 —

1075 2250 1122 2288 40)
1147 2249 1271 2278 Pessime
1291 2247 1341 2276 hic
1364 2247 1528 2285 interponit
1547 2247 1578 2275 P.
1603 2257 1729 2274 enccuseo
1755 2246 1870 2275 nucleo.
1891 2262 1933 2267 —
1975 2244 2023 2281 41)

1076 2292 1151 2321 Male
1166 2291 1295 2320 intrudit
1309 2291 1338 2318 P.
1356 2290 1506 2328 inlaqzceo.
1522 2305 1565 2310 —
1587 2290 1638 2325 4⁹2)
1656 2290 1740 2317 Sereo
1757 2288 1837 2326 quod
1852 2287 1931 2326 apud
1945 2287 2022 2315 Cam.

1078 2345 1113 2363 ex
1136 2344 1234 2363 errore
1254 2339 1317 2372 typ.
1340 2332 1465 2369 legitur,
1488 2331 1612 2361 retinuit
1629 2332 1657 2361 P.
1702 2331 1736 2359 In
1759 2331 1829 2359 cod.
1854 2341 1932 2357 aereo
1956 2337 2021 2356 cum

1077 2378 1171 2415 glossa
1192 2382 1334 2405 sternuto.
1357 2391 1400 2396 —
1437 2374 1485 2413 43)
1507 2376 1547 2403 Et
1568 2374 1771 2412 interponitur
1795 2384 1810 2401 a
1835 2373 1911 2400 Cam.
1938 2375 1965 2398 et
1989 2369 2020 2399 P.

1077 2421 1152 2448 Tum
1173 2420 1203 2448 in
1221 2419 1291 2448 Cod.
1312 2419 1404 2446 etiam
1418 2428 1472 2456 pro
1490 2423 1554 2445 tam
1568 2417 1618 2445 sed
1635 2427 1710 2446 corr.
1731 2431 1773 2437 —
1801 2415 1849 2449 44)
1868 2412 1936 2441 Cod.
1953 2420 2021 2438 cor·-

1077 2467 1179 2503 rupte:
1199 2464 1279 2490 sicut
1302 2472 1354 2491 .ιι.
1375 2471 1491 2500 quoque
1507 2460 1656 2495 4¹ocale›m;
1681 2468 1736 2487 om.
1752 2467 1780 2486 v.
1796 2466 1883 2485 renco
1900 2463 2020 2492 nequeo.

1539 2502 1616 2537 U*
