2263 2668
513 131 576 164 DE
603 129 990 165 SIGNIFICATIONE
1017 127 1303 162 VERBORUM.
1363 130 1508 164 LIBER
1534 131 1592 166 XI.
1954 131 2030 165 485

241 223 468 256 IUerendam.
514 224 651 254 Merenda
683 230 715 253 ut
745 225 861 253 notavit
883 223 1015 261 Scaliger
1036 222 1067 250 in
1094 222 1297 251 Coniectaneis
1322 222 1400 261 (pag.
1417 224 1489 255 247.
1514 224 1559 252 ed.
1582 222 1637 263 St.)
1662 223 1746 252 cibus
1770 223 1824 259 iis,
1860 222 1911 261 qui
1934 233 2031 252 mere-

77 271 148 299 bant
172 280 254 306 aere,
278 269 308 297 id
333 274 376 297 est
398 268 588 297 Mercenariis
612 268 697 297 datus
721 278 736 296 a
760 268 886 296 Domino
910 276 961 295 seu
985 265 1167 293 conductore
1191 270 1347 303 antequam
1372 265 1473 294 labore
1496 267 1695 297 mitterentur.
1726 266 1867 305 Calpurn.
1882 265 1929 303 (V,
1953 267 2030 303 61.):

652 336 695 343 —·
738 336 780 341 --
825 329 904 347 serae
925 328 991 346 Cum
1014 317 1120 344 'Uenerii
1145 316 1217 345 hora
1238 315 1400 346 merendae.

77 372 249 403 Mei-endam
273 377 370 401 tamen
392 372 472 400 idem
497 371 578 409 quod
600 372 758 410 prandium
782 370 872 398 fuisse
895 372 994 397 monet
1015 366 1065 395 hic
1088 367 1200 396 Festus.
1247 368 1345 403 Quare
1371 368 1528 397 dicendum
1555 374 1599 397 est
1621 369 1727 408 priscis
1749 367 1933 408 temporibus
1954 378 2031 396 nou—

78 416 148 444 dum
172 416 296 443 inducto
318 413 438 454 prandii
460 414 580 442 nomine
602 414 772 443 merendam
796 423 849 451 pro
873 411 999 451 prandio
1021 410 1129 445 fuisse,
1169 414 1270 447 postea
1295 421 1366 438 vero
1391 421 1445 449 pro
1470 411 1552 447 cibo,
1590 412 1641 450 qui
1665 416 1734 450 post
1756 411 1909 440 meridiem
1934 410 2030 439 daba-

77 463 143 495 tur,
168 463 199 486 ut
216 457 295 497 apud
315 468 369 486 nos
385 456 533 494 hodieque
550 456 591 486 fit.
608 456 698 486 Dac.
723 453 907 486 merendam.
932 453 1022 489 Quasi
1040 451 1226 489 medendam,
1251 450 1373 492 ἄριστον
1391 451 1526 484 δειλινόν.
1551 452 1655 484 Goth.
1677 455 1724 484 Cf.
1740 454 1815 485 Non.
1830 464 1859 493 p.
1872 455 1923 485 28.
1940 453 2030 482 Merc.

243 508 405 548 ,ΖΗΝ-ἕπε.
449 507 545 536 Plaut.
570 507 691 536 Poenul.
709 507 749 542 V,
773 509 807 542 2,
832 505 919 541 (58.);

658 557 750 587 Palas
772 554 945 586 vendundas
967 553 1025 584 sibi
1046 555 1089 583 ait
1111 561 1137 582 ei
1160 566 1273 594 mergas
1296 554 1393 592 datas,

661 600 699 629 Ut
721 601 834 630 hortum
848 597 957 640 fodiat
981 605 1068 637 atque
1088 596 1318 638 utfi·umen1um
1342 605 1440 629 meiat.

78 651 169 682 Dae.
207 651 245 680 Ut
267 649 338 679 illae
359 663 388 680 se
409 652 439 680 in
463 662 571 691 aquam
595 659 737 689 mergunt.
768 651 848 679 Idem
874 650 967 678 Varro
991 649 1027 678 de
1052 648 1080 677 L.
1099 648 1147 677 IV.
1171 658 1218 677 n0.
1235 651 1283 679 13.
1309 649 1364 686 (V,
1389 659 1454 687 pag.
1468 650 1517 680 85.
1543 649 1619 688 Sp.).
1647 647 1753 678 Goth.
1786 647 1957 687 Respondet
1978 657 2032 675 ra-

79 694 130 723 dix
149 695 299 722 Sanscrita
323 692 482 731 maddscli,
507 704 595 733 quam
617 694 711 732 priori
735 699 829 722 aetate
853 692 985 721 sonuisse
1009 689 1147 720 mardsch
1169 691 1330 720 verisimile
1355 702 1416 720 esse
1436 697 1522 730 putat
1538 693 1632 731 Bopp.
1651 692 1781 722 Gratnm.
1799 691 1900 720 Critic.
1917 691 2032 718 Sanscr.

78 747 143 776 pag.
159 740 209 768 67.
235 746 293 774 reg.
311 739 380 767 110.
397 736 439 772 b).

243 786 472 817 Effer-curius.
523 788 552 815 L.
581 798 620 817 m.
642 786 833 830 festinabant
871 797 924 826 pro
960 783 1180 815 existimabant.
1211 784 1313 814 Fulv.
1340 785 1418 815 Urs.
1469 784 1636 815 Mercurius
1664 796 1680 813 a
1709 784 1856 814 mercibus
1894 783 1962 821 quia
1997 782 2034 810 iis

79 829 214 858 emundis
239 834 268 858 et
291 830 458 859 vendundis
481 836 627 869 praeerat.
673 831 768 859 Plaut.
794 830 872 858 Prol.
896 828 1003 868 Amph.
1028 828 1132 865 (init.):

661 879 700 909 Ut
722 892 772 910 vos
795 881 824 909 in
848 881 953 910 vostris
974 878 1062 908 voltis
1086 879 1283 908 mercimoniis

658 922 802 952 Emundis
824 921 1040 962 vendundisque
1061 933 1105 950 me
1128 920 1235 950 laetum
1259 920 1349 950 lucris

658 966 805 1007 Afficere,
831 973 917 1006 atque
940 964 1079 993 adiuvare
1101 965 1130 992 in
1154 963 1236 992 rebus
1259 963 1401 994 omnibus,

80 1016 181 1052 Quare
205 1021 233 1044 et
256 1015 333 1045 idem
357 1021 480 1054 putatur
503 1026 564 1044 esse
588 1016 637 1053 qui
663 1015 803 1045 Clzanaan
827 1016 904 1044 fitius
929 1016 1013 1044 Humi
1036 1015 1097 1043 sive
1121 1014 1232 1043 Chami.
1277 1016 1349 1043 Nam
1376 1013 1520 1044 chanaan
1543 1014 1685 1042 Hebraeis
1716 1018 1912 1042 mercatorem
1942 1011 2033 1048 signi-

78 1059 156 1087 ficat.
185 1058 273 1087 Dac.
317 1059 482 1087 Mercurius
513 1058 665 1087 descendit
687 1069 702 1086 a
727 1059 876 1087 communi
901 1059 1213 1094 ludogermanicarum
1237 1058 1403 1095 linguarum
1424 1058 1526 1086 radice
1550 1055 1649 1093 mark,
1687 1068 1787 1095 marg,
1826 1065 1918 1090 merc,
1956 1053 2034 1081 unde

80 1102 162 1140 apud
186 1101 277 1130 Indos
299 1112 422 1141 marga,
453 1102 518 1137 via3
550 1102 630 1139 apud
655 1103 817 1130 Germanos
841 1100 942 1130 marka
966 1102 1099 1137 signum,
1137 1101 1298 1137 terminus,
1331 1101 1413 1138 finis3
1450 1100 1531 1139 apud
1553 1100 1671 1128 Latinos
1696 1109 1813 1138 margo,-
1845 1097 1921 1126 unde
1943 1095 2033 1124 verba

79 1142 192 1173 met-ken
217 1145 332 1181 Genu,
356 1145 481 1172 mercari
503 1144 581 1179 Lat„
605 1155 688 1183 marg
712 1147 847 1181 Sanscr.⁷
872 1154 1029 1182 quaerere,
1053 1144 1118 1172 alia.

245 1194 401 1224 Merum.
446 1195 482 1223 Id
506 1199 549 1223 est
570 1193 674 1223 solum.
705 1197 820 1225 Terent.
843 1195 974 1230 (Phorm.
991 1195 1018 1230 Ῑ,
1043 1199 1079 1231 2,
1103 1197 1182 1233 96.);
1207 1193 1292 1233 Spem
1316 1205 1434 1224 meram.
1466 1194 1502 1222 Et
1521 1193 1615 1221 Varro
1640 1191 1732 1231 (apud
1751 1191 1826 1219 Non.
1847 1188 1961 1228 p.344.
1982 1187 2034 1224 M.)

80 1237 178 1275 sesqui
201 1237 305 1276 Ulysse
333 1248 441 1266 meram
472 1238 611 1265 tunicam.
656 1237 717 1266 Imo
748 1243 775 1266 et
805 1238 883 1276 quod
914 1248 992 1265 nunc
1022 1238 1147 1265 dicimus
1168 1248 1274 1277 purum
1297 1237 1326 1265 id
1350 1236 1425 1265 nihil
1450 1236 1532 1264 aliud
1553 1240 1611 1272 cst,
1650 1245 1738 1273 quam
1761 1232 1855 1262 solum
1879 1237 1913 1260 ut
1934 1232 2035 1259 vinum

79 1290 190 1319 purum
220 1280 300 1317 quod
330 1280 426 1308 solum
456 1285 500 1307 est
524 1290 578 1307 nec
603 1290 708 1317 aquam
732 1280 819 1308 habet
842 1281 1013 1310 admixtam.
1061 1282 1081 1308 A
1105 1291 1183 1309 mer-o
1208 1284 1252 1308 est
1275 1278 1403 1315 merula,
1435 1277 1540 1316 merle,
1572 1277 1654 1316 quod
1677 1277 1738 1305 sola
1762 1280 1895 1313 vagatur.
1940 1273 2035 1302 Varro

80 1323 131 1353 lib.
145 1323 194 1352 IV.
209 1322 256 1358 (V,
279 1333 308 1360 p.
321 1325 371 1354 81.
390 1323 468 1360 Sp.):
492 1320 613 1351 Merula
636 1321 716 1362 quod
738 1334 818 1351 mera
840 1322 873 1350 id
895 1330 936 1351 est
951 1321 1016 1351 sola
1032 1321 1147 1351 volitat.
1172 1322 1261 1351 Dae.
1292 1322 1420 1351 DIerum.
1453 1323 1509 1350 Pro
1527 1322 1590 1349 solo
1606 1320 1654 1348 hic
1670 1319 1834 1358 accipitur,
1858 1322 1892 1346 ut
1911 1320 1940 1345 et
1957 1314 2036 1354 apud

80 1365 244 1393 Varronem
261 1365 317 1401 IV,
342 1374 421 1394 num.
438 1367 486 1395 11.
512 1368 540 1392 et
561 1365 690 1393 Nonium
713 1366 742 1394 in
767 1365 885 1394 Merum
910 1363 1040 1404 (p.344.
1062 1364 1176 1406 Merc.).
1202 1365 1314 1394 Gloss.:
1342 1364 1475 1401 Merum,
1500 1361 1646 1404 ἄκρατον,
1670 1360 1780 1402 μόνον,
1802 1357 1903 1399 ψιλόν.
1931 1356 2035 1387 Goth-

243 1413 522 1444 Mercedonius.
567 1415 791 1453 Mercedonias‚
815 1416 1001 1454 subintcllige
1018 1417 1092 1447 Dies.
1122 1417 1166 1445 Ita
1190 1416 1266 1444 enirn
1293 1426 1394 1444 omnes
1419 1415 1481 1444 dies
1504 1415 1689 1444 intercalaris
1714 1412 1820 1441 mensis
1842 1410 2035 1440 vocabantur.

80 1458 154 1487 Nam
182 1458 289 1487 mensis
317 1457 504 1486 intercalaris
528 1457 715 1487 Mer-ciclinus
746 1460 924 1495 vocabatur,
962 1464 994 1487 ut
1019 1460 1059 1488 ait
1082 1459 1261 1488 Plutarchus
1286 1459 1316 1487 in
1341 1459 1452 1494 Numa3
1487 1458 1536 1487 vel
1558 1456 1768 1487 Mer-ceclonius
1790 1460 1822 1484 ut
1845 1455 1884 1483 ait
1906 1453 1985 1482 idem
2006 1452 2037 1480 in

83 1501 217 1530 Caesare.
260 1501 395 1529 Isidorus
418 1500 448 1528 in
473 1500 601 1529 Glossis:
625 1500 852 1537 Mei-cedonius,
875 1502 926 1541 qui
949 1500 1001 1529 dat
1023 1501 1203 1539 mercedem3
1227 1501 1302 1529 nihil
1325 1506 1479 1540 praeterea
1502 1500 1629 1539 reperio.
1677 1497 1777 1527 Scal.

246 1541 463 1572 IIIedialem.
507 1543 565 1571 Pro
589 1542 784 1579 meridialem,
816 1543 872 1571 nisi
895 1543 980 1571 malis
1005 1554 1020 1572 a
1043 1543 1155 1572 medius
1177 1544 1290 1572 factum
1312 1542 1458 1573 medialis.
1491 1543 1578 1572 Dae.
1624 1538 1830 1571 Medidialem.
1869 1540 1912 1567 Ita
1936 1538 2038 1575 legunt

83 1586 214 1625 antiqui,
236 1584 391 1621 medidies,
418 1594 473 1622 pro
496 1583 638 1614 meridies.
687 1584 792 1615 Goth.

249 1625 542 1656 DIercedituum.
580 1626 788 1657 Mercedicius.
821 1627 952 1663 Quidam
969 1626 1158 1656 mercedinus.
1185 1628 1236 1656 Ms.
1252 1627 1343 1664 liber,
1368 1632 1401 1656 ut
1417 1631 1543 1655 testatur
1561 1627 1699 1662 Vossius,
1724 1623 1940 1659 IUercediiuus7
1965 1631 2038 1660 quae

83 1670 203 1700 videtur
224 1680 292 1698 vera
315 1669 404 1697 lectio
429 1675 457 1696 et
480 1669 609 1707 probant
631 1670 797 1708 sequentia,
821 1669 901 1710 quod
924 1669 1052 1699 mercede
1074 1682 1103 1699 se
1126 1678 1246 1700 tueatur.
1272 1670 1360 1699 Duc.
1391 1668 1580 1699 Mercedivus
1596 1669 1655 1698 alii.
1687 1668 1801 1696 Gloss.:
1825 1664 2038 1699 BImcenarius,

85 1710 293 1751 μισθοφόρος,
318 1712 451 1749 μίσθιος.
501 1710 604 1740 Goth.

249 1753 400 1783 DIertat.
448 1754 501 1782 Pro
525 1759 649 1790 mersat,
673 1766 687 1783 s
711 1760 823 1784 mutato
847 1755 876 1784 in
900 1763 925 1792 ²7
954 1756 1137 1783 Graecorum
1161 1765 1252 1782 more.
1288 1754 1408 1792 Legitur
1431 1759 1460 1782 et
1483 1753 1562 1793 apud
1586 1753 1714 1781 Nonium
1737 1758 1886 1787 memoret,
1910 1749 1962 1777 sed
1982 1757 2038 1787 pro

84 1798 238 1826 meritam.
264 1797 303 1823 De
325 1795 383 1824 lzoc
406 1796 473 1824 olim
498 1797 578 1835 apud
601 1797 685 1825 illum
704 1799 760 1826 Deo
777 1799 906 1827 favente.
928 1797 1018 1827 Dae.
1048 1797 1120 1826 Vide
1138 1807 1228 1836 supra
1248 1795 1366 1838 Eoefuii.
1393 1796 1507 1825 Nonius
1527 1796 1556 1824 in
1574 1795 1734 1832 Meriaret,
1757 1800 1892 1833 mergeret
1910 1793 1954 1831 (p.
1969 1792 2038 1822 138.

86 1840 198 1876 Mese).
245 1839 374 1867 Meriare
396 1843 440 1867 est
463 1840 548 1867 etiam
573 1844 731 1868 merentem
755 1841 851 1870 facere
875 1840 970 1869 Nonio
998 1839 1160 1879 (pz1g.137.
1184 1839 1298 1878 Mei-c).
1346 1838 1450 1868 Goth.

251 1880 419 1910 Melicae
443 1880 629 1920 gallinae.
678 1883 716 1910 De
739 1885 901 1912 mutatione
926 1883 948 1910 l)
971 1882 1002 1910 in
1027 1884 1047 1910 L
1070 1882 1140 1911 vide
1166 1881 1300 1911 delicare.
1345 1881 1474 1910 Medicae
1497 1880 1622 1919 gallinae
1645 1880 1750 1909 ceteris
1774 1877 1975 1918 proceriores,
2007 1879 2039 1902 ut

85 1923 191 1953 Medici
218 1923 295 1951 Galli
319 1923 402 1951 Varr.
426 1923 462 1951 de
485 1934 516 1952 re
539 1929 611 1954 rust.
634 1925 683 1953 lib.
698 1926 747 1956 HI.
773 1937 836 1965 cap.
851 1928 897 1956 9.:
935 1924 991 1953 Ad
1019 1924 1095 1954 lianc
1121 1936 1177 1953 rem
1202 1923 1300 1953 electis
1322 1925 1465 1953 maoeimis
1486 1922 1626 1963 εαῖἷίιιίς,
1663 1934 1715 1952 nec
1739 1922 1876 1951 continuo
1899 1917 1943 1946 lzis
1965 1927 2039 1956 quas

86 1965 216 1996 Melicae
238 1964 387 2004 appellant
400 1965 504 2004 falso,
533 1966 613 2006 quod
635 1969 751 2008 antiqui
774 1976 804 1997 ut
831 1967 951 2003 Thetin,
978 1966 1099 2003 Thelia,
1123 1968 1166 1996 sic
1186 1966 1361 2003 *Medii-am,
1385 1965 1528 1996 Melicum
1552 1965 1708 1995 vocabant.
1753 1963 1821 1993 Hae
1840 1962 1937 2002 primo
1961 1958 2040 1988 dice-

87 2008 283 2078 bantur-guia
306 2018 347 2037 ex
369 2007 474 2037 Media
495 2017 614 2049 propter
635 2010 864 2049 magnitudinem
888 2017 968 2039 erant
991 2008 1118 2047 allatae,
1156 2020 1285 2049 quaeque
1307 2020 1348 2038 ex
1370 2010 1406 2038 iis
1425 2016 1579 2048 generatae
1598 2015 1700 2048 postea
1720 2012 1839 2047 propter
1861 2000 2039 2032 similitudi-

87 2062 158 2080 nem.
240 2061 292 2078 ac.

252 2090 384 2121 IIIelos.
428 2093 528 2121 Insula
550 2094 581 2121 in
604 2095 679 2122 mari
699 2095 815 2123 Cretico
839 2095 918 2123 inter
933 2096 1049 2123 Cretam
1073 2098 1102 2123 et
1124 2093 1248 2122 Sunium
1275 2093 1401 2122 Achaiae
1424 2093 1662 2132 promontorium
1685 2102 1701 2120 a
1724 2089 1885 2119 Phoenicio
1910 2086 2038 2126 quodam

86 2134 164 2164 Melo
186 2134 265 2162 dicta
291 2140 320 2163 ut
345 2136 435 2164 sentit
456 2136 559 2164 Festus
582 2137 786 2165 consentiente
811 2137 943 2168 Eustath.
968 2138 996 2165 in
1021 2137 1141 2175 Dionys.
1167 2137 1292 2174 Porieg.:
1316 2134 1355 2166 Ἡ
1374 2139 1485 2173 Μῆλος
1508 2136 1573 2172 περὶ
1595 2133 1628 2165 τὸ
1654 2131 1806 2173 Κρητικὸν
1830 2131 1955 2169 πέλαγος
1979 2126 2038 2158 α’πό

87 2189 170 2213 τινος
189 2175 302 2213 Μήλου
321 2179 464 2216 κληθεῖσα
482 2177 555 2208 κατὰ
574 2177 627 2217 τήν
641 2176 811 2218 Ἀῤῥιανοῦ.
843 2180 900 2207 Sed
924 2179 981 2208 hoc
1005 2180 1111 2207 salsum
1137 2189 1198 2207 esse
1224 2179 1326 2207 docuit
1350 2179 1471 2207 doctiss.
1488 2178 1651 2207 Bochartus
1669 2177 1698 2205 in
1717 2186 1771 2205 suo
1790 2174 1935 2203 Chauazin.
1955 2172 2004 2199 lib.
2016 2171 2037 2198 I.

88 2223 174 2251 c.14.
198 2219 248 2248 uhi
271 2220 441 2258 planissime
466 2220 680 2250 domonstravit
704 2223 826 2250 insulam
852 2221 936 2251 Melo
960 2222 1102 2250 Hebraeis
1126 2222 1234 2250 dictam
1262 2222 1337 2250 Melo
1361 2222 1379 2252 i.
1404 2221 1529 2250 insulam
1554 2219 1735 2260 repletionis,
1766 2218 1890 2246 insulam
1912 2213 2036 2254 plenitu-

88 2261 180 2297 dinis,
205 2267 327 2300 propter
350 2263 531 2292 fertilitatem
555 2265 682 2300 scilicet,
706 2275 771 2293 nani
796 2264 936 2292 Hebraeis
959 2264 1033 2293 melo
1055 2264 1228 2303 plenitudo,
1254 2264 1450 2292 maturitatem
1475 2268 1558 2292 sonat
1583 2273 1649 2291 cum
1674 2262 1710 2290 dc
1733 2260 1867 2298 frugibus
1891 2259 1986 2294 agitur
2008 2257 2037 2281 et

86 2304 158 2333 huic
188 2305 300 2333 insulae
331 2305 403 2334 haec
426 2307 587 2344 appellatio
611 2309 683 2335 mire
707 2308 843 2342 congruit
866 2317 940 2345 quae
964 2312 993 2335 et
1016 2308 1133 2335 fructus
1157 2307 1225 2335 tulit
1247 2307 1409 2335 uberrimos
1433 2311 1461 2336 et
1483 2311 1542 2335 tam
1565 2306 1637 2334 mira
1661 2305 1774 2334 ratione
1797 2301 2033 2332 maturescentes,

88 2352 122 2376 ut
150 2348 248 2386 fruges
279 2347 354 2377 intra
386 2349 564 2377 tricesimum
595 2349 673 2377 diem
705 2350 834 2388 perfecte
866 2355 1097 2378 maturescerent
1128 2354 1157 2378 et
1180 2350 1319 2378 sementis
1342 2360 1358 2378 a
1381 2349 1481 2378 multis
1504 2348 1587 2378 fieret
1608 2347 1826 2387 propemodum
1849 2345 1911 2381 ipsa
1933 2347 2034 2372 messe,

90 2400 144 2418 nec
167 2390 312 2429 agricolae
335 2396 395 2419 tam
419 2392 506 2420 tardo
531 2392 691 2431 quidquam
715 2393 783 2421 indc
807 2392 966 2421 decideret.
996 2391 1192 2431 Theophrast.
1215 2393 1343 2432 plantar.
1366 2391 1415 2423 lib.
1429 2391 1478 2423 IV.
1503 2394 1632 2431 cap.12.
1658 2395 1685 2419 et
1710 2389 1760 2418 lib.
1773 2386 1846 2417 VIII.
1871 2392 1934 2422 cap.
1947 2382 1975 2412 3.
1999 2379 2034 2408 ab
