2263 2668
826 160 914 195 LIB.
939 159 983 193 ΙΙ.
1034 157 1179 194 SEGM.
1205 158 1264 193 IV.

1947 162 2021 197 143

79 257 148 294 ris;
173 254 306 297 munio,
334 254 463 296 munis,
489 252 644 294 munior,
670 250 854 287 munit·1⁰s¹⁵.
915 252 1051 285 Tertiae
1076 263 1156 285 vero
1181 256 1361 297 correptae
1386 253 1398 286 ἱ
1424 253 1565 287 litteram
1591 253 1624 287 in
1651 264 1670 287 e
1696 258 1884 298 correptam
1909 260 2020 289 muta-

79 304 174 349 vitffi,
202 312 235 340 et
261 306 307 339 sic
333 318 409 340 curn
437 316 456 338 e
480 305 512 338 ri
539 309 614 337 ante
639 315 656 338 8
681 306 828 349 accipit,
853 309 889 338 ut
915 304 1015 348 lego,
1042 304 1153 349 legi-9,
1179 304 1299 349 legor,
1324 305 1440 349 geris,
1466 311 1498 339 et
1523 300 1641 349 si'qua
1666 305 1755 338 talia.

243 355 302 393 15.
354 358 504 401 Tempus
530 360 640 388 autem
668 357 855 400 perfectum
876 355 990 388 finient
1001 351 1024 372 ¹⁷
1058 366 1172 388 omnes
1199 355 1448 400 coniugationes
1474 357 1650 401 participio
1676 356 1858 391 masculino
1884 361 2018 401 tempo-

78 410 121 443 ris
146 409 318 454 praeteriti
345 409 459 442 addita
485 419 563 441 sum
588 407 735 451 syllaba,
769 408 827 441 hic
852 410 1008 448 amatus,
1043 410 1184 439 amatus
1208 418 1305 445 sztm3
1332 407 1388 440 hic
1414 408 1553 451 doctas,
1581 409 1703 442 doctus
1727 420 1801 441 sum
1810 420 1821 446 ,·
1848 408 1905 441 hic
1930 410 2019 442 seri-

73 465 176 507 ptus,
202 461 353 505 scriptus
377 471 474 499 sum‚·
495 459 552 492 hic
578 459 738 500 munitus,
765 459 914 492 munitus
939 469 1024 492 sum.
1077 457 1132 490 Fit
1158 462 1268 491 autem
1295 459 1508 503 participium
1533 460 1692 504 temporis
1718 460 1887 504 praeteriti
1913 471 2019 504 gene-

79 513 122 545 ris
147 513 318 546 masculini
346 522 385 544 ex
419 510 565 544 secunda
599 522 739 554 persona
765 510 933 545 activitatis
960 509 991 542 in
1018 509 1126 553 prima
1156 510 1292 553 quidem
1328 510 1559 555 coniugatione
1586 518 1619 544 et
1644 512 1740 544 tertia
1765 511 1950 556 producta,
1984 511 2019 543 id

80 569 129 597 est
154 569 288 607 quarta,
315 567 455 606 accepta
481 562 610 606 syllaba
635 565 673 594 tu
699 567 775 595 ante
801 562 1009 595 novissimam
1034 561 1176 594 litteram
1203 572 1237 604 s,
1264 559 1332 594 ut¹⁸
1359 573 1458 603 amo,
1485 575 1596 604 amas,
1624 563 1680 596 hic
1707 567 1866 601 amatus;
1891 563 2019 603 munio,

79 616 209 657 munis,
236 614 293 647 hic
322 614 481 646 mamilus.
534 611 574 646 In
601 614 746 646 secunda
772 625 862 655 vero,
890 618 922 646 et
947 611 1044 645 tertia
1071 617 1227 656 correpta
1250 618 1412 657 pereunte
1438 625 1456 646 e
1481 610 1620 647 lium-affl
1645 615 1828 659 penultima
1854 613 2020 647 secundae

79 677 243 711 personae
270 665 459 706 activitatis,
487 669 520 697 et
547 661 616 697 ἰιι20
642 671 717 698 ante
743 676 761 698 s
785 666 910 710 posita,
936 669 973 697 ut
999 664 1126 704 doceo,
1154 664 1276 706 doces,
1304 665 1361 697 hic
1387 664 1528 702 doctus;
1554 666 1643 706 dico,
1670 666 1775 705 dicis,
1803 665 1860 697 Ιιὶο
1885 665 2020 702 dictus3

80 722 137 750 aut
162 717 377 761 pereuntibus
405 716 534 749 duabus
561 716 674 750 litteris
699 717 905 760 penultimis,
933 720 966 748 et
994 711 1065 748 ,ςιι21
1094 720 1168 748 ante
1197 716 1405 748 novissimam
1427 717 1568 749 litteram
1592 730 1609 750 s
1638 712 1825 760 reposita²²,
1852 721 1887 748 ut
1909 719 2019 756 necto,

79 770 205 810 nectis,
230 779 353 802 ‘necsus
374 764 503 805 sztm²³;
529 768 678 811 quamvis
705 769 905 812 posteriores
927 778 990 811 pro
1015 778 1034 800 c
1053 770 1086 799 et
1109 778 1145 807 s,
1164 778 1189 799 :c
1213 764 1444 811 posuerunt²⁴‚
1470 779 1578 801 nexus
1601 765 1718 802 sum²⁵.

245 819 305 855 16.
358 819 577 863 Imperativus
605 819 725 852 modus
746 819 937 863 passivitatis
958 829 998 850 re
1026 818 1155 861 syllaba
1178 818 1292 851 addita
1321 820 1517 863 imperativo
1550 820 1721 853 activitatis
1750 820 1826 859 fiet,
1858 822 1894 851 ut
1923 828 2019 858 cmm,

80 881 221 911 amare,
249 871 355 914 doce,
380 871 526 914 ἄασεν-ε,-
552 870 681 911 scribe,
708 871 877 912 scribere,
904 870 1014 910 muni,
1041 870 1186 902 munire.
1229 867 1313 903 De²⁶
1339 870 1406 904 hac
1427 876 1537 904 tamen
1559 872 1695 913 ratione,
1722 876 1754 904 et
1778 871 1821 903 de
1840 868 1944 902 modo
1967 869 2020 900 in-

79 919 207 955 finito²⁷
237 923 367 967 plenius
390 923 422 954 in
454 920 610 956 Institutis
643 922 778 963 artium,
813 922 882 956 hoc
907 927 953 955 est
981 921 1014 953 in
1049 921 1137 953 libro
1165 921 1294 965 primo,
1328 922 1512 956 docuimus.
1572 923 1709 955 Illorum
1739 922 1936 962 verborum,
1969 916 2021 952 ⁷⁸²³

78 974 329 1007 terminatorum
351 979 384 1007 et
398 985 465 1006 non
480 973 678 1007 venientium
695 974 738 1006 ab
761 985 780 1007 ο
804 974 921 1016 littera,
942 972 1070 1017 species
1091 973 1245 1017 perfecta
1261 979 1393 1007 notetur
1414 974 1457 1007 de
1471 974 1648 1019 participio
1668 973 1826 1019 temporis
1842 970 2022 1017 praeteriti.

636 1075 721 1109 SEG
733 1087 769 1108 M.
804 1077 862 1110 lV.
924 1077 962 1110 D
989 1089 1008 1110 e
1892 1072 2022 1121 [1489]

248 1143 282 1176 1.
333 1139 534 1184 Quoniam²⁹
567 1143 611 1177 de
633 1144 779 1188 pedibus
803 1144 972 1188 disyllabis
995 1150 1028 1179 et
1048 1146 1242 1190 trisyllabis,
1276 1157 1408 1180 necnon
1431 1151 1463 1178 et
1485 1150 1640 1189 quattuor
1668 1146 1866 1190 syllabarum
1880 1145 1914 1176 in
1951 1142 2023 1187 pri-

80 1207 138 1230 mo
165 1195 340 1228 docuimus
376 1195 480 1233 libr03
517 1195 561 1227 de
593 1196 762 1228 nominum
791 1207 870 1229 vero
901 1197 1028 1231 ratione
1057 1198 1305 1241 verborumque
1335 1199 1369 1231 in
1398 1197 1482 1236 hoc;
1518 1208 1719 1241 consequens
1751 1197 1921 1230 arbitratus
1950 1204 2023 1226 sum

81 1248 126 1280 de
157 1245 438 1279 terminationibus
464 1246 672 1290 placentibus
705 1253 817 1280 nostro
844 1254 996 1292 tempore
1025 1249 1141 1293 paucis
1169 1249 1353 1282 admodum
1379 1249 1620 1290 demonstrare,
1655 1260 1735 1292 quas
1764 1248 1856 1280 multi
1884 1246 2024 1281 credunt

80 1304 189 1332 metro
222 1297 346 1330 debere
379 1303 547 1339 constare,
577 1310 720 1341 quorum
749 1299 895 1343 opinioni
918 1311 984 1332 non
1012 1301 1152 1334 libenter
1176 1302 1416 1339 consentimus3
1442 1302 1600 1344 quoniam
1627 1310 1659 1334 et
1686 1300 1816 1333 Tullius
1843 1304 1875 1332 et
1902 1295 2024 1331 caeteri

81 1355 228 1383 oratores
251 1349 485 1392 monosyllabo
507 1347 687 1383 struxere³⁰
713 1352 835 1391 verbo,
866 1362 941 1384 cum
966 1363 1030 1384 una
1054 1353 1182 1396 syllaba
1209 1358 1350 1386 metrum
1373 1364 1440 1385 non
1463 1353 1510 1385 sit.

245 1401 306 1434 Est
335 1405 446 1432 autem
479 1406 639 1434 structura
668 1403 846 1435 verborum
880 1404 1097 1447 compositio,
1131 1404 1219 1439 dicta
1246 1416 1265 1437 a
1295 1405 1474 1445 struendo,
1508 1403 1543 1436 id
1575 1408 1623 1437 est
1654 1400 1908 1446 componendo,
1933 1397 2023 1431 unde

80 1457 259 1486 structores
281 1449 551 1495 compositores³¹
579 1453 715 1487 alicuius
744 1454 790 1487 rei
820 1454 983 1489 dicuntur.
1035 1456 1112 1489 Hae
1136 1456 1285 1499 quamvis
1308 1457 1341 1489 in
1368 1456 1457 1489 omni
1482 1455 1629 1488 oratione
1652 1454 1771 1487 servari
1792 1453 1945 1491 debeant,
1970 1454 2022 1481 ta—

79 1515 158 1538 men
181 1503 322 1536 maxime
346 1504 379 1536 in
402 1505 511 1537 verbis
536 1504 683 1546 duobus,
710 1506 885 1538 novissimo
911 1511 943 1539 et
965 1507 1168 1550 penultimo,
1196 1513 1269 1540 sunt
1292 1508 1534 1541 delectabiliter
1552 1506 1814 1551 componendae.

245 1555 279 1587 2,
332 1553 472 1598 Antiqui
508 1556 644 1599 quidem
680 1561 843 1598 oratores,
877 1557 910 1589 in
944 1559 1065 1601 quibus
1095 1559 1237 1593 maxime
1274 1559 1426 1599 Tullius,
1459 1569 1626 1600 nunquam
1656 1557 1843 1590 necessariis
1878 1554 2023 1587 sensibus

80 1611 346 1652 praeposuerunt
371 1607 525 1640 orationis
547 1613 760 1647 structuram3
793 1609 851 1641 sed
874 1610 982 1654 magis
1005 1608 1166 1643 fortiter³²
1195 1616 1228 1644 et
1257 1611 1351 1656 gravi
1380 1609 1638 1653 compositione,
1670 1620 1769 1651 quam
1799 1607 1945 1640 molliter
1970 1605 2025 1637 vel

81 1659 156 1691 laxe
177 1658 290 1692 dicere
312 1658 509 1701 maluerunt,
533 1664 569 1692 ut
593 1670 670 1693 cum
691 1659 855 1693 haberent
872 1661 1081 1695 occasionem
1103 1662 1149 1697 sic
1176 1662 1331 1703 struendi,
1360 1660 1645 1704 quemadmodum
1660 1661 1761 1693 nostri
1776 1658 1935 1702 temporis
1959 1656 2026 1688 ho-

1062 1077 1463 1112 Structura.

80 1750 245 1790 rescripsit.
260 1766 301 1772 —
343 1750 391 1789 22)
415 1751 502 1781 Cod.:
526 1751 661 1784 litteram.
682 1764 705 1781 s.
729 1765 801 1792 rep.
820 1773 827 1781 .
844 1775 852 1782 .
875 1751 987 1794 (adesa)
1005 1762 1037 1783 ut
1079 1765 1168 1794 supra
1187 1754 1341 1782 dimidium
1362 1763 1467 1782 vacua.
1518 1752 1608 1782 Versa
1630 1756 1796 1790 sequuntur
1812 1750 1924 1788 reliqua
1947 1749 2026 1777 Pro-

80 1801 174 1823 necto.
219 1793 336 1829 Quibus
354 1804 412 1824 ree.
425 1805 464 1823 m.
481 1795 557 1823 male
570 1795 741 1825 substituit:
764 1795 890 1825 litteram
910 1808 932 1825 s.
948 1804 1036 1835 post
1079 1797 1110 1826 bi
1141 1806 1214 1835 quae
1238 1796 1270 1823 in
1293 1795 1370 1825 Edd.
1407 1795 1569 1831 habentur,
1599 1795 1649 1823 sed
1683 1794 1746 1822 sine
1776 1792 1972 1831 inscriptione
1996 1796 2025 1819 et

81 1843 120 1864 iu
140 1843 172 1865 ut
187 1844 329 1865 necto.—
360 1836 408 1874 23)
427 1837 498 1867 Cod.
511 1849 604 1866 nexus
618 1850 691 1868 sum.
737 1839 805 1868 Rec.
818 1849 922 1867 manus
937 1846 1037 1868 nectus
1078 1840 1133 1875 ita,
1157 1843 1190 1866 ut
1206 1837 1311 1866 verba:
1335 1836 1370 1866 de
1379 1839 1538 1877 participio
1561 1837 1698 1876 temporis
1711 1836 1878 1875 praeteriti,
1900 1844 2022 1873 praece-

81 1889 165 1916 sum,·
182 1879 267 1908 male.
289 1879 439 1907 Sententia
453 1880 606 1919 scriptoris
618 1881 744 1920 requirit
753 1892 853 1910 necsus
865 1893 937 1915 sum,
956 1881 1035 1919 quod

83 1920 227 1949 dedimus.
269 1921 372 1960 Neque
388 1922 542 1960 quisquam
558 1933 689 1961 unquam
704 1924 879 1952 Latinorum
895 1923 971 1951 dixit
988 1934 1037 1951 ne-

83 1970 147 1991 ctus
167 1974 239 1992 sum.
268 1979 304 1985 —
349 1964 397 2000 24)
413 1965 483 1994 Cod.
499 1965 568 1995 Asc.
584 1966 615 1997 P.
629 1977 684 2006 pro
704 1978 720 1996 c
736 1974 761 1995 et
783 1974 803 1997 t.
827 1966 911 1994 Male.
955 1965 1036 2000 Quid

82 2004 216 2034 voluerit
231 2005 380 2042 Gramm„
407 2017 444 2035 ex
467 2012 580 2037 antece.
600 2013 691 2048 patet.
736 2010 782 2037 Ex
806 2020 822 2037 c
845 2013 874 2036 et
891 2019 905 2036 s
926 2008 1037 2035 sactum

82 2052 187 2088 postea
210 2058 237 2076 ,τ’
257 2047 411 2084 significat.
454 2049 520 2078 Hoc
537 2051 578 2078 ita
603 2061 669 2079 cum
689 2051 770 2080 omni
794 2060 874 2079 nexu
894 2048 1036 2077 orationis

1079 1880 1175 1909 <lentis
1192 1880 1315 1918 paginae
1330 1885 1477 1917 extrema,
1501 1879 1617 1907 initium
1636 1879 1745 1907 faciant
1771 1878 1919 1917 sequentis
1931 1899 1938 1913 ,
1962 1887 2022 1905 uno

1078 1928 1179 1951 tenore
1202 1932 1268 1950 cum
1299 1933 1377 1961 seqq.
1405 1923 1524 1961 scripta.
1578 1921 1669 1951 Deest
1698 1922 1789 1959 igitur
1820 1921 1850 1948 in
1874 1920 1944 1948 Cod.
1972 1920 2023 1947 in—

1077 1964 1217 2003 scriptio:
1248 1964 1293 1993 De
1310 1964 1473 1995 Structura.
1490 1981 1532 1986 —
1567 1964 1614 2004 29)
1630 1965 1722 1992 Totus
1736 1963 1787 1992 hic
1803 1963 1886 1991 locus
1901 1963 1933 1990 in
1950 1962 2022 1991 Cod.

1075 2007 1117 2035 sic
1133 2006 1252 2045 legitur:
1287 2006 1431 2045 Quoniam
1445 2006 1480 2036 de
1491 2006 1614 2046 pellibus
1632 2005 1784 2046 disyllabis
1794 2013 1819 2035 ct
1831 2007 1884 2035 tris
1899 2025 2023 2035 ........

1075 2049 1162 2085 (haec
1178 2048 1290 2087 attrita)
1308 2057 1333 2078 et
1350 2057 1489 2089 quattuor
1502 2048 1680 2089 syllabarum
1698 2048 1734 2077 de
1750 2060 1817 2078 nom
1838 2070 1846 2078 .
1860 2071 1866 2078 .
1880 2071 1886 2076 .
1897 2068 1906 2077 0
1916 2071 1923 2078 .
1938 2070 1944 2078 .
1957 2058 2024 2075 vero

86 2090 241 2125 cohaeret,
266 2095 298 2118 ut
322 2100 407 2119 nemo
432 2093 588 2131 quisquam
609 2093 691 2122 aliud
710 2093 740 2122 h.
760 2094 779 2122 l.
805 2092 949 2130 scriptum
974 2100 1036 2119 esse

83 2143 122 2162 ne
146 2132 292 2161 somniare
310 2133 427 2170 quidem
448 2135 550 2173 possit.
571 2151 614 2157 —
659 2136 710 2170 25)
737 2135 812 2164 Male
835 2133 906 2161 Cod.
927 2144 1035 2161 nestum

84 2175 195 2205 omisso
217 2185 289 2203 sum.
307 2190 348 2195 —
389 2174 436 2214 26)
465 2176 503 2205 Ut
523 2189 623 2206 amare
646 2176 747 2206 (locere
769 2176 821 2204 De.
865 2176 907 2204 Ita
927 2175 998 2203 Cod.
1019 2185 1034 2203 a

84 2229 130 2258 pr.
146 2229 186 2247 m.
230 2216 287 2245 Sed
302 2226 360 2247 rec,
383 2227 421 2247 m.
449 2218 516 2247 Asc.
530 2225 559 2248 et
572 2221 601 2249 P.
624 2224 658 2247 ut
672 2219 817 2247 dedimus.
833 2233 875 2240 —-
917 2219 962 2250 97)
980 2216 1034 2246 In-

74 2261 197 2301 finitive
214 2260 245 2288 P.
259 2259 347 2288 solus.
360 2275 402 2282 ·—
444 2263 489 2295 28)
504 2260 627 2291 Illorum
648 2271 734 2289 vero
755 2259 904 2288 verborum
923 2258 962 2288 id
983 2267 1033 2288 est

86 2315 102 2332 r
124 2310 205 2332 term.
244 2301 309 2331 Asc.
337 2302 368 2332 P.
420 2302 553 2332 Ceterum
579 2308 647 2343 post
670 2313 698 2331 v.
723 2303 873 2341 praeteriti
898 2302 1033 2340 sequitur

85 2345 267 2384 subscriptio
299 2344 387 2372 haec:
438 2345 541 2374 FlNlT
567 2347 616 2374 ΒΕ
652 2345 874 2373 CA'l'HOLlCIS
908 2345 1031 2374 PROBI.

85 2388 163 2417 Tum
186 2392 254 2426 post
272 2387 361 2415 breve
375 2387 563 2416 intervallum
583 2388 672 2416 unius
690 2387 826 2415 lineolae:
857 2388 927 2416 Ans
942 2388 1032 2416 SER-

87 2430 128 2460 VI
157 2428 279 2459 GRAM³
308 2430 485 2459 EXPLICIT
513 2430 718 2458 FELICITER.
768 2429 892 2468 Reliqua
924 2430 1032 2469 pagina

1075 2093 1187 2121 ratione
1206 2090 1411 2131 verborumque
1429 2093 1459 2120 in
1479 2091 1535 2120 lzoc
1558 2091 1593 2120 de
1610 2111 1818 2121 ............
1841 2089 2024 2130 placentibus

1073 2141 1172 2163 nostro
1188 2141 1312 2173 tempore
1326 2139 1380 2163 cet.
1412 2134 1458 2162 Ex
1472 2134 1578 2172 quibus
1593 2144 1658 2163 voc.
1672 2132 1794 2174 pedibus
1809 2138 1877 2161 ante
1889 2143 1918 2161 v.
1935 2130 2024 2170 disyl-

1076 2175 1152 2205 labis
1169 2176 1272 2212 adieci,
1295 2177 1487 2215 ordinemque
1502 2178 1603 2216 paullo
1619 2182 1686 2215 post
1702 2176 1868 2212 immutavi,
1886 2175 1938 2204 ubi
1956 2176 2023 2203 Asc.

1077 2223 1105 2247 et
1122 2219 1152 2247 P.
1171 2218 1328 2248 exhibent:
1352 2220 1499 2248 nominum
1519 2231 1584 2248 vero
1609 2218 1816 2259 verborumque
1839 2219 1959 2247 ratione.
1982 2232 2025 2238 —-

1074 2262 1123 2297 30)
1136 2261 1211 2290 Male
1225 2262 1293 2291 Cod.
1312 2269 1477 2291 struere.—
1498 2262 1546 2300 31)
1565 2261 1728 2290 Str-actores
1743 2262 1954 2301 compositores.
1981 2260 2024 2287 Ita

1074 2309 1153 2332 recte
1171 2304 1240 2333 cod.
1281 2303 1450 2332 Structurae
1464 2305 1676 2344 compositus-ae
1694 2304 1757 2332 Asc.
1776 2305 1806 2333 P.
1840 2303 1942 2332 Paullo
1958 2305 2024 2340 post

1075 2344 1213 2375 dicuntur
1236 2347 1317 2375 deest
1336 2346 1366 2374 in
1390 2346 1461 2375 Cod.
1483 2363 1525 2369 —
1567 2345 1613 2386 32)
1634 2345 1717 2376 Forti
1735 2347 1802 2376 Asc.
1822 2347 1854 2375 P.
1876 2346 1965 2380 male,
1990 2346 2022 2369 ut

1074 2398 1152 2427 seqq.
1172 2389 1342 2418 ostendunt.
1357 2405 1398 2412 —
