2263 2668
252 185 328 220 624
675 167 1021 204 COMMENTARII
1046 169 1095 203 IN
1121 166 1264 203 PAULI
1289 167 1487 203 DIACONI
1512 169 1767 207 EXCERPTA

255 275 375 320 quando
396 274 465 303 olim
487 267 652 309 promiscue
674 263 835 304 protulisse
858 264 1024 301 Romanos,
1055 274 1091 293 ex
1113 263 1171 293 hoc
1192 263 1271 293 Festi
1293 263 1463 293 testimonio
1486 263 1557 292 satis
1579 265 1682 303 liquet.
1729 266 1789 294 Nec
1811 265 1934 294 dubium
1958 271 2017 302 est,
2042 278 2134 306 quum
2156 280 2193 299 ex

256 319 404 350 Sanscrito
427 321 560 343 sermone
583 312 711 343 constet,
742 306 882 335 suffixum
906 305 947 335 ἆᾶ
966 307 1168 346 procudendis
1191 307 1338 335 adverbiis
1361 307 1572 344 temporalibus
1595 307 1757 345 inservire,
1786 309 1878 337 veluti
1900 307 2043 346 samaria,
2068 321 2193 351 semper,

256 362 345 398 sada,
374 365 503 394 semper,
533 350 643 388 ἔΙῖαᾶιῖ,
675 349 850 388 aliquande,
879 348 976 387 kadd,
1000 349 1143 388 quando?
1166 348 1239 378 ιαᾱᾶ
1259 355 1338 386 tum,
1358 347 1434 388 jadai
1456 358 1541 386 cum,
1564 348 1629 387 ὅτε,
1655 349 1751 381 ὁπότε.
1795 352 1915 380 Latinae
1937 351 2048 380 formae
2071 363 2106 381 eo
2129 359 2195 384 tan-

255 410 318 434 tum
341 400 483 430 differunt
504 395 540 424 ab
563 393 692 429 Indicis,
722 392 804 430 quod
827 392 905 430 apud
931 392 1048 421 Latinos
1072 392 1184 430 syllaba
1207 392 1319 428 finalis,
1349 392 1409 419 sive
1429 391 1585 428 suffixum,
1610 403 1677 421 cum
1700 393 1843 422 adverbio
1866 394 2056 432 coniungitur
2078 407 2195 436 quam-

255 445 294 474 ἆο
315 444 333 472 i.
353 452 376 471 e.
399 439 532 480 quando5
568 436 647 475 apud
674 435 763 463 Indos
792 444 863 463 vero
892 435 1033 463 suffixum
1062 435 1148 474 stirpi
1176 434 1377 473 pronominali
1405 435 1541 472 proxime
1569 437 1736 474 apponitur.
1782 436 1941 472 Quomodo
1964 437 2054 473 igitur
2074 438 2104 466 in
2128 438 2195 467 aliis

253 486 425 516 Latinorum
454 480 601 510 adverbiis
623 490 637 508 e
659 482 687 506 et
709 488 725 506 ο
748 476 854 506 suffixa
882 478 1016 513 variant,
1053 482 1086 506 ut
1114 476 1282 518 manifeste,
1318 475 1492 516 manifesto,
1528 485 1602 506 certe
1632 483 1660 507 et
1689 486 1781 516 certo5
1816 479 1858 506 sic
1883 478 2001 518 quando
2028 485 2057 508 et
2077 479 2195 520 quande

254 528 356 558 eadem
378 527 438 555 fere
460 524 581 553 notione
603 520 765 560 protulisse
786 520 910 548 Romani
932 520 1133 549 inveniuntur.
1168 520 1257 548 Aliud
1280 524 1323 548 est
1345 529 1433 558 quam
1457 518 1492 547 de
1513 519 1531 548 i.
1549 530 1576 558 q.
1599 531 1701 560 quam,
1723 521 1760 550 de
1783 522 1866 549 cuius
1889 521 2023 550 adverbii
2045 532 2102 551 usu
2123 523 2195 553 vide

253 581 330 610 quae
352 569 429 598 infra
452 571 553 596 notata
575 569 643 593 sunt
665 563 703 591 ad
726 573 751 592 v.
774 561 917 600 Quamde.

420 607 620 649 Quadrata
643 604 769 635 Roma.
792 603 850 644 (Ad
873 615 900 644 p.
914 604 996 645 2⁶20.)
1022 605 1140 645 Dionys.
1162 604 1212 634 lib.
1226 605 1247 633 l.
1272 605 1308 641 (c.
1322 606 1371 636 88.
1390 605 1494 643 p.75.)
1519 606 1666 637 Plutarch.
1691 607 1723 635 in
1745 607 1874 636 Romulo
1896 607 1934 642 (c.
1948 607 1989 645 9.)
2013 607 2104 636 Solin.
2124 618 2148 636 c.
2162 610 2193 640 2.

253 656 377 685 Romam
400 665 414 682 a
437 651 565 681 Romulo
588 648 761 688 quadratam
784 648 932 676 conditam
955 649 1045 677 fuisse
1069 653 1097 677 et
1118 648 1186 677 inde
1209 656 1371 684 cognomen
1396 648 1520 676 ductum
1543 649 1650 686 fuisse,
1684 650 1834 685 scribunt3
1868 655 1901 678 ut
1923 649 2076 685 Quadrata
2099 651 2194 678 Roma

253 699 419 733 diceretur,
443 694 514 723 urbs
536 692 631 731 prima
654 692 684 719 in
708 690 832 718 Palatini
855 691 964 719 montis
986 691 1134 719 radicibus
1154 691 1287 730 pomerio
1309 689 1400 717 ducto
1424 691 1551 719 condita.
1587 692 1661 720 Vide
1684 693 1777 722 Tacit.
1801 693 1849 721 lib.
1864 692 1928 720 ΧΙΙ.
1952 693 2028 730 (cap.
2041 693 2113 730 24).
2150 692 2195 720 Ita

252 740 340 770 Ennii
369 747 487 767 carmen
515 735 728 772 intelligerem,
765 734 789 761 si
818 743 873 771 per
895 734 1066 772 Pompeium
1095 734 1207 762 liceret.
1252 732 1341 768 Quod
1365 742 1436 761 vero
1459 733 1499 761 ait
1522 739 1588 762 ante
1612 735 1758 773 Apollinis
1788 736 1885 763 locum
1910 735 2057 773 quendam
2077 735 2117 763 ita
2140 745 2195 773 ap-

251 781 374 822 pellari:
396 780 425 808 id
450 777 630 808 translaticio
651 775 770 804 nomine
793 775 905 804 dictum
930 777 1019 805 fuisse
1042 776 1228 805 crediderim.
1246 775 1332 804 Ant.
1350 774 1445 814 Aug.
1475 776 1530 804 Hic
1554 777 1674 805 omnino
1697 777 1904 815 intelligendus
1929 778 2010 805 locus
2033 777 2084 805 ille
2107 787 2195 815 quem

250 823 395 854 Romulus
418 821 474 850 sibi
497 820 623 849 munivit
643 819 674 847 in
697 828 811 846 summo
835 819 945 856 palatio
969 824 1124 857 antequam
1150 819 1249 847 urbem
1272 816 1424 845 conderet.
1469 818 1587 847 Solinus
1609 824 1706 848 tamen
1729 820 1832 848 urbem
1856 820 1951 858 ipsam
1975 821 2095 848 Romam
2119 829 2195 857 qua-

252 867 366 895 dratam
389 864 476 893 dicit:
506 862 650 897 Romam,
679 861 792 899 inquit,
823 860 955 889 condidit
982 860 1123 891 Romulus
1145 868 1198 892 etc.
1223 859 1359 899 dictuque
1380 867 1421 888 est
1441 862 1567 899 primum
1591 860 1690 890 Roma
1713 861 1876 902 quadrata,
1905 861 1984 902 quod
2006 860 2047 890 ad
2069 860 2196 901 aequili-

252 908 345 938 briam
358 906 443 948 foret
464 906 569 945 posita.
606 903 663 932 Sed
686 904 769 931 illum
791 903 909 932 abunde
932 904 1041 932 refellit
1062 905 1147 933 locus
1172 904 1224 931 iste
1240 902 1335 938 Festi,
1361 903 1446 931 cuius
1470 909 1564 932 aetate
1581 905 1701 933 Romam
1726 906 1805 933 illam
1830 904 2002 943 quadratam
2025 905 2056 932 in
2080 914 2194 933 summo

249 951 361 991 palatio
384 949 518 978 extitisse
543 946 728 975 manifestum
752 951 805 974 est.
848 946 924 975 Illud
954 951 1050 975 tamen
1080 946 1171 984 vulgo
1201 945 1345 974 creditum
1376 955 1475 974 ansam
1503 946 1586 975 dedit
1612 947 1705 975 errori
1729 957 1846 983 eorum,
1886 947 1934 985 qui
1958 947 2063 975 veteris
2088 947 2195 975 Romae

249 999 355 1032 typum
385 991 529 1030 quadrata
560 989 653 1027 figura
683 989 767 1017 nobis
797 988 971 1018 obtrudunt.
1015 988 1071 1017 Sed
1103 999 1209 1028 operae
1234 988 1361 1026 pretium
1385 988 1440 1016 erit
1463 987 1511 1016 hic
1534 999 1643 1027 ponere
1667 990 1786 1018 doctiss.
1811 990 1944 1017 Salmasii
1968 989 2195 1018 commentatio—

250 1047 316 1065 nem
348 1034 383 1063 ad
416 1033 506 1062 verba
529 1032 631 1061 sotini.
675 1031 750 1059 Dicit
778 1031 827 1059 hie
850 1032 968 1061 Solinus
990 1032 1112 1060 Romam
1135 1043 1150 1059 a
1175 1031 1300 1059 Romulo
1330 1030 1480 1058 conditam
1509 1033 1742 1070 quadratumque
1772 1032 1879 1060 dictam
1909 1032 2014 1069 fuisse,
2049 1031 2128 1069 quod
2158 1031 2195 1060 ad

251 1077 458 1117 aequilibrium
482 1077 561 1104 soret
583 1074 694 1113 posita:
727 1074 832 1112 quibus
855 1074 952 1103 verbis
975 1079 1056 1113 patet
1079 1084 1143 1102 eum
1168 1073 1328 1111 intelligere
1352 1078 1441 1102 totam
1465 1074 1568 1103 urbem
1592 1076 1714 1110 Itomae,
1744 1075 1859 1113 qualem
1884 1075 2025 1103 Romulus
2049 1074 2195 1111 condidit,

251 1121 430 1160 appellatam
455 1129 517 1147 esse
543 1117 731 1156 quadratam,
770 1127 825 1155 qua
848 1117 877 1145 in
901 1128 931 1146 re
955 1117 1150 1145 manifestarie
1173 1116 1264 1144 salsus
1288 1115 1523 1154 deprehenditur
1547 1123 1572 1146 et
1597 1127 1634 1145 ex
1658 1118 1832 1155 antiquariis
1856 1118 1963 1146 nostris
1985 1116 2121 1156 plerique
2144 1117 2195 1154 qui

250 1164 290 1192 ita
314 1166 476 1191 senserunt.
521 1161 592 1189 Nam
622 1160 703 1187 locus
728 1161 836 1188 Romae
860 1160 900 1189 ita
924 1160 1021 1189 dictus
1043 1159 1072 1187 in
1097 1159 1227 1188 Palatino
1252 1159 1327 1187 colle
1350 1169 1364 1187 a
1390 1159 1514 1188 Romulo
1538 1160 1707 1189 aedificatus
1729 1161 1759 1188 in
1782 1160 1955 1198 quadratam
1980 1159 2105 1198 speciem
2129 1169 2196 1187 mu—

250 1206 348 1240 nitus,
372 1204 452 1233 unde
475 1207 503 1232 et
526 1202 624 1231 Roma
647 1201 811 1242 quadrata,
834 1202 863 1230 h.
884 1213 908 1233 e.
932 1199 1116 1242 τετράγωνος
1138 1207 1181 1230 est
1205 1201 1380 1240 appellatus.
1426 1203 1524 1239 Longe
1546 1203 1636 1240 igitur
1660 1208 1760 1231 errant
1782 1204 1838 1231 viri
1862 1202 1958 1239 docti,
1989 1202 2040 1240 qui
2063 1201 2196 1230 scribunt

250 1249 372 1277 Romam
395 1259 409 1275 a
431 1246 557 1274 Romulo
582 1245 755 1283 quadratam
779 1245 927 1274 conditam
951 1245 1039 1273 fuisse
1066 1250 1093 1273 et
1121 1244 1188 1272 inde
1218 1254 1382 1281 cognomen
1411 1244 1548 1282 ductum,
1584 1250 1617 1273 ut
1646 1244 1794 1285 quadrata
1818 1243 1916 1274 Roma
1945 1245 2095 1274 diceretur
2123 1244 2195 1272 urbs

250 1291 347 1330 prima
369 1291 399 1318 iu
423 1289 544 1318 Palatini
570 1289 675 1324 montis
699 1288 850 1317 radicibus
875 1289 1023 1327 pomoerio
1048 1287 1138 1316 ducto
1163 1287 1293 1316 condita.
1332 1287 1389 1315 Sed
1406 1289 1556 1325 Solinum,
1580 1299 1594 1316 a
1621 1299 1680 1326 quo
1704 1288 1733 1316 in
1757 1298 1887 1317 errorem
1909 1287 2022 1316 inducti
2045 1287 2196 1322 videntur,

251 1334 399 1371 corrigere
423 1332 521 1371 potius
544 1336 571 1360 et
593 1331 730 1359 insectari
755 1341 843 1369 quam
865 1331 948 1369 sequi
972 1331 1147 1358 debuerunt.
1194 1329 1322 1358 Primum
1351 1329 1432 1358 locus
1460 1331 1526 1367 ille,
1566 1331 1616 1368 qui
1640 1332 1747 1358 Romae
1772 1330 1931 1369 quadratae
1955 1339 2060 1358 nomen
2081 1329 2195 1362 habuit,

251 1387 310 1405 non
332 1378 361 1404 in
384 1375 533 1404 radicibus
556 1374 680 1402 Palatini
709 1374 833 1410 montis,
869 1374 919 1402 sed
949 1373 977 1401 in
1006 1373 1072 1412 ipso
1103 1377 1201 1401 monte
1231 1372 1411 1400 constitutus
1434 1377 1463 1400 et
1485 1373 1623 1402 munitus.
1671 1373 1781 1400 Deinde
1803 1378 1931 1401 structus
1955 1373 2010 1401 suit
2033 1383 2047 1400 a
2071 1371 2195 1400 Romulo

250 1419 421 1458 priusquam
446 1417 511 1446 urbi
535 1416 706 1444 condendae
730 1416 851 1444 duceret
875 1416 1006 1452 sulcum,
1031 1426 1123 1454 quum
1145 1414 1244 1443 adhuc
1266 1415 1344 1443 inter
1367 1414 1471 1443 fratres
1495 1415 1530 1443 de
1553 1415 1636 1450 loco,
1661 1415 1710 1442 ubi
1735 1415 1803 1443 urbs
1826 1420 2004 1452 poneretur,
2027 1414 2140 1443 dividia
2160 1423 2195 1441 ac

251 1466 399 1490 certamen
423 1465 507 1489 esset.
552 1458 703 1487 Plutarch.
726 1459 757 1486 in
781 1459 841 1486 vita
865 1459 979 1487 Romuli
1004 1458 1042 1495 (c.
1057 1459 1115 1494 9.):
1142 1454 1290 1495 Ῥώμυλος
1314 1455 1366 1495 μὲν
1390 1452 1444 1488 οὖν
1468 1456 1522 1495 τὴν
1545 1457 1731 1494 καλουμένην
1752 1454 1866 1494 Ῥώμην
1888 1454 2097 1495 κουαὸρτὶτην,
2122 1453 2194 1494 ὅπερ

251 1504 309 1535 ἐστὶ
339 1501 542 1543 τετράγωνον,
581 1502 674 1531 ἔκτισε
696 1501 745 1530 καὶ
769 1502 884 1531 ἐκεῖνον
908 1498 1049 1540 ἐβούλετο
1073 1501 1180 1535 κτίζειν
1203 1497 1254 1530 τὸν
1277 1498 1380 1529 τόπον.
1421 1496 1533 1538 Ῥῶμος
1557 1499 1586 1529 δὲ
1608 1501 1716 1537 χωρίον
1738 1511 1764 1529 τι
1787 1502 1840 1529 τοῦ
1857 1497 2028 1537 Ἀβεντίνυυ
2051 1497 2196 1537 καρτερὸν

251 1544 270 1577 ὃ
294 1543 342 1576 δι’
367 1546 479 1576 ἐκεῖνον
502 1544 553 1582 μὲν
574 1540 738 1580 ὠνομάσθη
758 1540 906 1581 Ῥεμορία,
932 1543 988 1573 νῦν
1012 1542 1042 1572 δὲ
1064 1539 1232 1582 Πιγυᾶριον
1255 1544 1392 1571 καλεῖται.
1427 1542 1555 1579 Uterque
1579 1542 1663 1569 locus
1685 1542 1771 1570 etiam
1794 1543 1904 1569 Romae
1926 1541 2042 1569 extabat
2062 1546 2195 1579 tempore

253 1589 392 1624 Victoris,
417 1589 467 1626 qui
490 1587 520 1615 in
543 1586 656 1614 decima
680 1586 799 1622 regione
823 1586 914 1617 urbis,
939 1585 998 1613 hoc
1021 1589 1064 1613 est
1085 1584 1117 1612 in
1140 1583 1250 1612 Palatio
1273 1583 1403 1612 Romam
1427 1583 1604 1623 quadi-aiam
1627 1584 1729 1622 ponit3
1753 1584 1782 1611 in
1806 1583 1918 1611 decima
1942 1584 2027 1613 tertia
2049 1583 2079 1611 in
2097 1584 2195 1611 Aven—

250 1632 314 1660 tino
337 1629 518 1659 Remurium.
553 1628 625 1656 Vide
642 1628 759 1656 Festum
778 1629 806 1655 in
822 1626 998 1655 Remurinus
1020 1638 1098 1665 ager.
1131 1627 1179 1654 Sic
1203 1631 1232 1654 et
1254 1626 1338 1654 locus
1361 1627 1391 1654 in
1416 1627 1548 1654 Palatino
1572 1631 1670 1654 monte
1694 1637 1707 1654 a
1734 1626 1859 1654 Romulo
1881 1625 1910 1653 in
1934 1626 2108 1664 quadratam
2130 1635 2194 1664 spe-

253 1674 326 1702 ciem
350 1677 489 1707 structus,
513 1671 591 1699 unde
615 1675 642 1698 et
667 1671 728 1709 ipse
753 1670 788 1697 de
811 1670 966 1698 condenda
991 1669 1064 1697 uibe
1088 1670 1257 1707 auspicatus
1280 1673 1333 1705 est,
1357 1667 1456 1697 Roma
1476 1666 1624 1708 quadrata
1639 1679 1654 1696 a
1671 1669 1787 1697 Romuli
1810 1668 1927 1696 nomine
1951 1673 1980 1697 et
2001 1668 2095 1696 forma
2118 1672 2196 1696 stru-

254 1721 361 1744 cturae.
405 1715 504 1750 Quare
528 1724 586 1741 non
609 1715 699 1745 magis
723 1713 793 1740 urbs
816 1713 872 1740 suit
892 1711 992 1741 Roma
1015 1712 1065 1739 illa
1089 1711 1250 1751 quadrata,
1274 1721 1359 1749 quam
1382 1710 1532 1739 Remuria.
1578 1711 1693 1739 Etenim
1717 1711 1814 1739 adhuc
1837 1711 1872 1739 de
1895 1710 1967 1739 urbe
1989 1711 2144 1739 condenda
2167 1715 2196 1739 et

254 1758 290 1786 de
313 1759 378 1786 loco
402 1757 485 1786 urbis
509 1755 726 1784 contendebant
749 1756 869 1791 fratres,
905 1764 997 1792 quum
1027 1755 1092 1781 loca
1120 1754 1170 1781 illa
1200 1753 1274 1782 alter
1304 1754 1333 1781 in
1356 1753 1506 1789 Palatino,
1544 1753 1617 1781 alter
1638 1753 1668 1781 in
1693 1753 1840 1782 Aventino
1864 1758 1964 1782 monte
1988 1752 2195 1782 condiderunt.

254 1800 324 1828 Post:
345 1800 396 1828 illa
419 1810 487 1827 cum
510 1799 729 1826 contentionem
753 1808 834 1826 suam
858 1797 957 1825 avium
979 1797 1090 1824 iudicio
1119 1796 1316 1833 remisissent,
1353 1796 1560 1824 addicentibus
1583 1800 1611 1823 et
1634 1796 1799 1824 faventibus
1823 1796 1948 1824 Romulo
1970 1795 2075 1824 avibus
2098 1795 2198 1835 coepit:

253 1842 303 1871 ille
326 1843 439 1870 sulcum
463 1841 571 1869 ducere
594 1841 661 1868 uibi
686 1840 918 1868 constituendae.
962 1838 1113 1867 Plutarch.
1137 1839 1174 1875 (c.
1191 1840 1266 1875 10.):
1307 1839 1367 1869 Καὶ
1388 1842 1442 1868 τοῦ
1460 1835 1610 1877 Ῥωμύλου
1635 1836 1753 1876 τάφρον
1777 1836 1970 1878 ὄρύττοντος,
2006 1833 2026 1879 ᾗ
2048 1835 2080 1867 ‘td
2104 1841 2197 1876 τεῖχος

258 1882 353 1920 ἔμελλε
375 1887 580 1919 κυκλοῦσθαι,
606 1880 620 1913 ὅ
640 1881 751 1920 Ῥῶμος
773 1880 808 1912 τὰ
831 1882 884 1921 μὲν
906 1880 1040 1921 ἐχλεύαζε
1062 1883 1121 1911 τῶν
1143 1881 1247 1920 ἔργων.
1283 1881 1349 1909 Scio
1375 1881 1488 1909 Livium
1510 1880 1639 1909 scribere
1661 1881 1711 1910 lib.
1723 1881 1745 1909 I.
1770 1882 1876 1916 (e.7.):
1900 1879 2067 1909 Palatinum
2091 1891 2109 1908 α
2132 1879 2196 1909 Ro-

258 1923 336 1952 mulo
357 1927 494 1963 primum,
518 1927 548 1954 in
572 1936 628 1964 quo
652 1926 711 1964 ipse
733 1923 873 1953 educatus
894 1931 971 1961 erat,
993 1924 1135 1952 munitum
1148 1923 1257 1965 fuisse.
1285 1923 1343 1952 Sed
1366 1923 1530 1961 intelligere
1552 1923 1635 1951 illum
1659 1928 1731 1961 puto
1755 1924 1791 1952 de
1807 1924 1899 1952 Roma
1922 1922 2083 1961 quadrata,
2108 1932 2195 1961 quam

259 1965 289 1992 in
312 1966 361 1992 illo
384 1973 479 1995 moute
500 1968 681 2003 aedificavit,
707 1978 766 1996 non
790 1968 825 1995 de
849 1967 921 1995 urbe
943 1977 1020 1995 nova
1044 1967 1153 2004 Roma,
1178 1975 1266 2004 quam
1289 1966 1440 2005 auspicato
1464 1971 1568 2004 postea
1591 1965 1739 2002 condidit,
1764 1971 1792 1994 et
1815 1966 1862 1994 cui
1883 1965 2069 2004 pomoerium
2093 1970 2195 2004 postea

260 2006 382 2037 addidit.
427 2010 516 2036 Roma
540 2011 682 2048 quadrata
705 2010 790 2037 locus
815 2010 870 2038 suit
892 2010 921 2037 in
946 2009 1078 2037 Palatino
1104 2013 1204 2036 monte
1229 2009 1377 2045 munitus,
1415 2019 1475 2036 non
1499 2008 1570 2036 urbs
1591 2009 1684 2036 Roma
1708 2019 1740 2037 ea
1762 2008 1854 2047 figura
1877 2008 2006 2047 primum
2029 2018 2045 2036 a
2068 2007 2195 2037 Romulo

259 2048 364 2087 posita.
407 2049 596 2079 Vehementer
624 2053 709 2081 etiam
733 2053 844 2080 erravit
867 2052 989 2080 doctiss.
1012 2050 1187 2089 Onuphi·ius
1210 2051 1342 2080 scribens
1365 2051 1523 2080 Romulum
1547 2051 1613 2079 urbi
1638 2061 1731 2080 novae
1755 2062 1770 2079 a
1794 2062 1824 2080 se
1846 2051 1940 2089 figura
1963 2050 2105 2088 quadrata
2127 2060 2195 2078 cum

260 2090 356 2119 tribus
379 2092 470 2128 portis
492 2094 602 2130 positae
626 2095 809 2132 pomoerium
833 2105 913 2123 more
936 2095 1062 2122 Etrusco
1084 2093 1249 2130 addidisse,
1278 2101 1309 2122 ut
1331 2101 1464 2122 auctores
1486 2100 1566 2130 sunt,
1590 2093 1699 2132 inquit,
1724 2093 1899 2133 Dionysius,
1924 2092 2060 2129 Solinus,
2083 2090 2196 2122 Plinius

260 2140 286 2161 et
309 2129 490 2179 Plutarchus.
524 2135 561 2162 Ut
581 2146 669 2173 supra
691 2137 838 2173 vidimus,
861 2136 1039 2165 Plutarchus
1061 2141 1162 2174 aperte
1185 2136 1340 2174 distinguit
1360 2137 1483 2164 Romam
1508 2135 1681 2174 quadratam
1705 2136 1741 2164 ab
1765 2136 1857 2173 urbe,
1882 2137 1965 2165 cuius
1987 2135 2111 2173 figuram
2134 2144 2195 2163 nou

262 2173 433 2213 quadratam
450 2176 552 2211 tuisse,
575 2178 626 2204 sed
649 2180 805 2207 rotundam
827 2180 917 2208 verba
938 2179 990 2207 illa
1013 2178 1086 2207 satis
1109 2178 1282 2207 ostendunt:
1305 2190 1363 2219 qua
1386 2190 1499 2207 murum
1522 2179 1552 2207 in
1576 2178 1671 2207 orbem
1695 2185 1755 2207 erat
1776 2177 1924 2208 ducturus.
1957 2177 2068 2207 Plinius
2085 2179 2196 2206 Romae

263 2216 423 2264 quadratae
450 2226 509 2243 non
539 2219 683 2255 meminit,
719 2221 769 2249 sed
799 2222 913 2250 lib.IlI.
937 2232 1001 2260 cap.
1015 2223 1044 2253 5.
1068 2221 1171 2250 scribit
1199 2221 1303 2250 urbem
1325 2223 1447 2250 Romam
1471 2232 1486 2249 a
1509 2222 1635 2250 Romulo
1663 2231 1729 2250 cum
1758 2221 1853 2249 tribus
1875 2221 1971 2260 portis
1993 2225 2044 2248 aut
2066 2224 2195 2259 quatuor

262 2258 401 2306 relictam.
445 2258 553 2286 Verum
576 2259 625 2305 illa
646 2262 736 2289 Roma
759 2264 842 2300 longe
865 2264 980 2292 diversa
1005 2274 1019 2291 a
1043 2264 1134 2292 Roma
1157 2264 1301 2302 quadrata
1324 2264 1355 2292 in
1375 2264 1507 2293 Palatino
1531 2269 1639 2292 monte.
1684 2264 1839 2302 Dionysius
1860 2274 1953 2302 porro
1974 2262 2130 2291 initio'lib.
2141 2260 2192 2290 XI.

263 2305 304 2329 alt
323 2299 479 2328 Romulum
502 2301 646 2345 Palatium
664 2307 697 2347 ¹et
717 2303 894 2341 Capitolium
923 2306 1015 2334 muris
1046 2311 1073 2334 et
1101 2306 1180 2334 fossa
1209 2307 1363 2335 moenisse.
1408 2306 1464 2335 Sed
1494 2306 1597 2334 urbem
1626 2306 1707 2334 illam
1736 2306 1857 2334 eandem
1888 2306 1977 2334 fuisse
2005 2315 2072 2334 cum
2101 2305 2192 2332 Roma

264 2341 589 2391 quadralaffimfsquam
611 2341 684 2370 dieit
702 2344 871 2382 Dionysius,
893 2348 953 2375 imo
975 2348 1157 2376 contrarium
1181 2358 1218 2377 ex
1241 2349 1304 2377 eius
1328 2349 1446 2387 scriptis
1469 2348 1616 2378 elucescit.
1650 2348 1763 2377 Gellius
1785 2349 1836 2377 lib.
1849 2349 1928 2377 xm.
1945 2357 2008 2386 cap.
2023 2346 2088 2378 14.:
2111 2344 2191 2374 Seri-

264 2385 561 2432 hiranuquzsspmum
581 2385 775 2423 pomoerium,
798 2388 876 2425 qnod
898 2400 915 2416 α
936 2388 1066 2418 Romulo
1088 2390 1251 2419 institutum
1275 2399 1314 2420 est
1337 2390 1473 2420 Palatini
1495 2391 1601 2420 moniis
1623 2390 1773 2420 radicibus
1794 2390 2012 2420 terminabatur.
2047 2388 2119 2416 Nam
2140 2387 2192 2417 ille

264 2428 335 2457 dicit
356 2437 414 2455 non
439 2426 523 2455 aham
546 2427 734 2455 constitutam
757 2438 771 2454 a
795 2429 920 2457 Romulo
944 2432 1065 2459 Romam
1088 2437 1206 2469 praeter
1227 2443 1307 2469 eam,
1331 2444 1406 2471 quae
1429 2434 1571 2472 quadrata
1594 2433 1673 2462 dicta
1695 2439 1754 2469 est,
1778 2443 1832 2461 nee
1855 2432 1937 2461 aliud
1961 2431 1996 2459 ab
2018 2439 2051 2458 eo
2074 2430 2191 2458 institu-
