2263 2668
499 130 564 164 DE
589 126 978 163 SIGNIFICATIONE
1005 127 1291 163 VERBORUM.
1350 128 1497 162 LIBER
1521 127 1631 162 XVII.
1966 130 2042 165 689

86 223 275 253 Liberalibus
299 223 404 252 Libero
428 223 572 260 dabatur,
604 233 664 262 quo
687 227 716 251 et
738 231 813 250 uvae
836 219 985 250 vindemia
1008 222 1140 260 reliquae
1163 227 1191 251 et
1213 222 1315 251 vinum
1337 222 1489 260 reliquum
1513 231 1597 249 sacra
1620 230 1682 249 esse
1705 219 1890 257 desinerent,
1914 226 1949 250 ut
1973 223 2042 252 Cal-

87 267 169 306 pari,
193 271 289 295 totum
313 266 416 294 vinum
440 266 590 295 diffusum.
619 266 655 294 Et
679 265 841 304 praemetio
864 273 945 302 seges
967 264 1089 303 reliqua.
1122 265 1194 294 Vide
1212 263 1330 305 Calpur.
1361 265 1417 293 Adi
1441 269 1470 294 et
1493 264 1657 293 Arnobium
1679 262 1729 292 lib.
1743 263 1819 301 VIL,
1843 263 1895 293 ubi
1912 265 2042 295 Trebatii

87 309 299 339 Iurisconsulti
322 309 413 337 verba
436 310 536 338 refert.
582 307 690 337 Idem.

253 350 532 393 Sacrificulus.
577 351 648 379 Post
672 352 764 388 Reges
792 353 930 383 exactos,
969 353 1003 376 ut
1033 349 1153 388 Dionys.
1177 354 1206 378 et
1228 348 1330 377 Livius
1358 349 1509 385 scribunt,
1547 348 1599 387 qui
1628 359 1684 387 pro
1713 358 1781 386 rege
1809 358 1892 377 sacra
1921 350 2042 387 faceret,

86 395 151 422 Rex
175 393 362 422 sacrificulus
385 394 481 422 factus
505 398 549 422 est
571 393 688 422 Manius
712 392 854 432 Papisius.
890 391 956 421 Vid.
981 391 1058 420 Plut.
1081 392 1112 420 in
1136 392 1281 421 Problem.
1307 392 1456 430 (Quaestt.
1480 393 1564 420 Rom.
1580 392 1654 427 63.).
1682 390 1772 419 Ant.
1796 390 1895 430 Aug.
1940 392 2043 421 Sacri-

86 435 193 465 ficulus
217 436 330 464 dicitur
351 446 405 465 rex
427 446 599 472 sacrorum,
632 437 682 474 qui
707 446 739 464 ea
762 445 860 471 sacra,
890 444 965 472 quae
989 434 1084 462 facere
1108 445 1189 473 reges
1214 439 1384 471 sueverant,
1412 435 1490 465 facit.
1537 434 1652 462 Primus
1676 434 1740 461 Rex
1763 438 1882 462 creatur
1904 439 1973 473 post
1995 445 2042 463 re-

87 489 136 517 ges
159 484 281 507 exactos
306 479 441 517 Papisius
463 478 587 508 Manius.
612 477 713 508 Scal.
753 478 815 506 Rex
839 477 971 505 absolute
995 476 1156 506 dicebatur.
1179 477 1270 506 Dac.
1315 477 1370 505 Hic
1392 477 1469 506 adde
1496 475 1578 506 Ordo
1600 474 1783 504 sacerdotum
1808 486 1905 515 supra.
1937 474 2041 506 Goth.

88 520 204 550 Primus
225 532 342 549 memor.
366 526 422 552 etc.
466 522 567 549 Livius
589 526 617 549 et
642 521 802 560 Dionysius
824 519 952 549 Manium
977 519 1126 558 Papirium
1149 520 1277 558 primum
1301 519 1497 548 sacrificulum
1522 518 1664 559 produnt.
1707 518 1764 546 Sed
1787 518 1860 547 alios
1882 518 2041 549 historicos

87 567 206 592 secutus
229 568 272 591 est
296 563 426 592 Verrius.
473 562 586 593 Idem.

254 604 422 635 Sacella.
469 607 499 634 C.
522 606 679 635 Trebatius
702 605 752 634 lib.
764 605 799 634 11.
824 604 860 633 de
882 603 1074 641 religionibus
1100 604 1180 642 apud
1204 604 1278 634 Gell.
1302 604 1353 634 lib.
1368 605 1415 634 VI.
1440 615 1503 644 cap.
1518 607 1584 636 12.:
1616 601 1766 632 Sacellum
1795 611 1837 632 est
1864 601 1947 632 locus
1965 615 2044 643 par—-

87 658 140 676 vus
164 645 216 676 deo
241 655 376 677 sacratus
400 660 464 677 cum
488 660 549 677 ara.
574 648 662 677 Ant.
686 647 780 687 Aug.
826 647 937 676 Sacella
961 646 1102 675 dicuntur
1126 652 1265 686 consepta
1290 647 1371 684 loca,
1401 657 1475 686 quae
1498 646 1703 675 tantummodo
1728 656 1814 675 muro
1839 646 1939 674 clausa
1962 651 2040 676 sunt.

89 690 156 718 Sine
180 694 273 726 tecto,
298 691 366 728 quia
389 691 505 720 scilicet
528 691 646 730 saepius
670 696 754 719 erant
776 690 928 728 fulgurita.
972 689 1047 718 Vide
1071 689 1149 718 infra
1173 690 1202 717 in
1227 688 1376 718 Scribonii
1395 688 1502 728 puteal.
1548 689 1635 719 Dae.

255 731 569 763 Sacrosanctum.
613 734 840 762 sacrosanctum
865 732 938 770 quid
959 731 1049 761 fiebat
1071 737 1133 760 tum
1157 733 1316 769 religione,
1341 737 1400 760 tum
1424 732 1495 769 lege.
1528 732 1695 769 Religione‚
1720 730 1786 769 quia
1811 731 1899 759 certis
1922 731 1958 760 ad
1981 731 2040 760 hoc

88 774 256 803 cerimoniis
279 785 354 814 opus
378 781 457 813 erat,
479 781 512 805 ut
534 776 724 805 iureiurando
748 781 802 804 etc.
847 776 922 814 Lege
944 780 1059 811 autem,
1083 775 1150 813 quia
1174 774 1231 803 hac
1253 775 1455 811 sanciebatur,
1480 779 1513 802 ut
1534 784 1617 803 sacer
1639 777 1731 810 esset,
1756 773 1808 811 qui
1832 783 1949 801 sacrum
1973 775 2040 802 vio-

87 817 193 854 lasset,
216 818 278 845 sive
302 818 467 855 nocuisset,
493 819 541 847 cui
563 818 618 847 hac
642 819 706 857 lege
730 829 788 846 non
811 818 923 847 liceret.
952 818 1012 848 Liv.
1031 817 1081 846 lib.
1094 818 1143 846 111.
1159 823 1227 847 sect,
1242 818 1310 849 55.:
1336 816 1411 856 Ipsis
1434 828 1547 857 quoque
1569 816 1711 853 tribunis,
1735 823 1767 843 ut
1788 816 1972 845 sacrosancti
1992 817 2041 845 vi-

89 857 222 887 derentur
237 860 332 896 (cuius
355 862 395 890 rei
413 872 505 901 prope
528 862 587 890 iam
611 862 750 891 memoria
773 859 950 898 aboleverat)
974 859 1072 889 relatis
1094 859 1268 900 quibusdam
1292 870 1332 889 ex
1354 871 1460 898 magno
1483 858 1637 887 intervallo
1661 858 1825 888 cerimoniis
1846 865 2041 897 renovarunt,-

88 908 115 930 et
138 912 202 930 cum
226 900 365 941 religione
386 903 545 934 inviolatos
567 915 630 941 eos,
660 911 720 932 ium
744 902 805 942 lege
826 905 912 932 eiiam
925 903 1081 945 fecerunt,
1112 901 1284 938 sanciendo,
1315 909 1345 930 ut
1368 902 1420 941 qui
1444 900 1583 929 Tribunis
1603 900 1714 940 plebis,
1737 898 1899 936 aedilibus,
1924 899 2040 930 iudici-

89 942 158 980 bus,
182 942 351 974 decemviris
373 947 535 983 nocuisset,
560 947 619 975 eius
642 953 729 986 copul
753 945 832 975 Iovis
854 957 970 975 sacrum
992 952 1077 982 esset,
1092 944 1222 986 familia
1246 943 1286 972 acl
1308 942 1407 972 aedem
1430 942 1538 973 Cereris
1561 942 1645 972 liberi
1667 942 1829 983 liberaeque
1850 953 1953 971 venum
1976 943 2040 972 iret.

88 984 161 1015 Hac
183 985 244 1025 lege
266 986 344 1016 Iuris
367 989 532 1029 interpretes
555 997 660 1028 negant
683 1000 855 1029 quemquam
885 996 1103 1018 sacrosanctum
1128 999 1201 1023 esse,
1237 986 1287 1016 sed
1315 994 1404 1026 caput
1433 987 1507 1022 eius,
1545 986 1596 1026 qui
1620 996 1717 1014 eorum
1741 986 1877 1025 cuiquam
1901 985 2041 1022 nocuerit,

88 1038 205 1057 sacrum
232 1040 304 1066 esse,
340 1029 374 1059 id
400 1032 520 1061 sanciri.
564 1032 657 1060 Porro
687 1034 901 1068 iuramentum,
941 1031 1021 1069 quod
1050 1029 1267 1066 intercedebat,
1306 1030 1365 1058 tale
1390 1029 1479 1057 fuisse
1503 1033 1584 1067 patet
1607 1038 1642 1056 ex
1667 1028 1788 1065 Dionys,
1813 1027 1904 1055 Halic.
1927 1028 1977 1056 lib.
1992 1027 2040 1057 VI.

89 1071 211 1108 (c.89.).
250 1071 391 1102 iurabant
413 1084 469 1113 per
492 1085 575 1103 sacra
600 1075 698 1103 onmia
722 1085 751 1102 se
776 1079 968 1112 posterosque
992 1084 1061 1101 suos
1084 1072 1160 1101 hanc
1185 1077 1327 1111 perpetuo
1350 1072 1443 1109 legem
1466 1071 1693 1107 observaturos,
1718 1070 1818 1099 addita
1842 1070 2040 1107 execratione,

87 1118 123 1141 ut
144 1113 196 1151 qui
218 1114 277 1151 legi
305 1121 459 1154 parerent,
495 1119 536 1146 ita
558 1118 634 1146 Deos
662 1128 787 1156 superos
817 1122 903 1156 atque
931 1116 1041 1144 inferos
1071 1116 1218 1155 propitios
1246 1115 1404 1150 haberent,
1444 1114 1494 1152 qui
1517 1123 1574 1141 non
1599 1120 1753 1151 parerent,
1789 1112 1922 1142 infestos.
1952 1112 2040 1142 Dac-

90 1156 202 1186 Gloss.:
228 1155 445 1187 sacrosanctas
467 1155 694 1199 ἆφιερωμὲνας,
718 1160 822 1189 iisdem
847 1160 1074 1189 Sacrosancium
1098 1156 1201 1200 ἅγιον,
1225 1156 1324 1198 ἱερόν,
1347 1155 1591 1196 καθωσιωμένον.
1618 1154 1721 1185 Goth.
1759 1155 1798 1183 Ut
1819 1155 1870 1194 qui
1892 1153 1962 1183 viol.
1985 1155 2041 1183 Fa-

89 1198 130 1226 cit
152 1199 201 1227 lex
221 1199 275 1227 ult.
296 1200 325 1229 ss'.
348 1201 384 1229 de
407 1212 506 1231 reruni
531 1203 618 1233 divis.
664 1201 773 1231 Idem.

255 1240 442 1272 Sacratae
468 1244 574 1284 leges.
621 1246 665 1273 Ex
689 1251 824 1274 veterum
848 1245 973 1273 lectione
996 1245 1066 1273 satis
1089 1249 1203 1273 constat
1227 1248 1356 1272 sacratas
1380 1243 1457 1281 leges
1481 1252 1528 1271 eas
1550 1251 1613 1270 esse
1637 1251 1697 1269 non
1721 1241 1816 1269 solum
1841 1240 1951 1278 quibus
1974 1250 2041 1268 san-

89 1283 181 1311 citum
199 1289 275 1319 erat,
301 1290 332 1314 ut
356 1287 405 1325 qui
429 1287 573 1316 adversus
596 1298 644 1316 eas
666 1289 783 1324 fecerit,
808 1287 895 1316 alicui
919 1288 1042 1316 deorum
1065 1298 1147 1316 sacer
1170 1291 1262 1323 esset,
1285 1287 1337 1315 sed
1362 1296 1409 1315 eas
1434 1286 1538 1321 etiam,
1563 1294 1635 1322 quas
1659 1283 1741 1322 plebs
1765 1284 1861 1311 iurata
1885 1285 1916 1311 in
1940 1287 2042 1311 monte

88 1335 175 1354 sacro
198 1326 329 1356 sciverit.
374 1329 519 1364 Quamvis
542 1335 642 1358 utrum
666 1341 724 1358 una
750 1335 862 1358 tantam
886 1330 950 1364 lex,
974 1340 1009 1357 an
1035 1330 1135 1368 plnres
1158 1330 1189 1358 in
1213 1340 1246 1358 eo
1271 1334 1368 1357 monte
1391 1329 1466 1356 latae
1490 1327 1615 1362 fuerint,
1638 1326 1782 1354 incertum
1806 1327 1853 1355 sit.
1900 1326 1975 1363 Lege
1997 1326 2042 1353 in-

87 1368 148 1396 fra:
183 1367 276 1397 alicui
304 1369 422 1399 deorum
452 1372 489 1400 sit
512 1383 576 1401 cum
595 1372 734 1414 familia.
758 1373 846 1401 Dac.
892 1372 975 1400 Adde
999 1373 1061 1404 l.9.
1085 1375 1108 1410 §.
1135 1373 1267 1411 proprie.
1291 1372 1364 1403 3.ff.
1389 1371 1424 1399 de
1447 1380 1546 1399 rerum
1569 1369 1657 1398 divis,
1684 1367 1788 1398 Goth.
1835 1367 1928 1397 Sacer
1950 1366 2044 1397 alicui

86 1409 176 1439 Deor.
215 1410 290 1440 Vide
315 1412 443 1442 Macrob.
462 1415 522 1443 VH.
548 1415 612 1454 (lib.
625 1415 680 1453 111,
705 1416 758 1453 3..)
797 1415 882 1444 Adde
907 1415 1033 1443 Nonium
1058 1414 1144 1454 (pag.
1156 1417 1228 1447 397.
1255 1414 1362 1452 Mero.)
1388 1415 1416 1442 in
1441 1412 1574 1442 Sacrum.
1606 1410 1714 1440 Idem.
1759 1410 1832 1439 Vide
1860 1409 1892 1438 in
1916 1408 2044 1439 Publica

84 1451 226 1491 pondera.
271 1452 381 1484 Idem.

252 1495 414 1527 Seclusa
439 1509 552 1527 sacra
581 1498 817 1529 dicebantur.
865 1499 949 1534 Quae
972 1510 987 1527 a
1011 1499 1145 1538 profanis
1175 1499 1274 1527 clausa
1303 1504 1372 1527 sunt
1395 1503 1424 1527 et
1447 1502 1591 1537 separata.
1638 1495 1748 1524 Ceteris
1773 1500 1869 1523 autem
1893 1505 1975 1523 sacra
1998 1495 2044 1522 in-

87 1537 247 1575 telligenda
270 1545 348 1568 sunt.
383 1541 457 1569 Vide
480 1541 516 1569 ad
539 1542 616 1570 illud
638 1542 739 1570 Horat.
764 1541 870 1579 (Odar.
888 1541 944 1577 111,
969 1545 1004 1577 2,
1027 1542 1110 1579 26.):
1137 1540 1269 1577 Vetabo,
1295 1543 1346 1581 qui
1364 1539 1473 1570 Cereris
1493 1551 1580 1569 sacra
1602 1537 1740 1578 vulgavit.
1765 1538 1853 1569 Dac.
1887 1537 2043 1577 Mysten-ia.

88 1579 172 1610 Adde
194 1591 286 1620 supra
309 1582 453 1613 Mundus.
502 1581 607 1613 Gorh.

254 1622 422 1653 Scenam.
468 1626 542 1663 Lege
570 1626 663 1654 infra:
702 1625 761 1663 Qui
788 1633 827 1654 cst
851 1623 892 1654 II.
917 1623 951 1653 de
978 1623 1072 1654 verbis
1093 1625 1200 1665 priscis
1223 1630 1280 1654 etc.
1326 1625 1371 1653 Ex
1394 1625 1474 1653 notis
1497 1625 1533 1654 11.
1556 1624 1685 1663 imperiti
1709 1622 1822 1651 librarii
1847 1622 1979 1651 fecerant
2000 1621 2045 1650 ei.-

89 1665 126 1694 de
149 1675 236 1694 scena
260 1667 302 1694 nil
325 1667 395 1695 alibi
420 1678 464 1696 nie
487 1669 585 1706 legere
609 1669 737 1697 memini.
762 1668 851 1697 Dac.
898 1667 982 1696 Adde
1007 1666 1163 1707 Secespita.
1211 1666 1318 1697 Goth.

256 1707 418 1739 sarissa.
463 1709 615 1750 Σάρισσα,
654 1709 729 1750 δόρυ
753 1709 886 1750 μακρὸν,
924 1708 1001 1744 εἶδος
1024 1708 1166 1740 ἀκοντίου
1186 1707 1379 1748 Ἑλληνικοῦ,
1413 1706 1518 1748 σπάθη
1541 1705 1723 1748 βαρβαρική.
1763 1703 1950 1742 Μακεδόνες.
1987 1704 2046 1734 ΗΘ-

89 1749 174 1788 sych.
213 1750 322 1780 Vocem
345 1752 567 1782 Macedonicam
598 1764 660 1782 esse
689 1758 816 1781 testatur
845 1753 932 1781 etiam
957 1752 1076 1780 Curtius
1100 1752 1151 1781 lib.
1167 1753 1232 1782 IX.:
1267 1750 1398 1781 Macedo
1421 1752 1499 1780 iusta
1521 1762 1605 1780 arma
1629 1756 1806 1788 sumpserat,
1840 1760 1952 1777 aereum
1976 1746 2046 1787 cly-

86 1803 189 1832 peum,
212 1793 341 1830 hastam,
367 1807 454 1835 quam
477 1798 616 1825 sarissam
639 1803 756 1833 vocant,
786 1794 868 1824 laeva
894 1803 1005 1831 tenens,
1031 1793 1140 1823 dea-tra
1163 1793 1307 1832 lanceam,
1330 1792 1491 1834 gladioque
1514 1794 1627 1823 cinctus
1649 1791 1727 1821 velut
1750 1803 1813 1821 cum
1835 1789 1970 1830 pluribus
1992 1788 2046 1818 di-

87 1835 259 1864 micaturus.
304 1836 395 1867 Dac.

255 1877 376 1909 Sacer
401 1892 511 1909 mons.
556 1881 618 1909 lovi
649 1885 909 1909 consecraverunt.
955 1879 1114 1918 Dionysius
1137 1879 1210 1918 (lib.
1227 1880 1279 1915 VI,
1305 1880 1389 1917 90.):
1423 1877 1491 1909 Ἐπὶ
1520 1878 1551 1909 δὲ
1578 1881 1670 1908 ταῦτα
1699 1876 1906 1915 ἐψηφίσαντο,
1944 1871 2046 1923 βωμόἱν

88 1918 309 1951 κατεσκεύασαν
332 1922 381 1953 ἐπὶ
403 1926 457 1962 τῆς
479 1921 661 1962 ἀκρωρείας,
693 1924 724 1953 ἐν
743 1918 763 1962 ἦ
782 1923 1130 1962 κατεστρατοπέδευσαν,
1165 1920 1200 1952 ὃν
1224 1922 1271 1953 ἐπὶ
1293 1925 1347 1952 τοῦ
1370 1919 1569 1961 κατασχόντος
1592 1918 1704 1956 αὐτούς
1727 1921 1862 1957 δείματος
1882 1915 1947 1948 τότε
1970 1913 2047 1946 ω’νο-

89 1973 205 2001 μασαν,
237 1961 278 2000 ὥς
300 1961 322 2003 ἦ
344 1963 469 2005 πάτριος
491 1964 591 1996 αὐτῶν
614 1955 754 2005 σημαίνει
776 1968 912 2006 γλῶσσα,
945 1963 1018 2001 Διὸς
1041 1965 1224 2002 δειματείου,
1257 1958 1281 2006 ᾧ
1303 1966 1416 2000 θυσίας
1438 1964 1652 2000 ἐπιτελέσαντες
1673 1963 1722 1994 καὶ
1746 1961 1798 1992 τὸν
1819 1956 2046 1997 ὑποδεξάμενον

89 2003 200 2041 αὐτούς
227 2004 321 2037 τόπον
350 2007 433 2048 ἱερὸν
463 2006 596 2045 ἐνέντες,
633 2006 781 2049 κατῄεσαν
805 2009 845 2043 εἰς
867 2008 922 2045 τὴν
945 2006 1032 2038 πόλιν
1058 2005 1118 2046 ἅμα
1138 2011 1200 2042 τοῖς
1222 2007 1371 2046 πρέσβεσι.
1416 2007 1501 2045 Legis
1526 2011 1617 2045 caput
1640 2006 1711 2034 fuit:
1751 2001 1858 2042 QUEI
1875 1999 2046 2031 ALITER

87 2047 245 2087 FAXIT,
281 2048 377 2079 CUM
398 2050 595 2090 PEQUNIA
617 2049 908 2089 FAMILIAQUE
929 2048 1069 2079 SACER
1092 2048 1217 2086 ESTO,
1250 2048 1320 2078 SEI
1341 2047 1444 2088 QUIS
1466 2048 1535 2078 EM
1558 2047 1743 2084 OCCISIT,
1774 2042 2047 2075 PAREICEIDA

88 2089 175 2120 NEC
195 2090 317 2121 ESTO.
363 2093 522 2132 Dionysius
547 2094 581 2131 (l.
603 2094 662 2132 e.):
689 2091 760 2124 Έᾶν
783 2094 814 2124 δέ
837 2106 881 2129 τις
902 2095 961 2123 τῶν
985 2089 1257 2133 οἷπηγορευομὲνων
1280 2104 1307 2123 τι
1330 2089 1460 2130 ποιήσῃ,
1490 2089 1645 2132 ἐξάγιστος
1666 2091 1755 2124 ἔστω,
1779 2087 1831 2118 καὶ
1853 2085 1888 2118 τὰ
1910 2083 2045 2126 χρήματα

47 2145 57 2153 ·
89 2131 183 2163 αὐτοῦ
205 2132 369 2173 Δήμητρος
392 2134 476 2175 ἱερά·
514 2136 564 2166 καὶ
586 2133 602 2166 ὖ
624 2137 739 2171 κτείνας
767 2134 834 2166 τινα
865 2139 924 2166 τῶν
954 2137 1044 2165 ταῦτα
1075 2135 1296 2175 εἰργασμένων,
1334 2133 1434 2173 φόνου
1463 2133 1601 2173 καθαρὸς
1627 2133 1708 2164 ἔστω·
1753 2130 1835 2159 Idem
1859 2134 1922 2159 erat
1944 2133 1971 2157 θῖ
1994 2125 2047 2155 SE

88 2173 274 2204 FRAUDE
294 2176 385 2207 SUA
406 2177 584 2215 LIGETO,
608 2183 655 2207 ut:
679 2179 702 2207 si
726 2179 792 2217 quis
814 2179 853 2206 im
877 2178 1015 2207 occidere
1038 2178 1121 2213 velit,
1144 2188 1175 2206 se
1198 2177 1302 2206 fraude
1326 2188 1379 2206 sua
1402 2177 1498 2214 liceto,
1522 2181 1565 2206 et:
1589 2176 1651 2205 sine
1674 2173 1792 2214 capitali
1809 2183 1884 2202 nexa
1902 2176 1974 2204 esto,
1998 2173 2042 2197 et:

88 2219 153 2246 iure
176 2228 278 2247 caesus
302 2225 374 2250 esto.
405 2220 508 2250 Scal.
553 2219 589 2249 In
611 2232 728 2250 sacrum
751 2229 876 2250 montem
899 2221 1046 2250 secessisse
1068 2227 1150 2248 trans
1170 2220 1316 2249 Anienem
1340 2231 1468 2255 amnem,
1499 2220 1557 2248 tria
1579 2217 1617 2248 ab
1639 2217 1709 2247 urbe
1730 2214 1874 2246 milliaria
1893 2221 2041 2258 passuum.

87 2260 152 2288 ΠΨ·
169 2260 270 2290 lib-11·
287 2268 357 2293 sect.
371 2266 422 2294 32.
442 2263 497 2291 Da
508 2274 533 2293 c.
572 2262 660 2301 Quod
681 2271 776 2292 autem
798 2264 916 2303 privati.
951 2265 1058 2292 Sacrae
1081 2273 1128 2291 res
1152 2268 1234 2299 sunt,
1258 2273 1333 2301 quae
1357 2262 1478 2301 publice
1501 2262 1557 2290 deo
1580 2265 1768 2290 consecratae
1791 2262 1873 2292 sunt,
1898 2264 1954 2282 ¹¹0¹}
1976 2262 2041 2301 pfl-

88 2307 184 2331 vatae.
219 2304 249 2331 Si
273 2304 340 2342 quis
364 2315 434 2343 ergo
459 2306 609 2343 privatum
631 2306 687 2334 sibi
709 2316 825 2335 sacrum
850 2306 1054 2341 constituerit,
1078 2315 1195 2334 sacrum
1220 2316 1279 2334 non
1302 2310 1360 2342 est,
1383 2305 1433 2334 sed
1457 2304 1622 2343 profanum.
1650 2304 1681 2332 L.
1694 2306 1723 2335 6.
1748 2304 1813 2339 §.2-
1839 2300 1872 2346 ⁰:
1895 2296 1930 2324 de
1953 2295 2041 2325 dim.

89 2355 148 2374 rer.
173 2346 325 2375 lustinian.
348 2348 378 2375 in
402 2349 495 2377 lnstit.
518 2348 619 2378 lib.11.
639 2359 704 2388 cap.
721 2352 748 2380 1.
767 2350 790 2386 §.
804 2351 851 2380 8.:
875 2348 909 2377 Si
931 2349 997 2388 quis
1018 2358 1085 2377 vero
1108 2350 1284 2377 auctoritate
1306 2359 1359 2377 sua
1379 2348 1465 2388 quasi
1485 2357 1603 2376 sacrum
1625 2345 1683 2375 sibi
1705 2343 1900 2376 constituent,
1922 2348 2041 2367 sacrum

90 2399 149 2418 non
170 2395 225 2424 esi,
249 2388 300 2418 sed
318 2391 475 2429 privatum.
519 2391 606 2420 Dac.

138 2439 306 2468 Girumu.
323 2450 391 2469 Lar.
413 2439 449 2468 Π.
1527 2442 1551 2474 S
1565 2453 1578 2473 s
1593 2452 1607 2472 s
1621 2452 1635 2471 s
