2263 2668
404 144 467 178 DE
494 143 769 179 VERBORUM
796 140 1187 179 SIGNIFICATIONE
1215 142 1531 179 FRAGMENTA.
1796 142 1866 176 197

77 241 134 274 sed
169 245 204 273 ut
237 239 320 272 mihi
353 238 502 280 videtur,
549 251 652 282 quom
685 240 919 285 significabant
945 238 1076 282 saepius
1103 242 1238 281 petere,
1286 243 1320 270 ut
1346 244 1532 283 petessant,
1583 239 1713 283 saepius
1739 241 1864 282 petant.

75 293 282 326 Petrones
309 291 421 325 rustici
448 291 519 324 fere
547 291 702 325 dicuntur
729 296 870 337 propter
895 295 1104 328 vetustatem,
1133 294 1165 322 et
1193 289 1284 332 quod
1313 290 1491 323 deterrima
1518 302 1672 334 quaeque
1700 300 1740 323 ac
1762 301 1864 333 prae-

75 349 191 389 ruptus
247 370 253 376 .
309 368 315 375 .
371 368 377 374 .
431 342 498 375 iam
533 344 607 387 agri
635 349 751 388 petrae
778 347 956 384 vocantur,
1004 346 1039 374 ut
1065 341 1198 385 rupices
1224 341 1313 374 idem
1342 354 1361 375 a
1387 343 1510 387 rupicis
1523 347 1546 378 ¹.
1601 341 1863 375 Petauristas

75 396 223 430 Lucilius
250 407 269 428 a
295 401 438 439 petauro
466 395 655 439 appellatos
683 396 866 429 existimare
892 393 1040 434 videtur,
1083 404 1186 436 quoin
1215 393 1278 424 ait:

179 447 316 480 Sicuti
343 445 604 487 mechanici,
644 458 734 480 cum
762 448 847 480 alto
876 445 1064 479 exiluere
1091 448 1282 489 petauro.

75 500 121 532 At
146 499 264 532 Aelius
291 498 375 531 Stilo
403 497 496 541 quod
522 498 556 530 in
582 510 660 531 aere
686 499 817 541 volent,
859 509 936 532 cum
963 496 1023 529 ait:
1066 496 1309 529 Petaurista
1335 497 1512 539 proprie
1536 496 1717 537 Graece,
1768 495 1862 528 ideo

75 551 187 594 quod
216 550 306 582 his*
331 546 441 594 πρός
469 547 578 596 α’έρα
608 551 814 586 πέταται.
867 548 1119 589 Petoritum,
1155 552 1187 580 et
1211 547 1381 580 Gallicum
1408 548 1600 581 vehiculum
1628 559 1714 589 esse,
1744 552 1775 579 et
1798 557 1860 579 no-

75 614 152 635 men
180 602 246 634 eius
274 601 400 634 dictum
429 613 497 633 esse
524 601 708 635 existimant
735 614 754 635 a
780 613 918 634 nurnero
941 600 1016 633 llll.
1041 604 1201 633 rotarum.
1229 598 1284 630 alii
1308 597 1415 638 Osce,
1452 600 1543 643 quod
1570 600 1606 632 hi
1634 610 1769 642 quoque
1796 609 1859 642 pe-

74 661 148 686 tora
175 657 330 697 quattuor
357 657 494 691 vocent3
521 653 577 685 alii
600 653 752 695 Graece,
779 653 838 686 sed
865 653 1027 690 αιόλικῶς
1054 652 1190 685 dictum.
1243 650 1451 684 Petimina
1478 652 1510 684 in
1536 651 1614 683 his*
1638 651 1860 684 iumentorum

74 706 206 745 ulcera,
235 709 267 738 et
292 705 396 748 vulgo
424 704 614 749 appellant,
646 710 677 738 et
704 705 851 739 Lucilius
875 701 895 754 Η
919 704 1064 737 meminit
1090 714 1193 747 quom
1221 703 1284 734 ait:
1751 699 1859 747 [184]

176 756 232 790 Ut
258 756 445 800 petimen
474 767 590 798 naso,
636 762 704 790 aut
731 757 893 790 lumbos
921 756 1158 790 cervicibus
1184 758 1339 798 tangat.

75 820 115 842 eo
143 809 277 842 nomine
304 812 434 850 autem,
471 812 503 840 et
527 808 612 842 inter
639 809 724 842 duos
752 820 862 842 armos
889 808 953 840 suis
981 808 1073 851 quod
1101 811 1164 847 est,
1198 810 1254 838 aut
1281 807 1394 838 nectos
1407 808 1429 845 *,
1458 805 1589 837 solitum
1618 804 1782 849 appellari
1810 808 1860 836 te-

75 865 178 894 statur
200 859 344 893 Naevius
370 859 403 891 in
430 859 653 904 descriptione
680 861 783 894 sullae
795 865 819 903 *,
862 870 964 904 quom
992 860 1055 893 ait:

177 911 383 945 Petimine
410 911 580 956 piscino
608 913 677 956 qui
704 916 930 946 meruerat.

73 965 236 996 Pennas
264 963 414 1006 antiquos
442 962 575 997 fertur⁷
599 965 787 1009 appellasse
814 975 938 1008 peenas
966 974 1006 996 ex
1033 962 1184 1001 Graeco,
1222 959 1313 1003 quod
1340 959 1390 992 illi
1418 956 1552 1006 πετηνά
1580 971 1636 997 ea,
1675 970 1760 1001 qnae
1787 961 1861 989 sunt

73 1016 283 1049 volucriora*
312 1014 433 1049 dicant.
492 1015 576 1049 Item
605 1016 739 1049 easdem
765 1027 903 1060 pesnas,
950 1020 987 1048 ut
1012 1025 1155 1048 caesnas.
1212 1010 1388 1045 PictorS
1417 1011 1536 1043 Zeuxis
1562 1011 1676 1042 risui**
1701 1014 1859 1047 mortuus,

73 1067 155 1100 (lum
181 1067 269 1099 ridet
296 1065 401 1099 effuse
428 1066 552 1110 pictam
581 1080 600 1100 a
627 1080 662 1101 se
689 1079 787 1100 anum
814 1067 938 1114 γραῦν.
973 1077 1032 1100 cur
1058 1065 1125 1099 hoc
1153 1066 1229 1097 loco
1257 1064 1397 1096 relatum
1424 1063 1463 1095 sit
1490 1074 1508 1094 a
1533 1062 1669 1103 Verrio,
1715 1072 1789 1094 cuin
1817 1060 1860 1092 de

73 1119 260 1164 significatu
287 1118 465 1151 verborum
493 1119 638 1152 scribere
669 1120 880 1164 propositum
914 1118 1086 1157 habuerit,
1137 1116 1292 1160 equidem
1321 1126 1388 1147 non
1413 1114 1531 1155 viden,
1579 1125 1655 1148 cum
1684 1111 1861 1146 versiculos

72 1182 208 1214 qnoque
235 1169 433 1203 adhaereret
461 1171 571 1203 tulerit
598 1176 631 1204 et
656 1172 786 1216 ineptos
820 1171 905 1215 pati3
954 1170 1012 1202 sed
1046 1169 1165 1202 nullius
1199 1167 1386 1212 praetoris*
1406 1171 1580 1211 praetexto
1607 1165 1756 1198 nomine:
1805 1163 1860 1207 qui

72 1228 183 1255 tamen
210 1227 284 1255 sunt
309 1221 364 1253 hi:

175 1274 274 1306 Nam
300 1271 403 1315 quid
429 1272 546 1305 modi
572 1273 765 1307 facturus
792 1274 876 1307 risu
900 1272 1110 1316 denique?
1133 1271 1213 1305 nisi
1240 1271 1387 1316 pictor
1415 1269 1519 1302 fieri
1546 1269 1654 1309 vult,
1683 1267 1750 1311 qui
1778 1266 1860 1298 risu

280 1330 472 1357 mortuus
507 1329 576 1357 est.

71 1377 192 1410 Picta.
219 1387 307 1419 quae
334 1386 420 1408 nunc
447 1379 529 1421 toga
555 1376 692 1420 dicitur,
733 1388 905 1421 purpurea
931 1380 1006 1408 ante
1034 1375 1178 1408 vocitata
1205 1380 1269 1415 est,
1306 1384 1412 1416 eaque
1439 1377 1509 1405 erat
1536 1371 1603 1404 sine
1627 1371 1766 1415 pictura.
1796 1369 1862 1401 eius

71 1428 118 1461 rei
146 1432 380 1472 argumentum
405 1431 454 1460 est
479 1428 611 1472 pictura
636 1429 669 1462 in
705 1428 789 1462 aede
813 1428 1008 1468 Vertumni,
1054 1432 1086 1460 et
1113 1426 1233 1468 Consi,
1282 1436 1422 1470 quarum
1456 1425 1489 1457 in
1522 1423 1625 1456 altera
1652 1421 1700 1454 M.
1725 1420 1862 1453 Fulvius

71 1479 233 1523 Flaccus,
266 1480 300 1513 in
327 1479 432 1512 altera
456 1480 526 1516 T.*
548 1481 700 1526 Papirius
724 1480 849 1514 Cursor
874 1479 1119 1524 triumphantes
1146 1479 1191 1511 ita
1218 1478 1299 1522 picti
1325 1481 1407 1510 sunt.
1462 1475 1624 1509 Tunica
1651 1478 1762 1506 autem
1784 1471 1861 1516 pal-

69 1536 160 1564 mata
197 1543 214 1563 a
243 1531 418 1564 latitudine
450 1531 623 1565 clavorum
655 1532 850 1574 dicebatur,
893 1543 980 1575 quae
1008 1543 1095 1565 nunc
1126 1543 1144 1563 a
1177 1541 1301 1576 genere
1338 1529 1490 1574 picturae
1523 1526 1723 1571 appellatur.
1792 1524 1860 1555 lm—

72 1589 207 1626 petum,
252 1583 469 1624 industrium,
511 1583 743 1629 indulgentem
770 1583 912 1629 perinde
939 1583 1125 1628 composita
1153 1594 1222 1616 esse
1250 1583 1294 1614 ait
1315 1580 1469 1620 Verrius,
1509 1583 1608 1622 atque
1634 1578 1789 1621 impune,
1830 1580 1861 1607 et

71 1635 242 1675 immunis,
277 1634 361 1667 mihi
388 1645 455 1666 non
481 1634 556 1668 satis
582 1635 770 1680 persuadet.

238 1686 392 1718 Pietati
420 1685 538 1718 aedem
567 1691 796 1721 consecratam
823 1687 866 1719 ab
888 1686 1022 1720 Acillo*
1047 1686 1136 1718 aiunt
1162 1696 1202 1718 eo
1230 1685 1329 1725 loco,
1358 1694 1425 1727 quo
1453 1681 1625 1725 quondam
1653 1680 1772 1712 mulier
1794 1677 1857 1709 ha—

72 1736 241 1777 bitaverit,
268 1748 355 1780 quae
381 1742 511 1781 patrem
540 1750 635 1772 suum
662 1738 824 1772 inclusum
851 1749 984 1772 carcere
1013 1736 1163 1770 mammis
1190 1736 1253 1769 suis
1281 1736 1367 1770 clam
1394 1734 1527 1767 aluerit:
1555 1733 1599 1765 ob
1624 1731 1694 1765 hoc
1720 1730 1857 1767 factum,

70 1788 275 1831 impunitus*
299 1788 329 1821 ei
356 1799 511 1822 concessa
540 1795 598 1824 est.
650 1791 767 1825 Picum
795 1801 891 1823 avem
918 1788 1055 1833 quidam
1083 1788 1210 1823 (lictum
1236 1792 1354 1832 putant
1373 1798 1392 1818 a
1412 1786 1494 1818 Pico
1517 1796 1599 1828 rege
1622 1781 1857 1827 Aboriginum,

71 1839 1855 1882 quodissolutussit*.......................

72 1891 356 1924 Piscatorium
383 1903 450 1924 aes
469 1899 597 1926 vetusto
611 1905 705 1927 more
721 1893 923 1939 appellatur,
939 1892 1031 1935 quod
1054 1892 1085 1924 in
1100 1888 1120 1939 Η
1138 1896 1251 1923 monte
1270 1890 1404 1922 Albano
1427 1887 1525 1920 datur
1544 1898 1606 1931 pro
1623 1886 1724 1931 pisci-
1748 1881 1855 1930 [185]

72 1943 143 1977 bus.
179 1942 337 1975 Pedani
357 1944 532 1988 vestigium
549 1945 688 1978 humani
706 1945 890 1990 praecipue
906 1944 1003 1988 pedis
1026 1943 1216 1988 appellasse
1233 1941 1385 1984 antiquos
1408 1941 1441 1972 in
1460 1938 1704 1972 commentariis
1719 1937 1857 1980 quibus-

72 1994 150 2026 dam
184 1994 321 2027 inveniri
354 1995 449 2027 solet.
502 1997 650 2030 Pescia
683 1997 718 2030 in
751 1997 859 2030 saliari
894 1996 1041 2029 carmine
1075 1994 1189 2027 Aelius
1216 1993 1302 2026 Stilo
1331 1992 1397 2026 dici
1424 1991 1469 2024 ait
1496 1991 1617 2035 capitia
1645 2001 1686 2023 ex
1712 1987 1858 2033 pellibus

72 2044 199 2090 agninis
233 2045 340 2086 facta,
387 2046 479 2089 quod
508 2048 629 2082 Graeci
664 2048 772 2093 pelles
808 2051 928 2081 vocent
960 2043 1088 2091 pesce⁹
1113 2049 1229 2078 neutro
1264 2055 1389 2089 genere
1421 2043 1605 2088 pluraliter.
1658 2039 1857 2074 Pestiferum

71 2172 210 2208 [rarum]
239 2171 270 2199 ln
284 2171 401 2201 schedis
427 2175 538 2203 Levius
558 2183 602 2204 est
621 2186 694 2215 pro,
718 2177 839 2204 Livius.
881 2174 941 2202 Un-
984 2178 1018 2202 ut
1047 2178 1145 2202 tamen
1177 2173 1215 2202 ad
1242 2181 1341 2200 veram
1378 2171 1535 2200 lectionem
1563 2167 1738 2199 eliciendam
1772 2165 1856 2203 quasi

71 2214 107 2242 de
130 2213 268 2252 suspicor
296 2216 448 2244 Laeuium
475 2223 593 2256 poetam
627 2218 772 2255 indicari,
812 2218 847 2246 de
878 2226 938 2255 quo
984 2226 1074 2245 manu
1096 2216 1223 2250 ducant,
1251 2224 1318 2243 cum
1342 2213 1373 2241 in
1398 2215 1439 2243 eis
1460 2215 1498 2243 ita
1519 2213 1566 2241 sit.
1600 2222 1670 2240 cum
1690 2208 1855 2239 versiculos

71 2256 202 2294 Agellius
224 2256 274 2285 lib·
296 2261 343 2290 12·
368 2269 435 2298 cap.
455 2262 502 2290 10.
535 2261 608 2289 licet
629 2261 670 2289 ibi
693 2270 814 2300 quoque
837 2259 939 2288 Livius
985 2270 1102 2298 quoque
1124 2258 1301 2286 adhaereret
1319 2257 1423 2285 tulerit
1446 2262 1473 2285 et
1495 2261 1593 2295 septos
1613 2255 1695 2293 pati.
1719 2250 1773 2280 sed
1785 2250 1855 2279 7ιὶίῖ-

71 2299 107 2327 sit
123 2299 279 2335 mendose,
303 2311 370 2330 cum
387 2302 610 2340 antiquissimus
626 2304 701 2332 liber
719 2303 841 2337 habeat,
868 2302 938 2331 Lae·
984 2303 1046 2330 ltus
1058 2303 1211 2341 praetori-5·
1220 2305 1375 2338 praetexto
1398 2301 1527 2329 nomine.
1547 2309 1602 2327 nos
1621 2294 1856 2326 emendavimus:

70 2341 145 2369 vius·
175 2341 253 2372 Ur-S‘.
275 2360 316 2364 ——-
339 2344 370 2382 7)
387 2346 495 2381 set-tenc
517 2346 590 2375 Ven.
608 2349 654 2375 Sc.
677 2348 752 2376 Tum
770 2345 939 2385 appellasse
983 2355 1052 2372 cum
1077 2345 1238 2374 versiculos
1257 2353 1376 2382 quoque
1400 2353 1434 2371 ea
1457 2341 1494 2371 cle
1515 2353 1546 2370 re
1567 2340 1733 2373 rettulerit,
1756 2342 1781 2365 et
1804 2338 1852 2364 in-

66 2393 193 2422 peenas,
222 2383 293 2414 haec
312 2396 360 2415 vv.
383 2387 491 2417 desunt
514 2388 587 2418 Ven.
613 2390 658 2417 Sc.
688 2407 731 2411 —
772 2389 800 2427 S)
830 2389 937 2417 Pictor
981 2393 1062 2426 eptos
1084 2389 1178 2424 satis,
1213 2391 1239 2415 ει
1267 2386 1387 2414 nullius
1411 2386 1507 2425 pretii
1538 2389 1695 2424 praetexto
1724 2380 1853 2409 nomine.

72 2426 210 2464 Zfflffssd
243 2425 274 2454 ln
294 2428 412 2458 schedis
428 2430 468 2458 ita
488 2431 641 2461 sunthaoc
654 2432 743 2460 verba
765 2431 924 2470 depravata
988 2430 1067 2460 Urs.
1106 2431 1194 2469 Lege:
1229 2434 1256 2456 et
1287 2429 1408 2457 nullius
1433 2434 1548 2468 poetae.
1581 2443 1621 2449 —
1662 2426 1692 2456 9)
1725 2421 1852 2455 πέσκη

1873 343 2036 377 “sarupibus

1917 548 1955 573 'fi
1973 548 1995 572 is

1869 653 1916 679 ‘aL
1929 651 2036 677 humei-is

1871 807 1882 817 ’
1890 807 1923 832 al.
1948 808 2036 839 pectus

1874 858 1880 868 ⁸
1894 858 1928 884 al.
1947 856 2036 882 suillae

1869 1012 1914 1037 ἀΙ.
1923 1009 2036 1036 volucria

1893 1046 1913 1056 ”
1922 1046 1940 1070 f.
1960 1045 2012 1069 risu

1871 1167 1945 1191 'flea
1961 1165 1993 1190 de
2008 1173 2035 1189 re

1871 1199 1999 1230 retulerit,
2011 1204 2037 1224 et

1871 1237 1972 1269 ineptos
1993 1242 2035 1259 sa-

1872 1271 1912 1299 tis.
1932 1274 1958 1295 et
1979 1268 2036 1293 nul-

1886 1305 1934 1330 lius
1944 1303 2019 1338 pretii

1906 1476 1942 1500 ‘L
1961 1475 1989 1499 L.

1888 1682 1895 1691 ’
1904 1681 1922 1707 s.
1936 1680 2017 1706 Acilio

1866 1779 1902 1804 ·f.
1926 1777 2031 1812 impuni-

1925 1815 1975 1838 tas.

1884 1848 1920 1872 ·f.
1947 1846 2015 1880 quod

1883 1882 1906 1907 is
1926 1881 2015 1907 solitus

1867 1917 1895 1943 ‘f.
1904 1918 1932 1943 A.
1940 1925 1970 1942 eo
1985 1916 2030 1941 utI.
