2263 2668
220 152 295 188 478
646 145 990 181 COMMENTARH
1020 145 1063 178 IN
1092 146 1233 181 PAULI
1262 147 1458 182 DlAcoNl
1483 148 1739 182 EXCERPTA

224 253 278 281 cio.
312 248 354 276 Ex
372 242 502 274 Eustatli.
526 241 555 268 in
576 239 694 277 Dionys.
711 238 836 275 Perieg:
857 234 895 266 ‘H
914 237 945 267 ὁὲ
966 238 1025 268 ταῖν
1041 242 1210 271 Λευκανῶν
1233 239 1318 275 πόλις
1337 237 1478 278 Λευκᾶνη
1501 238 1689 280 βαρυτόνως,
1712 240 1820 281 ἐλέγετο
1845 239 1904 273 α’πτὸ
1925 245 2055 274 Λευκίου
2078 242 2168 280 τινός.

224 295 326 331 Neque
349 300 364 317 a
388 285 500 316 Lucilio
523 292 653 320 unquam
676 281 804 309 Lucania
827 280 886 308 dici
910 281 1063 318 potuisset.
1110 282 1252 318 Quamvis
1276 293 1370 321 neque
1394 294 1409 311 a
1434 284 1522 311 Lucio
1552 283 1674 312 formari
1702 289 1801 322 potest
1826 286 1962 314 Lucania.
2008 287 2082 315 Vera
2114 298 2168 316 no-

226 335 312 364 minis
335 331 424 364 ratio,
448 335 535 364 quain
559 334 649 362 supra
672 323 833 361 posuimus.
860 322 946 352 Dae.
978 321 1105 354 Cretosa.
1139 325 1317 363 Aether-osa3
1342 325 1392 353 alii
1415 336 1526 354 aerosa.
1572 325 1676 355 Goth.

388 370 516 399 Lucem
537 366 680 407 facere.
726 366 785 401 Qui
814 376 877 393 mos
901 370 966 393 ante
989 366 1099 395 bullum
1123 369 1282 397 Troianum
1307 369 1403 396 suerat
1426 374 1529 407 aperto
1553 370 1650 407 capite
1674 368 1877 406 sacrificandi,
1914 369 1937 397 is
1963 375 2032 408 post
2054 370 2170 400 Aeneae

226 423 253 449 in
277 416 389 446 Italian]
414 411 574 439 adventum
599 408 761 444 obsolevit,
776 418 779 419 ⁷
796 409 874 446 quod
900 418 967 436 cum
990 408 1040 437 ille
1064 409 1167 439 Venmri
1190 422 1252 439 rem
1276 410 1405 439 divinam
1430 412 1556 448 faceret,
1594 416 1682 450 eaput
1707 412 1840 450 operuit,
1874 422 1908 440 nc
1932 413 1966 440 ab
1992 412 2094 451 Ulysse
2117 423 2170 441 co-

226 461 324 499 gnitus
345 453 523 484 sacrificium
547 453 764 489 interrumpere
785 456 949 488 cogeretur.
994 451 1025 479 Id
1049 451 1143 481 Italici
1167 458 1268 492 postea
1292 458 1429 489 tenuere,
1460 454 1515 482 soli
1537 459 1652 482 tantum
1676 455 1802 482 Saturno
1826 455 1948 493 antiquo
1972 465 2054 483 more
2076 455 2172 494 capite

225 506 327 542 aperto
350 508 434 527 sacru
459 496 614 531 facientes,
639 497 707 532 quia
731 494 812 532 apud
835 494 896 522 eius
922 504 1001 522 aram
1024 496 1247 533 supplicabant,
1279 506 1355 533 quae
1378 496 1421 524 illi
1444 502 1510 525 ante
1535 497 1644 525 belluni
1668 497 1825 525 Troianum
1850 498 1878 525 in
1904 499 1961 525 imo
1986 497 2064 525 clivo
2087 498 2172 536 Capi—

225 545 318 575 tolino
342 542 439 569 dicata
462 539 565 568 fuerat.
598 537 671 565 Vide
694 535 836 565 Saturnia
859 543 887 565 et
912 535 1051 566 Saturnio
1074 539 1251 577 sacrificium
1268 540 1316 576 fit.
1350 539 1480 575 Scaliger
1503 538 1594 568 lucem
1609 539 1716 578 facere
1739 539 1867 568 Saturno
1889 541 1957 569 ideo
1982 540 2095 568 dictum
2119 550 2172 579 pu-

225 592 268 616 tat
292 585 372 624 quod
396 582 487 611 cereis
511 581 640 609 accensis
662 579 706 607 illi
730 589 831 618 preces
855 580 1100 617 conciperentur,
1137 586 1322 619 quapropter
1350 582 1437 610 etium
1461 582 1666 610 Saturnalibus
1690 582 1795 610 Cereus
1821 583 1995 620 proceribus
2017 582 2173 611 mittebant

225 638 369 669 pauperes
392 625 522 654 clientes.
569 624 668 661 Neque
692 623 822 650 Satuino
844 627 958 650 tantum
983 622 1023 650 ita
1048 623 1145 662 capite
1169 629 1268 663 aperte
1290 624 1466 653 sacrificium
1490 624 1593 661 fiebat,
1633 625 1685 653 sed
1708 625 1821 653 Honori
1849 626 1936 654 etiam
1960 630 2033 654 teste
2058 625 2172 654 Plutar—

226 672 291 701 cho.
337 670 423 698 Dac.

389 711 536 738 Lucius.
582 708 605 735 A
627 707 709 742 luce,
747 707 796 744 qui
827 706 936 735 oriente
966 707 1033 736 luce
1065 713 1160 738 natus.
1195 708 1280 738 Dac.
1324 708 1406 737 Idem
1431 709 1526 737 Varro
1557 709 1591 737 de
1616 710 1645 738 L.
1670 710 1700 738 L.
1726 710 1759 738 V.
1783 711 1862 738 circa
1892 710 2071 750 principium
2102 708 2170 750 (Vl,

226 756 374 797 pag,185.
400 752 475 791 510.)-
523 749 628 780 Goth·

389 795 503 834 Lycii
524 791 731 832 Apollinis
754 790 955 820 oraculum.
1002 792 1106 830 Lycias
1128 799 1222 822 sortes
1246 798 1336 822 vocat
1360 793 1463 831 virgil.
1486 795 1568 828 (Aen.
1587 795 1639 831 lV,
1663 795 1762 832 346.):

844 832 965 863 Italiam
988 833 1098 873 Lyciae
1121 836 1225 864 iussere
1246 847 1392 875 capessere
1414 844 1513 866 sortes.

226 885 291 923 lpse
315 880 423 919 Apollo
448 878 574 919 Lycius,
613 875 727 913 Λύκιος
751 877 887 912 Graecis,
926 878 1006 914 quod
1034 878 1064 905 in
1090 878 1179 916 Lycia
1208 879 1306 907 cultus
1333 889 1392 907 non
1416 889 1488 908 vero
1512 879 1547 907 ob
1575 879 1660 918 lupos
1682 879 1873 914 interfectos,
1911 879 1966 908 etsi
1989 879 2025 907 ob
2049 879 2172 908 eandem

227 935 345 955 causam
370 932 436 951 eum
461 917 644 950 λυκοκτόνον
668 920 778 949 dicium
804 920 893 947 fuisse
916 919 1056 958 reperias.
1101 921 1175 949 Vide
1199 921 1326 959 Hesych.
1375 921 1461 950 Dac.

389 964 511 993 anra.
557 963 694 991 Glossae:
721 962 859 998 Luxum,
883 962 1025 1002 στρέμμα,
1048 961 1067 1000 ἢ
1090 961 1230 1003 λογισμὸς
1252 962 1273 1001 ἢ
1295 961 1417 995 domim
1442 962 1541 992 Scal.
1581 965 1598 991 A
1621 965 1689 998 Ino,
1714 962 1805 992 lutum
1829 968 1858 992 et
1880 962 1995 993 lucrum.
2030 963 2113 991 Unde
2129 961 2172 992 lu-

226 1022 301 1045 xus.
325 1020 359 1043 α,
383 1004 445 1042 uin,
470 1005 551 1044 quod
575 1007 720 1042 solutum,
750 1015 803 1032 suo
828 1006 894 1032 loco
918 1010 1030 1033 motum
1053 1011 1110 1041 est3
1136 1017 1149 1033 a
1175 1017 1234 1044 quo
1257 1005 1365 1042 luscus,
1390 1008 1437 1042 zls,
1463 1006 1551 1034 animi
1576 1007 1714 1035 dissoluti
1740 1012 1766 1034 et
1790 1017 1842 1034 suo
1866 1007 1931 1034 loco
1955 1006 2026 1034 moti
2051 1006 2173 1042 vitium3

227 1054 294 1081 inde
318 1049 450 1079 luxuries
474 1054 502 1077 et
525 1047 695 1077 luxuriosus
719 1052 773 1076 etc.
803 1047 889 1075 Duc.
933 1046 1121 1077 Luxuriosus
1150 1050 1179 1076 in
1209 1061 1237 1077 re
1256 1048 1415 1090 familiari
1442 1047 1563 1077 solutus.
1612 1050 1686 1078 Hinc
1714 1050 1820 1077 mulier
1842 1049 1996 1077 luxuriose
2018 1050 2121 1077 vivens
2144 1049 2174 1076 in

229 1093 355 1125 l‚15.ff.
378 1092 414 1120 de
445 1092 587 1120 Curatore
616 1091 717 1118 furios.
741 1095 769 1118 et
799 1090 863 1118 aliis
894 1094 922 1118 et
949 1089 1066 1117 luxuria
1097 1091 1126 1118 in
1150 1091 1273 1122 l.40.fl'.
1300 1091 1335 1119 de
1364 1091 1481 1121 damno.
1503 1091 1606 1121 l.1.ss‘.
1632 1093 1668 1120 de
1698 1092 1844 1128 aedilitio,
1881 1093 2011 1130 impensa
2044 1092 2175 1129 profusa.

229 1137 302 1166 Vide
325 1135 452 1164 Nonium
477 1134 505 1162 in
530 1132 652 1162 lua-uria
677 1133 754 1171 (pag.
768 1135 839 1164 339.
864 1131 976 1170 Mero).
1004 1131 1110 1161 Goth.
1141 1132 1250 1162 Luxus
1272 1138 1316 1162 est
1338 1134 1465 1162 solutus.
1497 1134 1539 1162 Cs.
1564 1145 1638 1172 quae
1662 1146 1752 1173 snpra
1775 1135 1903 1162 diximus
1927 1134 1964 1162 ad
1988 1144 2016 1162 v.
2039 1133 2173 1164 Licitati.

393 1176 609 1206 Lucuntem.
656 1175 826 1204 Lucumere.
859 1175 932 1212 Lege
955 1173 1102 1210 lucunter,
1127 1177 1206 1213 quod
1232 1177 1379 1205 Graecum
1404 1183 1463 1212 cst,
1490 1176 1672 1216 λευκαντήρ,
1696 1178 1731 1205 ab
1755 1187 1924 1216 aspersione
1948 1177 2076 1212 farinae,
2101 1186 2176 1215 quae

228 1223 292 1251 alba
316 1225 366 1250 est.
411 1220 522 1248 Dicitur
546 1224 573 1247 et
595 1217 712 1254 lucuns,
737 1216 869 1246 lucuntis.
909 1217 1005 1245 Varro
1029 1219 1177 1257 περίπλῳ,
1200 1219 1266 1259 περὶ
1290 1221 1488 1257 φιλοσοφίας;

720 1268 772 1298 Ac
795 1266 877 1297 nulla
899 1267 1063 1304 ambrosia,
1093 1280 1128 1297 ac
1151 1277 1267 1307 nectar,
1293 1281 1351 1299 non
1374 1268 1450 1306 alia,
1480 1269 1596 1306 sardae,

722 1310 832 1347 Panis,
852 1321 981 1350 pemma,
1012 1309 1131 1348 laeuus,
1156 1311 1233 1341 cibu’
1257 1314 1309 1352 qui
1327 1313 1494 1351 purissimu'
1517 1313 1609 1342 multo
1633 1321 1682 1342 est.

229 1359 309 1387 Idem
333 1355 507 1396 σκιαμαχίᾳ,
535 1354 600 1391 περὶ
623 1351 747 1392 τύφου..·

723 1403 850 1440 Vinum,
878 1414 1009 1443 pemmo,
1042 1402 1146 1433 lucuns
1168 1403 1214 1433 illi
1236 1403 1312 1434 nihil
1332 1406 1387 1435 isia
1410 1407 1586 1435 ministrant.

229 1461 273 1489 Ab
298 1470 331 1487 eo
356 1453 587 1497 ὑποκυριστικόν
612 1455 796 1485 lucunculus.
841 1454 975 1483 Glossae:
1001 1454 1207 1492 Lucunculus,
1231 1457 1397 1496 τηγανίτης.
1444 1458 1581 1485 Afranius
1605 1457 1739 1485 Fran-iis:

720 1504 830 1535 Pistori
852 1517 926 1542 ηοω
956 1513 987 1534 at
1010 1517 1062 1534 cur
1082 1517 1138 1534 non
1162 1505 1366 1536 scriblitario?

724 1548 761 1577 Ut
784 1549 882 1577 mittat
893 1547 1008 1589 fratris
1024 1546 1092 1586 filio
1115 1547 1297 1578 lucunculos.

230 1605 273 1632 lta
298 1603 375 1631 enim
400 1601 555 1639 legendum
579 1600 608 1628 in
633 1600 766 1628 Afranio.
806 1599 1006 1627 Tertullianus
1030 1598 1106 1626 libro
1129 1599 1165 1626 de
1187 1600 1370 1637 Spectaculis
1394 1600 1470 1638 (cap.
1482 1599 1563 1639 26.);
1598 1598 1763 1628 stillicidia
1786 1597 1880 1627 mellis
1902 1597 1938 1626 de
1959 1597 2109 1628 Ziuacunlo
2131 1609 2177 1626 ve-

230 1653 341 1675 nenato.
369 1645 459 1681 Lege:
484 1642 519 1671 de
541 1641 707 1672 lucunculo.
741 1641 884 1680 Apuleius
906 1641 983 1669 libro
999 1642 1044 1676 X,
1066 1640 1145 1680 (pag.
1159 1641 1230 1673 245.
1255 1641 1342 1681 Elin.)
1366 1642 1402 1670 de
1425 1643 1536 1680 pistore
1559 1642 1721 1671 dulciario:
1744 1640 1808 1670 Hic
1828 1651 1936 1680 panes,
1960 1639 2108 1677 crustula,
2131 1639 2177 1669 lu.-

231 1687 385 1724 manculos,
408 1687 526 1721 hamos,
550 1683 723 1721 laterculos,
744 1683 832 1723 plura
854 1684 1028 1712 scitamenta
1049 1682 1171 1715 mellita.
1196 1683 1294 1713 Scal.
1341 1685 1451 1712 Verum
1476 1684 1511 1712 tle
1533 1690 1632 1724 etymo
1656 1684 1771 1718 obstat,
1802 1683 1883 1722 quod
1907 1683 2000 1722 prima
2022 1683 2053 1711 in
2075 1681 2179 1712 lucun-

232 1738 273 1758 τεν
295 1735 322 1758 et
344 1729 448 1759 lucuns
470 1727 572 1756 brevis
594 1732 652 1764 est,
683 1737 759 1765 quae
782 1727 1017 1765 produceretur,
1046 1726 1070 1753 si
1094 1731 1169 1755 esset
1193 1737 1207 1754 a
1230 1723 1404 1766 tsvnovmy'p.
1450 1728 1549 1763 Quare
1573 1727 1691 1755 omnino
1716 1736 1819 1754 verum
1843 1731 1901 1761 est,
1927 1724 2059 1755 Iucunter
2080 1735 2141 1754 esse
2164 1735 2180 1753 a

233 1771 417 1811 γλυκαντήρ,
447 1776 479 1799 ut
500 1781 514 1799 a
538 1771 643 1809 χλαῖνα
665 1768 760 1799 laena.
806 1771 829 1797 A
850 1766 937 1809 γλὰξ,
968 1765 1093 1809 γλακτὸς
1115 1767 1180 1799 lac.-
1211 1770 1252 1797 sic
1277 1768 1443 1808 γλυκαντὴρ
1466 1769 1614 1807 lucanier,
1637 1768 1787 1806 lucunier,·
1812 1769 1855 1796 sic
1877 1765 2028 1808 γλυκόεις,
2051 1770 2182 1807 γλυκοῦς

231 1813 369 1852 glucmzs,
394 1819 427 1842 ut
449 1811 604 1849 πλακόεις,
626 1814 774 1848 πλακοῦς,
797 1809 931 1852 τυρόεις,
954 1813 1082 1850 τυροῦς,
1106 1812 1339 1850 subintelligitur
1360 1811 1466 1849 ἄρτος,
1491 1813 1586 1851 panis.
1620 1812 1780 1840 Salmasius
1803 1812 1883 1850 apud
1908 1811 2021 1840 Aelium
2046 1810 2182 1850 Lampri-

236 1856 323 1885 dium.
344 1857 433 1885 Dac.
478 1857 655 1892 Lucentem,
679 1855 857 1891 Lacuntem3
881 1854 930 1883 alii
954 1854 1121 1890 Lucunter,
1146 1854 1294 1883 Graecum
1315 1852 1480 1894 λευκαντήρ
1504 1855 1539 1883 ab
1563 1855 1733 1894 aspersione
1755 1854 1837 1882 albae
1858 1854 1977 1883 farinae,
2018 1853 2131 1882 Dicitur
2152 1858 2182 1882 et

237 1897 371 1935 Lucuns,
394 1899 547 1927 Lucuntis.
583 1898 657 1926 Non.
673 1900 708 1934 2,
732 1897 802 1929 493-
827 1897 904 1935 (pag.
919 1898 988 1928 131.
1011 1897 1124 1933 Mem).
1169 1895 1274 1926 Goth.

401 1939 622 1970 Lucretilis.
667 1940 771 1969 Horat.
795 1939 852 1968 Od.
872 1942 917 1971 17.
941 1939 1043 1968 lib.I.:
1072 1937 1174 1967 Veloae
1196 1950 1349 1969 amoenum
1372 1950 1456 1979 saepe
1477 1938 1654 1969 Lucretilem
1678 1946 1772 1968 mutat
1795 1937 1915 1976 Lycaeo
1938 1937 2065 1967 Faunus.
2095 1938 2180 1968 Dae.

402 1982 635 2012 Lucomones.
679 1984 875 2013 Lucumones.
899 1982 1047 2010 Ausonius
1070 1981 1107 2010 ad
1129 1980 1278 2011 Theoncm
1303 1983 1350 2019 (4,
1372 1984 1453 2019 680:

812 2022 933 2053 Scilliio
956 2022 1049 2053 decies
1070 2025 1097 2052 si
1118 2035 1168 2053 cor
1188 2025 1320 2064 purgeris
1341 2032 1423 2054 aceto

809 2066 1021 2106 Anticipesque
1043 2074 1124 2095 tuum
1147 2065 1244 2095 Samii
1266 2066 1449 2096 Lucumonis
1470 2077 1601 2096 acumen.

241 2106 284 2134 lta
307 2104 445 2141 legendus
468 2112 512 2135 est
533 2108 614 2136 locus
637 2108 776 2145 Ausonii,
801 2114 834 2138 ut
856 2109 887 2137 in
910 2109 1087 2138 Ausonianis
1111 2109 1287 2138 lectionibus
1312 2109 1442 2138 diximus
1466 2109 1523 2146 (H,
1547 2110 1622 2146 12).
1646 2106 1745 2137 Scal.
1780 2107 1838 2143 Qui
1861 2107 1940 2146 apud
1966 2107 2095 2136 Arcades
2119 2109 2181 2137 Λυ-

243 2145 366 2182 κάονες,
391 2146 410 2174 ii
434 2149 512 2185 apud
534 2149 644 2178 Tuscos
666 2152 718 2189 qui
741 2162 778 2180 ex
800 2151 927 2180 Arcadia
949 2152 981 2180 in
1004 2151 1121 2180 Italiam
1142 2161 1266 2189 venere,
1290 2152 1477 2181 Lucumones
1499 2151 1573 2180 dicti
1596 2155 1681 2187 sunt,
1712 2155 1745 2179 ut
1767 2149 1877 2188 optime
1899 2149 2028 2186 Scaliger
2050 2149 2080 2177 in
2103 2149 2182 2178 notis

244 2190 281 2218 ad
303 2187 416 2227 Orphei
439 2189 531 2218 initia.
573 2192 646 2220 Sunt
668 2199 763 2222 autem
786 2192 948 2230 Λυκάονες
971 2195 1023 2233 qui
1044 2194 1102 2223 alio
1125 2195 1243 2224 nomine
1265 2193 1501 2234 λυκάνθρωποι,
1525 2193 1576 2232 qui
1597 2193 1711 2222 scilicet
1733 2191 1947 2221 melancholiae
1969 2201 2076 2229 genere
2098 2192 2182 2220 labo-

245 2236 324 2268 rant,
348 2240 422 2269 quae
444 2233 659 2270 λυκανθρωπία
681 2236 810 2273 dicitur,
833 2247 849 2265 a
870 2237 1008 2275 Lycaone
1032 2237 1176 2266 Arcadiae
1197 2247 1266 2276 rege
1289 2248 1394 2266 nomen
1417 2237 1530 2273 sortiti,
1555 2236 1606 2273 qui
1630 2247 1645 2263 a
1670 2236 1737 2264 love
1759 2235 1791 2264 in
1812 2235 1918 2273 lupum
1939 2235 2035 2264 fertur
2057 2243 2180 2263 convet-

245 2284 304 2303 sus.
342 2273 425 2302 Unde
446 2272 596 2309 Lucumo,
626 2276 754 2306 insanus.
791 2279 898 2308 Auson.
921 2280 959 2308 ad
980 2278 1129 2308 Theonem
1154 2280 1184 2316 (l.
1205 2283 1254 2318 c.).
1276 2280 1365 2310 Dac.
1400 2278 1525 2321 Infesta.
1559 2279 1653 2308 Festa.
1686 2276 1790 2307 Goth.
1836 2278 1879 2306 Cf.
1901 2278 1932 2306 C.
1956 2277 2044 2306 Ottfr.
2067 2276 2179 2305 Miiller.

245 2316 298 2345 Die
319 2315 531 2353 Etrusker.11‚
555 2319 592 2353 2,
615 2316 644 2346 4.
668 2318 792 2354 Tom,1‚
816 2331 882 2359 pag,
896 2324 1061 2361 263,seqq,

408 2357 621 2388 Lucomaedi.
665 2359 834 2397 Legendum
856 2373 874 2390 α
896 2363 1076 2393 Lucumone.
1120 2364 1292 2403 Propertius
1314 2369 1402 2393 vocat
1424 2365 1618 2392 Lucmonem:
1655 2361 1758 2391 Prima
1778 2360 1920 2402 galeritus
1938 2361 2038 2400 posuit
2056 2360 2181 2388 tentoria

249 2400 373 2430 Lucmo.
397 2398 494 2430 Scal.
522 2400 598 2430 Vide
619 2399 802 2431 Lucerenses.
830 2404 872 2432 De
891 2405 927 2433 iis
950 2406 1026 2434 enim
1049 2406 1098 2434 hic
1120 2407 1264 2444 loquitur.
1294 2408 1384 2436 Porro
1408 2407 1595 2436 Lucumones
1617 2415 1701 2443 reges
1723 2415 1794 2434 suos
1816 2404 1956 2433 dicebant
1976 2402 2062 2430 Tusci
2085 2412 2100 2429 a
2125 2402 2180 2440 [iy-
