2263 2668
237 148 311 183 350
662 137 1008 178 COMMENTARII
1033 138 1083 173 IN
1108 139 1251 175 PAULI
1277 141 1475 176 DIACONI
1500 140 1755 176 EXCERPTA

237 244 452 272 Averruncum.
497 236 580 265 Prius
603 234 748 273 siquidem
772 233 910 262 dixerunt
934 231 1127 270 Sipuentum,
1153 234 1339 274 Opuentum,
1363 235 1555 265 Maluentum.
1591 235 1640 263 Sic
1662 232 1829 275 ὖδρόεντα,
1854 237 2060 277 Hydruntum:
2085 252 2186 280 quam-

238 295 324 324 quam
347 289 375 313 et
397 283 492 320 ipsum
515 278 658 307 dixerunt
681 275 849 317 ὑδροῦῃτα,
886 274 922 302 ab
944 272 1073 312 ὖδροῦς,
1110 280 1145 304 ut
1168 282 1212 306 est
1235 279 1313 317 apud
1337 277 1529 316 stephan-ium.
1572 277 1629 305 Sed
1659 278 1700 306 sic
1722 288 1837 317 semper
1860 290 1898 309 ex
1920 279 2040 321 ὗδρόεις
2062 289 2188 314 contra-

236 332 325 356 ctum,
369 323 457 360 Quod
485 320 643 360 proprium
672 324 715 348 est
739 319 851 347 Dorum
880 317 1048 354 idiomatis,
1088 329 1103 346 a
1127 320 1235 356 quibus
1255 320 1405 349 Tarentini
1435 325 1463 348 et
1492 329 1596 357 magna
1629 330 1698 358 pars
1721 321 1872 352 Graeciae.
1919 324 1968 352 Sic
1994 327 2070 354 enim
2094 331 2122 356 et
2144 339 2188 357 τι-

236 372 335 409 μᾶντα
357 372 385 396 ct
407 366 546 404 αἰγλᾶντα
568 373 623 401 pro
647 359 816 402 αἰγλήεντα,
837 358 985 399 τιμήεντα.
1010 359 1111 389 Scal.
1136 361 1337 391 Beneventum.
1361 363 1552 400 Pelignorum
1577 362 1608 391 in
1631 363 1811 392 Samnitibus
1835 365 1988 404 oppidum.
2017 368 2186 398 Ridiculum

237 417 280 441 est
302 410 333 441 τὸ
356 408 523 447 μαλοίῃον,
562 405 599 433 de
622 414 681 443 quo
704 404 755 432 hic
777 404 894 439 Festus3
933 402 983 431 sed
1011 403 1135 432 sortasse
1161 406 1319 444 scripserat
1341 403 1514 444 μαλόεντον.
1562 403 1739 442 Μαλόεντος
1761 417 1776 435 a
1801 405 1934 446 μαλόεις,
1971 420 2045 447 quae
2068 412 2186 440 Aeolica

235 465 295 484 vox
318 456 361 480 est
383 447 439 479 ἀπὸ
463 451 522 478 τῶν
545 446 662 484 μάλων,
692 446 750 476 1100
773 451 817 475 est
837 443 949 484 μήλων,
995 446 1133 483 Apuliam
1157 448 1234 476 enim
1259 448 1365 476 ovibus
1389 452 1418 476 et
1439 448 1505 476 lana
1529 448 1659 476 nobilem
1682 459 1759 486 esse,
1784 460 1858 487 quae
1881 451 1999 490 Appula
2023 452 2186 490 dicebatur,

236 496 304 525 satis
327 498 429 522 nomm
452 495 504 521 est·
548 490 626 519 Hine
656 488 775 529 μαλόεις
803 489 873 517 urbs
903 489 970 525 illa,
1007 498 1095 526 quam
1122 489 1164 518 ibi
1193 491 1327 519 condidit
1350 491 1523 526 Diomedes;
1562 488 1578 521 ὅ
1607 489 1754 528 Mallias,
1789 495 1844 522 τοῦ
1873 491 2046 532 μαλόεντος.
2090 497 2187 526 Aetoli

235 548 307 567 vero
329 545 410 564 more
435 544 488 562 suo
512 530 527 564 ὅ
551 529 728 572 μαλὸεντος,
765 533 820 562 τοῦ
842 530 1013 569 μαλοέντου.
1057 531 1131 559 Nam
1161 543 1199 561 ex
1228 533 1357 571 genitivo
1388 543 1458 561 casu
1489 534 1614 562 aliorum
1646 544 1731 563 suum
1755 536 1929 565 nominandi
1953 537 2119 576 faciebant,
2153 543 2188 568 ut

235 580 252 611 ὁ
273 577 440 620 μάρτυρος,
471 578 524 606 τοῦ
546 572 717 616 μαρτύρου,
750 571 766 605 ἆ
787 571 934 613 μάκαρος,
966 575 1022 603 τοῦ
1043 573 1190 613 μακάρου,
1232 576 1319 604 5111111.
1342 576 1372 604 111
1397 576 1488 604 Solin.
1512 576 1598 605 Dae.
1633 576 1707 605 Vide
1730 577 1807 605 infra
1828 577 1955 618 Segesta.
1997 580 2112 609 Livium
2134 581 2187 620 IX,

235 626 264 654 3.
289 622 364 651 Ρ1111.
386 621 435 649 lib.
449 619 498 648 111.
522 629 547 647 c.
561 620 611 649 11.
636 622 666 646 et
688 616 870 656 Stephanum
894 616 930 645 de
953 616 1085 646 urbibus,
1107 616 1193 646 Ant.
1215 619 1308 657 Aug.
1346 617 1482 647 lllelioris
1504 620 1618 648 ominis.
1641 619 1702 649 vid.
1725 619 1793 648 infr.
1815 619 1947 650 Romam
1971 627 2000 651 et
2022 621 2106 651 lacus
2121 624 2187 652 Lu—

234 666 350 697 crinus;
374 668 402 692 et
425 671 499 700 quae
522 660 628 700 scripsi
651 660 691 689 ad
713 660 865 688 Novellam
888 661 939 690 28.
964 669 988 687 c.
1004 662 1031 689 1.
1073 661 1300 690 Μαλοίτιον.
1324 661 1496 699 pauloet-nov:
1527 662 1577 689 alii
1599 664 1783 701 μαλεβέντον.
1833 662 1935 693 Goth.

397 703 551 742 Bulgas.
597 702 705 732 Adhuc
723 703 801 730 Galli
824 712 929 730 nomon
952 702 1096 739 retinent,
1120 703 1171 731 sed
1193 700 1429 742 ὑποκοριστικῶς
1445 702 1594 743 BulgetaS.
1627 706 1703 734 Sunt
1727 710 1826 735 autem
1848 707 1916 735 risci
1941 707 2059 736 scortci.
2083 706 2184 737 Scal.

234 751 275 778 Ita
299 748 433 777 sacculos
455 746 622 785 pellaceos,
654 755 810 774 crumenas
830 749 944 773 veteres
968 744 1165 783 appellarunt.
1210 745 1318 775 Lucil:

691 786 745 817 Cui
767 799 855 827 neque
877 788 1033 815 iumentum
1056 795 1113 824 est,
1157 799 1208 817 nec
1231 799 1327 816 servus
1349 799 1402 817 nec
1425 799 1519 817 comes
1542 788 1629 818 ullus.

690 829 836 869 Bulgam,
870 837 895 857 et
917 828 1058 869 quicquid
1082 829 1167 858 habet
1191 841 1387 867 nummorum⁷
1420 842 1515 859 secum
1539 830 1639 868 lzabet,
1669 833 1729 871 ipse

691 871 762 901 Cum
786 870 875 911 bulga
899 879 1005 908 canat,
1038 870 1161 907 dormit.
1193 872 1283 908 lavit,
1317 874 1410 901 omnis
1433 873 1463 901 in
1486 885 1545 902 una

690 914 762 954 Spes
784 913 897 943 homini
919 913 1022 953 balga,
1061 913 1116 944 lznc
1140 914 1274 944 devincta
1296 923 1336 944 es!
1360 923 1452 944 cetera
1475 916 1545 946 vita.

233 959 418 989 Vocabulum
443 957 609 994 Gallicum,
641 958 723 995 quod
746 957 847 985 Festus
870 957 1025 993 intelligit,
1056 962 1100 986 est
1124 957 1228 997 [muge.
1260 963 1289 986 et
1312 958 1519 986 diminutivum
1545 958 1683 997 bougeue.
1727 959 1764 987 Et
1787 959 1904 988 Latinos
1927 970 1943 987 a
1966 960 2060 988 Gallis
2083 969 2185 988 vocem

233 1001 351 1041 bulgum
375 1001 526 1039 accepisse
550 999 695 1029 creditum
720 1004 771 1028 est.
816 999 873 1027 Sed
897 999 1000 1027 melius
1025 999 1163 1037 Vossius,
1194 1001 1244 1038 qui
1268 1001 1303 1028 ab
1328 1001 1448 1029 Aeolico
1471 1000 1580 1041 βολγός
1601 1011 1658 1040 pro
1682 1000 1792 1042 μολγός
1817 1002 1952 1040 deducit,
1977 1013 2045 1030 nain
2067 1000 2185 1042 μολγὸς,

230 1043 329 1085 βόειος
352 1041 452 1078 ἀσκός.
480 1043 570 1071 Dae.
605 1042 680 1070 Vide
704 1043 832 1070 Nonium
857 1042 887 1069 in
912 1040 1021 1080 Bulga.
1047 1043 1086 1081 (p.
1101 1046 1151 1074 78.
1177 1044 1231 1071 Ed.
1254 1043 1358 1082 Mero.)
1383 1044 1458 1072 Gall.
1482 1043 1587 1083 benges
1611 1049 1638 1072 et
1663 1043 1803 1083 bougeies.
1854 1043 1958 1075 Goth.

396 1084 528 1115 Bovem
552 1083 744 1114 bidentem.
791 1084 867 1113 Vide
889 1083 1063 1115 Ambidens,
1110 1085 1196 1114 Dae,

394 1127 616 1167 Bellicrepa
638 1126 813 1156 saltatio.
860 1127 956 1155 Gloss.
980 1127 1102 1156 Isidori:
1125 1127 1292 1168 Bellicrepa
1316 1127 1466 1168 quoddam
1488 1140 1579 1167 genus
1601 1127 1737 1157 ludorum
1762 1139 1826 1157 cum
1850 1129 1981 1157 armatis.
2016 1130 2102 1166 Lege:
2127 1127 2187 1157 bel-

231 1172 340 1211 licrepa
363 1169 494 1200 saltatio.
533 1171 573 1198 Ea
598 1170 717 1197 Graecis
742 1167 880 1204 ἐνόπλιος
903 1166 1031 1208 ὄρχησις.
1070 1171 1093 1198 Α
1118 1171 1244 1199 Romulo
1267 1171 1433 1199 institutam
1455 1171 1528 1199 dicit
1549 1172 1669 1205 Festus,
1695 1172 1746 1200 sed
1771 1176 1837 1200 ante
1860 1171 2018 1200 Romulum
2042 1181 2105 1199 eam
2128 1171 2185 1199 Cu-

231 1220 305 1244 retes
328 1217 528 1243 exercuerant.
562 1212 732 1241 Callimach.
757 1217 786 1241 et
808 1212 867 1240 alii.
898 1212 974 1240 Vide
997 1211 1106 1241 Salios.
1140 1212 1217 1242 Haec
1240 1213 1342 1242 eadem
1365 1214 1438 1251 fuit,
1463 1224 1538 1252 quae
1555 1215 1739 1243 Cretensium
1763 1214 1924 1253 pyrricha,
1947 1214 2001 1244 nisi
2025 1214 2107 1253 quod
2128 1214 2186 1242 ista

231 1258 358 1296 gravior.
404 1255 457 1284 Da
468 1267 491 1286 c.

394 1297 604 1337 Bilingues.
648 1299 725 1337 Lego
745 1298 910 1335 Brutiates,
940 1307 1001 1326 non
1024 1297 1170 1327 Bruiaies.
1209 1297 1373 1339 Βρετιάται.
1415 1298 1504 1338 Apud
1527 1299 1763 1338 Porphyrionem
1793 1304 1892 1328 tamen
1914 1304 2045 1328 veterem
2067 1298 2185 1327 Horatii

230 1345 420 1382 interpretem
443 1341 552 1379 legitur
575 1340 732 1378 Bruma-es,
767 1341 797 1369 in
821 1351 887 1370 eum
910 1341 1022 1369 locum:
1063 1339 1204 1370 Canusini
1225 1353 1304 1371 more
1327 1341 1466 1381 bilinguis
1495 1342 1646 1380 (Serm.1,
1679 1345 1731 1380 10,
1763 1344 1842 1380 30.).
1885 1342 2044 1380 Bilinguis‚
2075 1341 2184 1380 inquit,

230 1385 353 1421 dicitur,
393 1384 534 1422 quoniam
555 1389 682 1422 utraque
705 1385 804 1422 lingua
828 1384 969 1412 Canusini
991 1383 1035 1411 usi
1059 1389 1143 1420 suut,
1181 1384 1258 1413 sicut
1281 1395 1335 1424 per
1358 1394 1473 1412 omnem
1496 1385 1580 1412 illum
1603 1389 1731 1413 tractum
1757 1385 1870 1421 ltaliae,
1910 1394 1994 1422 quem
2019 1394 2056 1412 ex
2078 1383 2183 1412 maiori

230 1433 315 1468 parte
339 1427 443 1456 Graeci
467 1426 665 1455 incoluerunt.
710 1427 756 1455 Ex
779 1436 837 1465 quo
861 1437 965 1464 magna
990 1427 1114 1455 Graecia
1142 1437 1250 1456 nomen
1279 1427 1404 1466 accepit.
1447 1427 1518 1455 Ideo
1544 1437 1613 1465 ergo
1637 1432 1665 1456 et
1688 1427 1800 1456 Ennius
1824 1432 1852 1456 et
1875 1427 2018 1455 Lucillius
2040 1425 2185 1454 Bruiaces

231 1470 373 1510 bilingues
398 1469 551 1499 dixerunt.
601 1469 644 1497 lta
674 1469 751 1498 enim
782 1479 820 1498 ex
849 1470 940 1498 veteri
970 1469 1073 1497 codice
1102 1470 1303 1499 emendandus
1336 1470 1386 1498 ille
1416 1469 1633 1508 Porphyrionis
1661 1471 1752 1500 locus.
1804 1469 1839 1498 111
1869 1479 1928 1508 quo
1957 1469 2040 1497 vides
2069 1468 2182 1505 eadem,

231 1523 305 1552 quae
327 1512 379 1541 hic
400 1512 504 1541 scribit
525 1512 637 1541 Festus.
665 1510 764 1541 Scal.
810 1511 947 1540 Brutaies
968 1512 1076 1549 legitur
1098 1513 1180 1551 apud
1200 1513 1328 1541 Ennium
1350 1512 1399 1542 lib.
1413 1515 1443 1544 8.
1467 1513 1543 1541 Sat.:

893 1553 1031 1582 Brutates
1054 1575 1340 1585 ..........
1366 1553 1516 1593 bilingues,

230 1600 367 1627 Brutates
389 1601 488 1626 autem
510 1596 602 1625 iidem
625 1597 676 1634 qui
699 1597 807 1625 Bruttii
829 1596 859 1624 in
882 1596 1016 1625 inferiori
1041 1601 1125 1635 parte
1147 1597 1267 1633 Italiae,
1298 1607 1354 1635 qua
1378 1597 1497 1625 Siciliae
1520 1596 1659 1634 contigua
1680 1601 1737 1630 est,
1767 1607 1782 1624 a
1805 1596 1933 1625 Lucanis
1956 1596 2012 1625 orti
2037 1600 2066 1624 et
2088 1595 2124 1624 ab
2146 1595 2184 1624 iis

231 1642 318 1670 etiam
341 1640 413 1668 dicti
431 1638 559 1676 Bruttii,
581 1639 664 1677 quod
685 1639 720 1667 ab
744 1640 784 1667 eis
808 1639 993 1668 defecissent.
1019 1638 1130 1667 Lucani
1153 1640 1230 1667 enim
1246 1639 1380 1668 Bruttios
1402 1640 1551 1668 vocabant
1574 1643 1723 1678 apostatas
1747 1643 1776 1667 et
1798 1639 1947 1677 fugitivos.
1972 1637 2067 1668 Strab.
2088 1638 2181 1668 lib.6.

233 1683 273 1723 (p.
286 1682 370 1721 228.)
395 1686 424 1710 et
448 1681 568 1710 Diodor.
591 1681 648 1710 Sic.
672 1681 723 1710 lib.
738 1684 786 1713 16.
826 1681 901 1710 Hinc
925 1682 1114 1719 glossarium:
1144 1681 1299 1717 Brutiani,
1326 1682 1358 1713 οἷ
1376 1681 1429 1717 τοὶς
1451 1679 1592 1718 δουλικᾶς
1612 1679 1710 1718 τάξεις
1731 1683 1957 1721 χρεωστοῦντες-
1997 1680 2072 1709 Vide
2093 1678 2183 1709 Brut-

233 1727 314 1754 tiani.
336 1725 423 1753 Dac.
464 1723 612 1764 Bilinguis
633 1724 739 1763 glossis
762 1724 935 1764 δίγλωσσος.
961 1722 1065 1753 Goth.
1105 1723 1242 1753 Brutates
1263 1725 1421 1753 Brutiates.
1466 1723 1574 1753 Idem.

393 1766 594 1795 Bitienses.
638 1768 660 1794 A
682 1767 831 1803 bitiendo,
856 1767 892 1796 de
916 1777 975 1806 quo
997 1767 1028 1794 111
1053 1767 1262 1798 Coniectaneis.
1285 1766 1327 1807 (p.
1343 1768 1426 1804 161.)
1451 1767 1612 1796 Dicebatur
1633 1767 1764 1796 idem-ct
1785 1766 1922 1804 Baetem,
1947 1775 1999 1794 seu
2013 1763 2132 1802 Beier-e,
2155 1769 2185 1793 et

234 1808 333 1837 Bitire.
378 1809 575 1837 Glossarium:
603 1808 707 1838 Baesis
729 1809 907 1848 προσέλθῃς.
946 1810 1036 1848 Lege:
1064 1809 1174 1838 Baetis.
1197 1808 1298 1840 Scal.
1337 1810 1362 1838 A
1384 1810 1477 1839 verbo
1502 1809 1562 1839 bito
1585 1820 1640 1849 pro
1666 1809 1746 1847 beto,
1776 1809 1807 1838 id
1830 1814 1873 1837 est
1895 1820 1936 1838 eo.
1969 1808 2065 1837 Varro
2089 1806 2185 1846 (apud

237 1851 306 1878 Non⁴
327 1862 354 1889 p.
368 1852 450 1887 77.):
475 1850 630 1880 Mulierem
648 1851 738 1893 foras
760 1851 849 1880 beret-e
870 1852 963 1882 iussit.
1010 1853 1031 1880 A
1056 1851 1116 1882 biio
1138 1852 1231 1890 igitur
1254 1851 1341 1888 bitio',
1365 1852 1444 1881 unde
1469 1851 1615 1890 hidenses,
1640 1853 1691 1891 qui
1713 1852 1921 1892 peregrinatur
1943 1851 2069 1881 assidue.
2092 1849 2182 1880 Dae.

237 1891 308 1919 Vide
328 1893 452 1920 Nonium
475 1904 503 1921 v.
526 1893 626 1922 Beiere
648 1896 727 1932 (pag.
741 1898 791 1926 77.
816 1895 861 1925 ed.
886 1895 997 1929 Mera).
1034 1894 1091 1922 Alii
1114 1895 1216 1933 legunt
1238 1894 1363 1923 Bam-2.-
1387 1895 1437 1923 alii
1460 1906 1475 1923 a
1499 1895 1600 1924 betete
1621 1894 1777 1926 Betienses.
1825 1892 1930 1924 Goth.

396 1934 565 1966 Baiulos.
611 1937 635 1964 A
657 1937 834 1974 baifflando,
865 1937 896 1965 id
920 1942 962 1965 est
986 1938 1125 1973 serend03
1159 1948 1217 1976 quo
1241 1947 1312 1966 usus
1336 1937 1456 1966 Plautus
1479 1937 1592 1968 Asinar.
1618 1935 1690 1978 (HI,
1715 1940 1751 1975 3,
1774 1936 1854 1975 70.);

684 1979 748 2017 Ego
773 1979 928 2016 baiulah0‚
962 1987 1009 2015 tu,
1044 1987 1074 2008 ut
1098 1978 1177 2009 (lecet
1202 1979 1366 2014 dominum,
1399 1988 1466 2009 anie
1487 1992 1532 2008 me
1553 1981 1594 2009 ito
1617 1981 1723 2010 inanis.

238 2017 325 2045 Duc.
350 2016 424 2044 Vide
434 2017 558 2047 Nonium
579 2020 610 2049 in
626 2020 776 2051 Baiulare.
800 2022 905 2062 (p.79.
925 2022 970 2051 ed.
986 2021 1087 2061 Mero.)
1110 2023 1186 2051 adde
1210 2023 1313 2055 1.235.
1329 2022 1359 2052 fl‘.
1375 2022 1412 2051 de
1432 2023 1514 2053 verb.
1530 2022 1626 2061 signif.
1643 2025 1669 2054 5.
1690 2023 1764 2053 Gell,
1780 2023 1809 2053 3.
1826 2021 1874 2061 (V,
1898 2023 1927 2057 3,
1950 2022 2000 2058 2.).
2030 2019 2183 2048 Baiolator

239 2058 367 2093 6103515,
392 2060 561 2097 βαστᾱκτής.
593 2063 762 2101 Baiulatio,
785 2063 961 2105 βασταγμὸς.
983 2065 1086 2094 iisdem
1109 2064 1229 2102 Beolat,
1253 2062 1399 2105 βαστάζει.
1428 2064 1532 2096 Goth.
1575 2064 1702 2095 Baiulus
1725 2070 1753 2094 et
1774 2063 1886 2093 Baiulo
1908 2062 1990 2092 haud
2014 2062 2104 2091 dubie
2127 2061 2182 2090 de-

237 2100 381 2130 scendunt
403 2110 418 2128 a
440 2101 586 2131 Sanscrita
608 2115 682 2134 voce
705 2106 785 2145 blzri,
802 2107 883 2136 unde
907 2107 1014 2136 blzaras
1036 2118 1126 2144 onus,
1152 2107 1232 2136 unde
1256 2107 1340 2144 baro,
1364 2109 1547 2144 iumentum,
1572 2113 1602 2137 et
1622 2108 1755 2147 priscum
1777 2107 1903 2136 verbum
1926 2104 1999 2134 baro
2022 2105 2095 2134 fero.
2135 2104 2179 2135 Cf.

239 2142 405 2172 Doederlin.
427 2143 577 2181 Synon.1‚
600 2146 669 2178 151,

404 2183 623 2231 Bellarium.
666 2190 739 2218 Puto
763 2192 933 2229 legendum:
957 2190 1122 2221 Bellarium
1145 2199 1170 2220 et
1194 2190 1332 2228 bellaria,
1356 2204 1399 2221 res
1422 2191 1514 2221 bellas
1536 2191 1734 2232 appellabant.
1773 2193 1847 2221 Sane
1870 2191 1966 2220 Latini
1986 2190 2179 2219 Bellariorum

240 2228 356 2256 nomine
378 2227 544 2265 accipiunt,
582 2238 656 2265 quac
681 2231 782 2261 Graeci
811 2231 907 2273 ὦραῖα
929 2240 1055 2271 vocant,
1092 2234 1148 2263 hoe
1172 2239 1216 2263 est
1238 2235 1390 2274 cupedias.
1433 2236 1505 2264 Nam
1534 2233 1645 2275 ὡραῖος
1666 2236 1778 2272 bellus,
1816 2240 1843 2264 et
1866 2233 2000 2273 pulcher.
2043 2233 2128 2262 Unde
2149 2235 2179 2260 et

240 2269 405 2309 Pulchrflllss
429 2269 528 2297 eadem
552 2269 628 2298 dixit
650 2272 720 2301 Cato
742 2275 771 2302 111
795 2286 825 2304 ea
835 2283 857 2313 ‚¹⁴
867 2287 954 2315 quam
977 2277 1081 2305 habuit
1103 2277 1139 2305 de
1162 2277 1256 2306 fundo
1279 2278 1390 2306 oleario
1413 2276 1481 2316 (ap.
1495 2278 1614 2307 Festum
1637 2288 1666 2308 v.
1689 2276 1942 2315 Pulchr·alihus.):
1970 2272 2178 2306 Pulchralibus

242 2319 328 2351 utque
349 2310 498 2350 cupediis;
529 2317 557 2340 et
578 2322 623 2340 res
651 2312 740 2342 bellas
770 2327 825 2354 pro
851 2319 985 2357 cupediis
1009 2320 1165 2348 Terentius
1194 2321 1225 2348 111
1249 2320 1390 2359 Adelphis
1421 2318 1495 2360 (IV,
1520 2323 1555 2358 2,
1579 2320 1664 2360 51.):
1702 2320 1803 2361 Atque
1829 2330 1916 2348 unum
1947 2316 2073 2359 quidque
2098 2313 2179 2356 quod

241 2355 293 2382 erit
316 2352 503 2401 bellissimum
529 2352 664 2392 Cat-pam.
706 2355 886 2395 Friandises‚
918 2361 1003 2389 Galli.
1047 2362 1151 2390 Graeci
1182 2363 1267 2391 etiam
1297 2360 1483 2403 τραγήματας
1518 2373 1616 2402 neque
1639 2364 1736 2392 solum
1759 2362 1926 2398 esculenta,
1962 2360 2013 2388 sed
2035 2364 2062 2387 et
2084 2367 2178 2397 pocu-

242 2397 389 2425 lentorum
413 2396 541 2426 delicias.
586 2398 658 2424 Nam
683 2402 711 2426 et
733 2398 834 2428 Liberi
855 2401 979 2431 bellaria
1004 2403 1151 2433 dicebant.
1184 2404 1282 2435 Scal.
1327 2406 1502 2445 Perperam5
1542 2406 1716 2444 legendum,
1752 2405 1831 2444 quod
1855 2409 1885 2433 et
1907 2403 1978 2432 viris
2001 2400 2176 2430 doctissimis
