2263 2668
416 186 486 219 1254
1035 182 1176 216 SEXTI
1202 182 1401 217 POMPEII
1429 184 1567 217 FESTI

276 290 312 315 Ὗ.
332 288 389 314 1111.
416 279 535 324 ptem*
563 277 724 310 curiarum
751 287 813 320 per
840 276 1018 320 religiones
1045 277 1177 310 evocari
1203 288 1269 310 non
1296 282 1486 321 potuerunt.
1513 278 1626 321 itaque
1649 277 1835 322 Foriensis,
1870 280 2020 324 Raptae,
2052 281 2190 314 Vellen-

244 322 408 383 ῖ-ξθῐὸῗῑῐξέζ
418 331 483 363 sis*
508 328 648 360 Velitiae
674 339 726 360 res
753 327 884 359 divinae
911 327 994 359 fiunt
1019 328 1052 360 in
1078 328 1243 361 veteribus
1266 329 1405 362 curis**.
1440 328 1626 362 Nothum
1656 329 1780 363 Graeci
1807 335 1919 363 natum
1943 344 1982 364 ex
1996 344 2099 365 uxore
2125 345 2192 366 non

418 380 567 424 legitima
593 384 730 419 vocant,
772 379 828 422 qui
857 378 948 422 apud
974 390 1034 411 nos
1061 380 1172 424 spurio
1201 385 1295 424 patre
1323 386 1416 412 natus
1453 380 1572 414 dicitur
1599 381 1691 424 quod
1719 382 1789 415 Ser.
1822 383 1953 415 Tullius
1979 384 2034 426 qui
2059 385 2192 418 Romae

244 445 325 474 ·s.sp.
338 439 407 466 Tulli
419 431 587 476 regnavit,
630 435 723 463 natus
755 436 803 463 est
831 441 871 463 ex
898 431 1084 463 concubina
1117 432 1256 475 Spurius
1283 431 1402 463 Tulli*
1430 432 1557 464 tributis
1568 434 1603 452 **
1630 433 1690 465 nisi
1717 434 1804 466 forte
1843 435 2004 467 malumus
2039 436 2191 478 cedere-{f

243 475 579 542 †1f'{}e{{i20⁰¹'¹⁵3³¹¹¹
605 482 807 516 corniculam
836 482 966 525 captiva
979 486 1024 525 ††
1052 494 1128 515 eum
1155 488 1341 526 susceptum
1370 489 1474 515 matre
1502 484 1697 517 servientem
1711 487 1734 517 ¹³.
1790 486 1900 518 Nota
1928 486 2006 518 alias
2029 486 2191 531 significat

243 530 567 579 ††'s⁴()clisiasignum‚
610 539 647 566 ut
679 533 712 565 in
739 534 937 577 pecoribus,
972 534 1091 567 tabulis
1123 535 1213 567 libris
1247 535 1376 567 litterae
1409 535 1576 579 singulae,
1618 542 1674 568 aut
1706 537 1818 575 binae3
1859 538 1938 569 alias
1965 538 2189 582 ignominiam.

241 578 402 646 fflfflfflffiffi
418 586 617 620 Nobilem
647 585 768 628 antiqui
796 596 858 628 pro
886 590 966 617 noto
992 586 1181 630 ponebant,
1214 591 1247 618 et
1274 586 1410 629 quidem
1437 598 1498 630 per
1525 597 1544 619 c
1576 587 1721 621 litteram
1741 590 1780 629 **‚
1809 594 1844 621 ut
1866 590 2001 622 Plautus
2027 589 2060 621 in
2087 590 2191 624 Pseu-

265 649 301 674 Ὗ.
326 656 380 672 ser—
416 638 517 672 dolo:

240 683 406 742 nslvisssstgfi-
518 687 758 732 Peregrina
784 687 918 722 facies
944 688 1115 722 videtur
1141 689 1346 729 hominis,
1375 694 1502 732 atque
1528 689 1777 734 ignobilis†

277 727 374 777 feram·
417 748 466 775 et:

235 784 406 852 {Jsffffigglffi
519 791 661 825 oculis
686 791 787 824 meis
815 791 983 824 obviam
1010 792 1223 836 ignobilis
1241 794 1286 833 -Η-
1315 792 1534 825 obiicitur.

296 843 311 854 ³
417 844 536 877 Accius
563 844 595 876 iu
622 843 806 876 Diomede:

264 899 299 922 'f-
319 905 388 938 sann
517 896 631 940 Ergo
659 906 719 927 me
746 895 886 938 Argos
914 894 1111 933 referam,
1139 906 1233 927 nam
1260 894 1330 928 hic
1360 905 1444 927 sum
1472 896 1653 927 nobilis*

242 932 403 992 tgzff}'‡¹l¹g³e
416 947 526 980 Livius
552 947 584 979 in
613 946 758 990 Virgo*:

254 987 394 1035 ‘totilam
521 1002 814 1031 ornamentum
847 997 1086 1030 incendunt
1119 997 1285 1030 nobili*
1319 997 1551 1042 ignobiles.

265 1044 385 1103 inceffiulr-it
418 1051 634 1096 Noegeum
659 1049 794 1092 quidam
822 1048 954 1082 amiculi
976 1061 1080 1093 genus
1105 1054 1313 1093 praetextum
1340 1061 1507 1094 purpura3
1534 1049 1670 1092 quidam
1702 1049 1879 1082 candidum
1908 1061 1948 1083 ac
1969 1050 2190 1094 perlucidum,

275 1088 325 1111 gno
345 1087 372 1103 Η
416 1102 508 1145 quasi
535 1114 555 1134 a
580 1113 685 1140 navo,
713 1100 805 1143 quod
832 1106 992 1144 putamen
1018 1101 1227 1144 quorundam
1256 1112 1436 1145 pomorum
1460 1106 1507 1134 est
1533 1101 1755 1134 tenuissimum
1783 1112 1848 1134 non
1875 1101 1942 1135 sine
1965 1102 2130 1141 candore,
2156 1107 2192 1134 ut

415 1154 527 1186 Livius
555 1154 599 1186 ait
624 1153 657 1186 in
685 1151 835 1196 Odyssia.

516 1205 653 1238 Simul
676 1216 720 1237 ac
747 1204 949 1236 lacrimas
977 1203 1026 1235 de
1054 1213 1126 1236 ore
1153 1215 1320 1248 noegeo
1348 1204 1549 1244 detersit,

414 1256 449 1289 id
477 1262 525 1290 est
547 1256 703 1290 candido.
756 1252 880 1288 Nixil
908 1254 949 1286 di
975 1255 1188 1299 appellantur
1213 1256 1275 1288 tria
1292 1252 1312 1304 Η
1327 1255 1420 1300 signa
1444 1256 1476 1288 in
1503 1255 1671 1299 Capitolio
1689 1260 1764 1288 ante
1782 1255 1901 1288 cellam
1916 1255 2089 1288 Minervae
2111 1253 2190 1301 [25]

259 1319 294 1342 ‘tl
314 1318 389 1350 signa
417 1308 557 1353 genibus
583 1308 677 1347 nixa,
706 1307 796 1339 velut
822 1306 1046 1351 praesidentes
1064 1308 1261 1350 parientium
1279 1307 1405 1339 nixibus
1422 1319 1507 1350 quae
1535 1308 1614 1340 sua*
1642 1312 1715 1340 sunt
1742 1307 1798 1350 qui
1824 1308 2006 1340 memoriae
2029 1307 2192 1352 prodide-

243 1361 277 1385 Ὗ.
295 1360 330 1400 ψΑ
348 1360 497 1402 Aci-rint,
531 1358 701 1393 Antiocho
737 1370 818 1403 rege
853 1358 969 1401 Syriae
996 1364 1171 1402 superato,
1205 1358 1254 1391 M.
1281 1359 1474 1392 Accillum*
1503 1359 1668 1391 subtracta
1704 1371 1721 1391 a
1755 1359 1890 1403 Populo
1917 1360 1959 1394 R.
1988 1359 2192 1403 adportasse,

244 1431 266 1453 'f
283 1395 516 1463 eltiiifflqueatque
542 1411 600 1444 ubi
624 1415 714 1452 sunt,
741 1409 907 1453 posuisse;
934 1410 1032 1442 etiam
1061 1410 1140 1453 qui*
1168 1416 1267 1454 capta
1294 1410 1457 1443 Corintho
1480 1411 1618 1443 advecta
1647 1409 1733 1450 huc,
1761 1421 1846 1453 quae
1874 1411 1920 1443 ibi
1946 1411 2089 1443 subiecta
2117 1410 2191 1442 fue—

417 1463 479 1495 rint
499 1474 641 1496 mensae.
696 1462 874 1495 Nictare
907 1466 939 1493 et
963 1462 1156 1502 oculorum,
1194 1467 1227 1495 et
1252 1462 1393 1494 aliorum
1428 1462 1654 1495 membrorum
1682 1462 1750 1494 nisu
1787 1473 1887 1506 saepe
1914 1461 2040 1505 aliquid
2068 1464 2191 1501 conaris

416 1515 543 1548 dictum
571 1519 620 1547 est
646 1514 688 1546 ab
716 1512 872 1556 antiquiS,
901 1517 935 1544 ut
961 1512 1133 1546 Lucretius
1161 1514 1194 1546 in
1220 1514 1259 1546 L.
1282 1514 1379 1546 llll.:

257 1574 395 1600 ‘unictari
517 1565 594 1599 Hic
622 1565 692 1597 ubi
718 1564 893 1597 nexari*
922 1570 1138 1607 nequeunt
1165 1566 1458 1608 insistereque
1486 1565 1572 1598 alis.

413 1617 578 1651 Caecilius
602 1616 635 1649 in
662 1615 851 1660 Hymnide:

518 1668 710 1713 garrulis
731 1667 954 1700 medentes
975 1666 1137 1700 iactent
1161 1667 1250 1699 sine
1278 1668 1499 1700 nictentur
1525 1668 1717 1712 perticis.

246 1718 406 1785 ἲ-Ωζῗῇθῃθὲο
419 1721 542 1753 Novius
571 1720 603 1751 in
630 1719 824 1753 Macchoco
852 1719 983 1762 pone*:

257 1786 397 1811 ‘tis-cribes
521 1776 709 1805 actutum
737 1770 969 1804 scribere*.
999 1781 1089 1803 cum
1117 1770 1155 1801 in
1182 1780 1310 1802 nervo
1338 1770 1640 1807 nectabere‘';

256 1820 506 1878 “fbssiffiffiunde
534 1823 669 1866 quidam
698 1821 925 1861 nictatiouem,
955 1822 1091 1864 quidam
1119 1822 1262 1861 nictum,
1289 1826 1325 1854 ut
1349 1821 1511 1855 Caecilius
1536 1821 1568 1854 in
1590 1821 1740 1866 pugilem
1757 1825 1796 1864 †:

250 1888 286 1917 «Η.
309 1863 407 1921 ρῗὲῐιει
521 1881 602 1907 tum
630 1874 738 1907 inter
768 1873 1032 1906 laudandum
1062 1874 1171 1906 hunc
1198 1872 1390 1906 timidum
1418 1873 1610 1905 tremulis
1637 1873 1864 1918 palpebris

522 1931 758 1969 percutere
784 1925 962 1958 nictum:
988 1924 1061 1958 hic
1088 1924 1296 1970 gaudere,
1326 1930 1365 1957 et
1391 1925 1592 1957 mirarier.

423 1977 554 2010 Metit
580 1978 668 2010 canis
695 1978 727 2009 in
753 1976 933 2009 odorandis
959 1977 1105 2009 ferarum
1132 1976 1277 2020 vestigiis
1305 1976 1420 2009 leviter
1445 1977 1620 2020 ganniens,
1650 1982 1685 2008 ut
1709 1976 1833 2008 Ennius
1861 1975 1892 2007 in
1917 1975 1954 2007 L.
1983 1974 2028 2006 X:

268 2030 394 2054 *menox
522 2028 659 2060 veluti
687 2028 918 2071 siquando
946 2029 1108 2062 vinclis
1134 2029 1335 2061 venatica
1362 2031 1573 2060 venenox*

523 2084 626 2122 apta
648 2080 776 2121 solet,
803 2080 835 2112 si
860 2079 975 2113 forte
997 2092 1043 2113 ex
1068 2092 1165 2113 nare
1192 2079 1342 2124 sagaci

268 2123 399 2182 [³2¹⁰ssss
526 2130 667 2169 sensit,
694 2142 803 2165 voce
830 2143 904 2164 sua
930 2132 1086 2173 nictu‘,
1114 2131 1343 2174 ululatque
1370 2130 1429 2163 ibi
1456 2135 1578 2164 acuta
1606 2132 1698 2162 et''.

512 2243 540 2281 1)
563 2244 636 2271 Nixi
658 2244 715 2284 di]
741 2248 810 2277 Post
830 2249 956 2277 verbum
977 2260 1113 2287 mensae,
1142 2250 1173 2278 in
1194 2259 1289 2278 exem-
1334 2248 1514 2285 Quintiliani
1535 2246 1607 2277 dicti
1626 2252 1703 2276 sunt.
1728 2246 1802 2275 Vide
1817 2245 1847 2273 in
1868 2244 2086 2283 Quinctilium.
2116 2242 2190 2270 Urs.

429 2285 504 2324 plari
531 2285 663 2314 additum
684 2293 745 2324 est,
769 2290 895 2328 tripedi,
923 2292 974 2321 sed
996 2293 1051 2321 alia
1074 2302 1173 2323 manu.
1207 2291 1288 2329 quod
1330 2307 1373 2313 —
1393 2291 1424 2329 4)
1449 2291 1550 2320 Scribe
1566 2289 1664 2320 νέκυν.
1686 2305 1729 2312 -
1750 2287 1779 2327 5)
1796 2287 1895 2316 Scribe
1916 2286 1997 2317 νέον.
2019 2302 2060 2307 -·
2081 2281 2110 2324 6)
2126 2283 2191 2311 Να-

428 2332 502 2367 Put⁰
523 2328 670 2357 adiectum
684 2339 744 2358 esse
760 2335 976 2370 σχολιαστιπῶς.
1000 2336 1076 2365 Urs.
1101 2351 1141 2357 —
1162 2333 1192 2375 2)
1208 2336 1288 2363 Mn-
1332 2345 1378 2362 σεε
1400 2334 1501 2373 mitta]
1525 2333 1589 2362 Mos
1609 2331 1659 2361 hic
1683 2330 1918 2372 spargendarum
1939 2338 2047 2357 nucum
2065 2325 2191 2356 habetur

426 2370 542 2408 guluS]
572 2371 681 2399 Versus
706 2372 789 2400 Ennii
809 2380 907 2411 potest
928 2376 969 2404 ita
993 2377 1077 2406 etiarn
1097 2378 1169 2415 legi:
1195 2377 1289 2415 Atque
1332 2378 1362 2406 in
1383 2376 1475 2406 veteri
1496 2375 1707 2415 inscriptione,
1745 2378 1859 2412 reperta
1882 2379 1977 2411 prope
2005 2367 2191 2398 Ferentinum

431 2417 462 2441 ut
485 2418 513 2441 te
535 2418 589 2442 etc.
628 2413 676 2441 Ur
687 2424 712 2443 S.
742 2430 782 2434 —
810 2417 840 2452 3)
858 2417 952 2455 Niger
977 2419 1079 2458 lapis]
1104 2420 1219 2458 Opinor
1241 2419 1290 2448 hic
1333 2419 1379 2448 via
1402 2418 1514 2449 Latina.
1534 2419 1563 2446 in
1587 2428 1618 2446 ea
1638 2418 1680 2445 sic
1703 2421 1753 2445 est.
1799 2415 1833 2445 A.
1858 2410 2078 2449 QVINCTILIO
2097 2411 2134 2456 ‚A'
2161 2409 2191 2438 F·

431 2466 446 2482 a
467 2455 552 2483 Festo
575 2455 701 2483 indicari
724 2455 900 2490 Quintilium
928 2469 1009 2495 euni,
1044 2471 1059 2488 a
1081 2472 1139 2499 quo
1162 2462 1289 2500 Luperci
1334 2462 1414 2490 PAL.
1437 2459 1582 2490 Pmsco.
1607 2464 1636 2488 et
1657 2463 1734 2497 post.
1758 2457 1828 2485 HIC.
1847 2457 1908 2484 EX.
1932 2456 1958 2483 S.
1982 2453 2012 2480 C·
2031 2451 2189 2480 FVRDOS·
