2263 2668
403 100 596 136 PHOCAE
625 100 940 135 GRAMMATICI
967 99 1030 133 DE
1057 98 1384 134 ASPIRATIONE.
1437 102 1578 139 SEGM.
1606 104 1631 137 Ι.

1919 105 1994 142 353

332 243 802 286 PHOGAE
895 240 1708 290 GRAMMATICI

558 346 660 378 DE

742 343 1483 380 ASPIRATIONE¹.

889 480 1076 512 SEGM.
1129 478 1154 512 l,

52 568 83 599 l.
139 548 278 601 Omnia
311 565 444 598 nomina
471 565 603 599 Graeca
630 566 662 597 in
690 565 800 609 capite
826 575 884 597 suo
912 578 937 611 φ
964 564 1108 597 litteram
1134 563 1308 605 habentia,
1349 565 1382 597 in
1410 565 1520 599 medio
1549 568 1625 601 loco
1653 579 1726 601 cum
1754 581 1777 612 p
1807 574 1838 601 et
1865 572 1991 614 aspira-

49 620 139 652 tione
165 612 342 650 adiuncta²
363 614 567 650 scribuntur3
590 617 682 661 apud
706 616 858 659 Latinos,
892 620 927 648 ut
953 615 1131 657 Phoebus,
1160 615 1322 659 ephebus.

215 667 339 701 Omnia
372 669 505 701 nomina
534 668 666 702 Graeca
699 668 845 701 similiter
871 681 892 702 v
918 667 1059 701 litteram
1093 668 1126 700 in
1152 667 1319 712 principio
1346 678 1404 700 suo
1432 667 1605 711 habentia,
1649 671 1839 714 praeposita
1866 672 1993 716 aspira-

50 722 141 754 tione
167 716 383 762 scribuntur⁴,
419 726 455 753 ut
477 717 712 763 ὑάκινθος,
749 719 962 763 hyacinthus3
996 718 1129 767 ὕδρα,
1162 717 1290 762 hydra3
1324 715 1555 762 ‘Ynd‘rcoc‚
1590 718 1785 765 Hypatius⁵.

215 770 337 804 Omnia
364 772 498 804 nomina
525 771 657 805 Graeca
683 772 715 803 in
741 771 849 815 prima
876 767 1024 814 syllaba⁶

1047 784 1067 818 ρ
1095 770 1236 803 litteram
1264 769 1422 803 habentia
1449 768 1578 805 vocali⁷
1603 778 1678 816 post
1703 773 1808 817 ipsam
1835 787 1875 821 ρ,
1904 776 1993 820 aspi-

50 821 194 865 ramme,
222 828 258 855 ut
283 821 429 869 Ῥῆνος,
457 823 612 861 Rhenus3
646 823 791 868 exceptis
817 822 963 855 duobus:
998 823 1123 855 Remus
1146 826 1178 854 et
1201 821 1375 854 Romulus.

215 873 338 907 Omnia
364 875 497 907 nomina
522 875 656 916 Latina,
700 886 786 917 quae
813 874 845 907 ir
870 874 1031 917 syllabam
1058 875 1091 907 in
1117 873 1284 918 principio
1311 884 1370 906 suo
1397 872 1539 913 habent,
1580 875 1768 918 praeposita
1795 877 1992 920 aspiratione

50 926 149 959 scribi
176 926 419 970 significamus,
448 931 484 958 ut
509 925 668 967 hirsutus,
698 925 827 967 hircus,
855 925 1015 970 Hirpinus

215 976 339 1010 Omnia
363 977 497 1010 'nomina
520 978 652 1011 Graeca
679 978 722 1010 ab
751 989 808 1016 eo,
835 977 926 1020 quod
956 982 1004 1010 est
1026 980 1129 1015 ἵππος
1151 987 1291 1021 graece,
1318 972 1451 1019 dictam,
1479 975 1708 1020 aspirationem
1737 979 1959 1023 praepositam
1969 976 1992 996 ¹¹

50 1028 199 1061 similiter
223 1028 352 1062 habent
378 1029 410 1061 in
436 1030 615 1073 scriptura,
650 1033 685 1061 ut
707 1025 994 1071 Ἱππόλυτος,
1024 1028 1246 1072 Hippolytu53
1279 1023 1565 1075 Ἱπποτάδης,
1592 1029 1811 1073 Hippotades.
1863 1030 1898 1063 Si
1924 1030 1992 1064 hoc

49 1080 81 1111 in
109 1079 222 1113 medio
250 1077 422 1113 nominis¹²
448 1081 564 1120 fuerit,
590 1080 651 1112 ista
678 1080 807 1123 syllaba
834 1085 903 1113 tum
931 1091 1007 1113 care

50 1144 71 1166 σ
80 1144 102 1165 τ
110 1144 188 1166 ιππ
196 1145 215 1167 ο
226 1144 261 1175 ς,
291 1132 490 1176 Aristippus.

1010 1075 1055 1111 t13

1081 1079 1282 1124 aspiratione
1290 1105 1299 1122 ‚
1326 1084 1363 1112 ut
1391 1079 1471 1114 Φίλ
1481 1093 1493 1113 ι
1502 1092 1527 1113 π
1535 1092 1560 1113 π
1569 1092 1588 1113 ο
1597 1093 1629 1122 ς,
1658 1080 1851 1125 Philippum
1878 1080 1952 1128 Ἀρ
1961 1082 1991 1116 ι’-

214 1182 247 1215 2.
301 1182 410 1216 Omne
442 1194 629 1228 pronomen
663 1182 837 1216 articulare
869 1182 1060 1227 praeposita
1088 1182 1286 1227 aspiratione
1312 1181 1411 1215 scribi
1436 1186 1605 1223 notamus,
1648 1187 1683 1214 ut
1708 1182 1764 1216 hic
1792 1188 1824 1216 et
1849 1184 1934 1217 haec
1961 1188 1993 1216 et

49 1233 133 1275 hoc,
163 1238 304 1278 excepto
331 1235 494 1268 vocativo.

548 1235 585 1267 Si
612 1239 723 1267 autem
750 1235 934 1278 composita
960 1234 1096 1276 fuerint,
1124 1234 1238 1267 dasian
1263 1234 1431 1274 amittunt,
1458 1237 1493 1265 ut
1512 1232 1599 1275 istic,
1625 1233 1722 1276 istac,
1748 1234 1839 1269 istuc.

1891 1235 1992 1268 Simi-

47 1284 123 1317 liter
155 1285 242 1318 enim
270 1281 334 1318 et¹⁴
361 1297 460 1319 omne
494 1285 690 1319 adverbium
722 1297 762 1319 ex
788 1286 955 1319 articulari
980 1286 1181 1330 pronomine
1208 1285 1391 1318 deductum
1417 1284 1595 1329 aspiratur,
1636 1289 1673 1318 ut
1698 1285 1755 1320 hic
1781 1286 1943 1321 ἐνταῦθα
1954 1282 1991 1328 ¹⁵,

47 1335 118 1370 huc
139 1334 226 1379 ὦδε,
254 1336 333 1370 hinc
355 1338 482 1380 ἔνθεν,
510 1337 576 1371 hac
601 1336 632 1384 ᾗ.

685 1337 723 1370 In
751 1338 995 1382 compositione
1020 1337 1108 1371 haec
1135 1337 1248 1370 dasian
1275 1337 1443 1379 amittunt,
1471 1341 1507 1369 ut
1527 1336 1613 1377 illic,
1640 1337 1734 1379 illac,
1760 1337 1857 1374 illuc:
1884 1337 1991 1370 solum

47 1398 127 1420 vero
153 1387 267 1422 adhuc
293 1393 325 1422 et
351 1388 483 1431 adhoc,
526 1389 727 1434 simplicium
753 1400 886 1422 suorum
914 1390 1109 1434 scripturam
1136 1384 1348 1429 servaruntffi,
1390 1388 1426 1420 id
1452 1392 1516 1429 est,
1550 1388 1664 1421 dasian
1688 1388 1813 1422 habent
1837 1390 1870 1422 in
1897 1399 1992 1423 com-

48 1439 223 1482 positione.

213 1490 246 1522 3.
299 1491 421 1524 Omnia
455 1493 589 1524 nomina
615 1492 734 1524 Latina
744 1487 768 1507 ¹⁷
794 1492 847 1525 vel
875 1492 1008 1526 Graeca
1035 1503 1054 1525 e
1080 1492 1231 1525 vocalem
1263 1490 1465 1536 productam
1498 1491 1531 1522 in
1557 1491 1724 1535 principio
1751 1502 1809 1524 suo
1835 1490 1993 1523 habentia

48 1541 239 1586 praeposita
266 1543 464 1586 aspiratione
491 1545 688 1582 scribentum
716 1543 903 1587 Graecum,
931 1550 966 1576 ut
991 1542 1050 1579 ‘H
1053 1542 1196 1591 ρακλῆ
1205 1556 1219 1582 ς
1226 1570 1239 1585 ,
1268 1541 1444 1579 Heracle53
1470 1541 1641 1582 Latinum,
1668 1547 1704 1575 ut
1729 1542 1848 1582 heres‚·
1874 1538 1992 1581 herim,

49 1592 138 1626 unde
164 1592 335 1626 hesternus
362 1594 486 1628 dictum
515 1600 572 1628 est.

214 1644 336 1678 Omnia
361 1646 493 1679 nomina
517 1647 649 1680 Graeca
674 1642 832 1678 initiata¹⁵³
854 1646 982 1689 syllaba
1009 1659 1043 1684 ις
1071 1649 1102 1678 et
1129 1649 1185 1678 tau
1212 1644 1321 1677 littera
1348 1643 1453 1675 statim
1482 1639 1698 1683 subsecutam,
1726 1644 1818 1676 dasia
1842 1654 1990 1687 praepo-

50 1696 111 1728 sita
136 1696 366 1740 proferuntur,
400 1703 436 1731 ut
461 1694 615 1739 Hister²¹‚
647 1697 795 1730 historia.

49 1742 148 1791 γοςῃ.
202 1747 421 1794 Designatum
449 1746 531 1782 est²³
555 1760 743 1794 pronomen
767 1750 836 1781 iste.

137 1863 162 1901 l)
186 1865 259 1894 Cod.
283 1866 338 1896 Gu.
360 1866 437 1896 hanc
458 1867 548 1896 habet
564 1867 800 1906 inscriptionem:
831 1869 928 1896 Fucae
945 1878 999 1895 or-

51 1906 244 1944 thographia.
269 1907 416 1938 Chri-stas.
461 1910 589 1939 Libellus
610 1915 706 1938 autem
730 1910 771 1938 sic
797 1910 917 1948 incipit:
957 1909 1001 1937 De

51 1949 236 1986 aspiratione
258 1948 371 1978 dicturi
393 1962 508 1980 sumus.
556 1954 668 1981 Omnia
690 1954 814 1980 nomina
828 1957 885 1982 cet.
909 1968 950 1973 ·--
972 1953 1000 1988 2)

51 1992 161 2020 [uncta
177 1991 236 2020 Gu.
259 2007 301 2012 —-
322 1995 352 2029 3)
368 1994 517 2022 Scribimr
533 1995 590 2023 Gu.
612 2011 652 2016 —
675 1996 703 2029 4)
718 1995 904 2023 &rimatur
917 1993 948 2021 P.
959 2008 1000 2014 —

50 2037 78 2071 5)
97 2031 268 2069 ‘'Tnavag,
299 2035 442 2073 Ihpanis
465 2037 495 2067 P,
538 2038 650 2066 Diserte
677 2038 733 2065 Gu.
755 2037 836 2075 quod
857 2035 1001 2071 dedimus,

50 2076 141 2114 idque
157 2076 187 2104 in
203 2077 333 2114 margine
351 2080 508 2117 repetitum
524 2080 641 2117 legitur.
664 2095 705 2100 -—
727 2082 754 2114 6)
779 2080 833 2108 Vv.
850 2080 881 2106 ιή
896 2079 1001 2116 prima

49 2118 171 2157 syllaba
191 2118 298 2147 desunt
319 2121 347 2147 in
363 2121 419 2150 Gu.
442 2139 478 2142 —
503 2124 530 2159 7)
556 2121 722 2159 Legendum
741 2121 872 2150 videtur:
904 2120 1002 2147 vocali

44 2163 151 2199 posita
161 2167 230 2199 post
250 2163 349 2200 ipsam
364 2174 391 2201 ρ.
432 2164 505 2192 Nam
528 2164 614 2192 facile
629 2164 780 2192 absorberi
796 2163 894 2202 potuit
908 2162 1000 2201 parti-

51 2204 161 2242 cipium
183 2208 250 2232 ante
273 2214 300 2233 v.
319 2211 400 2242 post.
422 2223 462 2227 -—
486 2210 512 2239 ὅ)
534 2206 705 2244 Aspis-atur
721 2207 752 2234 P.
771 2216 808 2234 ex
826 2215 935 2234 errore.
959 2220 1000 2226 —-

48 2249 77 2283 9)
100 2247 269 2284 Ilt'ripinus
285 2247 341 2276 GU.
365 2264 406 2269 —
433 2252 475 2281 10)
495 2249 625 2276 Dictum
639 2249 715 2276 male
731 2249 761 2276 P.
784 2264 826 2270 —-
852 2248 893 2286 11)
910 2246 1000 2275 Prae-

45 2290 184 2327 positam
198 2289 281 2317 abest
301 2300 316 2317 a
330 2290 400 2318 Cod.
421 2290 475 2319 Gu.
499 2306 541 2311 —
565 2294 606 2324 12)
633 2291 667 2318 ln
682 2291 777 2318 ηιιιίιό
793 2291 923 2318 nomini-s·
937 2290 1000 2317 loco

52 2331 84 2360 P.
105 2347 148 2353 —
171 2334 214 2365 13)
239 2331 303 2360 Ista
319 2332 565 2370 syllabarum
584 2338 662 2360 earet
679 2334 709 2362 P.
733 2349 773 2355 -—
799 2334 840 2367 14)
857 2333 1001 2360 Similiter

53 2375 130 2402 enim
147 2379 183 2402 et.
209 2374 253 2402 lta
267 2375 353 2404 etiam
369 2375 424 2404 Gu.
457 2376 532 2404 Puto
550 2375 739 2404 scribendum
754 2385 831 2404 esse:
855 2375 1001 2404 Similiter

95 2425 260 2454 GanA'r.
286 2436 350 2454 ωτ,
372 2426 392 2454 1.

849 1698 969 1731 Latina
996 1697 1143 1729 similiter
1169 1696 1256 1728 haec
1283 1693 1514 1738 proferuntur,
1557 1698 1592 1726 ut
1617 1693 1752 1731 histrio,
1793 1693 1814 1728 ὁ
1834 1691 1990 1738 μιμολό-

1041 1869 1141 1894 etiam.
1166 1880 1203 1884 —
1229 1866 1272 1901 15)
1297 1864 1408 1892 Graeca
1432 1863 1505 1892 haec
1523 1868 1653 1902 quatuor
1669 1872 1704 1890 ex
1720 1862 1776 1892 Gu.
1800 1862 1892 1890 ascita
1911 1866 1989 1890 sunt.

1042 1909 1163 1946 Ignorat
1185 1916 1217 1935 ea
1233 1907 1264 1937 P.
1285 1923 1326 1928 -
1351 1909 1392 1941 16)
1416 1908 1615 1935 ὁέιναιένιιηι
1636 1905 1666 1933 Ρ.
1692 1909 1844 1932 servarent
1867 1903 1922 1933 Gu.
1950 1919 1989 1925 -—

1044 1954 1089 1985 17)
1117 1951 1234 1979 Graeca
1253 1949 1300 1977 rel
1318 1950 1419 1976 latina
1439 1949 1470 1978 P.
1493 1965 1534 1970 —
1556 1951 1600 1983 18)
1631 1947 1668 1975 Ut
1687 1947 1769 1984 llere,
1797 1946 1863 1975 heri
1882 1946 1912 1974 P.
1953 1947 1989 1974 Ul

1042 1994 1147 2029 herus,
1177 1992 1243 2020 lieri
1260 1991 1316 2021 Gu.
1342 1990 1394 2020 sed
1413 1991 1497 2030 prius
1519 1995 1689 2020 correctum
1710 1990 1806 2026 heres,
1836 1988 1917 2028 quod
1936 1999 1991 2017 ve-

1042 2046 1119 2064 rum.
1142 2051 1185 2056 —
1208 2033 1251 2073 19)
1274 2034 1417 2062 Initata
1432 2033 1552 2072 syllaba
1575 2045 1617 2072 ης
1635 2034 1668 2061 in
1686 2044 1720 2068 ις
1737 2038 1763 2060 et
1779 2033 1849 2062 ταῦ
1863 2037 1932 2059 tau
1949 2031 1990 2058 li-

1043 2084 1107 2106 tera
1125 2078 1180 2106 Gu.
1203 2092 1243 2098 —
1265 2075 1312 2112 20)
1335 2076 1505 2115 Subsequla
1521 2075 1589 2116 (sic)
1611 2077 1666 2105 Gu.
1690 2092 1731 2096 -
1753 2077 1798 2112 21)
1821 2073 1989 2111 Prqferun-

1043 2127 1108 2157 tar,
1139 2125 1173 2148 ut
1189 2120 1309 2148 Histrio
1324 2119 1355 2148 P.
1373 2119 1448 2148 nihil
1465 2119 1607 2158 amplius,
1638 2118 1744 2146 omisso
1760 2117 1873 2155 integro
1888 2116 1989 2145 versi-

1044 2163 1121 2192 culo.
1151 2163 1293 2191 Nimirum
1310 2161 1460 2190 aberravit
1473 2161 1586 2191 librarii
1605 2161 1709 2190 oculus
1724 2171 1739 2188 a
1756 2170 1782 2188 v.
1789 2160 1988 2198 proferuntur

1044 2205 1080 2234 ad
1103 2205 1180 2234 idem
1201 2215 1228 2233 v.
1244 2204 1321 2233 infra
1342 2204 1482 2243 positum.
1505 2221 1545 2226 -
1568 2203 1616 2242 22)
1639 2203 1687 2231 Sic
1704 2203 1810 2242 putavi
1825 2200 1987 2230 emendan-

1044 2249 1112 2277 dam
1129 2257 1191 2277 esse
1214 2248 1390 2286 scripturam
1408 2247 1540 2276 Codicis:
1569 2247 1778 2285 ωμυθολοτος,
1801 2243 1882 2282 quod
1898 2246 1986 2271 esset:

1044 2289 1062 2320 ὅ
1076 2287 1258 2330 μυθολόγος,
1282 2289 1362 2328 quod
1375 2290 1473 2330 ipsum
1485 2295 1584 2319 tamen
1598 2299 1655 2317 non
1670 2288 1756 2326 plane
1768 2284 1985 2325 spreverim.—

1042 2333 1090 2370 23)
1111 2334 1319 2371 Designatam
1333 2338 1376 2360 est
1390 2333 1409 2363 i.
1425 2343 1450 2362 e.
1465 2333 1542 2362 inter
1560 2335 1686 2370 excepta
1705 2333 1845 2358 notatum.
1889 2326 1984 2360 Qum·e

1043 2374 1117 2404 nihil
1132 2375 1314 2405 mutandum.

1506 2426 1575 2468 Υ]
