<?xml version="1.0" encoding="UTF-8"?>
<!DOCTYPE html PUBLIC "-//W3C//DTD XHTML 1.0 Transitional//EN"
    "http://www.w3.org/TR/xhtml1/DTD/xhtml1-transitional.dtd">
<html xmlns="http://www.w3.org/1999/xhtml" xml:lang="en" lang="en">
 <head>
  <title>
</title>
<meta http-equiv="Content-Type" content="text/html;charset=utf-8" />
  <meta name='ocr-system' content='tesseract 3.04.00' />
  <meta name='ocr-capabilities' content='ocr_page ocr_carea ocr_par ocr_line ocrx_word'/>
</head>
<body>
  <div class='ocr_page' id='page_1' title='image "./corpusgrammatico01linduoft_0211.png"; bbox 0 0 2263 2668; ppageno 0'>
   <div class='ocr_carea' id='block_1_1' title="bbox 955 105 1167 139">
    <p class='ocr_par' dir='ltr' id='par_1_1' title="bbox 955 105 1167 139">
     <span class='ocr_line' id='line_1_1' title="bbox 955 105 1167 139; baseline 0 0"><span class='ocrx_word' id='word_1_1' title='bbox 955 105 1099 139; x_wconf 85' lang='lat' dir='ltr'><strong>LIBER</strong></span> <span class='ocrx_word' id='word_1_2' title='bbox 1125 105 1167 139; x_wconf 83' lang='grc' dir='ltr'>ΙΙ.</span> 
     </span>
    </p>
   </div>
   <div class='ocr_carea' id='block_1_2' title="bbox 96 196 730 334">
    <p class='ocr_par' dir='ltr' id='par_1_2' title="bbox 96 196 730 334">
     <span class='ocr_line' id='line_1_2' title="bbox 325 196 730 243; baseline 0.005 -13"><span class='ocrx_word' id='word_1_3' title='bbox 325 196 432 230; x_wconf 81' lang='lat' dir='ltr'><em>Lavit</em></span> <span class='ocrx_word' id='word_1_4' title='bbox 454 196 616 243; x_wconf 79' lang='lat' dir='ltr'>improba</span> <span class='ocrx_word' id='word_1_5' title='bbox 642 202 730 232; x_wconf 84' lang='lat' dir='ltr'>teter</span> 
     </span>
     <span class='ocr_line' id='line_1_3' title="bbox 329 245 582 282; baseline 0.004 -1"><span class='ocrx_word' id='word_1_6' title='bbox 329 248 405 281; x_wconf 86' lang='lat' dir='ltr'>Ora</span> <span class='ocrx_word' id='word_1_7' title='bbox 427 259 531 282; x_wconf 83' lang='lat' dir='ltr'>cruor</span> <span class='ocrx_word' id='word_1_8' title='bbox 548 245 582 282; x_wconf 81' lang='lat'>¹³.</span> 
     </span>
     <span class='ocr_line' id='line_1_4' title="bbox 96 299 584 334; baseline 0 -1"><span class='ocrx_word' id='word_1_9' title='bbox 96 300 255 333; x_wconf 83' lang='lat' dir='ltr'>Horatius</span> <span class='ocrx_word' id='word_1_10' title='bbox 282 299 426 334; x_wconf 83' lang='lat' dir='ltr'>Carmin.</span> <span class='ocrx_word' id='word_1_11' title='bbox 453 301 510 334; x_wconf 90' lang='lat' dir='ltr'>lib.</span> <span class='ocrx_word' id='word_1_12' title='bbox 540 300 584 333; x_wconf 91' lang='lat' dir='ltr'>I.:</span> 
     </span>
    </p>
   </div>
   <div class='ocr_carea' id='block_1_3' title="bbox 1975 119 2048 156">
    <p class='ocr_par' dir='ltr' id='par_1_3' title="bbox 1975 119 2048 156">
     <span class='ocr_line' id='line_1_5' title="bbox 1975 119 2048 156; baseline 0.014 -1"><span class='ocrx_word' id='word_1_13' title='bbox 1975 119 2048 156; x_wconf 84' lang='lat'>195</span> 
     </span>
    </p>
   </div>
   <div class='ocr_carea' id='block_1_4' title="bbox 329 350 1104 398">
    <p class='ocr_par' dir='ltr' id='par_1_4' title="bbox 329 350 1104 398">
     <span class='ocr_line' id='line_1_6' title="bbox 329 350 1104 398; baseline 0.004 -14"><span class='ocrx_word' id='word_1_14' title='bbox 329 352 506 397; x_wconf 73' lang='lat' dir='ltr'>Vinaque,</span> <span class='ocrx_word' id='word_1_15' title='bbox 524 350 651 398; x_wconf 79' lang='lat' dir='ltr'>flavus</span> <span class='ocrx_word' id='word_1_16' title='bbox 673 363 780 398; x_wconf 80' lang='lat' dir='ltr'>quam</span> <span class='ocrx_word' id='word_1_17' title='bbox 805 351 938 386; x_wconf 78' lang='lat' dir='ltr'>Tiberis</span> <span class='ocrx_word' id='word_1_18' title='bbox 964 353 1050 387; x_wconf 80' lang='lat' dir='ltr'>lavit</span> <span class='ocrx_word' id='word_1_19' title='bbox 1071 350 1104 387; x_wconf 66' lang='lat'>¹⁴.</span> 
     </span>
    </p>
   </div>
   <div class='ocr_carea' id='block_1_5' title="bbox 94 402 527 437">
    <p class='ocr_par' dir='ltr' id='par_1_5' title="bbox 94 402 527 437">
     <span class='ocr_line' id='line_1_7' title="bbox 94 402 527 437; baseline 0 -1"><span class='ocrx_word' id='word_1_20' title='bbox 94 402 192 436; x_wconf 84' lang='lat' dir='ltr'>Idem</span> <span class='ocrx_word' id='word_1_21' title='bbox 219 402 370 437; x_wconf 90' lang='lat' dir='ltr'>Sermon.</span> <span class='ocrx_word' id='word_1_22' title='bbox 399 403 456 436; x_wconf 90' lang='lat' dir='ltr'>lib.</span> <span class='ocrx_word' id='word_1_23' title='bbox 483 403 527 436; x_wconf 81' lang='lat' dir='ltr'>L:</span> 
     </span>
    </p>
   </div>
   <div class='ocr_carea' id='block_1_6' title="bbox 94 453 1405 707">
    <p class='ocr_par' dir='ltr' id='par_1_6' title="bbox 95 453 1308 552">
     <span class='ocr_line' id='line_1_8' title="bbox 328 453 1308 501; baseline 0.002 -14"><span class='ocrx_word' id='word_1_24' title='bbox 328 454 406 488; x_wconf 87' lang='lat' dir='ltr'>Ora</span> <span class='ocrx_word' id='word_1_25' title='bbox 427 466 619 500; x_wconf 78' lang='lat' dir='ltr'>manusque</span> <span class='ocrx_word' id='word_1_26' title='bbox 643 459 705 488; x_wconf 82' lang='lat' dir='ltr'>tua</span> <span class='ocrx_word' id='word_1_27' title='bbox 725 456 890 498; x_wconf 74' lang='lat' dir='ltr'>lavimus,</span> <span class='ocrx_word' id='word_1_28' title='bbox 914 454 1085 498; x_wconf 80' lang='lat' dir='ltr'><strong><em>Feronia,</em></strong></span> <span class='ocrx_word' id='word_1_29' title='bbox 1114 456 1260 501; x_wconf 71' lang='lat' dir='ltr'>lympha</span> <span class='ocrx_word' id='word_1_30' title='bbox 1275 453 1308 489; x_wconf 84' lang='lat'>¹⁵.</span> 
     </span>
     <span class='ocr_line' id='line_1_9' title="bbox 95 505 1212 552; baseline 0.001 -13"><span class='ocrx_word' id='word_1_31' title='bbox 95 505 200 547; x_wconf 80' lang='lat' dir='ltr'>Quod</span> <span class='ocrx_word' id='word_1_32' title='bbox 223 510 255 539; x_wconf 84' lang='lat' dir='ltr'>et</span> <span class='ocrx_word' id='word_1_33' title='bbox 275 506 404 551; x_wconf 85' lang='lat' dir='ltr'>primae</span> <span class='ocrx_word' id='word_1_34' title='bbox 431 506 671 552; x_wconf 83' lang='lat' dir='ltr'>coniugationis</span> <span class='ocrx_word' id='word_1_35' title='bbox 693 507 869 545; x_wconf 83' lang='lat' dir='ltr'>invenitur;</span> <span class='ocrx_word' id='word_1_36' title='bbox 895 507 1058 540; x_wconf 89' lang='lat' dir='ltr'>Iuvenalis</span> <span class='ocrx_word' id='word_1_37' title='bbox 1088 507 1145 540; x_wconf 91' lang='lat' dir='ltr'>lib.</span> <span class='ocrx_word' id='word_1_38' title='bbox 1168 508 1212 540; x_wconf 91' lang='lat' dir='ltr'>l.:</span> 
     </span>
    </p>

    <p class='ocr_par' dir='ltr' id='par_1_7' title="bbox 94 556 1405 655">
     <span class='ocr_line' id='line_1_10' title="bbox 320 556 1405 604; baseline 0.003 -14"><span class='ocrx_word' id='word_1_39' title='bbox 320 557 398 591; x_wconf 82' lang='lat' dir='ltr'>Nec</span> <span class='ocrx_word' id='word_1_40' title='bbox 413 558 520 602; x_wconf 78' lang='lat' dir='ltr'>pueri</span> <span class='ocrx_word' id='word_1_41' title='bbox 540 558 704 601; x_wconf 81' lang='lat' dir='ltr'>credunt,</span> <span class='ocrx_word' id='word_1_42' title='bbox 730 559 796 592; x_wconf 76' lang='lat' dir='ltr'>uisi</span> <span class='ocrx_word' id='word_1_43' title='bbox 817 559 875 604; x_wconf 81' lang='lat' dir='ltr'>qui</span> <span class='ocrx_word' id='word_1_44' title='bbox 902 559 1055 592; x_wconf 80' lang='lat' dir='ltr'>nondum</span> <span class='ocrx_word' id='word_1_45' title='bbox 1083 570 1168 592; x_wconf 81' lang='lat' dir='ltr'>aere</span> <span class='ocrx_word' id='word_1_46' title='bbox 1189 560 1356 593; x_wconf 82' lang='lat' dir='ltr'><em>lavantur</em></span> <span class='ocrx_word' id='word_1_47' title='bbox 1371 556 1405 596; x_wconf 77' lang='lat'><strong>¹⁶.</strong></span> 
     </span>
     <span class='ocr_line' id='line_1_11' title="bbox 94 606 1104 655; baseline 0.002 -13"><span class='ocrx_word' id='word_1_48' title='bbox 94 608 195 642; x_wconf 87' lang='lat' dir='ltr'>Cuius</span> <span class='ocrx_word' id='word_1_49' title='bbox 220 609 374 654; x_wconf 84' lang='lat' dir='ltr'>supinum</span> <span class='ocrx_word' id='word_1_50' title='bbox 394 606 417 626; x_wconf 84' lang='lat'>¹⁷</span> <span class='ocrx_word' id='word_1_51' title='bbox 447 609 566 644; x_wconf 83' lang='lat' dir='ltr'>Horat.</span> <span class='ocrx_word' id='word_1_52' title='bbox 592 611 625 642; x_wconf 92' lang='lat' dir='ltr'>in</span> <span class='ocrx_word' id='word_1_53' title='bbox 648 610 705 643; x_wconf 90' lang='lat' dir='ltr'>lib.</span> <span class='ocrx_word' id='word_1_54' title='bbox 729 611 754 643; x_wconf 92' lang='grc' dir='ltr'>Ι.</span> <span class='ocrx_word' id='word_1_55' title='bbox 778 610 927 643; x_wconf 84' lang='lat' dir='ltr'>Sermon.</span> <span class='ocrx_word' id='word_1_56' title='bbox 950 611 1104 655; x_wconf 84' lang='lat' dir='ltr'>protulit:</span> 
     </span>
    </p>

    <p class='ocr_par' dir='ltr' id='par_1_8' title="bbox 320 660 1168 707">
     <span class='ocr_line' id='line_1_12' title="bbox 320 660 1168 707; baseline 0 -12"><span class='ocrx_word' id='word_1_57' title='bbox 320 660 387 695; x_wconf 83' lang='lat' dir='ltr'>Ast</span> <span class='ocrx_word' id='word_1_58' title='bbox 408 660 468 693; x_wconf 80' lang='lat' dir='ltr'>ubi</span> <span class='ocrx_word' id='word_1_59' title='bbox 487 672 543 694; x_wconf 81' lang='lat' dir='ltr'>me</span> <span class='ocrx_word' id='word_1_60' title='bbox 553 660 695 707; x_wconf 82' lang='lat' dir='ltr'>sessum</span> <span class='ocrx_word' id='word_1_61' title='bbox 719 662 772 695; x_wconf 82' lang='lat' dir='ltr'>sol</span> <span class='ocrx_word' id='word_1_62' title='bbox 793 662 910 696; x_wconf 79' lang='lat' dir='ltr'>acrior</span> <span class='ocrx_word' id='word_1_63' title='bbox 934 662 987 695; x_wconf 83' lang='lat' dir='ltr'>ire</span> <span class='ocrx_word' id='word_1_64' title='bbox 1009 662 1168 696; x_wconf 80' lang='lat' dir='ltr'>lavatum</span> 
     </span>
    </p>
   </div>
   <div class='ocr_carea' id='block_1_7' title="bbox 317 709 558 746">
    <p class='ocr_par' dir='ltr' id='par_1_9' title="bbox 317 709 558 746">
     <span class='ocr_line' id='line_1_13' title="bbox 317 709 558 746; baseline -0.004 0"><span class='ocrx_word' id='word_1_65' title='bbox 317 712 511 746; x_wconf 78' lang='lat' dir='ltr'><em>Admonuit</em></span> <span class='ocrx_word' id='word_1_66' title='bbox 525 709 558 745; x_wconf 72' lang='lat'><strong>¹¹³.</strong></span> 
     </span>
    </p>
   </div>
   <div class='ocr_carea' id='block_1_8' title="bbox 92 764 2041 817">
    <p class='ocr_par' dir='ltr' id='par_1_10' title="bbox 92 764 2041 817">
     <span class='ocr_line' id='line_1_14' title="bbox 92 764 2041 817; baseline 0.006 -19"><span class='ocrx_word' id='word_1_67' title='bbox 92 764 124 798; x_wconf 89' lang='lat' dir='ltr'><strong><em>L</em></strong></span> <span class='ocrx_word' id='word_1_68' title='bbox 145 775 224 799; x_wconf 88' lang='lat' dir='ltr'>vero</span> <span class='ocrx_word' id='word_1_69' title='bbox 241 769 315 798; x_wconf 87' lang='lat' dir='ltr'>ante</span> <span class='ocrx_word' id='word_1_70' title='bbox 339 775 381 797; x_wconf 85' lang='lat' dir='ltr'>vo</span> <span class='ocrx_word' id='word_1_71' title='bbox 399 764 635 807; x_wconf 83' lang='lat' dir='ltr'>antecedente,</span> <span class='ocrx_word' id='word_1_72' title='bbox 661 765 778 799; x_wconf 86' lang='lat' dir='ltr'>tertiae</span> <span class='ocrx_word' id='word_1_73' title='bbox 799 765 1039 811; x_wconf 86' lang='lat' dir='ltr'>coniugationis</span> <span class='ocrx_word' id='word_1_74' title='bbox 1061 766 1229 810; x_wconf 87' lang='lat' dir='ltr'>primitiva</span> <span class='ocrx_word' id='word_1_75' title='bbox 1253 766 1459 801; x_wconf 88' lang='lat' dir='ltr'>inveniuntur</span> <span class='ocrx_word' id='word_1_76' title='bbox 1475 766 1509 810; x_wconf 84' lang='lat'>¹⁹,</span> <span class='ocrx_word' id='word_1_77' title='bbox 1536 771 1650 812; x_wconf 78' lang='lat' dir='ltr'>volvo,</span> <span class='ocrx_word' id='word_1_78' title='bbox 1678 773 1807 811; x_wconf 78' lang='lat' dir='ltr'>volvis;</span> <span class='ocrx_word' id='word_1_79' title='bbox 1834 774 1947 817; x_wconf 85' lang='lat' dir='ltr'>solvo,</span> <span class='ocrx_word' id='word_1_80' title='bbox 1970 777 2041 811; x_wconf 82' lang='lat' dir='ltr'>sol-</span> 
     </span>
    </p>
   </div>
   <div class='ocr_carea' id='block_1_9' title="bbox 90 816 1560 861">
    <p class='ocr_par' dir='ltr' id='par_1_11' title="bbox 90 816 1560 861">
     <span class='ocr_line' id='line_1_15' title="bbox 90 816 1560 861; baseline 0.003 -12"><span class='ocrx_word' id='word_1_81' title='bbox 90 817 143 849; x_wconf 80' lang='lat' dir='ltr'>vis</span> <span class='ocrx_word' id='word_1_82' title='bbox 150 828 158 856; x_wconf 69' lang='grc' dir='ltr'><strong>ς</strong></span> <span class='ocrx_word' id='word_1_83' title='bbox 181 817 299 859; x_wconf 80' lang='lat' dir='ltr'>calvo,</span> <span class='ocrx_word' id='word_1_84' title='bbox 323 816 359 848; x_wconf 89' lang='lat' dir='ltr'>id</span> <span class='ocrx_word' id='word_1_85' title='bbox 382 821 430 848; x_wconf 84' lang='lat' dir='ltr'>est</span> <span class='ocrx_word' id='word_1_86' title='bbox 453 816 609 861; x_wconf 82' lang='lat' dir='ltr'>decipio,</span> <span class='ocrx_word' id='word_1_87' title='bbox 635 820 671 849; x_wconf 88' lang='lat' dir='ltr'>ut</span> <span class='ocrx_word' id='word_1_88' title='bbox 692 822 739 849; x_wconf 88' lang='lat' dir='ltr'>est</span> <span class='ocrx_word' id='word_1_89' title='bbox 762 817 853 861; x_wconf 90' lang='lat' dir='ltr'>apud</span> <span class='ocrx_word' id='word_1_90' title='bbox 876 817 1055 850; x_wconf 83' lang='lat' dir='ltr'><strong>Salustium</strong></span> <span class='ocrx_word' id='word_1_91' title='bbox 1088 817 1122 850; x_wconf 93' lang='lat' dir='ltr'>in</span> <span class='ocrx_word' id='word_1_92' title='bbox 1159 817 1373 853; x_wconf 79' lang='lat' dir='ltr'>historiarum</span> <span class='ocrx_word' id='word_1_93' title='bbox 1400 820 1475 855; x_wconf 80' lang='lat' dir='ltr'>libr.</span> <span class='ocrx_word' id='word_1_94' title='bbox 1500 821 1560 854; x_wconf 86' lang='lat'><strong>111.</strong></span> 
     </span>
    </p>
   </div>
   <div class='ocr_carea' id='block_1_10' title="bbox 1619 823 2041 862">
    <p class='ocr_par' dir='ltr' id='par_1_12' title="bbox 1619 823 2041 862">
     <span class='ocr_line' id='line_1_16' title="bbox 1619 823 2041 862; baseline 0.017 -7"><span class='ocrx_word' id='word_1_95' title='bbox 1619 823 1749 858; x_wconf 80' lang='lat' dir='ltr'><em>Contra</em></span> <span class='ocrx_word' id='word_1_96' title='bbox 1776 826 1836 860; x_wconf 79' lang='lat' dir='ltr'>ille</span> <span class='ocrx_word' id='word_1_97' title='bbox 1860 827 1953 861; x_wconf 80' lang='lat' dir='ltr'>calvi</span> <span class='ocrx_word' id='word_1_98' title='bbox 1976 839 2041 862; x_wconf 84' lang='lat' dir='ltr'>ra-</span> 
     </span>
    </p>
   </div>
   <div class='ocr_carea' id='block_1_11' title="bbox 90 866 1195 913">
    <p class='ocr_par' dir='ltr' id='par_1_13' title="bbox 90 866 1195 913">
     <span class='ocr_line' id='line_1_17' title="bbox 90 866 1195 913; baseline 0.003 -13"><span class='ocrx_word' id='word_1_99' title='bbox 90 871 162 911; x_wconf 85' lang='lat' dir='ltr'>tus,</span> <span class='ocrx_word' id='word_1_100' title='bbox 185 868 325 913; x_wconf 83' lang='lat' dir='ltr'>quaerit</span> <span class='ocrx_word' id='word_1_101' title='bbox 344 868 448 909; x_wconf 73' lang='lat' dir='ltr'>extis,</span> <span class='ocrx_word' id='word_1_102' title='bbox 475 879 518 901; x_wconf 81' lang='lat' dir='ltr'>ne</span> <span class='ocrx_word' id='word_1_103' title='bbox 542 868 674 901; x_wconf 80' lang='lat' dir='ltr'>somnio</span> <span class='ocrx_word' id='word_1_104' title='bbox 697 869 938 902; x_wconf 73' lang='lat' dir='ltr'>ostenderetur</span> <span class='ocrx_word' id='word_1_105' title='bbox 959 869 1146 903; x_wconf 78' lang='lat' dir='ltr'><em>thesaurus</em></span> <span class='ocrx_word' id='word_1_106' title='bbox 1160 866 1195 904; x_wconf 85' lang='lat'>²⁰.</span> 
     </span>
    </p>
   </div>
   <div class='ocr_carea' id='block_1_12' title="bbox 88 935 2041 1042">
    <p class='ocr_par' dir='ltr' id='par_1_14' title="bbox 88 935 2041 1042">
     <span class='ocr_line' id='line_1_18' title="bbox 255 935 2041 991; baseline 0.007 -22"><span class='ocrx_word' id='word_1_107' title='bbox 255 937 295 969; x_wconf 89' lang='lat' dir='ltr'>In</span> <span class='ocrx_word' id='word_1_108' title='bbox 316 947 380 969; x_wconf 83' lang='lat' dir='ltr'>vor</span> <span class='ocrx_word' id='word_1_109' title='bbox 403 935 552 970; x_wconf 86' lang='lat' dir='ltr'>desinens</span> <span class='ocrx_word' id='word_1_110' title='bbox 576 936 763 981; x_wconf 86' lang='lat' dir='ltr'>deponens,</span> <span class='ocrx_word' id='word_1_111' title='bbox 790 949 892 971; x_wconf 90' lang='lat' dir='ltr'>unum</span> <span class='ocrx_word' id='word_1_112' title='bbox 917 943 984 981; x_wconf 86' lang='lat' dir='ltr'>est,</span> <span class='ocrx_word' id='word_1_113' title='bbox 1010 938 1190 980; x_wconf 82' lang='lat' dir='ltr'>convivor,</span> <span class='ocrx_word' id='word_1_114' title='bbox 1224 939 1317 982; x_wconf 92' lang='lat' dir='ltr'>quod</span> <span class='ocrx_word' id='word_1_115' title='bbox 1346 940 1475 984; x_wconf 84' lang='lat' dir='ltr'>primae</span> <span class='ocrx_word' id='word_1_116' title='bbox 1490 937 1514 958; x_wconf 83' lang='lat'>²¹</span> <span class='ocrx_word' id='word_1_117' title='bbox 1539 946 1604 983; x_wconf 89' lang='lat' dir='ltr'>est,</span> <span class='ocrx_word' id='word_1_118' title='bbox 1637 945 1785 988; x_wconf 84' lang='lat' dir='ltr'>generali</span> <span class='ocrx_word' id='word_1_119' title='bbox 1811 947 1950 991; x_wconf 85' lang='lat' dir='ltr'>regulae</span> <span class='ocrx_word' id='word_1_120' title='bbox 1978 948 2041 982; x_wconf 89' lang='lat' dir='ltr'>de-</span> 
     </span>
     <span class='ocr_line' id='line_1_19' title="bbox 88 986 2040 1042; baseline 0.006 -21"><span class='ocrx_word' id='word_1_121' title='bbox 88 988 285 1032; x_wconf 78' lang='lat' dir='ltr'>ponentium</span> <span class='ocrx_word' id='word_1_122' title='bbox 310 988 471 1030; x_wconf 83' lang='lat' dir='ltr'>serviens,</span> <span class='ocrx_word' id='word_1_123' title='bbox 508 1000 583 1022; x_wconf 92' lang='lat' dir='ltr'>cum</span> <span class='ocrx_word' id='word_1_124' title='bbox 615 999 683 1021; x_wconf 89' lang='lat' dir='ltr'>non</span> <span class='ocrx_word' id='word_1_125' title='bbox 710 990 914 1034; x_wconf 82' lang='lat' dir='ltr'>respondeat</span> <span class='ocrx_word' id='word_1_126' title='bbox 931 986 956 1007; x_wconf 80' lang='lat'>²²</span> <span class='ocrx_word' id='word_1_127' title='bbox 984 1001 1044 1023; x_wconf 91' lang='lat' dir='ltr'>suo</span> <span class='ocrx_word' id='word_1_128' title='bbox 1074 990 1261 1035; x_wconf 80' lang='lat' dir='ltr'>primitive,</span> <span class='ocrx_word' id='word_1_129' title='bbox 1297 991 1332 1024; x_wconf 89' lang='lat' dir='ltr'>id</span> <span class='ocrx_word' id='word_1_130' title='bbox 1359 996 1407 1025; x_wconf 84' lang='lat' dir='ltr'>est</span> <span class='ocrx_word' id='word_1_131' title='bbox 1439 992 1536 1036; x_wconf 86' lang='lat' dir='ltr'>vivo,</span> <span class='ocrx_word' id='word_1_132' title='bbox 1566 993 1611 1035; x_wconf 79' lang='lat' dir='ltr'>is,</span> <span class='ocrx_word' id='word_1_133' title='bbox 1646 996 1696 1029; x_wconf 90' lang='lat' dir='ltr'>vel</span> <span class='ocrx_word' id='word_1_134' title='bbox 1722 997 1799 1040; x_wconf 89' lang='lat' dir='ltr'>quia</span> <span class='ocrx_word' id='word_1_135' title='bbox 1827 998 1871 1031; x_wconf 89' lang='lat' dir='ltr'>de</span> <span class='ocrx_word' id='word_1_136' title='bbox 1895 1000 2040 1042; x_wconf 89' lang='lat' dir='ltr'>nomine,</span> 
     </span>
    </p>
   </div>
   <div class='ocr_carea' id='block_1_13' title="bbox 88 1039 637 1083">
    <p class='ocr_par' dir='ltr' id='par_1_15' title="bbox 88 1039 637 1083">
     <span class='ocr_line' id='line_1_20' title="bbox 88 1039 637 1083; baseline 0.002 -11"><span class='ocrx_word' id='word_1_137' title='bbox 88 1040 183 1083; x_wconf 90' lang='lat' dir='ltr'>quod</span> <span class='ocrx_word' id='word_1_138' title='bbox 211 1045 258 1074; x_wconf 82' lang='lat' dir='ltr'>est</span> <span class='ocrx_word' id='word_1_139' title='bbox 279 1040 436 1082; x_wconf 87' lang='lat' dir='ltr'>conviva,</span> <span class='ocrx_word' id='word_1_140' title='bbox 464 1039 637 1074; x_wconf 84' lang='lat' dir='ltr'>derivatur.</span> 
     </span>
    </p>
   </div>
   <div class='ocr_carea' id='block_1_14' title="bbox 255 1107 313 1142">
    <p class='ocr_par' dir='ltr' id='par_1_16' title="bbox 255 1107 313 1142">
     <span class='ocr_line' id='line_1_21' title="bbox 255 1107 313 1142; baseline -0.017 0"><span class='ocrx_word' id='word_1_141' title='bbox 255 1107 313 1142; x_wconf 74' lang='lat'><strong>17.</strong></span> 
     </span>
    </p>
   </div>
   <div class='ocr_carea' id='block_1_15' title="bbox 367 1108 2039 1161">
    <p class='ocr_par' dir='ltr' id='par_1_17' title="bbox 367 1108 2039 1161">
     <span class='ocr_line' id='line_1_22' title="bbox 367 1108 2039 1161; baseline 0.008 -21"><span class='ocrx_word' id='word_1_142' title='bbox 367 1109 406 1141; x_wconf 89' lang='lat' dir='ltr'>In</span> <span class='ocrx_word' id='word_1_143' title='bbox 424 1119 470 1141; x_wconf 72' lang='lat' dir='ltr'>xo</span> <span class='ocrx_word' id='word_1_144' title='bbox 502 1108 683 1141; x_wconf 78' lang='lat' dir='ltr'>desinentia</span> <span class='ocrx_word' id='word_1_145' title='bbox 704 1119 814 1153; x_wconf 90' lang='lat' dir='ltr'>pauca</span> <span class='ocrx_word' id='word_1_146' title='bbox 840 1114 929 1151; x_wconf 89' lang='lat' dir='ltr'>sunt,</span> <span class='ocrx_word' id='word_1_147' title='bbox 957 1110 1088 1155; x_wconf 87' lang='lat' dir='ltr'>primae</span> <span class='ocrx_word' id='word_1_148' title='bbox 1110 1110 1247 1154; x_wconf 89' lang='lat' dir='ltr'>quidem</span> <span class='ocrx_word' id='word_1_149' title='bbox 1269 1112 1528 1157; x_wconf 83' lang='lat' dir='ltr'>coniugationis,</span> <span class='ocrx_word' id='word_1_150' title='bbox 1555 1118 1591 1146; x_wconf 89' lang='lat' dir='ltr'>ut</span> <span class='ocrx_word' id='word_1_151' title='bbox 1612 1114 1712 1157; x_wconf 65' lang='lat' dir='ltr'>Iaso,</span> <span class='ocrx_word' id='word_1_152' title='bbox 1739 1129 1795 1160; x_wconf 82' lang='lat' dir='ltr'>as,</span> <span class='ocrx_word' id='word_1_153' title='bbox 1820 1118 1917 1160; x_wconf 63' lang='lat' dir='ltr'>Iuro,</span> <span class='ocrx_word' id='word_1_154' title='bbox 1939 1131 2039 1161; x_wconf 75' lang='lat' dir='ltr'>vexo,</span> 
     </span>
    </p>
   </div>
   <div class='ocr_carea' id='block_1_16' title="bbox 87 1156 2040 1215">
    <p class='ocr_par' dir='ltr' id='par_1_18' title="bbox 87 1156 2040 1215">
     <span class='ocr_line' id='line_1_23' title="bbox 87 1156 2040 1215; baseline 0.005 -21"><span class='ocrx_word' id='word_1_155' title='bbox 87 1165 182 1196; x_wconf 70' lang='lat' dir='ltr'>taxo.</span> <span class='ocrx_word' id='word_1_156' title='bbox 221 1160 291 1194; x_wconf 86' lang='lat' dir='ltr'>Sed</span> <span class='ocrx_word' id='word_1_157' title='bbox 313 1160 430 1192; x_wconf 85' lang='lat' dir='ltr'>tertiae</span> <span class='ocrx_word' id='word_1_158' title='bbox 453 1170 520 1192; x_wconf 91' lang='lat' dir='ltr'>non</span> <span class='ocrx_word' id='word_1_159' title='bbox 542 1159 649 1192; x_wconf 83' lang='lat' dir='ltr'>inveni</span> <span class='ocrx_word' id='word_1_160' title='bbox 665 1156 706 1202; x_wconf 81' lang='lat'>²³,</span> <span class='ocrx_word' id='word_1_161' title='bbox 741 1161 801 1193; x_wconf 90' lang='lat' dir='ltr'>nisi</span> <span class='ocrx_word' id='word_1_162' title='bbox 822 1172 937 1206; x_wconf 74' lang='lat' dir='ltr'>pexo,</span> <span class='ocrx_word' id='word_1_163' title='bbox 970 1162 1092 1207; x_wconf 75' lang='lat' dir='ltr'>pexis,</span> <span class='ocrx_word' id='word_1_164' title='bbox 1127 1167 1226 1204; x_wconf 80' lang='lat' dir='ltr'>texo,</span> <span class='ocrx_word' id='word_1_165' title='bbox 1252 1164 1323 1205; x_wconf 70' lang='lat' dir='ltr'>xis,</span> <span class='ocrx_word' id='word_1_166' title='bbox 1356 1175 1462 1205; x_wconf 71' lang='lat' dir='ltr'>nexo,</span> <span class='ocrx_word' id='word_1_167' title='bbox 1490 1165 1537 1206; x_wconf 70' lang='lat' dir='ltr'>is,</span> <span class='ocrx_word' id='word_1_168' title='bbox 1565 1171 1598 1198; x_wconf 84' lang='lat' dir='ltr'>et</span> <span class='ocrx_word' id='word_1_169' title='bbox 1611 1166 1726 1211; x_wconf 69' lang='lat' dir='ltr'>fitmo,</span> <span class='ocrx_word' id='word_1_170' title='bbox 1741 1166 1888 1215; x_wconf 54' lang='lat' dir='ltr'>faxisfl,</span> <span class='ocrx_word' id='word_1_171' title='bbox 1916 1170 2040 1205; x_wconf 88' lang='lat' dir='ltr'>defecti</span> 
     </span>
    </p>
   </div>
   <div class='ocr_carea' id='block_1_17' title="bbox 86 1208 1700 1261">
    <p class='ocr_par' dir='ltr' id='par_1_19' title="bbox 86 1208 1700 1261">
     <span class='ocr_line' id='line_1_24' title="bbox 86 1208 1700 1261; baseline 0.004 -15"><span class='ocrx_word' id='word_1_172' title='bbox 86 1224 166 1246; x_wconf 69' lang='lat' dir='ltr'>vum</span> <span class='ocrx_word' id='word_1_173' title='bbox 181 1208 216 1245; x_wconf 78' lang='lat'>²⁵.</span> <span class='ocrx_word' id='word_1_174' title='bbox 243 1211 346 1245; x_wconf 60' lang='grc' dir='ltr'><em>Ναὶ-ο</em></span> <span class='ocrx_word' id='word_1_175' title='bbox 371 1211 457 1244; x_wconf 88' lang='lat' dir='ltr'>enim</span> <span class='ocrx_word' id='word_1_176' title='bbox 473 1216 541 1244; x_wconf 87' lang='lat' dir='ltr'>tam</span> <span class='ocrx_word' id='word_1_177' title='bbox 562 1222 673 1245; x_wconf 75' lang='lat' dir='ltr'>nexas</span> <span class='ocrx_word' id='word_1_178' title='bbox 692 1211 871 1257; x_wconf 84' lang='lat' dir='ltr'>invenitur,</span> <span class='ocrx_word' id='word_1_179' title='bbox 898 1218 934 1246; x_wconf 87' lang='lat' dir='ltr'>ut</span> <span class='ocrx_word' id='word_1_180' title='bbox 950 1214 1094 1247; x_wconf 85' lang='lat' dir='ltr'>ostendit</span> <span class='ocrx_word' id='word_1_181' title='bbox 1110 1214 1270 1259; x_wconf 85' lang='lat' dir='ltr'>Virgilius</span> <span class='ocrx_word' id='word_1_182' title='bbox 1286 1212 1310 1232; x_wconf 74' lang='lat'>²⁶</span> <span class='ocrx_word' id='word_1_183' title='bbox 1333 1216 1546 1261; x_wconf 87' lang='lat' dir='ltr'>participium</span> <span class='ocrx_word' id='word_1_184' title='bbox 1570 1217 1700 1252; x_wconf 86' lang='lat' dir='ltr'>dicens:</span> 
     </span>
    </p>
   </div>
   <div class='ocr_carea' id='block_1_18' title="bbox 85 1261 886 1360">
    <p class='ocr_par' dir='ltr' id='par_1_20' title="bbox 85 1261 886 1360">
     <span class='ocr_line' id='line_1_25' title="bbox 315 1261 657 1307; baseline 0.003 -12"><span class='ocrx_word' id='word_1_185' title='bbox 315 1261 516 1295; x_wconf 77' lang='lat' dir='ltr'>Nexcmtem</span> <span class='ocrx_word' id='word_1_186' title='bbox 537 1263 657 1307; x_wconf 78' lang='lat' dir='ltr'>nodis,-</span> 
     </span>
     <span class='ocr_line' id='line_1_26' title="bbox 85 1310 886 1360; baseline 0 -12"><span class='ocrx_word' id='word_1_187' title='bbox 85 1325 186 1359; x_wconf 87' lang='lat' dir='ltr'>quam</span> <span class='ocrx_word' id='word_1_188' title='bbox 208 1313 307 1348; x_wconf 77' lang='lat' dir='ltr'>nexis</span> <span class='ocrx_word' id='word_1_189' title='bbox 320 1310 355 1356; x_wconf 75' lang='lat'>²⁷,</span> <span class='ocrx_word' id='word_1_190' title='bbox 386 1318 423 1347; x_wconf 82' lang='lat' dir='ltr'>ut</span> <span class='ocrx_word' id='word_1_191' title='bbox 439 1315 561 1348; x_wconf 90' lang='lat' dir='ltr'>Accius</span> <span class='ocrx_word' id='word_1_192' title='bbox 578 1311 604 1332; x_wconf 71' lang='lat'>²⁸</span> <span class='ocrx_word' id='word_1_193' title='bbox 629 1316 664 1348; x_wconf 91' lang='lat' dir='ltr'>in</span> <span class='ocrx_word' id='word_1_194' title='bbox 683 1315 886 1360; x_wconf 86' lang='lat' dir='ltr'>Deiphobo:</span> 
     </span>
    </p>
   </div>
   <div class='ocr_carea' id='block_1_19' title="bbox 1893 1221 2037 1269">
    <p class='ocr_par' dir='ltr' id='par_1_21' title="bbox 1893 1221 2037 1269">
     <span class='ocr_line' id='line_1_27' title="bbox 1893 1221 2037 1269; baseline 0.014 -15"><span class='ocrx_word' id='word_1_195' title='bbox 1893 1221 2037 1269; x_wconf 70' lang='lat'>[2187]</span> 
     </span>
    </p>
   </div>
   <div class='ocr_carea' id='block_1_20' title="bbox 310 1381 1509 1432">
    <p class='ocr_par' dir='ltr' id='par_1_22' title="bbox 310 1381 1509 1432">
     <span class='ocr_line' id='line_1_28' title="bbox 310 1381 1509 1432; baseline 0.005 -17"><span class='ocrx_word' id='word_1_196' title='bbox 310 1381 386 1416; x_wconf 84' lang='lat' dir='ltr'>Nos</span> <span class='ocrx_word' id='word_1_197' title='bbox 412 1383 570 1416; x_wconf 82' lang='lat' dir='ltr'>continuo</span> <span class='ocrx_word' id='word_1_198' title='bbox 582 1382 729 1428; x_wconf 82' lang='lat' dir='ltr'>ferrum</span> <span class='ocrx_word' id='word_1_199' title='bbox 757 1385 940 1430; x_wconf 74' lang='lat' dir='ltr'>eripimus,</span> <span class='ocrx_word' id='word_1_200' title='bbox 967 1384 1124 1419; x_wconf 80' lang='lat' dir='ltr'>omnibus</span> <span class='ocrx_word' id='word_1_201' title='bbox 1148 1386 1309 1421; x_wconf 80' lang='lat' dir='ltr'>manicas</span> <span class='ocrx_word' id='word_1_202' title='bbox 1329 1387 1509 1432; x_wconf 66' lang='lat' dir='ltr'>mximas,-</span> 
     </span>
    </p>
   </div>
   <div class='ocr_carea' id='block_1_21' title="bbox 81 1439 2032 1545">
    <p class='ocr_par' dir='ltr' id='par_1_23' title="bbox 81 1439 2032 1545">
     <span class='ocr_line' id='line_1_29' title="bbox 82 1439 2032 1496; baseline 0.006 -20"><span class='ocrx_word' id='word_1_203' title='bbox 82 1443 161 1478; x_wconf 86' lang='lat' dir='ltr'>licet</span> <span class='ocrx_word' id='word_1_204' title='bbox 185 1446 218 1476; x_wconf 89' lang='lat' dir='ltr'>et</span> <span class='ocrx_word' id='word_1_205' title='bbox 233 1443 339 1476; x_wconf 77' lang='lat' dir='ltr'>nexui</span> <span class='ocrx_word' id='word_1_206' title='bbox 353 1439 378 1460; x_wconf 80' lang='lat'>²⁹</span> <span class='ocrx_word' id='word_1_207' title='bbox 393 1443 517 1477; x_wconf 89' lang='lat' dir='ltr'>lectum</span> <span class='ocrx_word' id='word_1_208' title='bbox 543 1448 609 1486; x_wconf 86' lang='lat' dir='ltr'>est,</span> <span class='ocrx_word' id='word_1_209' title='bbox 635 1443 729 1488; x_wconf 90' lang='lat' dir='ltr'>quod</span> <span class='ocrx_word' id='word_1_210' title='bbox 754 1445 853 1478; x_wconf 86' lang='lat' dir='ltr'>etiam</span> <span class='ocrx_word' id='word_1_211' title='bbox 876 1457 895 1477; x_wconf 90' lang='lat' dir='ltr'>a</span> <span class='ocrx_word' id='word_1_212' title='bbox 916 1449 1031 1487; x_wconf 75' lang='lat' dir='ltr'>necto,</span> <span class='ocrx_word' id='word_1_213' title='bbox 1058 1447 1183 1488; x_wconf 76' lang='lat' dir='ltr'>nectis,</span> <span class='ocrx_word' id='word_1_214' title='bbox 1210 1447 1292 1481; x_wconf 88' lang='lat' dir='ltr'>sicut</span> <span class='ocrx_word' id='word_1_215' title='bbox 1314 1459 1334 1480; x_wconf 90' lang='lat' dir='ltr'>a</span> <span class='ocrx_word' id='word_1_216' title='bbox 1349 1452 1471 1493; x_wconf 79' lang='lat' dir='ltr'>pecto,</span> <span class='ocrx_word' id='word_1_217' title='bbox 1493 1449 1625 1493; x_wconf 75' lang='lat' dir='ltr'>pectis,</span> <span class='ocrx_word' id='word_1_218' title='bbox 1646 1451 1757 1494; x_wconf 70' lang='lat' dir='ltr'>perui</span> <span class='ocrx_word' id='word_1_219' title='bbox 1770 1446 1794 1467; x_wconf 86' lang='lat'>³⁰</span> <span class='ocrx_word' id='word_1_220' title='bbox 1819 1455 1930 1496; x_wconf 85' lang='lat' dir='ltr'>potest</span> <span class='ocrx_word' id='word_1_221' title='bbox 1953 1465 2032 1489; x_wconf 82' lang='lat' dir='ltr'>esse.</span> 
     </span>
     <span class='ocr_line' id='line_1_30' title="bbox 81 1493 1790 1545; baseline 0.004 -18"><span class='ocrx_word' id='word_1_222' title='bbox 81 1495 122 1528; x_wconf 91' lang='lat' dir='ltr'>In</span> <span class='ocrx_word' id='word_1_223' title='bbox 142 1505 209 1528; x_wconf 83' lang='lat' dir='ltr'>xor</span> <span class='ocrx_word' id='word_1_224' title='bbox 231 1494 379 1528; x_wconf 85' lang='lat' dir='ltr'>similiter</span> <span class='ocrx_word' id='word_1_225' title='bbox 398 1494 580 1530; x_wconf 85' lang='lat' dir='ltr'>desinentia</span> <span class='ocrx_word' id='word_1_226' title='bbox 599 1496 802 1541; x_wconf 85' lang='lat' dir='ltr'>deponentia</span> <span class='ocrx_word' id='word_1_227' title='bbox 815 1493 839 1514; x_wconf 84' lang='lat'>³¹</span> <span class='ocrx_word' id='word_1_228' title='bbox 854 1497 985 1541; x_wconf 88' lang='lat' dir='ltr'>primae</span> <span class='ocrx_word' id='word_1_229' title='bbox 1007 1502 1080 1531; x_wconf 86' lang='lat' dir='ltr'>sunt</span> <span class='ocrx_word' id='word_1_230' title='bbox 1100 1499 1361 1544; x_wconf 84' lang='lat' dir='ltr'>coniugationis,</span> <span class='ocrx_word' id='word_1_231' title='bbox 1387 1504 1422 1533; x_wconf 84' lang='lat' dir='ltr'>ut</span> <span class='ocrx_word' id='word_1_232' title='bbox 1448 1500 1567 1541; x_wconf 77' lang='lat' dir='ltr'>rixor,</span> <span class='ocrx_word' id='word_1_233' title='bbox 1595 1502 1790 1545; x_wconf 75' lang='lat' dir='ltr'>amplexor.</span> 
     </span>
    </p>
   </div>
   <div class='ocr_carea' id='block_1_22' title="bbox 81 1630 2030 1676">
    <p class='ocr_par' dir='ltr' id='par_1_24' title="bbox 81 1630 2030 1676">
     <span class='ocr_line' id='line_1_31' title="bbox 81 1630 2030 1676; baseline 0.005 -18"><span class='ocrx_word' id='word_1_234' title='bbox 81 1630 144 1659; x_wconf 87' lang='lat' dir='ltr'>rius</span> <span class='ocrx_word' id='word_1_235' title='bbox 165 1630 265 1659; x_wconf 89' lang='lat' dir='ltr'>locum</span> <span class='ocrx_word' id='word_1_236' title='bbox 292 1630 464 1660; x_wconf 90' lang='lat' dir='ltr'>mendosum</span> <span class='ocrx_word' id='word_1_237' title='bbox 499 1641 560 1661; x_wconf 85' lang='lat' dir='ltr'>esse</span> <span class='ocrx_word' id='word_1_238' title='bbox 583 1631 804 1670; x_wconf 83' lang='lat' dir='ltr'>suspicabatur3</span> <span class='ocrx_word' id='word_1_239' title='bbox 838 1631 944 1661; x_wconf 87' lang='lat' dir='ltr'>meli0r</span> <span class='ocrx_word' id='word_1_240' title='bbox 974 1643 1038 1662; x_wconf 82' lang='lat' dir='ltr'>me-</span> <span class='ocrx_word' id='word_1_241' title='bbox 1080 1634 1164 1662; x_wconf 82' lang='lat' dir='ltr'>rebat</span> <span class='ocrx_word' id='word_1_242' title='bbox 1181 1644 1214 1662; x_wconf 80' lang='lat' dir='ltr'>ex</span> <span class='ocrx_word' id='word_1_243' title='bbox 1227 1644 1273 1662; x_wconf 75' lang='lat' dir='ltr'>me</span> <span class='ocrx_word' id='word_1_244' title='bbox 1289 1644 1330 1661; x_wconf 82' lang='lat' dir='ltr'>an</span> <span class='ocrx_word' id='word_1_245' title='bbox 1343 1634 1457 1661; x_wconf 74' lang='lat' dir='ltr'>somnio</span> <span class='ocrx_word' id='word_1_246' title='bbox 1469 1632 1705 1670; x_wconf 74' lang='lat' dir='ltr'>portenderetur,</span> <span class='ocrx_word' id='word_1_247' title='bbox 1731 1636 1811 1666; x_wconf 84' lang='lat' dir='ltr'><strong>Cam.</strong></span> <span class='ocrx_word' id='word_1_248' title='bbox 1828 1637 1861 1665; x_wconf 90' lang='lat' dir='ltr'>In</span> <span class='ocrx_word' id='word_1_249' title='bbox 1885 1638 2030 1676; x_wconf 72' lang='lat' dir='ltr'>Fragmm.</span> 
     </span>
    </p>
   </div>
   <div class='ocr_carea' id='block_1_23' title="bbox 77 1673 1034 2264">
    <p class='ocr_par' dir='ltr' id='par_1_25' title="bbox 77 1673 1034 2264">
     <span class='ocr_line' id='line_1_32' title="bbox 81 1673 1034 1714; baseline 0.004 -13"><span class='ocrx_word' id='word_1_250' title='bbox 81 1673 181 1701; x_wconf 85' lang='lat' dir='ltr'>dicina</span> <span class='ocrx_word' id='word_1_251' title='bbox 199 1683 214 1701; x_wconf 88' lang='lat' dir='ltr'>e</span> <span class='ocrx_word' id='word_1_252' title='bbox 236 1673 346 1702; x_wconf 89' lang='lat' dir='ltr'>Codice</span> <span class='ocrx_word' id='word_1_253' title='bbox 370 1674 580 1712; x_wconf 87' lang='lat' dir='ltr'>exspectanda.</span> <span class='ocrx_word' id='word_1_254' title='bbox 603 1691 645 1696; x_wconf 91' lang='lat'>—</span> <span class='ocrx_word' id='word_1_255' title='bbox 668 1674 712 1714; x_wconf 87' lang='lat'>10)</span> <span class='ocrx_word' id='word_1_256' title='bbox 744 1675 782 1702; x_wconf 71' lang='lat' dir='ltr'>Ui</span> <span class='ocrx_word' id='word_1_257' title='bbox 804 1675 872 1704; x_wconf 84' lang='lat' dir='ltr'>add.</span> <span class='ocrx_word' id='word_1_258' title='bbox 900 1676 979 1704; x_wconf 88' lang='lat' dir='ltr'><strong>Cam.</strong></span> <span class='ocrx_word' id='word_1_259' title='bbox 1001 1677 1034 1706; x_wconf 90' lang='lat' dir='ltr'>P.</span> 
     </span>
     <span class='ocr_line' id='line_1_33' title="bbox 79 1714 1034 1754; baseline 0.004 -11"><span class='ocrx_word' id='word_1_260' title='bbox 79 1731 122 1737; x_wconf 95' lang='lat'>—</span> <span class='ocrx_word' id='word_1_261' title='bbox 145 1718 187 1751; x_wconf 87' lang='lat'>11)</span> <span class='ocrx_word' id='word_1_262' title='bbox 212 1714 315 1746; x_wconf 80' lang='lat' dir='ltr'>Horat.</span> <span class='ocrx_word' id='word_1_263' title='bbox 338 1717 397 1744; x_wconf 88' lang='lat' dir='ltr'>Sat.</span> <span class='ocrx_word' id='word_1_264' title='bbox 421 1717 450 1754; x_wconf 78' lang='grc' dir='ltr'>Ι,</span> <span class='ocrx_word' id='word_1_265' title='bbox 472 1719 508 1753; x_wconf 84' lang='lat'>9,</span> <span class='ocrx_word' id='word_1_266' title='bbox 530 1720 582 1749; x_wconf 89' lang='grc'>76.</span> <span class='ocrx_word' id='word_1_267' title='bbox 606 1733 648 1739; x_wconf 92' lang='grc'><strong>-</strong></span> <span class='ocrx_word' id='word_1_268' title='bbox 675 1720 719 1752; x_wconf 90' lang='grc'>12)</span> <span class='ocrx_word' id='word_1_269' title='bbox 742 1718 792 1746; x_wconf 82' lang='lat' dir='ltr'>Ah</span> <span class='ocrx_word' id='word_1_270' title='bbox 820 1719 874 1746; x_wconf 71' lang='lat' dir='ltr'>eis</span> <span class='ocrx_word' id='word_1_271' title='bbox 897 1719 976 1746; x_wconf 86' lang='lat' dir='ltr'><strong>Cam.</strong></span> <span class='ocrx_word' id='word_1_272' title='bbox 1002 1719 1034 1749; x_wconf 90' lang='lat' dir='ltr'>P.</span> 
     </span>
     <span class='ocr_line' id='line_1_34' title="bbox 80 1757 1033 1802; baseline 0.005 -17"><span class='ocrx_word' id='word_1_273' title='bbox 80 1758 120 1785; x_wconf 85' lang='lat' dir='ltr'>ab</span> <span class='ocrx_word' id='word_1_274' title='bbox 136 1757 196 1786; x_wconf 65' lang='lat' dir='ltr'>lii-s·</span> <span class='ocrx_word' id='word_1_275' title='bbox 221 1758 292 1788; x_wconf 88' lang='lat' dir='ltr'><strong>Cod.</strong></span> <span class='ocrx_word' id='word_1_276' title='bbox 322 1775 365 1781; x_wconf 98' lang='lat'>—</span> <span class='ocrx_word' id='word_1_277' title='bbox 395 1761 438 1793; x_wconf 83' lang='lat'>13)</span> <span class='ocrx_word' id='word_1_278' title='bbox 463 1759 545 1797; x_wconf 80' lang='lat' dir='ltr'>Virg.</span> <span class='ocrx_word' id='word_1_279' title='bbox 567 1760 639 1788; x_wconf 84' lang='lat' dir='ltr'>Aen.</span> <span class='ocrx_word' id='word_1_280' title='bbox 662 1761 705 1797; x_wconf 83' lang='lat' dir='ltr'>X,</span> <span class='ocrx_word' id='word_1_281' title='bbox 731 1763 803 1792; x_wconf 80' lang='lat'><strong>727.</strong></span> <span class='ocrx_word' id='word_1_282' title='bbox 826 1770 886 1799; x_wconf 84' lang='lat' dir='ltr'>seq.</span> <span class='ocrx_word' id='word_1_283' title='bbox 909 1776 951 1782; x_wconf 93' lang='lat'>—</span> <span class='ocrx_word' id='word_1_284' title='bbox 987 1759 1033 1802; x_wconf 84' lang='lat'>14)</span> 
     </span>
     <span class='ocr_line' id='line_1_35' title="bbox 80 1799 1034 1837; baseline 0.003 -9"><span class='ocrx_word' id='word_1_285' title='bbox 80 1799 172 1829; x_wconf 84' lang='lat' dir='ltr'>Odar.</span> <span class='ocrx_word' id='word_1_286' title='bbox 201 1800 243 1837; x_wconf 91' lang='lat' dir='ltr'>Il,</span> <span class='ocrx_word' id='word_1_287' title='bbox 266 1804 300 1837; x_wconf 82' lang='lat'>3,</span> <span class='ocrx_word' id='word_1_288' title='bbox 325 1805 366 1830; x_wconf 84' lang='lat'>18.</span> <span class='ocrx_word' id='word_1_289' title='bbox 400 1801 472 1831; x_wconf 88' lang='lat' dir='ltr'>Cod.</span> <span class='ocrx_word' id='word_1_290' title='bbox 503 1802 555 1833; x_wconf 80' lang='lat' dir='ltr'>lib.</span> <span class='ocrx_word' id='word_1_291' title='bbox 580 1803 603 1831; x_wconf 88' lang='lat' dir='ltr'>I.</span> <span class='ocrx_word' id='word_1_292' title='bbox 636 1802 714 1831; x_wconf 82' lang='lat' dir='ltr'><strong>Cam.</strong></span> <span class='ocrx_word' id='word_1_293' title='bbox 741 1804 772 1832; x_wconf 91' lang='lat' dir='ltr'>P.</span> <span class='ocrx_word' id='word_1_294' title='bbox 803 1803 855 1833; x_wconf 84' lang='lat' dir='ltr'><strong>lib.</strong></span> <span class='ocrx_word' id='word_1_295' title='bbox 886 1804 925 1832; x_wconf 85' lang='lat' dir='ltr'><strong>ll.</strong></span> <span class='ocrx_word' id='word_1_296' title='bbox 957 1803 1034 1832; x_wconf 88' lang='lat' dir='ltr'>Tum</span> 
     </span>
     <span class='ocr_line' id='line_1_36' title="bbox 80 1843 1032 1884; baseline 0.002 -14"><span class='ocrx_word' id='word_1_297' title='bbox 80 1843 152 1871; x_wconf 89' lang='lat' dir='ltr'>Cod.</span> <span class='ocrx_word' id='word_1_298' title='bbox 177 1843 313 1881; x_wconf 68' lang='lat' dir='ltr'>velletque</span> <span class='ocrx_word' id='word_1_299' title='bbox 334 1843 385 1872; x_wconf 82' lang='lat' dir='ltr'>sed</span> <span class='ocrx_word' id='word_1_300' title='bbox 407 1854 484 1874; x_wconf 85' lang='lat' dir='ltr'>corr.</span> <span class='ocrx_word' id='word_1_301' title='bbox 512 1861 554 1866; x_wconf 89' lang='lat'>—</span> <span class='ocrx_word' id='word_1_302' title='bbox 585 1848 627 1880; x_wconf 86' lang='lat'>15)</span> <span class='ocrx_word' id='word_1_303' title='bbox 650 1845 792 1884; x_wconf 76' lang='lat' dir='ltr'>Lympha</span> <span class='ocrx_word' id='word_1_304' title='bbox 814 1846 885 1874; x_wconf 90' lang='lat' dir='ltr'>Cod.</span> <span class='ocrx_word' id='word_1_305' title='bbox 913 1846 1032 1884; x_wconf 76' lang='lat' dir='ltr'>limpha</span> 
     </span>
     <span class='ocr_line' id='line_1_37' title="bbox 79 1885 1032 1926; baseline 0.003 -13"><span class='ocrx_word' id='word_1_306' title='bbox 79 1885 162 1914; x_wconf 83' lang='lat' dir='ltr'><strong>Cam.</strong></span> <span class='ocrx_word' id='word_1_307' title='bbox 181 1885 213 1914; x_wconf 90' lang='lat' dir='ltr'>P.</span> <span class='ocrx_word' id='word_1_308' title='bbox 232 1885 334 1915; x_wconf 84' lang='lat' dir='ltr'>Horat.</span> <span class='ocrx_word' id='word_1_309' title='bbox 352 1887 410 1914; x_wconf 83' lang='lat' dir='ltr'>Sat.</span> <span class='ocrx_word' id='word_1_310' title='bbox 425 1886 455 1923; x_wconf 89' lang='lat' dir='ltr'>I,</span> <span class='ocrx_word' id='word_1_311' title='bbox 478 1888 497 1919; x_wconf 88' lang='lat'>5</span> <span class='ocrx_word' id='word_1_312' title='bbox 510 1908 520 1922; x_wconf 90' lang='lat'>,</span> <span class='ocrx_word' id='word_1_313' title='bbox 543 1890 594 1920; x_wconf 80' lang='lat'>24.</span> <span class='ocrx_word' id='word_1_314' title='bbox 618 1904 658 1909; x_wconf 86' lang='lat'>—-</span> <span class='ocrx_word' id='word_1_315' title='bbox 681 1890 724 1922; x_wconf 79' lang='lat'>16)</span> <span class='ocrx_word' id='word_1_316' title='bbox 748 1888 821 1918; x_wconf 80' lang='lat' dir='ltr'><strong>cod.</strong></span> <span class='ocrx_word' id='word_1_317' title='bbox 841 1890 929 1917; x_wconf 78' lang='lat' dir='ltr'>IIuec</span> <span class='ocrx_word' id='word_1_318' title='bbox 942 1889 1032 1926; x_wconf 78' lang='lat' dir='ltr'>pueri</span> 
     </span>
     <span class='ocr_line' id='line_1_38' title="bbox 79 1927 1029 1966; baseline 0.003 -11"><span class='ocrx_word' id='word_1_319' title='bbox 79 1927 131 1956; x_wconf 85' lang='lat' dir='ltr'>sed</span> <span class='ocrx_word' id='word_1_320' title='bbox 148 1937 225 1956; x_wconf 85' lang='lat' dir='ltr'>corr.</span> <span class='ocrx_word' id='word_1_321' title='bbox 248 1928 341 1956; x_wconf 78' lang='lat' dir='ltr'>Locus</span> <span class='ocrx_word' id='word_1_322' title='bbox 361 1933 405 1956; x_wconf 80' lang='lat' dir='ltr'>est</span> <span class='ocrx_word' id='word_1_323' title='bbox 427 1929 490 1959; x_wconf 85' lang='lat' dir='ltr'><strong>Iuv.</strong></span> <span class='ocrx_word' id='word_1_324' title='bbox 513 1932 572 1959; x_wconf 83' lang='lat' dir='ltr'>Sat.</span> <span class='ocrx_word' id='word_1_325' title='bbox 595 1930 640 1966; x_wconf 88' lang='lat' dir='ltr'>Il,</span> <span class='ocrx_word' id='word_1_326' title='bbox 666 1933 734 1962; x_wconf 83' lang='grc'>152.</span> <span class='ocrx_word' id='word_1_327' title='bbox 758 1931 809 1959; x_wconf 91' lang='lat' dir='ltr'>ubi</span> <span class='ocrx_word' id='word_1_328' title='bbox 826 1931 912 1959; x_wconf 82' lang='lat' dir='ltr'>etiam</span> <span class='ocrx_word' id='word_1_329' title='bbox 936 1930 1029 1958; x_wconf 84' lang='lat' dir='ltr'>codd.</span> 
     </span>
     <span class='ocr_line' id='line_1_39' title="bbox 79 1971 1028 2010; baseline 0.001 -12"><span class='ocrx_word' id='word_1_330' title='bbox 79 1971 195 2009; x_wconf 84' lang='lat' dir='ltr'>aliquot</span> <span class='ocrx_word' id='word_1_331' title='bbox 216 1971 311 1999; x_wconf 75' lang='lat' dir='ltr'>llaec.</span> <span class='ocrx_word' id='word_1_332' title='bbox 338 1971 410 1998; x_wconf 67' lang='lat' dir='ltr'>Nisi</span> <span class='ocrx_word' id='word_1_333' title='bbox 427 1971 508 2000; x_wconf 84' lang='lat' dir='ltr'>abest</span> <span class='ocrx_word' id='word_1_334' title='bbox 536 1983 551 2000; x_wconf 84' lang='lat' dir='ltr'>a</span> <span class='ocrx_word' id='word_1_335' title='bbox 576 1973 648 2001; x_wconf 90' lang='lat' dir='ltr'><strong>Cod.</strong></span> <span class='ocrx_word' id='word_1_336' title='bbox 667 1973 719 2002; x_wconf 84' lang='lat' dir='ltr'>sed</span> <span class='ocrx_word' id='word_1_337' title='bbox 744 1974 775 2002; x_wconf 86' lang='lat' dir='ltr'>in</span> <span class='ocrx_word' id='word_1_338' title='bbox 798 1973 929 2010; x_wconf 82' lang='lat' dir='ltr'>margine</span> <span class='ocrx_word' id='word_1_339' title='bbox 954 1983 1028 2000; x_wconf 81' lang='lat' dir='ltr'>aser.</span> 
     </span>
     <span class='ocr_line' id='line_1_40' title="bbox 77 2013 1027 2053; baseline 0.001 -12"><span class='ocrx_word' id='word_1_340' title='bbox 77 2029 120 2035; x_wconf 94' lang='lat'><strong>—</strong></span> <span class='ocrx_word' id='word_1_341' title='bbox 145 2016 188 2047; x_wconf 87' lang='grc'>17)</span> <span class='ocrx_word' id='word_1_342' title='bbox 217 2013 272 2041; x_wconf 72' lang='lat' dir='ltr'>Vel</span> <span class='ocrx_word' id='word_1_343' title='bbox 285 2014 488 2051; x_wconf 74' lang='lat' dir='ltr'>participium</span> <span class='ocrx_word' id='word_1_344' title='bbox 518 2015 585 2044; x_wconf 87' lang='lat' dir='ltr'>add.</span> <span class='ocrx_word' id='word_1_345' title='bbox 610 2016 688 2043; x_wconf 82' lang='lat' dir='ltr'>Cain.</span> <span class='ocrx_word' id='word_1_346' title='bbox 717 2015 749 2044; x_wconf 91' lang='grc' dir='ltr'>Ρ.</span> <span class='ocrx_word' id='word_1_347' title='bbox 776 2017 930 2053; x_wconf 70' lang='lat' dir='ltr'>sopinum</span> <span class='ocrx_word' id='word_1_348' title='bbox 955 2014 1027 2042; x_wconf 90' lang='lat' dir='ltr'>Cod.</span> 
     </span>
     <span class='ocr_line' id='line_1_41' title="bbox 77 2054 1029 2093; baseline 0.001 -10"><span class='ocrx_word' id='word_1_349' title='bbox 77 2071 119 2077; x_wconf 87' lang='lat'>·-</span> <span class='ocrx_word' id='word_1_350' title='bbox 146 2055 192 2093; x_wconf 82' lang='lat'>18)</span> <span class='ocrx_word' id='word_1_351' title='bbox 215 2054 310 2083; x_wconf 81' lang='lat' dir='ltr'>Libro</span> <span class='ocrx_word' id='word_1_352' title='bbox 333 2056 465 2087; x_wconf 75' lang='lat' dir='ltr'>Sermon.</span> <span class='ocrx_word' id='word_1_353' title='bbox 493 2058 601 2086; x_wconf 87' lang='lat' dir='ltr'>omisso</span> <span class='ocrx_word' id='word_1_354' title='bbox 624 2068 746 2086; x_wconf 88' lang='lat' dir='ltr'>numero</span> <span class='ocrx_word' id='word_1_355' title='bbox 775 2059 853 2086; x_wconf 82' lang='lat' dir='ltr'><strong>Cam.</strong></span> <span class='ocrx_word' id='word_1_356' title='bbox 883 2058 931 2093; x_wconf 88' lang='lat' dir='ltr'>P.;</span> <span class='ocrx_word' id='word_1_357' title='bbox 965 2066 1029 2084; x_wconf 85' lang='lat' dir='ltr'>eum</span> 
     </span>
     <span class='ocr_line' id='line_1_42' title="bbox 77 2097 1030 2136; baseline 0.005 -11"><span class='ocrx_word' id='word_1_358' title='bbox 77 2098 199 2136; x_wconf 78' lang='lat' dir='ltr'>supplet</span> <span class='ocrx_word' id='word_1_359' title='bbox 224 2097 294 2127; x_wconf 87' lang='lat' dir='ltr'><strong>Cod.</strong></span> <span class='ocrx_word' id='word_1_360' title='bbox 319 2097 411 2126; x_wconf 83' lang='lat' dir='ltr'>Locus</span> <span class='ocrx_word' id='word_1_361' title='bbox 435 2103 478 2127; x_wconf 87' lang='lat' dir='ltr'>est</span> <span class='ocrx_word' id='word_1_362' title='bbox 499 2099 602 2130; x_wconf 82' lang='lat' dir='ltr'>Horat.</span> <span class='ocrx_word' id='word_1_363' title='bbox 625 2102 685 2129; x_wconf 82' lang='lat' dir='ltr'><strong>Sal.</strong></span> <span class='ocrx_word' id='word_1_364' title='bbox 708 2100 736 2135; x_wconf 89' lang='lat' dir='ltr'>I,</span> <span class='ocrx_word' id='word_1_365' title='bbox 760 2102 797 2135; x_wconf 90' lang='lat'>6,</span> <span class='ocrx_word' id='word_1_366' title='bbox 823 2101 891 2130; x_wconf 77' lang='lat'><strong>124.</strong></span> <span class='ocrx_word' id='word_1_367' title='bbox 907 2108 966 2135; x_wconf 81' lang='lat' dir='ltr'>seq·</span> <span class='ocrx_word' id='word_1_368' title='bbox 987 2114 1030 2119; x_wconf 89' lang='grc'>--</span> 
     </span>
     <span class='ocr_line' id='line_1_43' title="bbox 79 2140 1030 2179; baseline 0 -12"><span class='ocrx_word' id='word_1_369' title='bbox 79 2141 124 2179; x_wconf 84' lang='grc'>19)</span> <span class='ocrx_word' id='word_1_370' title='bbox 155 2141 193 2168; x_wconf 70' lang='lat' dir='ltr'>Ut</span> <span class='ocrx_word' id='word_1_371' title='bbox 219 2140 286 2168; x_wconf 78' lang='lat' dir='ltr'>add.</span> <span class='ocrx_word' id='word_1_372' title='bbox 309 2140 340 2169; x_wconf 88' lang='lat' dir='ltr'>P.</span> <span class='ocrx_word' id='word_1_373' title='bbox 357 2140 463 2169; x_wconf 87' lang='lat' dir='ltr'>Eadem</span> <span class='ocrx_word' id='word_1_374' title='bbox 487 2142 569 2170; x_wconf 85' lang='lat' dir='ltr'>addit</span> <span class='ocrx_word' id='word_1_375' title='bbox 592 2143 696 2178; x_wconf 63' lang='lat' dir='ltr'>volvo,</span> <span class='ocrx_word' id='word_1_376' title='bbox 718 2142 829 2177; x_wconf 59' lang='lat' dir='ltr'>volvis,</span> <span class='ocrx_word' id='word_1_377' title='bbox 854 2141 934 2179; x_wconf 90' lang='lat' dir='ltr'>quod</span> <span class='ocrx_word' id='word_1_378' title='bbox 960 2140 1030 2168; x_wconf 85' lang='lat' dir='ltr'>licet</span> 
     </span>
     <span class='ocr_line' id='line_1_44' title="bbox 77 2182 1029 2222; baseline -0.001 -11"><span class='ocrx_word' id='word_1_379' title='bbox 77 2182 263 2211; x_wconf 70' lang='lat' dir='ltr'>desideratur</span> <span class='ocrx_word' id='word_1_380' title='bbox 284 2183 315 2210; x_wconf 88' lang='lat' dir='ltr'>in</span> <span class='ocrx_word' id='word_1_381' title='bbox 337 2182 408 2210; x_wconf 82' lang='lat' dir='ltr'><strong>Cod.</strong></span> <span class='ocrx_word' id='word_1_382' title='bbox 439 2188 467 2211; x_wconf 89' lang='lat' dir='ltr'>et</span> <span class='ocrx_word' id='word_1_383' title='bbox 497 2184 594 2222; x_wconf 74' lang='lat' dir='ltr'>Cam,</span> <span class='ocrx_word' id='word_1_384' title='bbox 616 2185 725 2213; x_wconf 77' lang='lat' dir='ltr'>retinui</span> <span class='ocrx_word' id='word_1_385' title='bbox 750 2188 866 2219; x_wconf 76' lang='lat' dir='ltr'>tamen,</span> <span class='ocrx_word' id='word_1_386' title='bbox 891 2182 958 2221; x_wconf 83' lang='lat' dir='ltr'>quia</span> <span class='ocrx_word' id='word_1_387' title='bbox 980 2183 1029 2211; x_wconf 86' lang='lat' dir='ltr'>sa-</span> 
     </span>
     <span class='ocr_line' id='line_1_45' title="bbox 77 2225 1027 2264; baseline -0.001 -11"><span class='ocrx_word' id='word_1_388' title='bbox 77 2225 134 2253; x_wconf 87' lang='lat' dir='ltr'>cile</span> <span class='ocrx_word' id='word_1_389' title='bbox 153 2225 289 2253; x_wconf 81' lang='lat' dir='ltr'>excidere</span> <span class='ocrx_word' id='word_1_390' title='bbox 305 2228 430 2263; x_wconf 79' lang='lat' dir='ltr'>poterat.</span> <span class='ocrx_word' id='word_1_391' title='bbox 452 2226 528 2254; x_wconf 86' lang='lat' dir='ltr'>Tum</span> <span class='ocrx_word' id='word_1_392' title='bbox 546 2228 640 2255; x_wconf 64' lang='lat' dir='ltr'>calvis</span> <span class='ocrx_word' id='word_1_393' title='bbox 664 2226 732 2254; x_wconf 77' lang='lat' dir='ltr'>add.</span> <span class='ocrx_word' id='word_1_394' title='bbox 749 2226 779 2254; x_wconf 88' lang='lat' dir='ltr'>P.</span> <span class='ocrx_word' id='word_1_395' title='bbox 802 2225 882 2264; x_wconf 90' lang='lat' dir='ltr'>quod</span> <span class='ocrx_word' id='word_1_396' title='bbox 905 2225 1027 2263; x_wconf 81' lang='lat' dir='ltr'>ignora-</span> 
     </span>
    </p>
   </div>
   <div class='ocr_carea' id='block_1_24' title="bbox 75 2267 1028 2327">
    <p class='ocr_par' dir='ltr' id='par_1_26' title="bbox 75 2267 1028 2327">
     <span class='ocr_line' id='line_1_46' title="bbox 75 2267 1028 2309; baseline 0.001 -13"><span class='ocrx_word' id='word_1_397' title='bbox 75 2271 128 2297; x_wconf 84' lang='lat' dir='ltr'>tur</span> <span class='ocrx_word' id='word_1_398' title='bbox 146 2279 162 2296; x_wconf 87' lang='lat' dir='ltr'>a</span> <span class='ocrx_word' id='word_1_399' title='bbox 181 2267 253 2297; x_wconf 90' lang='lat' dir='ltr'>Cod.</span> <span class='ocrx_word' id='word_1_400' title='bbox 272 2272 300 2295; x_wconf 87' lang='lat' dir='ltr'>et</span> <span class='ocrx_word' id='word_1_401' title='bbox 321 2267 398 2297; x_wconf 84' lang='lat' dir='ltr'><strong>Cam.</strong></span> <span class='ocrx_word' id='word_1_402' title='bbox 421 2284 456 2288; x_wconf 92' lang='lat'><em>-</em></span> <span class='ocrx_word' id='word_1_403' title='bbox 481 2267 527 2309; x_wconf 87' lang='grc'>20)</span> <span class='ocrx_word' id='word_1_404' title='bbox 555 2269 726 2297; x_wconf 64' lang='lat' dir='ltr'>Salustium</span> <span class='ocrx_word' id='word_1_405' title='bbox 749 2277 806 2296; x_wconf 82' lang='lat' dir='ltr'>scr.</span> <span class='ocrx_word' id='word_1_406' title='bbox 822 2278 836 2296; x_wconf 90' lang='lat' dir='ltr'>e</span> <span class='ocrx_word' id='word_1_407' title='bbox 861 2268 932 2296; x_wconf 88' lang='lat' dir='ltr'><strong>Cod.</strong></span> <span class='ocrx_word' id='word_1_408' title='bbox 953 2268 1028 2297; x_wconf 87' lang='lat' dir='ltr'>Tum</span> 
     </span>
     <span class='ocr_line' id='line_1_47' title="bbox 755 2313 779 2327; baseline 0 0"><span class='ocrx_word' id='word_1_409' title='bbox 755 2313 779 2327; x_wconf 69' lang='grc'>00</span> 
     </span>
    </p>
   </div>
   <div class='ocr_carea' id='block_1_25' title="bbox 76 2334 1027 2418">
    <p class='ocr_par' dir='ltr' id='par_1_27' title="bbox 76 2334 1027 2418">
     <span class='ocr_line' id='line_1_48' title="bbox 76 2334 1027 2374; baseline 0 -10"><span class='ocrx_word' id='word_1_410' title='bbox 76 2336 157 2364; x_wconf 66' lang='lat' dir='ltr'>calvi</span> <span class='ocrx_word' id='word_1_411' title='bbox 178 2341 250 2364; x_wconf 81' lang='lat' dir='ltr'>ratu</span> <span class='ocrx_word' id='word_1_412' title='bbox 259 2346 273 2361; x_wconf 61' lang='lat' dir='ltr'><em>s</em></span> <span class='ocrx_word' id='word_1_413' title='bbox 283 2347 310 2374; x_wconf 80' lang='lat' dir='ltr'>q.</span> <span class='ocrx_word' id='word_1_414' title='bbox 337 2336 454 2363; x_wconf 65' lang='lat' dir='ltr'>retexit-s-</span> <span class='ocrx_word' id='word_1_415' title='bbox 478 2334 547 2374; x_wconf 59' lang='grc' dir='ltr'>(εἰς)</span> <span class='ocrx_word' id='word_1_416' title='bbox 571 2346 612 2363; x_wconf 84' lang='lat' dir='ltr'>ne</span> <span class='ocrx_word' id='word_1_417' title='bbox 632 2336 746 2363; x_wconf 65' lang='lat' dir='ltr'>somnio</span> <span class='ocrx_word' id='word_1_418' title='bbox 776 2334 943 2363; x_wconf 76' lang='lat' dir='ltr'>tenderetur</span> <span class='ocrx_word' id='word_1_419' title='bbox 958 2335 1027 2374; x_wconf 89' lang='lat' dir='ltr'>(sic)</span> 
     </span>
     <span class='ocr_line' id='line_1_49' title="bbox 76 2376 1026 2418; baseline -0.001 -10"><span class='ocrx_word' id='word_1_420' title='bbox 76 2379 150 2409; x_wconf 86' lang='lat' dir='ltr'><strong>Cod.</strong></span> <span class='ocrx_word' id='word_1_421' title='bbox 171 2378 248 2418; x_wconf 84' lang='lat' dir='ltr'>quod</span> <span class='ocrx_word' id='word_1_422' title='bbox 268 2378 406 2417; x_wconf 76' lang='lat' dir='ltr'>expressi.</span> <span class='ocrx_word' id='word_1_423' title='bbox 449 2378 499 2406; x_wconf 86' lang='lat' dir='ltr'>An</span> <span class='ocrx_word' id='word_1_424' title='bbox 515 2379 630 2406; x_wconf 69' lang='lat' dir='ltr'>somnio</span> <span class='ocrx_word' id='word_1_425' title='bbox 642 2376 866 2416; x_wconf 73' lang='lat' dir='ltr'>portenderetur</span> <span class='ocrx_word' id='word_1_426' title='bbox 884 2379 915 2407; x_wconf 92' lang='lat' dir='ltr'>P.</span> <span class='ocrx_word' id='word_1_427' title='bbox 931 2389 1026 2417; x_wconf 81' lang='lat' dir='ltr'>quae-</span> 
     </span>
    </p>
   </div>
   <div class='ocr_carea' id='block_1_26' title="bbox 1073 1676 2031 1929">
    <p class='ocr_par' dir='ltr' id='par_1_28' title="bbox 1073 1676 2031 1929">
     <span class='ocr_line' id='line_1_50' title="bbox 1079 1676 2031 1719; baseline 0.005 -15"><span class='ocrx_word' id='word_1_428' title='bbox 1079 1676 1213 1705; x_wconf 77' lang='lat' dir='ltr'>Sallustii</span> <span class='ocrx_word' id='word_1_429' title='bbox 1236 1681 1315 1705; x_wconf 86' lang='lat' dir='ltr'>recle</span> <span class='ocrx_word' id='word_1_430' title='bbox 1336 1676 1444 1712; x_wconf 77' lang='lat' dir='ltr'>legitur</span> <span class='ocrx_word' id='word_1_431' title='bbox 1468 1685 1555 1702; x_wconf 86' lang='lat' dir='ltr'>num</span> <span class='ocrx_word' id='word_1_432' title='bbox 1584 1687 1656 1704; x_wconf 72' lang='lat' dir='ltr'><strong>som.</strong></span> <span class='ocrx_word' id='word_1_433' title='bbox 1688 1678 1821 1706; x_wconf 81' lang='lat' dir='ltr'>Ceterum</span> <span class='ocrx_word' id='word_1_434' title='bbox 1850 1680 1935 1718; x_wconf 89' lang='lat' dir='ltr'>prior</span> <span class='ocrx_word' id='word_1_435' title='bbox 1960 1691 2031 1719; x_wconf 79' lang='lat' dir='ltr'>pars</span> 
     </span>
     <span class='ocr_line' id='line_1_51' title="bbox 1077 1717 2030 1762; baseline 0 -15"><span class='ocrx_word' id='word_1_436' title='bbox 1077 1718 1166 1747; x_wconf 87' lang='lat' dir='ltr'>huius</span> <span class='ocrx_word' id='word_1_437' title='bbox 1188 1717 1343 1755; x_wconf 78' lang='lat' dir='ltr'>fragmenti</span> <span class='ocrx_word' id='word_1_438' title='bbox 1366 1717 1477 1745; x_wconf 84' lang='lat' dir='ltr'>citatur</span> <span class='ocrx_word' id='word_1_439' title='bbox 1498 1717 1586 1746; x_wconf 82' lang='lat' dir='ltr'>etiam</span> <span class='ocrx_word' id='word_1_440' title='bbox 1613 1729 1628 1746; x_wconf 88' lang='lat' dir='ltr'>a</span> <span class='ocrx_word' id='word_1_441' title='bbox 1652 1719 1747 1747; x_wconf 91' lang='lat' dir='ltr'>Nonio</span> <span class='ocrx_word' id='word_1_442' title='bbox 1771 1730 1836 1758; x_wconf 80' lang='lat' dir='ltr'><strong>pag.</strong></span> <span class='ocrx_word' id='word_1_443' title='bbox 1860 1724 1888 1752; x_wconf 89' lang='lat'>7.</span> <span class='ocrx_word' id='word_1_444' title='bbox 1914 1739 1955 1743; x_wconf 91' lang='lat'>—</span> <span class='ocrx_word' id='word_1_445' title='bbox 1982 1723 2030 1762; x_wconf 73' lang='lat'>21)</span> 
     </span>
     <span class='ocr_line' id='line_1_52' title="bbox 1077 1758 2029 1804; baseline 0.005 -16"><span class='ocrx_word' id='word_1_446' title='bbox 1077 1761 1133 1790; x_wconf 88' lang='lat' dir='ltr'>Vv.</span> <span class='ocrx_word' id='word_1_447' title='bbox 1158 1762 1300 1788; x_wconf 66' lang='lat' dir='ltr'>convivor</span> <span class='ocrx_word' id='word_1_448' title='bbox 1322 1758 1407 1797; x_wconf 82' lang='lat' dir='ltr'>quod</span> <span class='ocrx_word' id='word_1_449' title='bbox 1421 1761 1542 1797; x_wconf 78' lang='lat' dir='ltr'>primae</span> <span class='ocrx_word' id='word_1_450' title='bbox 1561 1760 1592 1788; x_wconf 88' lang='lat' dir='ltr'>in</span> <span class='ocrx_word' id='word_1_451' title='bbox 1616 1761 1688 1789; x_wconf 91' lang='lat' dir='ltr'>Cod.</span> <span class='ocrx_word' id='word_1_452' title='bbox 1713 1772 1802 1800; x_wconf 85' lang='lat' dir='ltr'>supra</span> <span class='ocrx_word' id='word_1_453' title='bbox 1830 1773 1887 1794; x_wconf 86' lang='lat' dir='ltr'>scr.</span> <span class='ocrx_word' id='word_1_454' title='bbox 1910 1781 1953 1786; x_wconf 91' lang='lat'><strong>—</strong></span> <span class='ocrx_word' id='word_1_455' title='bbox 1980 1766 2029 1804; x_wconf 83' lang='lat'>22)</span> 
     </span>
     <span class='ocr_line' id='line_1_53' title="bbox 1077 1801 2029 1843; baseline 0.004 -11"><span class='ocrx_word' id='word_1_456' title='bbox 1077 1803 1147 1832; x_wconf 81' lang='lat' dir='ltr'>Cod.</span> <span class='ocrx_word' id='word_1_457' title='bbox 1166 1813 1234 1830; x_wconf 85' lang='lat' dir='ltr'>cum</span> <span class='ocrx_word' id='word_1_458' title='bbox 1255 1812 1315 1830; x_wconf 83' lang='lat' dir='ltr'>non</span> <span class='ocrx_word' id='word_1_459' title='bbox 1334 1801 1531 1840; x_wconf 67' lang='lat' dir='ltr'>respondens</span> <span class='ocrx_word' id='word_1_460' title='bbox 1558 1803 1607 1831; x_wconf 86' lang='lat' dir='ltr'>sed</span> <span class='ocrx_word' id='word_1_461' title='bbox 1630 1814 1707 1833; x_wconf 84' lang='lat' dir='ltr'>corr.</span> <span class='ocrx_word' id='word_1_462' title='bbox 1728 1805 1892 1843; x_wconf 73' lang='lat' dir='ltr'>respondet.</span> <span class='ocrx_word' id='word_1_463' title='bbox 1916 1806 2029 1836; x_wconf 86' lang='lat' dir='ltr'>Verum</span> 
     </span>
     <span class='ocr_line' id='line_1_54' title="bbox 1074 1844 2028 1886; baseline 0.005 -13"><span class='ocrx_word' id='word_1_464' title='bbox 1074 1850 1118 1873; x_wconf 83' lang='lat' dir='ltr'>est</span> <span class='ocrx_word' id='word_1_465' title='bbox 1138 1844 1330 1882; x_wconf 70' lang='lat' dir='ltr'>respondeat,</span> <span class='ocrx_word' id='word_1_466' title='bbox 1355 1845 1435 1883; x_wconf 86' lang='lat' dir='ltr'>quod</span> <span class='ocrx_word' id='word_1_467' title='bbox 1459 1844 1600 1873; x_wconf 73' lang='lat' dir='ltr'>exhibent</span> <span class='ocrx_word' id='word_1_468' title='bbox 1623 1846 1702 1875; x_wconf 85' lang='lat' dir='ltr'><strong>Cam.</strong></span> <span class='ocrx_word' id='word_1_469' title='bbox 1726 1847 1758 1876; x_wconf 88' lang='lat' dir='ltr'>P.</span> <span class='ocrx_word' id='word_1_470' title='bbox 1798 1865 1838 1870; x_wconf 91' lang='lat'><strong>—</strong></span> <span class='ocrx_word' id='word_1_471' title='bbox 1870 1850 1916 1886; x_wconf 81' lang='grc'>23)</span> <span class='ocrx_word' id='word_1_472' title='bbox 1942 1850 2028 1878; x_wconf 67' lang='lat' dir='ltr'>Inve-</span> 
     </span>
     <span class='ocr_line' id='line_1_55' title="bbox 1073 1885 2028 1929; baseline 0.005 -14"><span class='ocrx_word' id='word_1_473' title='bbox 1073 1889 1201 1915; x_wconf 81' lang='lat' dir='ltr'>niuntur</span> <span class='ocrx_word' id='word_1_474' title='bbox 1231 1887 1310 1917; x_wconf 88' lang='lat' dir='ltr'><strong>Cam.</strong></span> <span class='ocrx_word' id='word_1_475' title='bbox 1336 1887 1366 1915; x_wconf 92' lang='lat' dir='ltr'>P.</span> <span class='ocrx_word' id='word_1_476' title='bbox 1395 1903 1437 1908; x_wconf 91' lang='lat'>—</span> <span class='ocrx_word' id='word_1_477' title='bbox 1465 1885 1510 1925; x_wconf 72' lang='lat'>24)</span> <span class='ocrx_word' id='word_1_478' title='bbox 1543 1888 1624 1915; x_wconf 79' lang='lat' dir='ltr'>Nexo</span> <span class='ocrx_word' id='word_1_479' title='bbox 1654 1890 1689 1917; x_wconf 65' lang='lat' dir='ltr'>is.</span> <span class='ocrx_word' id='word_1_480' title='bbox 1718 1890 1802 1917; x_wconf 75' lang='lat' dir='ltr'>Faxo</span> <span class='ocrx_word' id='word_1_481' title='bbox 1833 1892 1911 1919; x_wconf 79' lang='lat' dir='ltr'>enim</span> <span class='ocrx_word' id='word_1_482' title='bbox 1932 1893 2028 1929; x_wconf 70' lang='lat' dir='ltr'>sua-is</span> 
     </span>
    </p>
   </div>
   <div class='ocr_carea' id='block_1_27' title="bbox 1072 1930 2026 2041">
    <p class='ocr_par' dir='ltr' id='par_1_29' title="bbox 1072 1930 2026 2041">
     <span class='ocr_line' id='line_1_56' title="bbox 1072 1930 2026 1967; baseline 0.009 -12"><span class='ocrx_word' id='word_1_483' title='bbox 1072 1930 1102 1959; x_wconf 85' lang='grc' dir='ltr'>Ρ,</span> <span class='ocrx_word' id='word_1_484' title='bbox 1126 1939 1214 1965; x_wconf 80' lang='lat' dir='ltr'>nexo,</span> <span class='ocrx_word' id='word_1_485' title='bbox 1247 1931 1291 1967; x_wconf 71' lang='lat' dir='ltr'>is,</span> <span class='ocrx_word' id='word_1_486' title='bbox 1310 1930 1411 1966; x_wconf 74' lang='lat' dir='ltr'>saxo,</span> <span class='ocrx_word' id='word_1_487' title='bbox 1440 1930 1486 1967; x_wconf 75' lang='lat' dir='ltr'>is,</span> <span class='ocrx_word' id='word_1_488' title='bbox 1513 1940 1586 1958; x_wconf 85' lang='lat' dir='ltr'>nexo</span> <span class='ocrx_word' id='word_1_489' title='bbox 1621 1933 1701 1959; x_wconf 81' lang='lat' dir='ltr'>enim</span> <span class='ocrx_word' id='word_1_490' title='bbox 1726 1937 1780 1961; x_wconf 85' lang='lat' dir='ltr'>cet.</span> <span class='ocrx_word' id='word_1_491' title='bbox 1804 1933 1882 1962; x_wconf 86' lang='lat' dir='ltr'><strong>Cam.</strong></span> <span class='ocrx_word' id='word_1_492' title='bbox 1914 1935 2026 1964; x_wconf 70' lang='lat' dir='ltr'>Tui-bat</span> 
     </span>
     <span class='ocr_line' id='line_1_57' title="bbox 1726 1973 1914 1994; baseline 0.011 -2"><span class='ocrx_word' id='word_1_493' title='bbox 1726 1973 1795 1993; x_wconf 73' lang='lat' dir='ltr'>nexis</span> <span class='ocrx_word' id='word_1_494' title='bbox 1810 1974 1873 1994; x_wconf 80' lang='lat' dir='ltr'>enim</span> <span class='ocrx_word' id='word_1_495' title='bbox 1892 1976 1914 1994; x_wconf 78' lang='lat' dir='ltr'>et</span> 
     </span>
     <span class='ocr_line' id='line_1_58' title="bbox 1072 1996 2023 2041; baseline 0.008 -17"><span class='ocrx_word' id='word_1_496' title='bbox 1072 1996 1142 2024; x_wconf 89' lang='lat' dir='ltr'><strong>Cod.</strong></span> <span class='ocrx_word' id='word_1_497' title='bbox 1167 2007 1239 2025; x_wconf 86' lang='lat' dir='ltr'>nexo</span> <span class='ocrx_word' id='word_1_498' title='bbox 1261 1998 1307 2024; x_wconf 56' lang='lat' dir='ltr'>:cia¹</span> <span class='ocrx_word' id='word_1_499' title='bbox 1319 1997 1400 2033; x_wconf 77' lang='lat' dir='ltr'>saxo</span> <span class='ocrx_word' id='word_1_500' title='bbox 1424 1998 1472 2024; x_wconf 73' lang='lat' dir='ltr'>xis</span> <span class='ocrx_word' id='word_1_501' title='bbox 1496 1996 1677 2034; x_wconf 59' lang='lat' dir='ltr'>defectivum</span> <span class='ocrx_word' id='word_1_502' title='bbox 1701 2005 1803 2041; x_wconf 39' lang='lat' dir='ltr'>tum-en:</span> <span class='ocrx_word' id='word_1_503' title='bbox 1827 2012 1918 2030; x_wconf 74' lang='lat' dir='ltr'>nexa-s·</span> <span class='ocrx_word' id='word_1_504' title='bbox 1944 2003 2023 2041; x_wconf 83' lang='lat' dir='ltr'>(sic).</span> 
     </span>
    </p>
   </div>
   <div class='ocr_carea' id='block_1_28' title="bbox 1068 2038 2024 2419">
    <p class='ocr_par' dir='ltr' id='par_1_30' title="bbox 1068 2038 2024 2419">
     <span class='ocr_line' id='line_1_59' title="bbox 1072 2038 2024 2084; baseline 0.006 -16"><span class='ocrx_word' id='word_1_505' title='bbox 1072 2039 1119 2068; x_wconf 84' lang='lat' dir='ltr'>Ex</span> <span class='ocrx_word' id='word_1_506' title='bbox 1142 2039 1249 2078; x_wconf 84' lang='lat' dir='ltr'>quibus</span> <span class='ocrx_word' id='word_1_507' title='bbox 1264 2039 1349 2068; x_wconf 86' lang='lat' dir='ltr'>sacile</span> <span class='ocrx_word' id='word_1_508' title='bbox 1366 2038 1563 2077; x_wconf 76' lang='lat' dir='ltr'>intelligitur,</span> <span class='ocrx_word' id='word_1_509' title='bbox 1586 2051 1660 2079; x_wconf 86' lang='lat' dir='ltr'>quae</span> <span class='ocrx_word' id='word_1_510' title='bbox 1681 2051 1750 2071; x_wconf 81' lang='lat' dir='ltr'>vera</span> <span class='ocrx_word' id='word_1_511' title='bbox 1770 2054 1875 2073; x_wconf 84' lang='lat' dir='ltr'>manus</span> <span class='ocrx_word' id='word_1_512' title='bbox 1895 2046 2024 2084; x_wconf 78' lang='lat' dir='ltr'>scripto-</span> 
     </span>
     <span class='ocr_line' id='line_1_60' title="bbox 1071 2081 2023 2124; baseline 0.008 -15"><span class='ocrx_word' id='word_1_513' title='bbox 1071 2081 1113 2110; x_wconf 85' lang='lat' dir='ltr'>ris</span> <span class='ocrx_word' id='word_1_514' title='bbox 1135 2081 1234 2112; x_wconf 86' lang='lat' dir='ltr'>fuerit.</span> <span class='ocrx_word' id='word_1_515' title='bbox 1257 2098 1298 2103; x_wconf 93' lang='lat'>—·</span> <span class='ocrx_word' id='word_1_516' title='bbox 1327 2081 1375 2120; x_wconf 84' lang='lat'>25)</span> <span class='ocrx_word' id='word_1_517' title='bbox 1399 2083 1593 2119; x_wconf 68' lang='lat' dir='ltr'>Defectieum</span> <span class='ocrx_word' id='word_1_518' title='bbox 1614 2090 1657 2112; x_wconf 64' lang='lat' dir='ltr'>est</span> <span class='ocrx_word' id='word_1_519' title='bbox 1679 2084 1752 2113; x_wconf 82' lang='lat' dir='ltr'>haec</span> <span class='ocrx_word' id='word_1_520' title='bbox 1771 2086 1860 2124; x_wconf 83' lang='lat' dir='ltr'>plane</span> <span class='ocrx_word' id='word_1_521' title='bbox 1879 2087 1985 2116; x_wconf 82' lang='lat' dir='ltr'>desunt</span> <span class='ocrx_word' id='word_1_522' title='bbox 2006 2100 2023 2117; x_wconf 87' lang='lat' dir='ltr'>a</span> 
     </span>
     <span class='ocr_line' id='line_1_61' title="bbox 1072 2124 2020 2166; baseline 0.007 -14"><span class='ocrx_word' id='word_1_523' title='bbox 1072 2124 1152 2153; x_wconf 85' lang='lat' dir='ltr'><strong>Cam.</strong></span> <span class='ocrx_word' id='word_1_524' title='bbox 1172 2125 1229 2152; x_wconf 75' lang='lat' dir='ltr'>Est</span> <span class='ocrx_word' id='word_1_525' title='bbox 1249 2124 1330 2152; x_wconf 87' lang='lat' dir='ltr'>abest</span> <span class='ocrx_word' id='word_1_526' title='bbox 1354 2135 1370 2152; x_wconf 85' lang='lat' dir='ltr'>a</span> <span class='ocrx_word' id='word_1_527' title='bbox 1395 2125 1465 2155; x_wconf 90' lang='lat' dir='ltr'>Cod.</span> <span class='ocrx_word' id='word_1_528' title='bbox 1490 2142 1532 2148; x_wconf 90' lang='lat'>--</span> <span class='ocrx_word' id='word_1_529' title='bbox 1562 2125 1608 2165; x_wconf 81' lang='lat'>26)</span> <span class='ocrx_word' id='word_1_530' title='bbox 1636 2128 1789 2166; x_wconf 65' lang='lat' dir='ltr'>Vo-gillus</span> <span class='ocrx_word' id='word_1_531' title='bbox 1811 2131 1851 2157; x_wconf 80' lang='lat' dir='ltr'>in</span> <span class='ocrx_word' id='word_1_532' title='bbox 1876 2131 1911 2158; x_wconf 91' lang='lat' dir='ltr'>V.</span> <span class='ocrx_word' id='word_1_533' title='bbox 1942 2132 2020 2159; x_wconf 87' lang='lat' dir='ltr'><strong>Cam.</strong></span> 
     </span>
     <span class='ocr_line' id='line_1_62' title="bbox 1070 2167 2021 2208; baseline 0.009 -15"><span class='ocrx_word' id='word_1_534' title='bbox 1070 2167 1101 2196; x_wconf 89' lang='lat' dir='ltr'>P.</span> <span class='ocrx_word' id='word_1_535' title='bbox 1131 2168 1163 2194; x_wconf 83' lang='lat' dir='ltr'>in</span> <span class='ocrx_word' id='word_1_536' title='bbox 1190 2167 1225 2196; x_wconf 90' lang='lat' dir='ltr'>V.</span> <span class='ocrx_word' id='word_1_537' title='bbox 1250 2167 1329 2195; x_wconf 83' lang='lat' dir='ltr'>abest</span> <span class='ocrx_word' id='word_1_538' title='bbox 1353 2178 1368 2195; x_wconf 91' lang='lat' dir='ltr'>a</span> <span class='ocrx_word' id='word_1_539' title='bbox 1392 2167 1463 2196; x_wconf 84' lang='lat' dir='ltr'>Cod.</span> <span class='ocrx_word' id='word_1_540' title='bbox 1491 2168 1544 2197; x_wconf 87' lang='lat' dir='ltr'>Est</span> <span class='ocrx_word' id='word_1_541' title='bbox 1564 2169 1648 2198; x_wconf 76' lang='lat' dir='ltr'>locus</span> <span class='ocrx_word' id='word_1_542' title='bbox 1671 2171 1741 2199; x_wconf 83' lang='lat' dir='ltr'>Aen.</span> <span class='ocrx_word' id='word_1_543' title='bbox 1764 2171 1815 2202; x_wconf 83' lang='lat' dir='ltr'>lib.</span> <span class='ocrx_word' id='word_1_544' title='bbox 1832 2172 1867 2208; x_wconf 89' lang='lat' dir='ltr'>V,</span> <span class='ocrx_word' id='word_1_545' title='bbox 1884 2175 1955 2205; x_wconf 81' lang='lat'><strong>279.</strong></span> <span class='ocrx_word' id='word_1_546' title='bbox 1978 2190 2021 2195; x_wconf 98' lang='lat'><strong>—</strong></span> 
     </span>
     <span class='ocr_line' id='line_1_63' title="bbox 1069 2208 2018 2247; baseline 0.008 -11"><span class='ocrx_word' id='word_1_547' title='bbox 1069 2208 1117 2247; x_wconf 88' lang='grc'>27)</span> <span class='ocrx_word' id='word_1_548' title='bbox 1140 2209 1243 2237; x_wconf 74' lang='lat' dir='ltr'>Neclis</span> <span class='ocrx_word' id='word_1_549' title='bbox 1266 2210 1342 2238; x_wconf 86' lang='lat' dir='ltr'>male</span> <span class='ocrx_word' id='word_1_550' title='bbox 1365 2210 1397 2238; x_wconf 86' lang='lat' dir='ltr'>P.</span> <span class='ocrx_word' id='word_1_551' title='bbox 1423 2226 1461 2232; x_wconf 90' lang='lat'>—·</span> <span class='ocrx_word' id='word_1_552' title='bbox 1492 2212 1538 2247; x_wconf 86' lang='grc'>28)</span> <span class='ocrx_word' id='word_1_553' title='bbox 1570 2212 1607 2239; x_wconf 83' lang='lat' dir='ltr'>Ut</span> <span class='ocrx_word' id='word_1_554' title='bbox 1627 2213 1744 2242; x_wconf 76' lang='lat' dir='ltr'>Accius</span> <span class='ocrx_word' id='word_1_555' title='bbox 1769 2215 1800 2242; x_wconf 87' lang='lat' dir='ltr'>in</span> <span class='ocrx_word' id='word_1_556' title='bbox 1826 2216 1869 2245; x_wconf 83' lang='lat' dir='ltr'><strong>J).</strong></span> <span class='ocrx_word' id='word_1_557' title='bbox 1891 2216 1962 2244; x_wconf 85' lang='lat' dir='ltr'>Cod.</span> <span class='ocrx_word' id='word_1_558' title='bbox 1987 2217 2018 2244; x_wconf 89' lang='lat' dir='ltr'>P.</span> 
     </span>
     <span class='ocr_line' id='line_1_64' title="bbox 1078 2250 2017 2292; baseline 0.007 -14"><span class='ocrx_word' id='word_1_559' title='bbox 1078 2251 1115 2279; x_wconf 78' lang='lat' dir='ltr'>Ut</span> <span class='ocrx_word' id='word_1_560' title='bbox 1138 2250 1212 2280; x_wconf 82' lang='lat' dir='ltr'>dicit</span> <span class='ocrx_word' id='word_1_561' title='bbox 1231 2253 1343 2281; x_wconf 51' lang='lat' dir='ltr'>Actia-s*</span> <span class='ocrx_word' id='word_1_562' title='bbox 1361 2254 1393 2280; x_wconf 88' lang='lat' dir='ltr'>in</span> <span class='ocrx_word' id='word_1_563' title='bbox 1413 2254 1456 2283; x_wconf 91' lang='lat' dir='ltr'><strong>D.</strong></span> <span class='ocrx_word' id='word_1_564' title='bbox 1482 2253 1561 2284; x_wconf 79' lang='lat' dir='ltr'>Cani.</span> <span class='ocrx_word' id='word_1_565' title='bbox 1585 2271 1628 2275; x_wconf 97' lang='lat'><strong>—</strong></span> <span class='ocrx_word' id='word_1_566' title='bbox 1658 2258 1705 2292; x_wconf 85' lang='lat'>29)</span> <span class='ocrx_word' id='word_1_567' title='bbox 1731 2258 1832 2285; x_wconf 83' lang='lat' dir='ltr'>Nexui</span> <span class='ocrx_word' id='word_1_568' title='bbox 1852 2258 1921 2285; x_wconf 88' lang='lat' dir='ltr'>cod.</span> <span class='ocrx_word' id='word_1_569' title='bbox 1949 2258 2017 2286; x_wconf 75' lang='lat' dir='ltr'>licet</span> 
     </span>
     <span class='ocr_line' id='line_1_65' title="bbox 1070 2296 2014 2329; baseline 0.006 -8"><span class='ocrx_word' id='word_1_570' title='bbox 1070 2299 1095 2321; x_wconf 78' lang='lat' dir='ltr'>et</span> <span class='ocrx_word' id='word_1_571' title='bbox 1111 2296 1268 2323; x_wconf 70' lang='lat' dir='ltr'>nexuimus</span> <span class='ocrx_word' id='word_1_572' title='bbox 1291 2306 1310 2322; x_wconf 86' lang='grc' dir='ltr'><em>α</em></span> <span class='ocrx_word' id='word_1_573' title='bbox 1333 2297 1424 2323; x_wconf 69' lang='lat' dir='ltr'>nexui</span> <span class='ocrx_word' id='word_1_574' title='bbox 1442 2296 1550 2324; x_wconf 76' lang='lat' dir='ltr'>lectum.</span> <span class='ocrx_word' id='word_1_575' title='bbox 1573 2299 1613 2324; x_wconf 72' lang='lat' dir='ltr'>sit</span> <span class='ocrx_word' id='word_1_576' title='bbox 1639 2299 1717 2329; x_wconf 78' lang='lat' dir='ltr'>Cam,</span> <span class='ocrx_word' id='word_1_577' title='bbox 1737 2300 1805 2327; x_wconf 79' lang='lat' dir='ltr'>licet</span> <span class='ocrx_word' id='word_1_578' title='bbox 1830 2306 1856 2327; x_wconf 77' lang='lat' dir='ltr'>et</span> <span class='ocrx_word' id='word_1_579' title='bbox 1876 2301 1954 2328; x_wconf 77' lang='lat' dir='ltr'>nexi</span> <span class='ocrx_word' id='word_1_580' title='bbox 1977 2301 2014 2327; x_wconf 79' lang='lat' dir='ltr'>le-</span> 
     </span>
     <span class='ocr_line' id='line_1_66' title="bbox 1070 2337 2012 2380; baseline 0.005 -16"><span class='ocrx_word' id='word_1_581' title='bbox 1070 2342 1151 2365; x_wconf 76' lang='lat' dir='ltr'>ctum</span> <span class='ocrx_word' id='word_1_582' title='bbox 1170 2343 1212 2365; x_wconf 72' lang='lat' dir='ltr'>est</span> <span class='ocrx_word' id='word_1_583' title='bbox 1235 2338 1265 2366; x_wconf 87' lang='lat' dir='ltr'>P.</span> <span class='ocrx_word' id='word_1_584' title='bbox 1295 2354 1337 2359; x_wconf 91' lang='lat'>—</span> <span class='ocrx_word' id='word_1_585' title='bbox 1366 2340 1410 2375; x_wconf 88' lang='lat'>30)</span> <span class='ocrx_word' id='word_1_586' title='bbox 1433 2337 1526 2367; x_wconf 72' lang='lat' dir='ltr'>Pexui</span> <span class='ocrx_word' id='word_1_587' title='bbox 1554 2339 1625 2368; x_wconf 88' lang='lat' dir='ltr'>Cod.</span> <span class='ocrx_word' id='word_1_588' title='bbox 1651 2342 1731 2372; x_wconf 81' lang='lat' dir='ltr'><strong>Cam.</strong></span> <span class='ocrx_word' id='word_1_589' title='bbox 1758 2343 1831 2380; x_wconf 65' lang='lat' dir='ltr'>pexi</span> <span class='ocrx_word' id='word_1_590' title='bbox 1851 2343 1882 2371; x_wconf 89' lang='lat' dir='ltr'>P.</span> <span class='ocrx_word' id='word_1_591' title='bbox 1906 2357 1945 2363; x_wconf 91' lang='lat'>—</span> <span class='ocrx_word' id='word_1_592' title='bbox 1966 2340 2012 2377; x_wconf 83' lang='lat'>31)</span> 
     </span>
     <span class='ocr_line' id='line_1_67' title="bbox 1068 2380 1546 2419; baseline 0.006 -11"><span class='ocrx_word' id='word_1_593' title='bbox 1068 2380 1259 2419; x_wconf 76' lang='lat' dir='ltr'>Depone-ntia</span> <span class='ocrx_word' id='word_1_594' title='bbox 1280 2380 1413 2410; x_wconf 82' lang='lat' dir='ltr'>additum</span> <span class='ocrx_word' id='word_1_595' title='bbox 1438 2391 1453 2410; x_wconf 86' lang='lat' dir='ltr'>e</span> <span class='ocrx_word' id='word_1_596' title='bbox 1476 2382 1546 2411; x_wconf 84' lang='lat' dir='ltr'><strong>Cod.</strong></span> 
     </span>
    </p>
   </div>
   <div class='ocr_carea' id='block_1_29' title="bbox 1538 2426 1643 2459">
    <p class='ocr_par' dir='ltr' id='par_1_31' title="bbox 1538 2426 1643 2459">
     <span class='ocr_line' id='line_1_68' title="bbox 1538 2426 1643 2459; baseline 0.01 -1"><span class='ocrx_word' id='word_1_597' title='bbox 1538 2426 1643 2459; x_wconf 85' lang='lat' dir='ltr'>Bb*</span> 
     </span>
    </p>
   </div>
  </div>
 </body>
</html>
