2263 2668
220 182 294 217 734
645 167 991 203 COMMENTARII
1017 167 1065 200 IN
1092 166 1237 200 PAULI
1262 165 1459 201 DIACONI
1483 166 1739 202 EXCERPTA

221 270 393 311 διαθήματα
415 260 620 305 τῖρχιερατικά,
647 257 669 299 ἢ
689 261 793 296 ζῶναι,
822 256 843 298 ἢ
866 258 1023 297 στέφανοι,
1049 256 1172 297 κόσμοι,
1196 255 1218 297 ἢ
1241 259 1343 298 δεσμοὶ
1365 258 1448 298 ΐεροί.
1492 258 1574 288 Haec
1596 259 1715 288 vincula
1738 258 1843 296 virgil.
1865 263 1954 288 vocat
1974 260 2063 290 vitias
2086 260 2170 292 deum

220 316 304 354 (Aen.
321 314 363 348 11,
389 308 479 346 156).
523 306 625 343 Neque
647 308 744 332 tamen
767 303 839 331 istae
863 303 977 330 taeniae
1000 311 1070 331 vere
1093 307 1177 330 erant
1199 312 1345 339 coronae,
1375 302 1425 330 sed
1448 312 1464 330 e
1486 303 1606 331 coronis
1629 303 1840 341 dependentes.
1884 303 1957 331 Nam
1979 303 2057 332 infra
2082 314 2170 333 coro-

220 369 272 387 nas
296 362 324 385 et
347 351 456 382 taenias
480 347 637 384 distinguit
657 346 784 375 Ennius:
820 343 937 373 Volans
960 343 995 373 cle
1017 343 1098 373 coelo
1123 356 1188 374 cum
1212 355 1322 373 corona
1344 352 1370 373 et
1393 344 1506 374 meniis.
1550 346 1611 374 Nisi
1636 356 1776 374 coronam
1799 349 1828 372 et
1850 345 1960 374 taenias
1983 346 2093 375 dixerit
2114 357 2171 386 pro

221 408 330 429 corona
354 405 391 423 ex
414 391 518 420 taeniis
541 390 628 418 sacta.
673 388 796 425 Antiqui
819 387 895 415 eniin
920 388 1044 416 Romani
1067 387 1173 416 taeniis
1195 397 1250 426 pro
1274 390 1392 416 coronis
1415 386 1591 424 utebantur,
1626 388 1759 417 nondum
1782 387 1904 416 invento
1927 388 1961 417 iis
1983 388 2072 417 flores
2093 389 2172 418 inte-

220 451 300 471 xere.
336 435 410 464 Vide
435 433 587 472 Stroppus.
612 431 700 460 Dac.
743 428 913 469 Sepulcrum
934 428 1061 469 plenum.
1098 430 1154 458 Per
1176 430 1286 458 taenias
1311 439 1440 458 coronae
1463 431 1644 468 sepulcrales
1668 430 1716 458 hic
1739 430 1960 468 intelliguntur,
1992 431 2017 459 si
2041 432 2171 460 Romano

220 492 300 511 more
323 476 537 516 interpreteris.
575 475 611 502 Et
634 474 673 501 ita
698 474 792 501 locum
816 471 936 500 habebit
958 472 1101 501 sententia
1122 472 1227 502 Verrii.
1260 473 1305 500 Ad
1328 473 1468 511 sepulcra
1491 472 1568 501 enim
1592 474 1677 502 lanae
1702 483 1769 501 cum
1793 473 1950 501 frondibus
1975 478 2063 512 atque
2085 473 2171 502 flori-

220 526 274 554 bus
298 521 505 551 afferebantur.
551 517 646 545 Varro
670 516 719 544 lib.
735 515 781 544 VI.
806 515 842 543 de
867 515 896 543 L.
916 515 945 544 L.
971 515 1054 551 (VII.
1079 525 1144 553 pag.
1159 518 1230 547 310.
1255 515 1338 554 Sp.):
1375 513 1494 555 Insulas
1517 514 1614 544 dictas
1638 523 1759 554 apparet
1781 516 1812 544 in
1835 514 1954 552 hostiis,
1985 514 2065 555 quod
2086 515 2171 545 vela-

219 573 316 596 menta
339 575 353 593 e
374 562 447 592 lana
469 571 542 601 quae
564 558 715 587 adduntur
736 557 850 597 infulae
871 558 948 586 inira
970 557 1132 586 hostiarum
1156 569 1266 587 cornua.
1287 556 1447 586 velamenta
1470 565 1561 586 erant.
1605 556 1710 597 Itaque
1736 568 1802 587 cum
1824 556 1866 585 ad
1887 556 2050 597 sepulcrum
2064 557 2172 599 ferunt

214 606 341 651 frondes
368 613 455 645 atque
474 604 584 643 flores,
620 599 735 630 addunt
765 611 842 629 nunc
871 598 966 630 lanas.
1011 601 1069 628 Sed
1100 610 1167 628 eum
1193 600 1337 628 Caecilius
1362 600 1515 628 Palliatam
1546 601 1727 629 comoediam
1760 611 1821 629 non
1850 605 1980 638 togatam
2009 600 2172 638 scripserit,

219 654 365 691 praestat,
394 647 492 685 inquit
515 644 661 682 Scaliger,
694 644 805 671 Graeco
829 643 945 681 potius,
975 652 1063 680 quam
1087 643 1215 671 Romano
1239 653 1321 671 more
1344 642 1544 680 interpretari.
1588 644 1663 672 Sunt
1685 644 1776 681 igitur
1799 643 1829 671 in
1853 652 1944 671 versu
1967 642 2086 671 Caecilii
2109 648 2173 673 tae-

219 695 301 729 niae,
326 691 432 731 quibus
457 687 552 716 fasciis
575 685 806 714 involvebantur
831 685 956 721 mortui,
983 695 1055 722 quas
1077 686 1188 725 κειρίας
1210 685 1375 721 vocabant,
1402 685 1487 723 quasi
1511 686 1626 725 κτερίας
1649 697 1663 713 a
1686 687 1825 721 mortuis,
1851 686 1899 714 vel
1922 686 2044 725 κηρείας
2067 695 2083 713 a
2105 683 2171 726 κήρ,

220 738 330 771 satum,
353 742 440 761 mors.
478 728 620 768 Hesych.:
653 729 812 768 Κηρείαις,
835 724 1014 758 ἐπιθανάτια
1036 728 1267 769 ε’ντετυλιγμένα.
1307 728 1394 765 Lege:
1427 730 1568 765 Κηρεῖαι,
1599 726 1617 758 ἃ
1641 728 1687 758 ἐπὶ
1708 726 1832 769 θανάτῳ
1856 727 2084 768 ἒντετυλιγμένα.
2106 728 2126 758 i.
2147 738 2172 756 e.

222 781 367 816 Κηρεῐαι,
397 784 472 814 quae
491 779 558 811 post
581 778 700 799 moriem
726 772 846 800 mortuis
868 768 1062 799 involvuntur.
1107 771 1146 799 Iis
1169 771 1293 799 Romani
1317 781 1378 798 non
1401 770 1578 806 utebantur,
1602 770 1683 809 quod
1707 770 1850 799 cadavera
1874 770 2093 799 comburerent.
2133 771 2174 799 De

220 822 281 850 illis
296 817 401 848 taeniis
418 815 556 852 intelligit
569 814 792 850 Artemidorus,
814 823 882 841 cum
905 813 1008 840 scribit
1032 814 1062 843 οἵ
1083 810 1289 849 ἀποθανόντες
1312 813 1493 852 ἐσχισμένοις
1515 813 1694 844 ἔνειλοῦνται
1716 811 1853 852 ῥάκεσιν,
1879 809 1921 848 ὥς
1941 812 1977 843 roi
1999 813 2098 853 βρέφη
2121 812 2174 843 καὶ

220 862 310 902 χαμαὶ
337 861 480 891 τίθενται.
525 856 601 885 Hinc
626 856 718 884 Divus
741 856 844 884 Ioann.
862 858 909 886 11.
935 855 971 883 de
996 856 1121 884 Lazaro:
1159 856 1284 894 ἐξῆλθεν
1308 853 1324 886 ὁ
1348 855 1501 894 τεθνηκώς
1531 856 1688 894 δεδεμένος
1717 854 1786 891 τοὺς
1810 854 1907 891 πόδας
1928 855 1978 885 καὶ
2001 854 2056 891 τὰς
2075 857 2174 895 χεῖρας

221 906 354 945 κειρίαις.
386 902 425 929 Et
447 900 545 929 statim
567 897 681 938 prodiit
703 900 753 938 qui
766 899 872 938 fuerat
895 905 1024 926 mortuus
1048 897 1158 937 ligatus
1177 898 1264 938 pedes
1286 905 1312 926 et
1334 909 1438 927 manus
1461 899 1578 927 instilis.
1610 899 1683 926 Nam
1705 899 1823 927 institae
1845 902 1912 926 sunt
1924 897 2056 939 fasciae,
2079 896 2172 927 limbi.

220 948 311 977 Dae.
342 945 419 973 Dum
444 943 581 971 taeniam.
619 941 674 969 Hic
696 942 823 969 taeniam
847 940 1025 979 simpliciter
1045 941 1164 977 vinam,
1191 939 1356 980 fasciolam
1379 941 1572 979 interpretor.
1611 941 1712 980 Neque
1736 941 1897 979 quicquam
1922 940 1957 969 ad
1984 939 2080 969 Verrii
2102 949 2173 968 sen-

220 990 342 1019 tentiam
367 986 445 1015 sae-it.
470 984 554 1013 Dac.
587 983 734 1012 Decorare
747 991 788 1011 est
804 983 904 1013 satius.
939 983 1083 1021 Suspicor
1104 985 1133 1012 in
1156 993 1260 1019 versu,
1286 984 1336 1022 qui
1359 983 1440 1012 hunc
1462 983 1658 1022 praecedebat
1680 984 1716 1012 de
1739 984 1877 1021 sepulcro
1900 983 2032 1012 locutum
2050 983 2173 1012 Attium⁴

221 1033 321 1061 Satius
351 1035 394 1059 est
422 1028 565 1056 decorare
587 1026 757 1065 sepulerum
781 1025 903 1061 taeniis,
940 1036 1028 1063 quam
1052 1027 1166 1055 urbem.
1211 1027 1362 1054 Fruterius
1388 1026 1504 1063 legebat
1526 1026 1604 1054 Deos
1626 1036 1731 1055 ornare
1752 1026 1802 1055 lib.
1816 1026 1853 1055 11.
1876 1036 1942 1065 cap.
1956 1027 1986 1057 5.
2016 1024 2173 1055 Verisimil.

221 1074 332 1104 Idem.
366 1072 476 1100 Versus
498 1070 572 1097 alter
595 1069 712 1098 Caecilii
736 1068 815 1107 apud
839 1070 910 1105 Aug.
935 1069 1010 1097 Scal.
1034 1074 1062 1097 et
1084 1070 1154 1100 Dae.
1178 1069 1220 1097 sic
1242 1069 1364 1106 legitur:
1396 1069 1472 1097 Dum
1496 1070 1620 1097 taeniam
1644 1070 1695 1109 qui
1715 1068 1820 1097 volnus
1841 1070 1977 1105 vinciret,
2004 1068 2096 1108 peti15
2124 1067 2174 1096 ubi

219 1119 291 1157 petit
314 1114 395 1155 quod
418 1124 478 1142 non
503 1116 654 1151 comparet
677 1113 756 1150 apud
774 1111 858 1139 Fulv.
877 1111 1032 1148 Ursinum,
1055 1112 1230 1140 additicium
1255 1121 1317 1140 esse
1342 1111 1468 1140 videtur.
1503 1111 1547 1139 Cf.
1564 1112 1670 1139 Caecil.
1686 1111 1831 1148 Fragmm.
1855 1112 1903 1141 ed.
1919 1110 2055 1150 Spengel.
2077 1119 2109 1148 p.
2124 1113 2173 1142 12.

389 1156 549 1184 Tatium.
581 1154 646 1193 (Ad
670 1164 697 1192 p.
711 1153 799 1192 274)
831 1153 862 1181 In
887 1153 1023 1182 Schedis:
1054 1153 1190 1183 Lanuvii.
1229 1154 1285 1182 Sed
1310 1154 1430 1183 omnino
1454 1154 1611 1191 legendum
1635 1153 1765 1184 Lauinii.
1804 1154 1964 1183 Historiam
1988 1156 2088 1181 narrat
2111 1151 2173 1181 Liv.

221 1202 271 1231 lib,
287 1201 315 1237 I,
342 1198 407 1230 14.:
430 1197 500 1227 Post
523 1195 637 1236 aliquot
659 1207 752 1224 annos
772 1196 932 1236 propinqui
954 1197 1027 1235 regis
1056 1197 1134 1225 Tarii
1154 1196 1266 1235 legatos
1288 1196 1479 1225 Laurentium
1500 1194 1630 1235 pulsant.
1661 1195 1813 1237 Quumque
1834 1196 1997 1225 Laurentes
2017 1195 2079 1224 iure
2097 1206 2175 1234 gen-

221 1246 293 1273 tium
315 1248 447 1281 agerent,
484 1237 565 1277 apud
594 1239 708 1267 Tatium
730 1239 830 1277 gratia
852 1249 969 1267 suorum
992 1246 1018 1266 et
1039 1250 1137 1278 preces
1155 1239 1223 1278 plus
1242 1246 1386 1277 poterant.
1431 1238 1526 1278 Igitur
1550 1237 1669 1268 illorum
1690 1250 1814 1278 poenam
1841 1240 1871 1267 in
1900 1249 1930 1267 se
1959 1238 2051 1268 vertit.
2095 1236 2175 1267 Nam

221 1285 345 1315 Lauinii
367 1294 432 1313 cum
455 1280 496 1310 ad
518 1279 634 1310 solenne
655 1282 834 1320 sacrficium
857 1291 889 1309 eo
912 1282 1045 1318 venisset,
1070 1292 1212 1310 concursu
1226 1281 1320 1322 facto
1343 1283 1525 1321 interficitur.
1570 1281 1623 1309 Ubi
1647 1282 1831 1320 propinquos
1854 1281 1931 1319 regis
1953 1284 2040 1309 vocat
2062 1280 2176 1315 Livius,

222 1339 299 1366 quos
324 1328 468 1355 Latrones
490 1325 605 1352 Festus,
635 1323 725 1352 Dac.
771 1322 830 1351 Sed
858 1322 999 1362 sepultum
1023 1325 1053 1351 in
1075 1323 1225 1352 Aventino
1248 1323 1388 1353 Laureio.
1427 1325 1523 1352 Varro
1546 1323 1660 1354 lib.1V.
1685 1324 1722 1352 de
1745 1324 1775 1353 L.
1797 1325 1828 1352 L.
1851 1323 1900 1364 (V.
1921 1333 1987 1362 pag.
2002 1323 2073 1355 151.
2097 1321 2175 1362 Sp.):

222 1369 296 1399 Inde
318 1368 462 1398 lauretum
485 1365 523 1395 ab
546 1377 595 1402 eo,
626 1364 706 1406 quod
728 1364 770 1394 ihi
792 1364 919 1404 sepultus
941 1373 981 1394 esi
1012 1366 1041 1395 T.
1071 1367 1173 1395 Tatius
1196 1377 1267 1401 rex,
1299 1367 1349 1405 qui
1371 1376 1389 1394 α
1413 1365 1610 1394 Laurentibus
1630 1365 1802 1408 interfecius
1822 1374 1878 1402 est,
1908 1365 1945 1394 ab
1968 1363 2043 1394 silva
2065 1363 2175 1399 laurea,

221 1411 302 1453 quod
323 1422 355 1440 ea
380 1409 422 1438 ibi
445 1409 549 1438 excisa
572 1416 598 1436 et
620 1407 794 1447 aedificatus
816 1409 913 1445 vicus,
944 1415 975 1436 ui
998 1409 1072 1436 inter
1093 1419 1209 1437 sacram
1233 1408 1310 1436 viam
1335 1415 1360 1436 et
1383 1407 1539 1437 macellum
1561 1406 1679 1436 editum.
1711 1406 1822 1438 Idem.
1869 1407 1964 1446 Quam
1986 1406 2080 1436 multa
2103 1405 2174 1435 alia.

223 1456 346 1494 Optime
369 1453 398 1480 in
423 1451 555 1480 schedis:
594 1449 690 1488 Quam
717 1449 810 1478 multa
840 1449 902 1478 alia
925 1458 951 1478 et
971 1451 1129 1489 praeterita
1152 1451 1210 1479 iam
1234 1457 1260 1478 et
1283 1449 1416 1490 deinceps
1439 1461 1513 1490 quae
1535 1449 1700 1490 referentur.
1747 1450 1890 1490 Deinceps
1911 1450 1942 1479 id
1966 1454 2010 1479 est
2030 1449 2063 1478 in
2085 1448 2176 1477 volu-

222 1499 300 1526 mine
324 1496 485 1524 verborum
509 1494 676 1532 priscorum
701 1503 769 1521 cum
793 1493 943 1531 exemplis.
991 1492 1063 1521 Vide
1087 1492 1253 1534 Profanum
1278 1497 1306 1521 et
1329 1492 1557 1534 Pruqf‘ationem.
1602 1491 1712 1521 Idem.

390 1546 603 1574 Taurorum
625 1545 759 1582 specie.
784 1543 843 1582 (Ad
868 1554 895 1581 p.
910 1542 994 1582 274.)
1019 1543 1094 1571 Vide
1117 1543 1270 1571 Aelianum
1294 1542 1322 1571 in
1346 1543 1428 1571 varia
1451 1542 1575 1572 historia
1597 1543 1647 1573 lib.
1663 1543 1704 1581 11,
1728 1546 1779 1574 33.
1817 1543 1957 1572 Caussam
1980 1543 2062 1572 varie
2084 1542 2177 1572 tradit

222 1590 330 1619 Strabo
355 1589 404 1618 lib.
417 1588 455 1616 X.
478 1587 557 1625 (pag.
572 1586 672 1624 458.):
710 1587 740 1615 οἷ
762 1587 791 1615 δὲ
816 1583 985 1622 εἰκάζοντες
1007 1585 1037 1622 ἐξ
1059 1582 1158 1615 αὐτῶν
1180 1582 1321 1623 τάληθές,
1358 1583 1457 1626 ταύρῳ
1486 1585 1537 1624 μὲν
1562 1582 1681 1616 ἐοικότα
1701 1585 1839 1626 λέγεσθαι
1863 1583 1915 1616 τὸν
1935 1582 2080 1627 Ἁχελῷὸν
2102 1595 2178 1624 φασι

222 1630 360 1670 καθάπερ
389 1630 439 1661 καὶ
467 1628 537 1663 τούς
568 1626 676 1664 ἄλλους
701 1626 872 1666 ποταμούς,
909 1625 969 1659 οἷπό
994 1640 1023 1658 τε
1045 1631 1106 1658 τῶν
1128 1626 1210 1667 ἤχων
1232 1628 1283 1658 καὶ
1306 1631 1364 1658 τῶν
1386 1627 1461 1659 κατὰ
1484 1628 1519 1659 τοὶ
1542 1628 1654 1668 ῥέεθρα
1675 1631 1820 1668 καμπῶν,
1858 1624 1894 1664 ἃς
1915 1630 2038 1659 καλοῦσι
2060 1627 2176 1667 κέρατα.

222 1675 337 1705 Probus
360 1673 397 1702 ad
420 1672 497 1701 illud
512 1671 562 1701 IV.
587 1672 692 1709 Georg.
716 1672 827 1708 (371.):
1139 1673 1143 1675 ⁴

800 1712 839 1742 Et
859 1713 978 1753 gemina
1000 1719 1123 1741 auratus
1144 1712 1262 1741 taurino
1285 1723 1396 1742 cornua
1418 1711 1510 1745 vultu.

225 1765 261 1795 Et
283 1765 365 1804 ideo,
400 1765 513 1803 inquit,
549 1764 665 1793 taurino
687 1762 786 1801 vultu,
824 1763 905 1805 quod
927 1765 986 1793 eius
1008 1775 1111 1800 sonus,
1147 1770 1178 1791 ut
1201 1763 1279 1792 tauri
1301 1763 1428 1803 mugitus
1450 1771 1477 1792 ei
1500 1763 1580 1804 ripae
1590 1764 1752 1805 flexuosae
1772 1770 1854 1800 eunt,
1888 1770 1920 1792 ut
1941 1773 2043 1794 cornu.
2088 1761 2179 1792 Vetus

226 1809 342 1838 Horatii
366 1809 515 1846 interpres
539 1807 577 1835 nd
600 1806 657 1835 Od.
677 1807 724 1837 14.
749 1807 876 1835 lib.lV.:
910 1805 1046 1835 Omnium
1061 1805 1253 1847 famosorum
1274 1807 1431 1845 fluminum
1452 1804 1549 1835 vultus
1571 1817 1636 1836 cum
1661 1804 1797 1835 cornibus
1807 1805 1966 1846 finguntur
1983 1811 2101 1846 propter
2121 1805 2179 1834 im·-

225 1859 306 1890 perus
333 1859 358 1879 ει
387 1851 514 1890 mugitus
536 1859 689 1888 aquarum.
728 1849 801 1878 Vide
824 1849 959 1877 Tzetzem
982 1850 1012 1877 in
1036 1848 1157 1877 Ilesiod.
1182 1848 1283 1888 Aspid.
1307 1853 1336 1877 et
1359 1849 1432 1877 alios
1455 1848 1575 1887 passim.
1616 1848 1694 1878 Addi
1716 1852 1815 1888 potest
1836 1848 1955 1886 forsan,
1983 1850 2053 1887 quia
2075 1851 2179 1887 poetae

228 1898 336 1921 vocant
357 1893 464 1931 κέρατα
487 1892 586 1921 omnia
607 1891 747 1928 flumina,
775 1892 857 1931 quod
880 1892 937 1920 sint
960 1892 1053 1920 veluti
1078 1891 1188 1920 Oceani
1212 1901 1332 1920 cornua.
1377 1890 1556 1930 Apollonius
1579 1891 1616 1921 de
1637 1892 1715 1920 Istro
1737 1890 1807 1931 (IV,
1830 1889 1932 1930 282.):

795 1940 879 1973 ’Ἐστι
902 1942 933 1973 δέ
954 1955 998 1978 τις
1017 1940 1150 1982 ποταμὸς
1169 1939 1287 1973 ὕπατον
1309 1941 1396 1981 κέρας
1417 1938 1587 1973 Ὠκεανοῖο.

231 1990 319 2020 Dac.
355 1992 392 2020 Ut
415 1993 560 2022 Cornibus
583 1993 624 2022 ita
647 1991 779 2031 pingitur
801 1993 889 2022 Liber
911 1993 1055 2023 Bacchus,
1100 1994 1175 2023 Vide
1199 2004 1290 2033 supra
1314 1992 1431 2023 Cornua
1453 1999 1483 2022 et
1501 1993 1600 2024 Livia.
1649 1991 1753 2024 Goth.

398 2041 583 2072 Talionis.
607 2043 667 2083 (Ad
690 2042 823 2085 p.274.)
847 2044 913 2074 vid.
939 2045 1014 2073 Gell.
1038 2045 1087 2074 lib.
1101 2046 1167 2073 XX.
1191 2055 1257 2083 cap.
1272 2048 1317 2082 1.‚
1347 2045 1399 2073 sed
1421 2044 1471 2073 hic
1494 2045 1598 2074 melius
1620 2044 1711 2073 verba
1733 2043 1806 2082 legis
1828 2043 1895 2073 XII.
1916 2042 1975 2072 tab.
1997 2040 2177 2070 referuntur.

230 2082 321 2112 Ant.
344 2081 438 2121 Aug.
476 2086 581 2115 Graeci
604 2082 827 2124 ἀντιπήρωσιν,
856 2084 1097 2124 ταυτοπάθειαν,
1130 2083 1340 2126 ἆντισήκωσιν.
1370 2086 1467 2116 Scal.
1523 2086 1608 2116 Talio
1631 2098 1647 2115 a
1670 2085 1751 2118 talis.
1791 2087 1842 2115 Ius
1864 2085 1999 2121 talionis,
2029 2093 2091 2122 quo
2113 2083 2181 2122 quis

232 2125 290 2154 tale
313 2124 383 2162 quid
408 2125 537 2163 patitur,
561 2129 647 2166 quale
670 2129 748 2157 fecit.
784 2129 883 2165 Quare
907 2130 1016 2169 optime
1039 2131 1143 2159 Festus
1164 2141 1265 2171 parem
1287 2128 1448 2159 vindictam
1472 2130 1694 2169 interpretatur.
1727 2129 1786 2158 Alii
1806 2139 1932 2169 poenam
1954 2125 2109 2166 reciproci,
2132 2126 2181 2154 υἱ-

234 2177 295 2196 cem
317 2171 372 2196 eto.
410 2166 488 2195 Fons
510 2170 626 2198 talionis
648 2171 698 2199 lex
720 2171 822 2200 divina
846 2172 941 2201 Exod.
965 2183 990 2201 c.
1004 2175 1070 2205 22:
1094 2171 1163 2202 dens
1183 2184 1238 2213 pro
1261 2171 1358 2209 dente,
1381 2171 1483 2201 oculus
1502 2183 1557 2212 pro
1580 2171 1676 2202 oculo.
1713 2171 1746 2200 In
1768 2171 1823 2210 leg.
1840 2171 1904 2201 XII.
1926 2170 1986 2200 tab.
2007 2168 2181 2207 legendum:

234 2208 270 2238 Si
291 2207 448 2237 membrum
473 2212 580 2248 rupsi1‚
601 2213 633 2240 ni
655 2224 719 2242 cum
741 2223 774 2241 eo
794 2215 892 2253 pacit,
916 2213 989 2244 talio
1012 2222 1081 2244 esto.
1113 2215 1166 2244 Vel
1190 2215 1291 2254 potius
1314 2216 1339 2243 si
1360 2214 1519 2243 membrum
1542 2215 1633 2255 rupit,
1657 2219 1691 2243 ut
1713 2213 1793 2254 apud
1817 2214 1893 2243 Gell.
1915 2213 1969 2242 lib.
1981 2212 2050 2240 XX.
2072 2220 2137 2250 cap.
2151 2213 2180 2241 1.

234 2255 264 2280 et
294 2251 374 2289 apud
399 2251 538 2280 Catonem
568 2252 616 2281 lib.
631 2254 678 2284 1V.
701 2255 782 2292 Orig.
812 2267 849 2285 ex
872 2257 1025 2286 Prisciano
1049 2257 1099 2287 lib.
1114 2257 1162 2286 VI.
1186 2257 1260 2298 (VI,
1286 2260 1341 2293 13,
1364 2260 1414 2289 70.
1440 2267 1507 2296 pag.
1519 2259 1592 2289 265.
1614 2262 1685 2286 tom.
1697 2256 1718 2286 Ι.
1742 2254 1828 2297 Kr.):
1866 2255 1901 2285 Si
1928 2256 1994 2296 quis
2021 2252 2181 2283 membrum

235 2293 313 2332 rupit
334 2299 385 2321 aut
407 2303 439 2322 οε
453 2293 565 2336 fregit,
593 2293 701 2324 talione
719 2298 876 2344 proximus
899 2307 1024 2338 agnatus
1045 2299 1205 2330 ulciscitur.
1249 2300 1298 2328 Sic
1321 2300 1398 2339 rupit
1419 2309 1475 2338 pro
1498 2300 1606 2339 ruperit
1627 2300 1705 2329 dixit
1725 2299 1867 2328 Lucillius
1888 2298 1940 2328 lib.
1962 2299 2022 2327 Sat.
2035 2295 2160 2326 XXVI-2

712 2336 746 2364 St
767 2349 795 2366 se
817 2341 911 2379 rupit,
939 2343 983 2371 sic
1004 2353 1118 2383 quoque
1139 2354 1158 2370 a
1180 2354 1240 2380 me,
1269 2341 1349 2383 quod
1371 2349 1464 2381 roget,
1487 2353 1545 2372 non
1567 2343 1706 2382 impetret.

236 2376 311 2405 Vide
334 2375 484 2415 Rupilias.
508 2376 594 2406 Duc.
638 2377 706 2405 Dixi
730 2378 767 2406 ad
790 2381 865 2418 leges
888 2383 952 2411 XII.
975 2384 1077 2414 Tabul.
1127 2383 1233 2415 Goth.

403 2418 639 2459 Tarquist'a&
662 2419 724 2457 (Ad
746 2430 775 2458 Ρ·
787 2421 872 2459 274)
900 2425 1083 2464 Tarquinias.
1112 2426 1198 2457 Dae.
1244 2426 1327 2455 Adde
1349 2426 1495 2464 quaedam
1518 2436 1554 2455 ex
1576 2427 1668 2456 verbo
1693 2424 1831 2454 Saturno.
1877 2422 1980 2454 Goth.
