2263 2668
42 494 392 552 DoNATI
427 492 600 552 ARS
639 489 1270 550 GRAMMATIGA
1312 488 1644 547 TRIBUS
1680 487 1987 545 LIBRIS

662 577 1369 636 COMPREHENSA.

478 783 1552 829 LIBERPRIMUS.

708 905 854 938 SEam.
890 905 916 938 Ι.
996 904 1079 937 De
1137 904 1313 938 Voce.

206 958 315 1025 Vox
331 996 379 1025 est
394 1004 451 1024 aer
467 991 561 1029 ictus,
589 991 749 1024 sensibilis
767 991 893 1030 auditu,
921 997 1079 1034 quantum
1097 991 1128 1023 in
1141 991 1214 1035 ipso
1232 995 1289 1023 est.
1343 985 1479 1022 Omnis¹
1506 999 1570 1021 vox
1587 993 1641 1020 aut
1656 986 1828 1020 articulata
1856 982 1986 1030 [1535]

42 1046 108 1084 est,
135 1048 190 1075 aut
208 1044 354 1076 confusa.
408 1043 594 1077 Articulata
611 1048 675 1083 est,
704 1054 790 1085 quae
808 1043 921 1075 litteris
937 1042 1169 1087 conprehendi
1184 1047 1310 1087 potest3
1346 1041 1503 1082 confusa,
1529 1052 1615 1084 quae
1633 1039 1732 1073 scribi
1748 1049 1814 1071 non
1829 1042 1950 1081 potest.

644 1128 793 1161 Suam.
829 1128 871 1161 11.
950 1128 1034 1161 De
1086 1128 1386 1169 Littera.

207 1196 238 1228 l.
291 1195 418 1229 Littera
438 1201 485 1230 est
501 1209 578 1242 pars
596 1197 730 1230 minima
746 1197 838 1230 vocis
855 1197 1058 1230 articulatae.
1111 1196 1312 1229 Litterarum
1329 1196 1412 1228 aliae
1431 1199 1504 1228 sunt
1521 1194 1672 1234 vocales,
1700 1193 1785 1226 aliae
1802 1201 1987 1225 consonan-

39 1253 97 1280 tes.
149 1247 410 1281 consonantium
422 1244 434 1264 ²
461 1249 546 1281 aliae
563 1253 637 1281 sunt
656 1249 890 1288 semivocales,
926 1249 1011 1281 aliae
1037 1253 1158 1281 mutae.
1211 1248 1359 1281 Vocales
1376 1252 1466 1288 sunt,
1494 1258 1579 1290 quae
1596 1257 1657 1290 per
1672 1257 1705 1277 se
1722 1244 1937 1289 proferuntur
1954 1245 1987 1273 et

38 1294 153 1343 ipsae³
179 1300 341 1343 syllabam
360 1300 493 1332 faciunt.
548 1300 632 1333 Sunt
649 1306 758 1333 autem
777 1311 916 1332 numero
933 1301 1095 1343 quinque:
1124 1312 1163 1341 a,
1192 1311 1226 1341 c,
1254 1300 1282 1341 ἰ,
1310 1311 1346 1341 o,
1373 1311 1406 1331 u.
1459 1299 1590 1331 Harum
1607 1298 1693 1330 duae
1709 1297 1767 1329 iet
1783 1307 1805 1328 ιι
1821 1296 1987 1327 transeunt

39 1351 73 1383 in
89 1351 339 1383 consonantium
356 1357 577 1394 potestatem,
605 1363 681 1385 cum
700 1358 757 1384 aut
772 1352 864 1396 ipsae
882 1352 966 1385 inter
984 1363 1018 1384 se
1033 1352 1262 1396 geminantur,
1290 1357 1346 1383 aut
1363 1362 1440 1384 cum
1459 1350 1531 1383 aliis
1546 1349 1716 1382 vocalibus
1734 1348 1923 1391 iunguntur,
1951 1349 1987 1376 ut

39 1402 146 1442 Ιαηο,
173 1407 280 1435 vates.
334 1403 409 1435 Hae
429 1401 550 1435 etiam*
576 1404 717 1436 mediae
743 1403 915 1444 dicuntur,
953 1404 1033 1447 quia
1058 1404 1090 1435 in
1117 1403 1315 1447 quibusdam
1343 1402 1541 1435 dictionibus
1566 1410 1752 1444 expressum
1780 1409 1896 1430 sonum
1919 1407 1986 1429 non

38 1453 180 1486 habent:
208 1455 271 1486 iut
289 1454 360 1491 ιιὶι·,·
387 1465 410 1486 u
424 1460 460 1486 ut
477 1459 647 1499 optumus.
702 1455 805 1488 Extra
829 1467 930 1498 quam
955 1456 1100 1487 formam
1123 1467 1146 1488 u
1168 1456 1276 1488 littera
1299 1454 1466 1487 interdum
1489 1465 1551 1486 nec
1574 1452 1697 1485 vocalis
1719 1461 1781 1483 nec
1804 1459 1988 1483 consonans

38 1502 213 1547 habetur-⁵,
250 1517 326 1538 cum
352 1506 435 1538 inter
458 1518 479 1550 q
503 1507 646 1539 litteram
672 1512 908 1546 consonantem
934 1513 966 1540 et
990 1507 1136 1550 aliquam
1161 1507 1315 1540 vocalem
1338 1505 1559 1545 constituitur,
1594 1509 1631 1536 ut
1654 1502 1827 1548 quoniam,
1856 1498 1984 1546 [1736]

37 1557 189 1602 quidem.
242 1557 332 1590 Huic
348 1557 427 1590 item
446 1555 664 1602 digammonfl
692 1558 836 1592 adscribi
853 1559 949 1599 solet,
977 1570 1054 1592 cum
1072 1559 1134 1591 sibi
1151 1558 1224 1603 ipsa
1240 1558 1470 1604 praeponitur,
1498 1561 1533 1588 ut
1545 1566 1678 1595 seruus,
1704 1553 1846 1598 uulgus.
1898 1552 1985 1584 Nam

37 1609 50 1642 ἱ
68 1609 210 1641 litteram
224 1608 385 1653 geminari
401 1609 433 1641 in
451 1621 550 1642 unam
565 1610 726 1653 syllabam
737 1606 749 1625 ⁷
775 1621 873 1654 posse
891 1611 1025 1654 plurimi
1042 1615 1175 1655 negant.

204 1660 237 1692 2.
290 1660 430 1693 Latinae
445 1662 579 1694 vocales
599 1673 713 1695 omnes
730 1666 762 1694 et
777 1659 943 1706 produci⁸
970 1667 1002 1695 et
1022 1662 1146 1705 corripi
1163 1665 1308 1705 poscunt.
1351 1659 1464 1702 Atque
1481 1658 1532 1690 his
1549 1658 1624 1690 solis
1645 1650 1829 1700 adspirari⁹
1848 1653 1985 1696 quidam

38 1711 232 1745 existimant.
259 1731 311 1737 ——-
362 1712 589 1747 Semivocales
603 1720 692 1754 sunt,
721 1725 807 1756 quae
823 1725 886 1757 per
902 1725 936 1746 se
955 1714 1090 1757 quidem
1111 1714 1340 1757 proferuntur,
1368 1710 1427 1743 sed
1447 1721 1510 1754 per
1532 1721 1567 1742 se
1590 1708 1753 1752 syllabam
1770 1718 1836 1738 non
1852 1705 1984 1738 faciunt.

37 1763 122 1796 Sunt
140 1769 251 1796 autem
269 1775 407 1796 numero
425 1770 570 1808 septem:
588 1764 631 1810 j,
659 1765 688 1805 l,
716 1776 766 1805 m,
793 1777 832 1806 π,
860 1776 895 1805 r,
922 1776 956 1805 s,
982 1777 1016 1799 x.
1070 1766 1123 1799 Ex
1147 1764 1197 1796 his
1218 1774 1282 1795 una
1308 1762 1435 1805 duplex
1458 1766 1507 1793 est
1531 1772 1573 1800 x,
1601 1764 1634 1792 et
1650 1759 1797 1802 liquidae
1815 1762 1985 1800 quattuor:

39 1815 68 1856 l,
95 1826 146 1856 m,
173 1826 214 1854 71,
242 1826 279 1852 ν;
314 1826 353 1847 ex
372 1816 492 1858 quibus
509 1817 522 1849 l
539 1822 571 1849 et
585 1828 606 1848 r
622 1817 748 1850 faciunt
762 1828 974 1850 communem
993 1817 1166 1860 syllabam.
1233 1815 1279 1846 Et
1294 1824 1312 1846 s
1328 1814 1436 1845 littera
1453 1823 1530 1845 suae
1549 1811 1720 1845 cuiusdam
1737 1809 1908 1854 potestatis
1926 1812 1985 1848 est,

39 1877 125 1909 quae
139 1866 172 1898 in
187 1871 293 1898 metro
311 1867 510 1910 plerumque
525 1868 592 1900 vim
611 1869 820 1901 consonantis
838 1869 958 1901 amittit
968 1864 1000 1900 ¹⁰.
1053 1868 1136 1899 Item
1157 1877 1196 1898 ex
1211 1865 1275 1898 illis
1280 1864 1315 1909 s
1322 1861 1344 1881 ¹¹
1370 1865 1480 1897 littera
1499 1863 1735 1908 superponitur
1752 1861 1887 1905 liquidis
1906 1860 1917 1892 l
1932 1859 1984 1892 vel

39 1913 103 1960 νη,
129 1918 415 1961 quemadmodum
430 1925 520 1952 muta
538 1920 724 1963 quaelibet,
753 1925 786 1953 et
805 1930 1015 1953 communem
1033 1918 1196 1961 syllabam
1213 1917 1303 1950 facit.

204 1969 237 2001 3.
290 1969 408 2003 Mutae
425 1976 515 2013 sunt,
541 1983 627 2015 quae
651 1983 713 2005 nec
737 1983 800 2016 per
822 1984 855 2004 se
879 1971 1095 2015 proferuntur
1112 1980 1174 2002 nec
1195 1980 1257 2012 per
1273 1979 1307 2000 se
1326 1967 1489 2010 syllabam
1504 1966 1641 1999 faciunt.
1692 1965 1775 1998 Sunt
1793 1969 1903 1997 autem
1921 1974 1985 1995 nu·-

40 2031 133 2054 mero
149 2030 283 2054 novem:
311 2020 348 2062 h,
377 2033 411 2064 ο,
440 2023 482 2064 d,
508 2034 549 2068 g,
577 2023 611 2066 h,
643 2022 673 2065 Is,
695 2034 735 2068 Ρ,
763 2035 795 2067 q,
822 2026 844 2055 t.
899 2022 950 2054 Ex
966 2021 1017 2053 his
1035 2031 1260 2066 supervacuae
1278 2019 1477 2063 quibusdam
1493 2013 1679 2051 videntur¹³
1706 2017 1727 2050 l.-
1743 2022 1775 2050 et
1790 2028 1827 2061 q3
1855 2013 1983 2062 [1737]

125 2123 152 2158 1)
175 2122 280 2150 Omnis
295 2129 394 2151 autem
413 2135 468 2152 vox
483 2124 602 2152 Putsch.
625 2140 667 2146 -—
695 2123 725 2161 9)
746 2124 776 2153 C.
793 2128 895 2150 (uelem
910 2122 992 2149 aliae
1033 2131 1071 2150 m.
1088 2121 1242 2158 admittit3
1267 2120 1453 2150 emendatum
1469 2121 1624 2148 ammittit.
1647 2119 1719 2147 Rem
1736 2118 1868 2147 declarat
1882 2118 1984 2155 Pomp.

38 2164 159 2195 Putsch.
183 2180 222 2186 -
267 2166 295 2202 3)
313 2176 367 2203 per
381 2178 411 2194 se
424 2166 543 2196 Putsch.
578 2167 658 2194 Haec
673 2166 748 2193 male
765 2165 890 2204 repetita
907 2175 921 2192 e
938 2174 988 2193 su·
1032 2175 1061 2203 p.
1076 2166 1126 2196 28.
1149 2181 1191 2187 --
1237 2163 1282 2204 11)
1307 2165 1380 2192 Item
1402 2175 1435 2192 ex
1452 2163 1502 2191 his
1521 2161 1754 2190 semivocalibus
1774 2162 1914 2199 septuns
1930 2160 1983 2187 lit-

38 2207 217 2248 pen'oribus.
240 2222 282 2228 —
325 2208 352 2245 4)
375 2210 445 2237 liae
465 2215 566 2237 (talem
588 2208 706 2237 Putsch.
728 2223 768 2229 —-
813 2205 844 2247 5)
868 2218 920 2235 nec
935 2217 989 2235 vo·
1032 2213 1097 2235 tera
1118 2208 1148 2236 P.
1192 2207 1350 2236 Recentior
1363 2216 1469 2235 manus
1482 2206 1513 2234 in
1525 2205 1632 2234 Codice
1646 2205 1686 2232 ita
1697 2203 1910 2243 proferendum
1926 2212 1983 2230 vo-

39 2250 117 2279 calis
132 2250 261 2278 habetur
281 2260 333 2277 nec
352 2260 520 2280 consonans
537 2250 658 2280 Putsch.
682 2266 721 2273 —
766 2248 795 2290 6)
818 2251 990 2289 Digamma
1031 2249 1087 2278 luit
1107 2249 1189 2278 hunc
1212 2251 1328 2278 locum:
1374 2250 1447 2278 [lem
1464 2260 1497 2276 ex
1513 2249 1578 2276 illis
1596 2253 1704 2286 septem
1724 2244 1989 2280 sembuocahbzc-sf

39 2292 162 2323 Putseh.
213 2293 398 2328 Dz'gammos
422 2299 466 2322 est
488 2294 565 2333 apud
591 2293 765 2332 Pompeium
796 2303 825 2331 p.
841 2295 891 2325 21.
945 2293 989 2321 Cf.
1032 2293 1144 2321 littera.
1187 2293 1489 2331 Interpretamentum
1504 2295 1606 2329 aperte
1622 2300 1653 2319 se
1666 2289 1777 2329 prodit.
1800 2305 1842 2310 —
1886 2286 1930 2327 12)
1953 2287 1982 2313 L

41 2346 115 2375 quae
126 2335 168 2364 ibi
180 2336 290 2363 notavi.
313 2334 409 2372 Atque
422 2335 460 2363 ila
472 2337 595 2365 sortasse
609 2336 694 2364 etiam
704 2335 733 2364 h.
743 2336 762 2364 1.
772 2335 990 2373 legendum.—-
1032 2341 1057 2363 et
1076 2347 1092 2363 r
1108 2335 1228 2364 Putsch.
1250 2352 1293 2358 ·—-
1336 2337 1383 2372 13)
1406 2337 1455 2364 Ex
1471 2334 1521 2362 his
1537 2333 1618 2361 duae
1633 2342 1838 2372 supervacuae
1854 2329 1980 2369 quibus—

39 2381 69 2413 7)
92 2380 125 2406 in
139 2377 333 2415 utbstfflllaluc
350 2378 465 2408 Purseh.
487 2394 528 2402 --
558 2378 585 2417 8)
610 2389 708 2407 omnes
720 2378 852 2416 produci
867 2377 990 2408 Putsch.
1033 2377 1105 2405 dam
1127 2380 1276 2417 imperiti-5
1301 2389 1363 2406 esse
1380 2376 1524 2405 videntur
1545 2375 1666 2405 Putsch.
1709 2376 1752 2403 Ita
1777 2374 1863 2402 etiam
1885 2371 1979 2408 glossa

43 2422 117 2449 Cum
137 2420 206 2450 cod.
225 2420 383 2458 conspirat.
401 2421 502 2460 Pomp.
525 2432 554 2459 p.
570 2423 624 2458 23,
653 2422 703 2460 qui
721 2421 801 2449 hunc
818 2421 919 2449 locum
934 2430 989 2449 ex·
1032 2420 1063 2448 in
1078 2421 1149 2450 Cod.
1164 2426 1370 2460 praeterquam
1386 2420 1466 2459 quod
1480 2430 1541 2447 esse
1552 2419 1641 2447 deest.
1670 2418 1712 2446 Cs.
1726 2421 1883 2455 praetcrea,
1907 2422 1981 2452 quae

43 2464 124 2492 citat.
147 2479 188 2485 —
230 2460 260 2502 9)
285 2464 420 2501 ‹mpii-uri
431 2463 550 2493 Putsch.
571 2480 613 2486 —-
658 2462 703 2505 10)
720 2464 754 2492 In
770 2463 841 2492 Cod.
855 2468 898 2492 est
911 2474 926 2492 a
944 2474 990 2503 pr.
1034 2463 1114 2503 apud
1131 2465 1231 2503 Pomp.
1245 2464 1385 2503 leguntur
1405 2473 1435 2502 p.
1445 2464 1485 2494 31
1509 2467 1537 2491 et
1554 2471 1626 2500 quae
1641 2460 1681 2489 ibi
1696 2457 1807 2487 notavi.
