2263 2668
225 172 300 206 660
649 166 993 200 ΟΟΜΜΕΝΤΑΒΗ
1019 167 1065 200 IN
1094 166 1237 200 PAULI
1264 166 1460 201 DIACONI
1486 167 1739 203 EXCERPTA

225 262 394 293 aunuralem
419 259 605 298 disciplinam
629 256 738 287 dictum
763 266 818 296 est,
842 257 922 299 quod
943 257 1109 298 appellatur
1131 259 1355 299 Tripudium
1380 261 1569 290 sonivium
1593 261 1717 299 (legitur
1739 260 1923 299 sonubium),
1944 261 1977 290 id
1998 270 2072 292 esta
2088 275 2168 294 sono.

224 288 280 336 All
305 304 384 345 quod
402 303 537 342 pertinet,
568 300 594 327 si
616 299 706 328 arbor
727 308 828 340 sponte
851 300 1002 330 radicibus
1026 300 1132 338 cadat,
1167 302 1192 330 si
1215 309 1290 331 terra
1315 310 1432 339 tremat,
1464 302 1544 343 quod
1567 303 1614 332 hic
1636 303 1753 332 Aeneae
1764 304 1886 343 factum
1911 303 2050 340 ostendit,
2083 313 2170 335 ante-

225 360 314 388 quam
337 356 404 374 voce
427 342 527 370 divina
550 353 686 381 responsa
707 344 874 382 perciperet.
907 343 987 372 Haec
1010 344 1059 372 ille
1084 344 1298 373 vetustissimus
1321 347 1476 384 interpres.
1498 344 1598 374 Scal.
1630 346 1722 374 Infra:
1747 345 1867 374 Sonivio
1886 346 2033 385 significat
2050 348 2080 376 in
2098 345 2171 376 Car-

226 392 302 419 mine
318 386 445 421 Saliari,
469 385 535 412 ilem
558 386 589 412 in
613 387 821 415 commentario
844 385 995 425 augurali,
1019 388 1143 416 sonanti.
1176 387 1266 415 Aliud
1284 393 1389 427 caput:
1414 387 1566 416 Sonivium
1590 387 1748 428 tripudium
1774 387 1897 425 dicitur,
1924 396 1954 416 ut
1976 390 2019 416 ait
2035 388 2170 426 Pulcher,

225 429 304 471 quod
325 434 421 462 sonet,
446 433 476 454 ut
500 438 563 455 cum
585 426 669 465 pullo
694 426 808 456 excidit
829 427 898 466 puls
919 427 1137 468 quadrupedire
1159 428 1276 469 aliquid
1298 442 1337 459 esr-
1359 442 1416 461 ore.
1461 430 1532 458 Vide
1554 429 1747 460 Solistimum.
1792 428 1899 458 Idem.

388 469 477 497 Sine
500 470 628 498 sacris
650 469 879 499 haereditas.
927 471 1020 499 Veiba
1043 471 1122 499 Festi
1146 471 1314 501 desiderant
1339 472 1426 508 liaeo,
1453 481 1504 501 aut
1527 472 1572 501 his
1595 473 1719 501 similia:
1746 472 1815 501 Sine
1837 473 1931 501 sacris
1952 471 2117 502 haereditas
2139 474 2169 502 in

220 511 373 554 proverbio
400 510 461 540 dici
489 510 577 547 solet,
616 523 679 540 cum
706 510 823 552 aliquid
844 512 987 542 obvenerit
1009 513 1070 541 sine
1092 512 1156 542 ulla
1178 513 1366 543 incommoda
1389 514 1557 554 appendice.
1602 515 1721 544 Plautus
1745 515 1802 543 hoc
1826 515 1917 543 verbo
1943 515 2036 543 utitur
2059 515 2090 543 in
2113 515 2168 543 Ca-

222 555 314 594 ptivis
339 554 406 593 (IV,
434 556 465 588 1,
489 553 548 592 8.):
573 552 643 582 Sine
665 555 757 583 sacris
780 554 986 583 haereditatem
1008 567 1070 584 sum
1094 563 1179 594 aptus
1202 557 1439 597 offer-tissimam;
1463 562 1491 586 et
1514 558 1544 585 in
1562 558 1734 586 Trinummo
1759 556 1814 598 (ll,
1837 557 1871 592 4,
1896 556 1976 597 83.):
2002 556 2097 586 Caena
2114 557 2170 586 Ῐιαο

221 607 341 626 αηηοηα
364 604 405 625 est
427 596 488 624 sine
510 596 603 625 sacris
625 595 796 626 haereditas.
820 597 910 626 Ant.
934 598 1032 636 Aug.
1079 598 1199 627 Veteres
1224 600 1347 627 Romani
1371 599 1517 628 habebant
1540 610 1621 628 sacra
1645 601 1779 639 privata.
1816 610 1889 637 quae
1913 600 2087 628 colebantur
2109 610 2170 628 ma-

221 640 303 668 xima
325 639 486 675 religione,
520 649 627 676 eaque,
665 643 699 667 ut
722 645 867 677 perpetua
890 645 1060 675 manerent,
1095 642 1212 669 familiis
1237 642 1458 680 prodebantur,
1495 648 1529 671 ut
1552 653 1587 670 ex
1611 643 1664 679 leg.
1686 643 1751 671 ΧΗ.
1774 643 1860 672 Tab.:
1899 641 2049 671 SAGRA
2072 640 2170 671 PRI-

224 680 353 710 VATA
377 680 607 710 PERPETUO
629 680 860 711 MANENTO.
905 683 948 710 Ita
974 685 1023 721 qui
1047 682 1257 712 haereditatem
1281 685 1405 712 alicuius
1430 685 1546 721 adibat,
1582 686 1743 722 cogebatur
1772 685 1857 713 etiam
1881 695 1964 713 sacra
1988 684 2050 712 eius
2074 684 2169 713 susci-

221 734 300 762 pere.
341 724 377 752 Et
399 723 456 751 hoc
481 727 543 750 erat
566 723 644 751 inter
667 734 755 752 onera
777 724 980 753 haereditatis.
1021 725 1093 754 Inde
1116 727 1177 754 sine
1200 727 1290 755 sacris
1314 726 1480 756 haereditas
1504 728 1540 756 de
1563 727 1648 756 bonis
1671 728 1707 757 iis
1729 727 1856 764 dicitur,
1886 737 1962 765 quae
1987 727 2097 755 nullam
2119 727 2169 754 in-

223 766 406 794 commodam
430 764 560 792 habeant
581 767 785 804 appendicem.
823 768 917 796 Plaut.
940 768 1022 806 Capt.
1041 768 1095 805 lV,
1120 771 1151 806 1,
1176 770 1239 805 (8.).
1264 769 1350 799 Dac.
1398 770 1440 798 Cs.
1465 771 1622 798 Lambinus
1646 771 1682 798 ad
1707 771 1800 799 Plaut.
1825 771 1907 808 Capt.
1930 770 1949 798 l.
1970 778 1994 798 e.

384 806 557 846 Suppum.
605 809 711 837 Graeci
734 807 842 839 {immi}
866 810 968 838 dicunt
990 811 1132 849 supinum.
1179 811 1278 840 Silvas
1301 817 1398 840 autem
1422 818 1535 842 veteres
1559 813 1727 852 scripsisse,
1753 823 1814 841 non
1837 811 1950 852 sylvas,
1974 811 2071 840 onmia
2095 811 2170 839 anti-

222 860 277 888 qua
301 855 491 878 monumenta
515 854 670 880 testantur.
694 851 783 881 Ant.
806 852 900 891 Aug.
947 853 1056 881 Versus
1081 854 1201 882 Lucilii:

756 893 792 922 Si
812 906 877 923 vero
902 893 974 931 das,
1005 894 1085 935 quod
1108 903 1211 935 rogat,
1247 903 1273 924 ei
1295 897 1321 925 si
1343 897 1466 935 sugger?
1490 908 1634 937 suppum,-

220 935 413 972 signisscatum
437 934 655 973 proverbialem
678 935 784 974 habet,
807 936 864 964 hoc
888 942 946 974 est,
971 937 995 965 si
1019 938 1063 965 illi
1087 948 1124 966 ex
1148 938 1290 967 sententia
1314 939 1491 977 respondes,
1515 941 1538 967 si
1562 940 1633 978 quid
1658 944 1757 978 optat,
1782 939 1861 968 facis.
1895 937 2012 979 Suppus
2035 943 2078 967 est
2101 947 2170 977 pars

220 978 272 1006 tali
296 978 416 1014 lusorii,
454 987 529 1015 quae
552 978 664 1007 Graece
687 976 791 1014 ὕπτιος
814 979 932 1010 dicitur.
977 981 1048 1008 Cum
1070 981 1149 1009 talus
1172 982 1211 1009 ita
1235 981 1370 1017 caderet,
1409 987 1440 1009 ut
1464 982 1568 1020 supina
1592 993 1676 1021 pars,
1715 992 1788 1020 quae
1810 981 1994 1018 vocabatur,
2031 980 2170 1020 superior

220 1025 311 1056 esset,
336 1024 399 1049 erat
421 1020 496 1048 felix
518 1020 622 1049 iactus
663 1020 758 1060 Suppi
780 1022 913 1050 meminit
934 1022 1077 1051 Isidorus.
1100 1022 1201 1052 Scal.
1246 1024 1335 1061 Lege:
1370 1022 1516 1052 Videlicet
1538 1035 1592 1063 pro
1618 1023 1819 1064 adspiratione
1839 1031 1976 1062 ponentes
1999 1022 2113 1052 literam
2137 1021 2169 1051 S.

221 1061 337 1102 Suppus
360 1068 404 1091 est
428 1073 443 1091 a
469 1063 582 1091 Graeco
607 1061 713 1099 ὕπτιος
736 1064 829 1092 eiecto
852 1077 881 1101 τ,
905 1062 1011 1101 ῧπιος,
1034 1062 1128 1102 ὗπός,
1151 1078 1253 1105 supas,
1275 1078 1391 1106 suppus.
1415 1066 1501 1098 Duc.
1531 1067 1607 1096 Vide
1629 1068 1733 1097 Isidor.
1751 1067 1866 1102 XVIII,
1890 1067 1940 1097 65.
1967 1064 2071 1095 Goth.
2108 1064 2170 1093 Po-

219 1112 315 1133 nentes
343 1103 466 1134 literam.
511 1104 651 1134 Ponentes
674 1105 698 1134 S
720 1105 851 1144 literam,
886 1108 925 1136 ita
955 1108 1036 1146 lego,
1072 1112 1100 1137 et
1123 1119 1137 1136 a
1162 1119 1207 1137 me
1231 1113 1290 1145 est,
1326 1109 1354 1137 id
1386 1109 1464 1147 quod
1491 1110 1598 1148 scripsi
1619 1110 1648 1138 in
1673 1109 1766 1138 Semis
1789 1114 1818 1138 ct
1841 1108 1952 1147 Serpsit
1974 1113 2003 1137 et
2024 1108 2055 1136 in
2075 1107 2169 1136 verbo

219 1146 312 1176 Sulci.
355 1146 463 1175 Idem.

383 1189 613 1228 Sempronia.
638 1188 704 1229 (Ad
728 1190 861 1231 p.238.)
886 1192 1011 1222 Videtur
1032 1193 1226 1232 repetendum
1250 1204 1312 1222 esse
1336 1193 1460 1222 verbum
1483 1193 1586 1223 horrea
1608 1199 1677 1233 post
1701 1194 1825 1222 verbum
1844 1192 1980 1234 fuerunt.
2024 1191 2170 1230 Loquitur

220 1235 318 1260 autem
341 1231 377 1260 de
401 1232 463 1270 lege
486 1232 690 1261 frumentaria
715 1235 745 1261 C.
768 1234 914 1271 Gracchi,
951 1235 987 1264 de
1012 1245 1068 1274 qua
1093 1236 1195 1265 Cicero
1219 1236 1339 1265 Tuscul.
1363 1236 1477 1265 hb.111.
1499 1238 1611 1275 (e.20.)
1635 1241 1663 1265 et
1686 1237 1764 1267 Flor.
1787 1236 1864 1276 Epit.
1881 1238 1932 1266 60.
1962 1235 2049 1265 Ani.
2071 1233 2169 1272 Aug.

219 1273 303 1303 Adde
325 1274 422 1303 Beier.
445 1274 483 1302 ad
507 1275 600 1304 Cicer.
625 1275 710 1303 Oslic.
728 1276 772 1313 ΙΙ,
796 1280 852 1314 21,
877 1280 928 1308 72.
951 1288 1016 1316 pag.
1033 1279 1100 1310 140.

383 1315 524 1345 Statua
553 1324 607 1346 est
629 1316 750 1347 Ludii
776 1320 862 1349 eius.
886 1317 945 1359 (Ad
968 1319 1097 1361 p.238.)
1121 1320 1197 1349 Hinc
1220 1320 1429 1358 intelligendus
1453 1321 1536 1350 locus
1558 1321 1628 1350 Pub.
1652 1321 1798 1359 Victoris,
1832 1321 1882 1360 qui
1905 1321 1933 1349 in
1959 1325 2062 1350 octava
2086 1318 2170 1347 urbis

218 1358 338 1396 regione
361 1359 404 1387 sie
426 1358 543 1388 scribit:

838 1403 927 1433 Ficus
948 1403 1121 1434 Ruminalis
1143 1412 1168 1433 et
1192 1403 1343 1442 Lupercal
1363 1404 1504 1444 Virginis.

840 1445 983 1475 Columna
1007 1459 1072 1477 cum
1095 1454 1194 1476 statua.
1221 1446 1265 1476 M.
1287 1444 1389 1475 Ludii.

840 1487 1049 1520 Graecostasi&

218 1526 298 1555 Ilaec
323 1527 399 1555 enim
424 1532 469 1556 est
492 1528 629 1556 columna
653 1533 681 1557 et
703 1533 816 1567 statua,
855 1531 892 1559 de
916 1542 972 1569 qua
996 1531 1046 1560 hic
1069 1532 1182 1562 Festus.
1229 1532 1374 1567 Quamvis
1399 1531 1434 1560 de
1456 1530 1514 1560 hoc
1538 1532 1631 1560 Ludio
1654 1531 1728 1561 nihil
1751 1532 1823 1561 alibi
1846 1542 1891 1561 me
1913 1532 2017 1570 legisse
2040 1530 2168 1559 memini.

218 1569 295 1597 Illud
318 1574 434 1598 tantum
458 1575 589 1607 constat,
618 1575 684 1600 ante
707 1571 822 1600 Ancum
846 1573 985 1601 Martium
1008 1573 1134 1609 vixisse,
1158 1573 1209 1611 qui
1232 1574 1399 1602 Ianiculum
1422 1574 1490 1602 urbi
1514 1575 1643 1610 addidit,
1673 1575 1722 1603 ubi
1746 1575 1842 1614 primo
1865 1575 1961 1603 fuerat
1984 1573 2031 1602 hic
2054 1573 2168 1602 Ludius

218 1612 362 1650 sepultus,
406 1613 481 1641 Nam
504 1618 619 1642 veteres
642 1614 782 1650 Romani,
819 1615 873 1643 nisi
898 1626 934 1644 ex
957 1616 1101 1655 prodigiis
1125 1620 1154 1644 et
1176 1616 1366 1645 oraculorum
1389 1616 1540 1655 responsis
1570 1617 1818 1653 admonerentur,
1857 1622 1890 1645 ut
1911 1617 1960 1645 hic
1982 1617 2093 1644 factum
2115 1621 2168 1651 est,

217 1654 294 1682 intra
318 1654 422 1683 urbem
447 1655 593 1684 neminem
617 1656 800 1694 sepelibant,
826 1663 942 1695 praeter
964 1659 1053 1687 duces
1078 1669 1144 1694 eos,
1177 1659 1227 1696 qui
1250 1659 1281 1686 in
1305 1659 1420 1698 proelio
1445 1669 1500 1697 pro
1523 1669 1585 1697 rep.
1608 1659 1699 1688 vitam
1723 1660 1898 1696 amiserant,
1921 1664 1954 1687 ut
1977 1658 2065 1687 Nauti
2087 1661 2116 1686 et
2135 1659 2168 1687 T.

219 1695 319 1724 sicinii
341 1697 498 1726 consulatu
522 1698 627 1736 Opiter
645 1699 800 1737 Verginius
823 1700 991 1738 Tricostus,
1016 1701 1152 1730 Valerius
1175 1701 1338 1739 Laevinus,
1362 1702 1518 1730 Postumus
1543 1702 1692 1730 Cominius
1716 1703 1891 1737 Auruncus,
1915 1701 2023 1740 aliique
2044 1700 2171 1729 Tribuni

219 1738 360 1768 militares
382 1740 517 1778 proxime
540 1741 652 1768 circum
677 1742 823 1771 combusti
846 1748 931 1780 sunt,
969 1749 1002 1772 ut
1024 1754 1114 1783 supra
1137 1743 1240 1772 Festus
1262 1749 1332 1783 post
1351 1743 1493 1773 Novalem
1517 1755 1630 1784 agrum.
1662 1744 1746 1773 Dac.
1791 1745 1834 1773 Cf.
1858 1754 1948 1783 supra
1971 1744 2006 1773 ad
2031 1754 2059 1773 v.
2080 1742 2171 1772 Noun·

220 1780 387 1818 consulatu,
411 1792 475 1820 pag.
489 1784 561 1814 536.
575 1793 635 1821 seq.

382 1823 575 1854 Servilius
604 1824 723 1856 lacus.
771 1826 861 1856 Vicus
890 1828 1022 1865 iugarius
1046 1829 1076 1857 in
1101 1833 1207 1857 octava
1229 1828 1316 1857 Urbis
1338 1828 1458 1866 regione
1481 1840 1496 1857 a
1520 1828 1640 1857 Victore
1663 1833 1863 1866 inemoratur3
1898 1828 1976 1857 idem
2000 1833 2028 1857 et
2050 1827 2170 1857 Thura-

222 1863 298 1900 rius,
320 1865 374 1893 ubi
396 1872 466 1896 sunt
488 1877 554 1895 arae
578 1868 650 1906 Opis
674 1873 703 1896 et
725 1869 840 1898 Cereris
864 1880 929 1898 cuni
954 1871 1038 1908 signo
1062 1871 1226 1901 Vertumni.
1256 1872 1404 1907 Tuscum,
1427 1871 1550 1910 opinor,
1573 1877 1661 1899 vocat
1678 1871 1772 1900 Varro
1795 1872 1857 1910 (lib.
1871 1871 1905 1900 V.
1922 1871 2012 1910 p.51.
2032 1871 2077 1899 ed.
2095 1869 2168 1908 Sp.).

224 1904 358 1935 Diversus
382 1914 444 1937 erat
467 1920 482 1937 a
505 1910 573 1937 vico
597 1911 807 1948 unguentario,
832 1912 883 1950 qui
905 1913 934 1941 in
958 1913 1058 1941 eadem
1082 1914 1140 1942 fuit
1162 1914 1299 1951 regione,
1322 1923 1358 1941 ex
1381 1913 1485 1942 eodem
1508 1914 1637 1943 Victore.
1669 1914 1753 1942 Illum
1776 1919 1874 1942 tamen
1894 1913 2067 1952 Anonymus
2088 1913 2169 1942 urbis

223 1947 331 1993 Romae
353 1949 522 1990 descriptor
545 1962 637 1981 unum
661 1958 690 1982 et
713 1954 839 1982 eundem
863 1955 997 1984 credidit.
1017 1955 1105 1985 Dac.
1140 1954 1175 1984 In
1198 1967 1255 1996 quo
1278 1955 1344 1985 loco
1357 1955 1435 1998 fuit.
1468 1957 1558 1995 Apuli
1581 1962 1609 1985 et
1626 1957 1717 1985 Siculi
1739 1957 1889 1995 religionis
1911 1966 2015 1985 caussa
2037 1955 2169 1984 fontibus

224 1998 285 2016 suis
315 1989 502 2021 simulacrum
524 1994 660 2024 Herculis
689 1997 898 2035 apponebant,
938 1998 1004 2036 quia
1035 1998 1059 2026 is
1088 1998 1218 2026 extincta
1247 1998 1343 2037 hydra
1373 2008 1464 2037 aquas
1488 2004 1675 2037 purgaverat.
1720 1999 1794 2028 Inde
1817 2004 1845 2027 et
1867 1998 2011 2027 Thermae
2032 1998 2169 2027 Himerae

223 2030 307 2077 urbis
329 2032 359 2060 in
382 2034 489 2071 Sicilia,
512 2036 582 2066 item
599 2038 690 2066 Oetae
713 2039 824 2068 montis
847 2045 876 2068 et
899 2040 1037 2078 Pylarum
1061 2041 1091 2069 in
1107 2040 1260 2070 Thessalia
1281 2042 1311 2069 in
1335 2041 1427 2069 tutela
1449 2041 1589 2069 Herculis
1612 2043 1741 2077 suerunt,
1765 2047 1798 2070 ut
1818 2042 1938 2070 Pindari
1961 2046 1989 2070 et
2011 2040 2169 2081 Sophoclis

223 2077 399 2111 interpretes
427 2078 570 2109 scribunt.
614 2081 690 2109 Sunt
720 2087 748 2110 et
769 2083 821 2120 qui
848 2093 950 2111 omnes
981 2082 1124 2112 Thermas
1154 2083 1249 2112 eidem
1278 2093 1341 2112 esse
1370 2089 1499 2112 sacratas
1527 2084 1629 2114 velint.
1675 2084 1836 2113 Herculeae
1858 2083 1990 2112 thermae
2013 2082 2170 2112 Mediolani

224 2114 366 2187 Egbileefflo
376 2116 474 2185 'Izunc
496 2130 607 2150 morem
628 2125 759 2161 respexit
784 2125 821 2153 M.
843 2125 993 2164 Agrippa,
1025 2136 1093 2154 cum
1116 2125 1243 2164 hydram
1267 2126 1362 2166 ipsam
1385 2126 1421 2154 ad
1445 2127 1543 2155 lacum
1565 2126 1724 2156 Servilium
1747 2127 1859 2166 posuit.
1896 2125 2006 2156 Idem.
2037 2125 2089 2157 Eo.
2123 2126 2167 2154 Ab

389 2198 593 2231 Santicum.
639 2206 838 2238 Glossarium:
863 2208 1000 2238 Sonticus
1021 2209 1153 2247 morbus,
1178 2209 1243 2250 ῖερᾶ
1266 2208 1367 2245 νόσος.
1411 2211 1506 2239 Infra:
1530 2210 1654 2241 Sontica
1676 2222 1781 2241 caussa
1803 2210 1912 2240 (licitur
1933 2222 1950 2239 a
1972 2211 2073 2240 morbo
2096 2220 2170 2239 son-

226 2242 300 2288 tico,
335 2241 386 2280 qui
403 2241 485 2289 ‘quid
509 2244 663 2282 gerendum
689 2260 771 2288 agere
792 2262 850 2280 non
869 2253 1019 2291 permittit.
1067 2252 1140 2282 Cato
1170 2252 1206 2282 de
1235 2254 1310 2293 regis
1332 2251 1436 2282 Attali
1463 2252 1663 2292 vectigalibus.
1708 2254 1832 2292 Reliqua
1855 2264 1915 2282 non
1940 2253 2033 2292 potui.
2066 2251 2167 2282 Scal.

227 2284 288 2318 ΩΨ
309 2293 377 2311 vere
399 2293 430 2311 ¹¹¹
453 2294 556 2332 “jussa
580 2292 638 2323 θεῖ,
674 2300 727 2318 cur
750 2293 827 2328 quod
852 2295 995 2331 agendum
1019 2299 1099 2332 erat,
1134 2305 1219 2333 agere
1244 2295 1429 2333 desistimus,
1464 2306 1556 2334 quare
1579 2306 1593 2323 a
1616 2296 1702 2325 Festo
1726 2296 1834 2334 optime
1857 2297 1986 2325 sonticus
2008 2294 2168 2335 exponitur

226 2328 339 2361 certus,
375 2335 443 2354 cum
471 2332 546 2355 iusta
578 2338 674 2358 causa.
720 2332 790 2361 [nde
815 2334 914 2364 Horat.
936 2337 1079 2366 sonticam
1110 2337 1276 2377 chiragram
1306 2339 1414 2366 iustam
1445 2338 1522 2367 dixit
1545 2339 1604 2366 Sat.
1621 2341 1650 2369 7.
1676 2338 1725 2367 lib.
1739 2339 1782 2375 II,
1804 2339 1896 2375 (l5.):
1933 2337 2094 2378 Postquam
2118 2333 2167 2364 illi

227 2368 304 2395 iusta
333 2366 469 2407 chiragra
493 2367 633 2398 Contudit
661 2372 810 2403 articulos.
854 2378 894 2405 De
918 2379 1023 2407 morbo
1048 2380 1162 2408 sontico
1186 2380 1256 2409 vide
1278 2381 1408 2410 Gellium
1430 2380 1481 2409 lib.
1496 2380 1576 2409 XVI.
1601 2391 1664 2420 cap.
1677 2384 1708 2413 4.
1733 2386 1762 2410 et
1783 2381 1833 2409 lib.
1846 2381 1912 2409 XX.
1937 2390 2000 2418 cap·
2015 2383 2042 2411 1.
2076 2377 2164 2406 Dac-

231 2407 289 2446 Qui
311 2416 422 2438 nocent.
458 2411 521 2449 Leg.
543 2413 594 2451 qui
614 2420 695 2442 nocet
720 2414 764 2442 vel
790 2418 840 2454 qui
861 2427 971 2447 noceat.
1017 2419 1127 2450 Idem.
