2263 2668
512 140 578 174 DE
604 137 992 174 SIGNlFlCATIONE
1018 138 1304 178 VERBORUM.
1354 141 1501 176 LIBER
1525 141 1617 176 XIV.
1965 145 2040 182 561

254 230 375 262 Pilea.
419 232 490 262 Ideo
513 233 640 273 pileatos
662 243 712 263 eos
733 237 823 263 vocat
845 231 951 263 Catull.
974 230 1119 271 (XXXH,
1142 233 1201 274 2.):
1222 234 1257 264 A
1276 233 1393 274 pilentis
1415 246 1472 264 non
1494 247 1513 264 a
1532 233 1682 277 fratribus
1698 234 1773 276 pila.
1810 236 1846 266 Et
1868 237 1954 268 Philo
1976 240 2044 280 περὶ

89 270 221 314 dustein·
254 274 326 305 ποτὲ
348 275 379 306 δὲ
400 277 508 312 πίλους
531 276 577 307 ἐπὶ
599 279 652 315 τῆς
674 279 823 315 κεφαλῆς,
854 271 943 306 ὁπότε
965 271 1088 306 ἀσκοῖτο
1112 277 1153 312 εἰς
1177 276 1398 316 Διοσκούρους.
1437 278 1573 306 Celebres
1596 283 1693 307 autem
1716 279 1769 318 pili
1792 279 1939 311 Laconici.
1978 283 2044 312 Pol-

88 316 145 345 lux
167 316 217 346 lib.
230 316 253 347 l.
278 327 342 357 cap.
356 321 405 351 10.
429 318 518 349 Dae.
558 318 645 348 Pilea
672 319 704 347 in
731 324 848 350 neutro.
886 317 938 347 Est
965 317 1055 346 etiam
1083 318 1266 350 femininum.
1306 320 1380 349 Vide
1403 321 1531 350 Nonium
1555 320 1638 360 (pag.
1649 323 1723 352 220.
1746 321 1854 362 Mero.)
1883 324 1914 352 in
1936 323 2043 356 Pileus.

93 357 196 390 Goth.
230 358 373 399 Pugnare.
404 361 541 391 Militare.
584 360 698 392 Idem.

89 442 116 472 A
185 401 376 483 (49013elta.
424 406 550 434 scutum
578 403 669 434 breve
697 405 833 446 loreum,
869 403 994 432 formam
1023 403 1112 433 lunae
1141 404 1322 444 semiplenae
1350 404 1496 442 reserens,
1533 404 1612 434 unde
1639 403 1772 435 lunatam
1801 406 1879 437 dixit
1901 408 2043 448 virgitl.

118 452 162 472 eu.
262 467 268 474 .
290 457 297 474 :

665 489 757 519 Ducit
778 486 1001 519 Amazonidum
1024 486 1135 518 lunatis
1156 489 1276 528 agmina
1296 488 1393 529 peltis.

90 527 214 559 Suidas:
237 525 349 560 πάλ-τον
372 526 461 566 οἷσπὶς
484 531 569 570 οἲτην
591 529 632 571 μὴ
654 533 769 571 ἔχουσα.
803 531 913 560 Passim
937 531 1023 559 etiam
1044 529 1125 570 pelta
1148 542 1203 570 pro
1227 539 1315 563 cetra.
1347 531 1431 560 Unde
1454 531 1515 560 Liv.
1535 530 1587 560 lib.
1600 530 1736 561 XXVIII.
1760 532 1797 568 (c.
1811 533 1867 571 5.):
1890 532 1976 563 Pelta
2000 546 2045 565 ce-

91 577 155 599 trae
175 570 256 600 haud
278 571 430 602 dissimilis
452 581 501 602 est.
538 574 574 602 Et
597 574 648 603 lib.
660 575 772 604 XXXI.
796 574 922 612 (c.36.):
953 571 1100 611 Cetratos,
1123 585 1195 614 quos
1214 573 1358 615 peltastas
1379 581 1487 603 vocant
1510 579 1566 606 etc.
1599 574 1690 603 Peltis
1712 574 1877 605 utebantur
1898 577 2045 606 Macedo-

92 623 160 650 nes,
185 614 354 652 Cretenses,
377 615 457 652 Asri,
480 617 614 656 Hispani.
660 617 747 647 Dae.

257 656 392 688 Picati.
416 658 473 695 (Ad
490 671 518 698 p.
533 661 616 697 196.)
638 660 728 699 Apud
743 658 925 698 Hesychium
940 657 1025 696 φίκα,
1044 658 1119 698 φίγα
1132 663 1161 687 et
1178 659 1300 698 σφίγγα.
1325 658 1472 688 Hesiodus
1488 658 1516 686 in
1533 658 1703 697 Theogonia
1718 657 1837 700 (326.):
1857 656 1928 698 cpln’-
1943 655 2044 700 ὀλοήν.

93 698 277 738 Lycophron
299 700 330 729 in
352 700 409 729 fine
431 701 633 731 Alexandrae:
658 704 777 741 φίκειον
798 703 894 742 τέρας.
931 701 1021 731 Picus
1043 711 1116 729 vero
1140 712 1196 740 pro
1216 701 1321 741 phicas
1344 701 1420 737 dici,
1444 706 1477 729 ut
1497 700 1609 730 Poenos
1630 708 1656 730 et
1673 701 1769 741 Alpes
1791 708 1820 732 et
1842 701 1994 742 Pilippum
2017 708 2047 732 et

93 741 266 781 triumpurn,
287 743 474 773 manifestum
497 750 550 774 est.
587 745 667 774 Haec
689 746 775 774 etiam
797 745 920 774 Fulvius
942 749 1049 773 noster.
1072 743 1162 775 Ant.
1185 744 1280 783 Aug.
1325 743 1485 782 Sphingem
1507 754 1522 772 a
1548 743 1673 772 Doribus
1694 743 1814 784 phicam
1837 745 1956 782 vocari,
1980 756 2046 774 cer-

93 787 159 812 tum
182 789 234 814 est.
272 785 401 825 Hesych.
426 787 515 828 φίγα,
545 788 637 826 (pinu,
667 790 788 829 σφίγγα.
825 788 863 816 Et
886 787 971 816 etiam
995 797 1095 822 mons,
1125 797 1212 825 quem
1236 787 1286 814 illa
1309 786 1482 822 insedebat,
1510 785 1629 824 pllicius
1651 786 1761 817 dictus.
1804 787 1924 816 Hesiodi
1946 788 2046 819 Schol.

94 826 127 854 in
150 826 252 866 Aspidi
276 833 304 857 et
325 829 356 858 in
379 829 531 868 Theogon.
553 836 583 859 et
605 830 705 862 Sehol,
728 830 863 870 Euripid.
885 830 914 858 in
938 828 1122 866 Phoenissis,
1155 830 1206 867 qui
1230 829 1314 858 addit
1336 828 1496 868 Sphingem
1520 828 1629 857 habere
1652 829 1756 858 faciem
1780 829 1912 868 puellae,
1942 835 2047 869 pectus

94 873 125 898 et
146 870 238 909 pedes
260 871 363 902 leonis.
407 873 461 901 Cui
490 874 638 903 consentit
660 873 759 903 Schol.
784 872 935 912 Aristoph.
958 872 989 901 in
1013 872 1111 902 nanis.
1156 873 1246 900 Porro
1269 871 1347 901 banc
1369 881 1473 900 vocem
1494 870 1584 910 phica
1605 871 1710 900 Boeoti
1733 882 1748 899 a
1771 871 1968 901 Phoenicibus
1991 883 2047 901 ac-

95 921 218 951 cepere,
255 914 363 952 quibus
385 914 510 944 Picceha
534 916 583 945 vel
605 916 731 955 phiccaa
755 917 887 955 sapiens,
922 915 1072 950 oculatus,
1110 914 1234 943 auritus.
1278 915 1314 943 Et
1337 915 1379 942 ita
1402 913 1554 953 sphingem
1578 914 1680 943 dixere
1703 919 1827 953 propter
1850 915 2048 953 sagacitatem,

96 955 163 993 quia
186 956 294 985 mulier
316 957 374 986 fuit
395 959 580 994 acutissima,
605 969 681 997 quae
704 969 756 998 per
778 957 909 997 gryphos
933 963 962 987 et
985 958 1148 996 aenigmata
1171 957 1433 986 solertissimorum
1457 956 1502 985 sui
1525 956 1589 984 aevi
1611 957 1727 994 ingenia
1752 957 1915 988 exercebat.
1957 958 2048 987 Plura

94 997 166 1026 vide
188 999 269 1037 apud
292 999 472 1030 Bochartu'm
495 1002 527 1030 in
551 1000 691 1030 Chanaan
714 1002 765 1030 lib.
778 1002 799 1030 Ι,
821 1011 884 1040 cap.
901 1003 950 1032 16.
974 1000 1065 1029 Dae.
1097 999 1172 1028 Vide
1196 1001 1304 1029 Graev.
1327 1000 1405 1028 Lect.
1429 999 1496 1028 Hes.
1521 1001 1612 1031 c.22.
1636 1009 1664 1038 p.
1680 1002 1749 1032 109.
1779 1000 1822 1029 Cf.
1847 999 1934 1029 etiam
1957 1001 2048 1030 Creu-

97 1049 159 1068 zer.
182 1041 337 1080 Symbolik
360 1053 388 1072 u.
411 1044 507 1083 Myth.
528 1049 599 1073 tom.
615 1045 636 1073 I.
660 1054 726 1083 pag.
740 1044 813 1076 496.
838 1048 866 1072 et
889 1044 940 1082 qui
961 1042 1002 1071 ibi
1025 1047 1095 1071 sunt
1116 1042 1210 1073 citati.

260 1082 486 1118 Petulantes.
511 1086 570 1127 (Ad
587 1098 616 1126 p.
631 1087 714 1127 196.)
736 1087 790 1116 Illa
814 1086 905 1116 verba
928 1093 954 1115 et
976 1086 1142 1125 cornigeras
1165 1091 1270 1114 norunt
1293 1091 1398 1112 matres
1414 1084 1541 1124 agnique
1552 1081 1664 1123 petulci
1679 1083 1719 1112 ita
1736 1084 1890 1114 scribenda
1905 1090 1991 1123 sunt,
2017 1090 2050 1115 ut

96 1129 166 1165 post
178 1124 216 1154 Et
233 1127 421 1166 relinquatur
444 1130 571 1169 spatium
595 1134 698 1169 aptum
722 1129 792 1158 huic
814 1129 926 1158 nomini
941 1127 1114 1158 Lucretius:
1137 1127 1245 1156 deinde
1269 1136 1387 1155 carmen
1410 1126 1574 1162 scribatur,
1598 1126 1677 1164 quod
1705 1126 1791 1155 etiam
1812 1128 1944 1157 refertur
1960 1139 1976 1157 a
1991 1128 2051 1157 Ma-

97 1167 178 1197 crob.
195 1168 247 1199 lib.
262 1169 310 1199 Vl.
325 1172 445 1201 Saturu.
458 1182 495 1201 ex
511 1173 627 1203 Lucret.
642 1172 693 1201 lib.
705 1172 741 1200 Π.
756 1171 868 1211 (367.)
898 1171 1011 1200 Afranii
1034 1181 1151 1209 quoque
1168 1170 1286 1198 videtur
1301 1179 1362 1198 esse
1380 1169 1408 1197 in
1427 1169 1485 1197 fine
1502 1168 1685 1197 mendosum.
1701 1169 1789 1198 Ant.
1805 1169 1900 1210 Aug.
1930 1171 2005 1209 Lego
2019 1171 2052 1199 in

94 1211 170 1240 fine:
189 1210 314 1251 pedibus
336 1214 526 1244 convibravit.
557 1215 630 1243 Nam
652 1214 768 1244 vibrare
789 1219 893 1244 neutra
916 1213 1129 1251 significatione
1152 1223 1264 1242 novum
1286 1222 1347 1240 non
1370 1216 1428 1248 est,
1453 1211 1504 1240 sed
1522 1211 1674 1240 veteribus
1692 1211 1924 1241 usitatissimum.
1948 1211 2050 1243 Scal.

97 1253 239 1283 Petulans
258 1260 287 1283 et
301 1255 439 1286 Petulcus
462 1268 478 1286 a
500 1258 648 1296 petendo,
671 1262 705 1286 ut
727 1256 763 1285 ab
786 1256 899 1286 hiando
920 1256 1051 1285 hiulcus.
1084 1256 1190 1285 Cicero
1213 1256 1250 1284 de
1268 1254 1393 1294 Republ.
1416 1254 1466 1282 lib.
1480 1254 1529 1285 IV.
1559 1254 1662 1292 Itaque
1685 1265 1701 1283 a
1724 1255 1853 1292 petendo
1876 1255 2052 1294 petulantia,

97 1307 114 1326 a
136 1297 310 1336 procando,
333 1298 363 1327 id
385 1304 427 1328 est
449 1300 617 1339 poscendo,
640 1300 805 1339 procacitas
826 1299 980 1328 nominata
1003 1303 1055 1327 est.
1079 1298 1135 1327 Da
1148 1311 1172 1329 c.
1211 1299 1344 1335 Nugatur
1368 1297 1516 1334 Scaliger,
1541 1307 1608 1326 cum
1632 1297 1672 1325 ait
1694 1296 1809 1326 vibrare
1831 1304 1860 1326 et
1882 1297 2054 1327 convibrat-c

96 1344 206 1368 neutra
229 1340 445 1378 significatione
467 1343 619 1371 veteribus
641 1342 791 1381 usurpari.
836 1343 910 1371 Nam
934 1352 1051 1380 semper
1074 1342 1203 1370 activum
1227 1346 1270 1369 est
1293 1345 1321 1369 et
1344 1339 1579 1377 subintelligitur
1602 1351 1646 1376 se,
1671 1344 1703 1368 ut
1725 1338 1783 1368 hic.
1823 1339 1919 1369 Porro
1941 1340 2055 1369 fallitur

98 1382 186 1411 etiam
199 1382 319 1419 Festus,
343 1394 410 1413 cum
431 1383 565 1424 petulcus
587 1386 803 1424 interpretatur
825 1385 968 1414 velocem.
1001 1384 1075 1412 Nam
1099 1384 1225 1423 pedibus
1248 1383 1438 1411 convibravit
1461 1383 1544 1420 quasi
1567 1382 1720 1421 petulcus,
1743 1381 1801 1410 hoc
1824 1387 1868 1411 est
1890 1392 1953 1412 sese
1976 1383 2055 1412 foras

97 1425 265 1465 proripuit,
290 1426 418 1465 pedibus
440 1428 470 1455 in
495 1428 587 1458 altum
611 1429 712 1464 elatis,
742 1427 826 1466 quasi
848 1428 945 1456 solent
968 1427 1094 1466 petulci,
1124 1427 1174 1466 qui
1198 1427 1323 1465 pedibus
1348 1430 1465 1464 petunt.
1508 1425 1616 1453 Tamen
1640 1434 1678 1453 ex
1700 1424 1757 1452 hac
1777 1425 1854 1453 Festi
1877 1425 2056 1465 interpreta-

97 1468 179 1497 tione
201 1468 332 1497 Isidorus
353 1468 501 1510 petulcum
524 1482 627 1510 equum
651 1471 815 1510 appellasse
838 1470 960 1499 videtur
983 1470 1131 1505 velocem,
1162 1480 1229 1497 cum
1252 1468 1372 1497 scribit:
1404 1465 1519 1506 petulus
1540 1478 1644 1507 equus,
1675 1468 1726 1506 qui
1747 1466 1834 1496 habet
1856 1466 1940 1497 albos
1959 1467 2055 1508 pedes.

98 1511 204 1539 Scribo
225 1510 365 1551 petulcus.
409 1513 470 1548 Qui
492 1512 582 1542 habet
604 1513 705 1547 albos,
734 1513 764 1541 id
789 1517 832 1541 est
854 1513 958 1548 velox,
989 1509 1090 1552 ἀργός.
1130 1512 1192 1540 Nisi
1215 1511 1315 1550 potius
1338 1510 1528 1539 scribendum
1552 1510 1591 1538 sit
1613 1508 1748 1538 Petulcus
1770 1520 1873 1550 equus,
1899 1512 1950 1550 qui
1972 1509 2057 1539 habet

99 1551 191 1582 elaios
210 1552 306 1593 pedes.
330 1552 440 1583 Idem.
474 1555 548 1583 Vide
570 1555 699 1583 Nonium
724 1556 802 1593 (pag.
816 1557 866 1585 23.
891 1553 993 1592 Mero.)
1017 1554 1047 1582 in
1072 1552 1250 1582 Petulantia.
1286 1552 1399 1581 Glossis
1422 1551 1589 1581 Petulantia
1612 1552 1782 1591 προπετεία.
1809 1550 1913 1582 Goth.
1954 1551 2058 1582 Exili-

97 1596 148 1625 υἰέ.
172 1596 295 1624 Exiluit.
318 1594 430 1626 Idem.
463 1598 560 1625 Locus
586 1598 687 1636 virgil.
711 1602 754 1626 est
778 1598 884 1635 Georg.
901 1596 958 1633 tv,
985 1599 1034 1627 10.
1058 1596 1156 1625 Locus
1180 1596 1296 1625 Lucret.
1313 1596 1358 1632 11,
1382 1597 1454 1626 367.
1489 1595 1532 1623 Cf.
1557 1594 1708 1623 Doderlin.
1732 1595 1802 1633 Syn.
1825 1599 1853 1623 et
1875 1594 1973 1634 Etym.
1993 1596 2056 1626 Lat.

99 1642 170 1666 tom.
183 1638 235 1667 Ill.
258 1648 325 1676 pag.
338 1640 389 1670 39.
406 1649 488 1678 seqq.

267 1687 469 1718 Petrarum.
493 1688 551 1730 (Ad
575 1700 604 1729 p.
619 1688 702 1730 196.)
728 1690 813 1718 Ennii
837 1699 956 1718 versum
980 1690 1020 1718 ita
1043 1690 1125 1727 lego:

680 1740 755 1771 Alte
777 1739 855 1769 elata
879 1752 998 1780 specus,
1021 1742 1166 1781 petrisque
1189 1740 1348 1781 ingentibu'
1372 1748 1457 1770 tecta.

101 1790 174 1819 ltem
198 1789 272 1818 Livii
294 1791 349 1821 ita:
382 1790 432 1820 ubi
453 1790 523 1821 echo
546 1799 626 1831 septa
647 1793 745 1831 petris.
791 1779 917 1821 Deinde:
947 1799 1030 1831 petra
1053 1799 1110 1828 est,
1141 1803 1215 1832 quae
1237 1790 1341 1821 domus
1364 1791 1481 1821 dextra.
1506 1788 1606 1820 Scal.
1653 1788 1736 1828 Quae
1758 1787 1846 1818 Iovis.
1882 1788 1940 1825 Qui
1963 1789 2058 1818 locus.

103 1832 161 1861 Alii
185 1843 259 1872 quae
281 1831 392 1864 domus.
441 1832 546 1864 Goth.

140 1874 149 1882 '
267 1874 458 1905 Petissere.
484 1876 542 1917 (Ad
561 1887 589 1915 p.
604 1875 687 1915 196.)
711 1877 768 1905 Pro
782 1883 936 1916 petessere,
961 1875 1078 1915 saepius
1095 1881 1205 1914 petere.
1237 1876 1305 1913 Quo
1323 1886 1393 1905 usus
1410 1881 1453 1905 est
1470 1875 1573 1904 Cicero
1592 1875 1624 1903 ll.
1639 1874 1761 1904 Tuscul.
1779 1873 1842 1913 (26,
1861 1871 1942 1912 62.):
1964 1871 2061 1912 Apud

102 1929 176 1959 quos
199 1925 294 1948 autem
317 1917 443 1948 venandi
465 1926 490 1948 et
514 1917 667 1959 equitandi
689 1917 754 1948 laus
776 1919 870 1958 viget,
906 1920 958 1959 qui
980 1918 1051 1948 haec
1070 1926 1233 1958 petessunt,
1266 1918 1378 1948 nullum
1393 1918 1519 1959 fugiunt
1542 1916 1680 1948 dolorem.
1712 1917 1801 1946 Dac.
1850 1914 1888 1944 Ut
1907 1915 2059 1954 petissent,

101 1961 217 2001 saepius
235 1967 346 2000 petant.
379 1961 461 1990 Haec
483 1962 556 1990 viris
579 1961 676 1990 doctis
699 1966 836 2000 suspecta
860 1966 945 1998 sunt,
970 1961 1020 2000 qui
1044 1961 1158 1999 legunt:
1183 1969 1214 1990 ut
1236 1959 1394 1998 Pitissant,
1416 1962 1533 2000 saepius
1551 1966 1668 2000 potant.
1698 1959 1827 1989 Frustra.
1856 1957 1959 1996 Neque
1982 1957 2059 1986 enim

100 2004 238 2042 pitissare
260 2008 305 2032 est
327 2004 442 2043 saepius
462 2012 581 2044 potare,
614 2004 666 2033 sed
689 2004 805 2043 saepius
830 2014 971 2043 expuere.
1016 2003 1133 2032 Terent.
1158 2004 1193 2032 de
1217 2004 1372 2033 fastidiosa
1395 2004 1552 2032 meretrice
1574 2001 1766 2042 (Heaut.111‚
1790 2004 1824 2038 1,
1846 1998 1927 2039 49.):

638 2071 680 2077 —·
722 2071 765 2078 —-
809 2071 849 2075 —
891 2051 1058 2094 pitissando
1082 2052 1170 2083 modo
1192 2054 1265 2083 mihi

643 2095 724 2134 Quid
744 2098 806 2126 vini
828 2096 1004 2136 absumpsit,
1027 2097 1071 2125 sic
1092 2096 1149 2125 hoc
1171 2095 1286 2134 dicens,
1309 2107 1451 2136 asperum,

640 2138 745 2176 Pater,
768 2139 824 2169 hoc
846 2146 904 2176 est,
927 2137 1012 2167 aliud
1033 2137 1126 2167 lenius
1147 2138 1249 2177 sodes,
1271 2137 1363 2169 viole?

103 2193 168 2220 Non
192 2190 315 2225 dubito,
345 2190 418 2228 quin
439 2188 489 2218 hic
509 2190 652 2228 petissant
675 2190 814 2219 alicunde
837 2190 967 2218 adducat
989 2189 1108 2225 Festus,
1140 2190 1189 2218 ubi
1212 2190 1327 2229 saepius
1346 2195 1448 2229 petant
1470 2188 1690 2226 interpretatur.
1734 2186 1768 2215 In
1791 2184 1897 2214 Sched.
1920 2191 1952 2213 ut
1974 2184 2056 2212 retis-

102 2241 168 2263 sant
190 2234 306 2273 saepius
326 2239 442 2272 petant,
466 2237 608 2271 corrupte
631 2244 660 2261 re
681 2243 736 2272 pro
757 2244 807 2272 pe,
832 2233 886 2261 nisi
909 2232 993 2260 malis
1016 2232 1149 2260 retissant
1172 2234 1286 2272 saepius
1309 2239 1414 2261 retunt.
1434 2230 1522 2260 Dac.
1552 2231 1589 2259 Et
1611 2234 1708 2258 tamen
1726 2228 1894 2258 Priscianus
1917 2227 1965 2256 lib.
1977 2225 2054 2254 vm.

103 2275 209 2316 (c.14,
233 2285 298 2315 pag.
313 2274 384 2306 414.
409 2279 480 2304 tom.
494 2275 515 2304 l.
539 2273 605 2316 Kr.)
631 2275 679 2303 ubi
703 2276 739 2304 de
763 2275 918 2314 speciebus
941 2274 1101 2303 verborum
1124 2279 1247 2312 tractat,
1278 2280 1365 2313 negat
1387 2272 1559 2302 huiusmodi
1580 2272 1671 2302 verba
1692 2272 1822 2308 facesso,
1853 2278 1987 2309 capesso,
2011 2267 2054 2295 la-

104 2329 202 2356 cesso,
225 2327 345 2347 arcesso
368 2318 586 2356 frequentativa
610 2328 686 2354 esse,
711 2318 761 2347 sed
785 2318 992 2347 desiderativa.
1040 2315 1145 2346 Goth.
2000 2350 2006 2357 ,

270 2360 458 2389 Petrones.
502 2360 613 2399 Supple
641 2361 734 2389 infra:
777 2360 939 2389 Deterrima
969 2370 1099 2400 quaeque
1124 2370 1161 2388 ac
1185 2367 1345 2399 praerupta
1372 2359 1460 2387 etiam
1489 2357 1556 2397 agri
1581 2363 1681 2396 petrae
1701 2362 1858 2390 vocantur,
1888 2358 1919 2380 ut
1941 2360 2053 2389 rupices

103 2402 191 2433 iidem
215 2415 233 2433 a
256 2404 336 2442 rupis
358 2401 465 2431 duritie
487 2401 560 2432 dicu·
581 2411 656 2433 sunt.
702 2403 833 2441 Rustici,
856 2403 974 2442 inquit,
1003 2407 1032 2431 et
1052 2406 1192 2441 petrones
1215 2402 1251 2431 ab
1274 2402 1432 2441 asperitate
1454 2405 1606 2440 petrarum
1629 2403 1659 2428 et
1680 2399 1798 2437 rupices
1821 2406 1836 2424 a
1858 2402 1943 2432 rupe·
1978 2392 2052 2422 Ter-

153 2454 320 2483 GRAMMAT.
340 2464 407 2483 uxr.
429 2453 463 2482 ΙΙ.
1503 2452 1535 2486 Β
1547 2452 1569 2485 b
1584 2452 1605 2485 b
1620 2451 1643 2484 b
