2263 2668
514 113 579 147 DE
605 111 992 147 SIGNIFICATIONE
1020 112 1303 149 VERBORUM.
1357 115 1502 149 LIBER
1528 115 1586 151 111.

82 201 352 237 contubernium
378 203 498 238 dicitur
523 207 813 241 contubernalium
838 206 1011 240 habitatio.

1979 121 2024 154 31

82 263 273 297 conclavia
283 259 307 279 ³⁰
331 263 485 298 dicuntur
511 266 605 307 loca,
648 278 734 309 quae
758 279 822 300 una
848 267 940 300 clave
967 265 1175 299 clauduntur.

83 323 322 368 Contemplari
348 324 473 358 dictum
500 332 548 359 est
574 339 592 359 a
619 329 765 371 templo,
797 327 832 359 id
860 331 906 359 est
932 326 1010 359 loco
1022 322 1057 368 ³¹,
1092 326 1149 369 qui
1173 323 1251 360 ab⁸²
1274 329 1365 361 omni
1392 334 1487 372 parte
1514 326 1660 373 aspici³³‚
1688 330 1740 362 vel
1764 341 1804 362 ex
1826 341 1895 373 quo
1919 331 2023 363 omnis

180 387 255 419 pars
281 375 387 408 videri
409 374 562 421 potest³⁴‚
601 389 701 421 quem
725 378 849 422 antiqui
870 378 1034 421 templum
1061 378 1284 414 nominabant.

82 435 284 469 Comitiales
310 435 380 468 dies
391 433 415 453 ³5
436 438 670 482 appellabant,
704 450 806 482 quum
832 439 866 470 in
893 438 1027 471 comitio
1055 439 1313 478 conveniebant3
1353 439 1409 482 qui
1437 439 1530 473 locus
1557 453 1575 473 a
1604 440 1776 482 coeundo,
1810 441 1844 473 id
1873 446 1921 474 est
1945 442 2023 475 insi-

179 488 249 519 mul
259 483 283 503 ³⁴⁵
304 488 467 521 veniendo
496 494 543 522 est
569 489 676 523 dictus
687 487 720 523 3².

86 547 269 580 calator-es
295 545 524 582 dicebantur3ss
547 550 647 590 servi,
675 546 748 584 dno*
774 549 843 585 τοῦ
869 551 986 585 καλεῖν
997 546 1032 595 ³⁹,
1060 550 1152 594 quod
1180 554 1228 584 est
1254 561 1394 592 vocare,
1423 551 1499 594 quia
1527 563 1658 597 semper
1684 551 1796 584 vocari
1822 559 1956 596 possent
1979 554 2023 586 ob

181 599 406 631 necessitatem
433 600 605 634 servitutis.

83 659 260 693 Comlalas
270 655 293 674 ‘¹⁰
314 659 440 693 anulus.

84 719 291 753 Condalium
319 719 468 752 similiter
494 720 584 753 anuli
610 731 726 764 genus.

86 771 282 804 Contestari
310 777 375 812 est,
415 783 518 814 quuin
545 777 685 815 uterque
711 783 784 804 reus
812 771 909 805 dicit:

969 770 1086 804 Testes
1113 776 1227 806 estole.

83 821 219 855 Codeta
240 833 323 866 ager
333 819 367 862 ⁴¹,
400 822 433 856 in
454 834 521 866 quo
543 824 678 857 frutices
706 824 846 856 existunt
871 823 904 855 in
932 823 1070 857 modum
1097 824 1259 858 eodarum
1269 820 1294 840 4²
1321 820 1559 867 equinarum⁴³.

83 873 290 907 Condictum
316 878 379 916 est,
415 875 510 917 quod
531 875 564 908 in
586 886 763 909 commune
773 872 797 892 ⁴⁴
819 880 867 908 est
893 875 1029 908 dictum.

83 925 225 959 Coclum
254 937 272 957 a
299 926 456 970 cogendo
484 923 647 967 dicitur⁴⁵‚
688 927 764 970 quia
791 927 947 971 cogendo
958 923 983 944 4⁶
1006 922 1224 967 coercetur⁴⁷‚
1266 931 1301 959 ut
1327 926 1371 958 ad
1381 922 1407 942 ⁴3
1430 926 1604 959 utilitatem
1633 925 1786 960 vescendi
1813 926 2026 971 perducatur.

83 976 215 1010 Cocula
241 988 319 1008 vasa
347 989 465 1019 aenea,
500 979 707 1012 coctionibus
735 985 822 1021 apta.

180 1024 266 1060 tui-⁵⁰
289 1029 435 1063 obsonia.

878 978 943 1011 Alii
971 979 1089 1012 cocula
1116 973 1262 1011 dicunt⁴⁹
1283 978 1375 1023 ligna
1402 978 1542 1013 minuta,
1570 977 1688 1020 quibus
1710 978 1808 1011 facile
1833 978 2027 1021 decoquan-

84 1087 218 1120 Colzum
244 1088 369 1128 lorum,
403 1100 470 1132 quo
498 1094 586 1121 temo
613 1089 703 1121 buris
731 1100 808 1122 cum
833 1089 915 1133 iugo
943 1089 1138 1134 colligatur,
1166 1102 1185 1122 a
1207 1089 1401 1123 cohibendo
1425 1089 1560 1123 dictum.

83 1138 219 1173 Collum
243 1145 366 1183 poetae
392 1140 524 1174 coelum
534 1137 559 1157 ⁵¹
581 1141 752 1182 dixerunt,
783 1152 803 1173 a
824 1139 913 1174 chao
924 1137 958 1181 ⁵²,
997 1153 1038 1175 ex
1064 1152 1132 1184 quo
1159 1138 1356 1186 putabant⁵³
1378 1141 1512 1174 coelum
1541 1152 1610 1174 esse
1637 1139 1816 1172 formatum
1826 1136 1860 1174 ⁵⁴.

84 1190 293 1224 Comoedias
319 1197 446 1224 constat
472 1193 635 1236 appellari
662 1203 702 1225 ex
728 1203 787 1234 eo,
836 1192 930 1235 quod
953 1193 1044 1226 initio
1072 1194 1104 1226 in
1128 1194 1207 1227 vicis
1233 1194 1367 1226 iuvenes
1395 1197 1528 1227 cantare
1555 1192 1641 1225 soliti
1670 1196 1776 1224 essent
1802 1192 1919 1224 crebro
1947 1201 2029 1224 con-

181 1243 358 1276 venientes.

83 1302 258 1335 Coclacae
268 1299 292 1319 ⁵⁵
319 1302 472 1335 dicuntur
498 1302 626 1346 lapides
654 1313 693 1334 ex
720 1301 872 1341 flumine,
908 1303 1040 1335 rotundi
1068 1304 1111 1336 ad
1137 1303 1353 1338 cochlearum
1379 1302 1638 1337 similitudinem.

80 1353 246 1387 Cocelnm
256 1350 282 1370 ⁵⁸³
303 1365 408 1398 genus
435 1353 539 1386 edulii
567 1365 606 1387 ex
633 1354 733 1386 melle
761 1358 793 1386 et
818 1365 989 1398 papavere
1012 1356 1148 1388 factum.

82 1405 319 1450 Confugelam
345 1405 470 1448 antiqui
496 1405 692 1450 confugium
719 1405 886 1439 dicebant.

82 1456 322 1501 Compraedes
345 1457 494 1490 eiusdem
518 1458 566 1490 rei
593 1457 724 1501 populo
751 1468 938 1501 sponsores

84 1508 322 1552 Compascuus
348 1520 445 1553 ager,
489 1509 622 1542 relictus
649 1509 692 1541 ad
719 1509 926 1552 pascendum
950 1508 1170 1541 communiter
1197 1507 1308 1541 vicinis
1321 1503 1353 1538 ⁵⁷.

83 1558 311 1604 Compescere
338 1565 385 1592 est
411 1557 533 1592 velut⁵⁸
555 1557 620 1592 in5ss
644 1560 763 1593 eodem
791 1571 917 1604 pascuo
945 1559 1124 1593 continere.

84 1610 297 1655 Compitalia
323 1611 423 1651 festa,
458 1622 545 1654 quae
569 1611 603 1644 in
630 1612 783 1656 compitis
810 1612 1019 1656 peragebant
1029 1608 1063 1643 ⁰⁰.

81 1754 142 1774 esse
159 1753 196 1772 ex
208 1744 316 1773 tabulis
337 1749 366 1772 et
383 1744 575 1774 tabernacula
589 1755 604 1773 a
620 1745 748 1775 tabernis
770 1746 863 1783 dicta,
895 1746 1032 1784 quamvis

81 1797 140 1816 non
158 1797 196 1815 ex
209 1787 335 1824 tabuiis,
359 1787 411 1816 sed
427 1798 462 1817 ex
477 1788 605 1828 pellibus
622 1788 703 1817 fiant.
746 1788 785 1817 At
802 1788 874 1827 quid
890 1793 953 1817 tum
970 1794 1031 1816 ten-

83 1831 162 1858 toria
180 1834 205 1856 el
216 1830 332 1868 pelles?
355 1830 430 1868 Lege
446 1832 583 1859 tentoriis
593 1832 736 1869 pellibus,
774 1832 871 1860 Pelles
888 1833 1033 1859 tentoria-s»

84 1874 101 1901 i.
124 1882 146 1901 e.
169 1871 261 1910 pelles
286 1871 330 1900 ad
351 1875 480 1901 tentoria
504 1879 593 1912 apta-9
623 1879 833 1903 commemorat
856 1874 1032 1903 Valerianus

82 1914 161 1954 apud
173 1914 349 1944 Trebellion.
364 1915 395 1943 in
408 1916 585 1945 vit.‹Clauc1ii
602 1927 666 1956 cap.
678 1917 725 1948 14.
739 1918 870 1954 pellium
886 1917 1030 1944 tentoria-

82 1968 157 1986 rum.
202 1957 330 1992 Quidam
352 1958 543 1987 coniecerunt
562 1959 628 1987 licet
655 1964 682 1986 et
704 1961 833 1987 tentoria
855 1970 887 1987 ex
899 1958 1031 1997 pellibus

74 2002 166 2038 fiant.
211 1999 286 2028 Scal.
305 2000 373 2027 licet
398 2011 430 2028 ex
451 2003 541 2029 tentis
557 2002 692 2039 pellibus
704 2003 800 2040 fiant.
845 2002 937 2030 Error
961 2000 1030 2028 inde

83 2047 166 2071 ortus
188 2047 247 2076 est,
279 2042 358 2081 quod
376 2043 468 2081 pelle-s
489 2046 633 2071 tentorias
655 2054 712 2072 non
733 2044 943 2073 intellexerunt
958 2043 1029 2070 scri-

82 2085 144 2114 bae.
168 2101 210 2106 —
231 2083 277 2124 30)
298 2085 473 2125 Conclmia]
491 2084 641 2115 Concha-a
655 2087 688 2116 B.
704 2087 801 2118 Gu.1.
824 2103 866 2108 --—
888 2087 936 2123 31)
954 2084 1030 2124 loco]

83 2138 102 2155 a
117 2128 180 2155 loco
198 2127 253 2155 Gu.
272 2129 298 2158 1.
324 2143 364 2148 —
386 2129 430 2165 32)
454 2128 508 2166 ab]
533 2139 589 2157 om.
608 2129 637 2158 L.
662 2145 704 2150 ——
726 2131 773 2164 3-5)
797 2127 912 2166 aspici]
930 2132 1031 2165 potest

83 2170 149 2198 add.
166 2170 197 2197 L.
220 2184 263 2190 —
284 2171 328 2207 34)
346 2170 462 2210 potest]
482 2172 578 2208 possit
596 2171 628 2199 B.
654 2188 689 2191 —
715 2173 760 2208 35)
784 2169 865 2208 dies]
889 2170 934 2197 bis
949 2169 1031 2208 posi-

82 2217 144 2241 tum
159 2216 201 2240 est
217 2211 244 2239 in
260 2212 316 2241 Gu.
328 2215 372 2248 1.,
396 2222 454 2240 non
470 2217 566 2241 tamen
582 2223 619 2242 ex
636 2222 744 2242 errore.
780 2213 855 2240 Tum
873 2212 948 2240 enim
964 2222 1032 2240 con-

83 2254 228 2293 iungenda
255 2259 323 2282 sunt
347 2255 436 2283 verba
458 2255 515 2285 ita:
554 2255 729 2284 Comitiales
756 2253 835 2291 dim,
871 2254 936 2282 die-s·
962 2265 1031 2293 app.

81 2297 147 2326 Hoc
161 2301 220 2333 est,
245 2298 269 2323 li
285 2296 348 2324 die-5*
364 2308 433 2336 app.
454 2313 495 2318 —
516 2299 564 2335 36)
579 2296 719 2337 insimul]
735 2298 828 2325 simul
843 2297 872 2327 L.
887 2297 922 2326 B.
935 2298 991 2326 Gu.
1003 2300 1031 2329 1.

81 2356 123 2362 -
146 2338 193 2380 37)
217 2345 258 2367 est
277 2338 391 2379 dictus]
415 2339 515 2368 dictus
531 2346 571 2368 est
589 2341 621 2369 B.
645 2356 687 2361 —
708 2338 754 2378 38)
778 2339 966 2379 dicebantur]
984 2339 1031 2368 di-

85 2388 192 2410 cuntur
209 2382 264 2410 Gu.
279 2384 305 2412 1.
331 2400 365 2404 -
392 2384 437 2418 39)
455 2379 516 2413 cino*
529 2384 584 2413 τοῦ
597 2382 708 2421 καλεῖν]
725 2388 814 2420 apoto
830 2383 915 2411 kalt'n
929 2384 1028 2415 Gu.2.

1077 1755 1135 1774 απο
1155 1754 1187 1773 το
1207 1745 1275 1772 κλιν
1298 1740 1336 1769 Μ.
1382 1736 1440 1768 ἀπὸ
1463 1740 1517 1768 τοῦ
1542 1748 1598 1766 om.
1623 1747 1683 1775 pr.‚
1723 1744 1798 1773 quae
1821 1733 1911 1765 habet
1934 1733 2026 1763 (saltn.

1077 1788 1188 1815 Graeca
1211 1795 1267 1812 om.
1284 1784 1313 1812 L.
1334 1782 1390 1809 Gu.
1406 1784 1433 1812 1.
1458 1797 1498 1802 -
1524 1782 1570 1816 40)
1598 1777 1774 1816 Condulus]
1798 1777 1847 1807 Sic
1860 1776 1893 1805 B.
1910 1775 1950 1805 M.
1968 1775 2026 1806 .Gu.

1077 1833 1104 1860 1.
1117 1832 1148 1861 2.
1167 1837 1212 1866 pr.
1227 1828 1255 1855 S.
1294 1823 1390 1862 Comi)
1399 1824 1449 1851 lus
1465 1823 1545 1861 vulg.
1568 1839 1609 1846 -—
1631 1824 1676 1855 41)
1699 1819 1783 1859 ager]
1799 1825 1841 1849 est
1859 1829 1931 1857 ager
1944 1818 2027 1847 B,—

1074 1870 1120 1909 42)
1144 1868 1310 1906 codar-um]
1337 1865 1510 1895 caudarum
1524 1866 1557 1897 B,
1577 1866 1633 1894 Gu.
1651 1867 1679 1895 1.
1703 1880 1743 1884 -—-
1765 1863 1812 1900 43)
1836 1859 2027 1900 equinarum]

1075 1912 1110 1941 id
1128 1918 1169 1939 εει
1192 1913 1246 1949 qni
1269 1909 1388 1938 caudas
1408 1911 1534 1948 equinas
1558 1911 1740 1947 representat
1762 1905 1830 1933 add.
1851 1904 1884 1933 L.
1913 1919 1954 1951 —·
1979 1904 2028 1937 44)

1075 1953 1240 1992 commane]
1255 1954 1407 1981 communi
1420 1952 1454 1982 B.
1470 1952 1562 1983 Gu.1.
1575 1962 1622 1991 pr.
1643 1964 1686 1972 -
1707 1947 1755 1988 45)
1768 1945 1894 1984 dicitur]
1911 1944 2028 1973 dzctam

1075 1999 1106 2027 L.
1121 1998 1177 2026 Gu.
1194 2000 1220 2028 1.
1242 2013 1284 2018 -—
1304 1994 1350 2035 46)
1373 1994 1515 2034 cogendo]
1541 1991 1690 2034 coquendo
1706 1991 1762 2019 Gu.
1775 1993 1801 2021 1.
1847 1987 1978 2018 coeundo
1994 1988 2027 2016 L.

1075 2041 1107 2068 ss.
1130 2055 1172 2060 —
1193 2038 1239 2079 47)
1262 2037 1430 2078 coercetur]
1454 2043 1606 2066 coercetur
1627 2036 1683 2066 Gn.
1698 2037 1726 2066 2.
1771 2037 1921 2062 coartetur
1933 2032 1962 2060 S.
1985 2046 2026 2052 -

1074 2084 1121 2117 43)
1138 2081 1195 2121 ad]
1210 2092 1268 2112 om.
1281 2081 1316 2110 B.
1342 2098 1378 2103 -
1402 2082 1449 2117 49)
1473 2081 1581 2109 cocula
1594 2076 1711 2115 dicunt]
1730 2074 1837 2104 dicunt
1852 2085 1912 2103 coc.
1929 2073 2026 2105 Gu.1.

1074 2141 1115 2146 --
1137 2126 1182 2162 50)
1204 2123 1422 2164 decoquantur]
1446 2128 1616 2162 coquantur
1632 2122 1664 2149 L.
1687 2135 1729 2142 -
1751 2116 1801 2159 51)
1824 2115 1949 2155 coelum]
1967 2126 2024 2146 om.

1075 2168 1106 2197 L.
1129 2183 1171 2188 -—
1193 2166 1238 2205 52)
1262 2167 1348 2202 chao]
1372 2167 1422 2195 Sic
1437 2167 1476 2196 M.
1493 2167 1552 2195 Gu.
1567 2169 1596 2198 2.
1633 2164 1725 2192 chao-s·
1741 2162 1822 2200 vulg.
1844 2177 1886 2183 ·—
1907 2159 1953 2198 53)
1965 2169 2025 2197 pzo-

1074 2209 1193 2250 rabant]
1205 2216 1321 2248 patant
1336 2210 1367 2240 L.
1388 2225 1431 2231 —·
1450 2212 1496 2245 54)
1504 2205 1694 2246 formatum]
1703 2206 1864 2244 firmatum
1878 2203 1910 2233 L.
1928 2202 1983 2230 Gu.
1995 2202 2022 2232 1.

1073 2269 1115 2274 -
1135 2251 1184 2291 55)
1210 2251 1366 2290 Coclacae]
1396 2251 1584 2282 Coclmlacae
1599 2250 1636 2280 M.
1663 2265 1698 2275 -v-
1723 2247 1768 2287 56)
1795 2244 1950 2282 cocetum]
1974 2242 2024 2271 Su*

1074 2295 1130 2326 Gu.
1147 2297 1173 2327 1.
1188 2297 1216 2324 S.
1263 2296 1417 2325 Cocceium
1438 2295 1520 2334 vulg.
1541 2311 1576 2320 -r-
1597 2293 1647 2332 57)
1670 2290 1714 2320 ad
1729 2288 1917 2330 pascendum
1938 2294 2022 2313 com-

1072 2339 1204 2366 maniter
1213 2339 1336 2378 vicinis]
1359 2349 1463 2367 comm.
1479 2339 1570 2367 νίοἰη.
1586 2334 1630 2364 ad
1638 2344 1726 2374 pase.
1739 2334 1773 2362 B.
1794 2348 1835 2355 --
1859 2332 1906 2366 58)
1929 2324 2021 2362 velut]

1073 2381 1167 2409 veluti
1179 2381 1210 2411 B.
1233 2398 1274 2405 --
1292 2379 1344 2422 59)
1368 2381 1418 2420 in]
1439 2391 1499 2411 om,
1515 2381 1573 2409 G-u.
1589 2382 1617 2409 1.
1631 2388 1676 2416 pr.
1700 2393 1737 2398 -
1761 2377 1807 2411 60)
1826 2363 2020 2411 peragcleant]
