2263 2668
754 117 987 154 EXEMPLA
1020 116 1392 154 ELOCUTIONUM.
1977 129 2052 164 235

98 215 217 249 lunare
239 213 334 248 illum
360 213 484 249 locum.
512 212 606 258 Virg.
632 212 718 249 Aen.
743 210 851 247 V1.²⁰:
877 212 942 247 Bis
968 210 1115 257 Stygios
1140 212 1265 246 innare
1294 213 1404 249 lacus.
1430 214 1526 249 Idem
1554 216 1684 262 Georg.
1711 218 1754 252 ΙΙ.
1767 215 1806 253 ²¹:
1843 219 2046 258 Torrentem

198 266 332 298 undum
359 265 444 299 levis
470 266 606 298 innatat
639 265 751 300 alnus.
803 265 921 298 Innare
954 263 1013 296 illo
1046 264 1134 298 loco.
1169 263 1266 297 Idem
1292 264 1375 298 Aen.
1411 264 1551 302 V111.²²:
1585 269 1729 315 Pelago
1761 271 1891 306 credas
1924 274 2047 310 innare

200 318 361 351 revulsas
391 316 580 361 Cycladas.

95 385 259 419 Incumbo
284 385 333 418 illi
360 385 417 421 rei.
447 384 539 428 virg.
566 380 735 417 Bucol.²³:
761 382 968 416 Incumbens
989 382 1091 416 tereti
1116 381 1259 416 Damon
1285 383 1336 416 sic
1362 385 1474 429 coepit
1498 386 1619 421 olivae.
1654 387 1817 422 Incumbo
1843 390 1935 425 illam
1961 404 2043 427 rem.

196 436 317 469 Salust.
344 431 558 471 Hist.111.²⁴:
598 435 644 468 Ut
677 436 845 468 sustinere
878 444 1029 479 corpora
1058 434 1221 480 plerique
1254 439 1462 479 nequeuntes
1495 449 1598 471 arma
1634 450 1701 472 sua
1735 441 1876 486 quisque
1909 443 2042 479 instans

195 487 417 523 incumberet.
470 486 634 520 lncumbo
662 487 705 519 ad
732 487 822 519 illam
854 498 932 520 rem.
960 485 1029 519 Cic.
1058 485 1101 518 de
1127 486 1274 531 Imperio
1300 487 1455 532 Pompeii
1466 484 1504 521 2⁴⁵:
1538 489 1732 525 Incumbite
1758 493 1809 526 ad
1837 493 1877 527 id
1903 493 2041 539 bellum,

201 538 364 585 Quirites.
387 538 483 572 Idem
509 549 572 583 pro
599 535 789 571 Murena²¹³z
816 537 1034 571 Praesertim
1055 540 1173 570 tamen
1200 537 1340 571 incubui
1361 539 1413 572 ad
1438 539 1550 574 virum
1577 541 1710 577 bonum.

92 606 242 640 Inducite
269 607 414 640 animum
424 604 457 639 ²⁷.
491 606 627 640 Terent.
653 606 793 640 Heaut.:
833 606 987 640 Causam
1021 605 1114 639 hanc
1140 606 1269 639 iustam
1304 617 1378 640 esse
1404 608 1558 642 animum
1584 610 1745 643 inducite.
1798 610 1903 645 Indu·
1929 611 2037 661 [523]

193 658 258 693 cite
282 658 315 691 in
342 659 496 691 animum.
524 657 594 692 Cic.
621 669 685 703 pro
714 654 917 692 Cluentio²⁸z
943 656 1067 702 Neque
1093 658 1183 691 enim
1205 658 1390 704 quicquam
1413 660 1580 694 eiusmodi
1598 662 1706 695 matri
1726 665 1871 708 poterat
1897 664 1932 697 in
1959 666 2037 699 uni-

192 720 287 743 mum
313 710 489 746 inducere.

88 776 227 812 Indutus
260 777 324 811 illis
350 780 458 812 rebus.
490 777 585 823 Virg.
615 777 698 812 Aen.
737 773 844 811 X1.²⁹:
878 776 1091 822 Indutosque
1117 776 1211 811 iubet
1244 782 1385 812 truncos
1419 778 1598 813 hostilibus
1632 782 1750 815 armis.
1784 781 1881 815 Idem
1908 780 2035 819 x[1.³⁰:

193 829 287 864 Tune
314 831 420 864 etiam
440 830 560 875 spoliis
586 829 707 863 indute
728 840 893 863 meorum.
946 829 1084 862 Indutus
1110 829 1183 862 illas
1209 841 1273 866 res.
1307 831 1404 863 Idem
1431 831 1514 864 Aen.
1542 827 1634 865 11.³¹:
1674 833 1745 880 Qui
1770 834 1862 867 redit
1890 835 2035 869 exuvias

189 881 332 915 indutus
366 882 526 918 Achillis.
587 881 738 915 Induitur
769 881 818 914 illi
849 882 907 915 rei.
947 880 1044 915 Idem
1078 880 1161 915 Aen.
1197 878 1323 916 V11.³²:
1368 881 1520 916 Indutus
1560 884 1667 929 capiti
1707 885 1757 919 sic
1794 886 1902 931 regia
1940 890 2033 920 tectu

85 932 425 1018 Incmjggllgssbfflam
454 996 535 1018 rem.
571 983 640 1018 Cic.
667 994 730 1028 pro
757 979 943 1017 Plancio³³z
975 982 1152 1029 Equidem
1178 984 1237 1030 qui
1261 984 1297 1018 in
1327 994 1385 1018 me
1410 984 1524 1030 ipsum
1545 985 1732 1020 incumbat.
1758 987 1855 1021 Idem
1880 987 2030 1033 Philipp.

186 1032 311 1071 1111.³⁴:
336 1036 531 1069 Incumbite
555 1037 589 1069 in
617 1046 780 1076 causum,
809 1035 971 1081 Quirites.

84 1085 196 1119 Induit
223 1099 257 1120 se
282 1087 316 1120 in
341 1087 433 1121 illam
460 1099 540 1120 rem.
580 1087 673 1131 Virg.
697 1087 825 1131 Georg.
853 1082 930 1119 1.³⁵:
967 1086 1055 1120 Cum
1086 1097 1124 1119 se
1155 1097 1228 1119 nux
1255 1086 1416 1132 plurima
1449 1087 1545 1120 silvis
1577 1086 1699 1121 Induit
1727 1088 1761 1121 in
1782 1087 1918 1135 florem.
1971 1091 2028 1123 In·

186 1138 297 1171 (luitur
321 1138 413 1171 illam
439 1151 509 1172 rem
537 1149 692 1182 corpore.
719 1138 813 1171 Idem
841 1138 924 1171 Aen.
951 1135 1059 1174 Ill.³⁸:
1085 1137 1251 1171 Induitur
1277 1138 1424 1171 loricam
1452 1138 1616 1175 humeris.

82 1188 255 1223 Inducitur
280 1190 338 1222 illa
362 1202 399 1223 re
419 1201 550 1234 corpus.
577 1190 673 1222 Idem
701 1190 783 1222 Aen.
812 1186 955 1222 Vlll.³⁷:
986 1189 1187 1234 Tunicaque
1216 1189 1393 1223 inducitur
1419 1194 1528 1223 artus.

81 1239 203 1274 Inludo
226 1241 275 1273 illi
301 1242 360 1276 rei.
388 1241 481 1286 Virg.
505 1243 588 1274 Aen.
616 1238 727 1276 IV.³⁸:
762 1241 810 1274 Et
837 1241 965 1274 nostris
991 1241 1137 1274 illuserit
1165 1241 1306 1275 advena
1332 1242 1465 1287 regnis.
1516 1240 1638 1275 Inludo
1665 1241 1769 1274 illum.
1795 1241 1890 1275 Idem
1917 1242 2023 1276 VIIII.

182 1289 245 1335 1³⁹,
271 1292 387 1326 verbis
410 1294 573 1327 virtutem
599 1292 719 1327 inlude
742 1292 911 1338 superbis.
963 1292 1086 1326 Inludo
1114 1293 1147 1326 in
1179 1294 1237 1326 illa
1262 1290 1340 1326 re⁴⁰.
1380 1293 1515 1327 Terent.
1542 1292 1665 1327 Andr.:
1697 1293 1833 1326 Adeon’
1865 1294 2025 1327 videmur

79 1410 209 1439 elocutio
235 1409 376 1440 Indacite
403 1413 434 1440 in
463 1414 600 1441 animum
623 1422 692 1441 cum
719 1412 856 1451 exemplo
883 1421 937 1440 suo
961 1411 1032 1440 huic
1073 1417 1169 1450 uterq.
1194 1412 1268 1443 cod.
1289 1412 1365 1442 Aen.
1392 1412 1449 1442 III.
1467 1413 1545 1451 quod
1567 1412 1695 1450 retinui,
1723 1412 1775 1440 etsi
1795 1412 1908 1440 falsum.
1934 1411 2022 1442 Haud

76 1453 246 1492 praeposita
274 1459 328 1483 est.
354 1455 422 1484 Ter.
442 1456 555 1486 JIeaut.
581 1456 663 1483 Prol.
689 1455 739 1487 41.
762 1456 798 1484 A.
819 1455 857 1483 M.
881 1455 1031 1483 Animum

77 1494 211 1524 inducite
224 1506 297 1526 vero
313 1497 417 1526 ordine
438 1497 556 1526 exhibet
572 1498 643 1526 cod.
662 1498 717 1528 Gu.
735 1497 876 1526 Inducite
891 1508 940 1526 an.
956 1497 1029 1528 Cud.

76 1537 114 1568 A.
130 1538 169 1568 M.
187 1554 226 1561 —
249 1541 298 1575 28)
320 1540 430 1568 Locum
448 1551 509 1569 non
528 1541 674 1570 indicavit
691 1542 723 1571 A.
738 1541 775 1569 M.
801 1541 1028 1578 Quenquam

76 1582 242 1620 quicquam
254 1582 401 1610 eiusmodi
417 1585 537 1612 matri
552 1589 674 1622 poterat
688 1584 719 1611 in
735 1585 872 1612 animum
881 1582 1027 1612 inducere.

77 1623 148 1652 Cod.
162 1624 217 1652 Gu.
235 1625 476 1664 Quotiescunque
491 1629 655 1666 quicquam
665 1626 949 1654 eiusmodimom·tri
958 1631 1024 1664 pot.

75 1666 108 1694 in
122 1676 171 1694 nn.
191 1666 254 1697 ind.
268 1667 339 1699 Cod.
358 1669 390 1696 A.
401 1668 440 1698 M.
452 1669 540 1709 Apud
556 1671 615 1698 Cic.
630 1679 685 1708 pro
702 1669 817 1699 Cluent.
830 1679 855 1699 c.
869 1669 915 1700 15.
932 1669 956 1707 §·
975 1670 1025 1701 45·

74 1712 133 1737 est:
157 1709 262 1748 Neque
282 1712 360 1738 enim
381 1710 482 1750 legare
504 1711 652 1740 eiusmodi
673 1714 767 1740 matri
786 1717 907 1751 poterat
934 1713 966 1739 in
995 1722 1024 1741 a.

73 1750 138 1780 ind.
161 1751 228 1787 Qua
253 1752 289 1781 de
311 1763 411 1782 caussa
434 1755 512 1794 apud
543 1755 603 1783 eie.
625 1755 782 1793 legendum
806 1754 940 1784 videtur:
965 1754 1023 1782 Ne-

74 1803 132 1832 que
151 1795 227 1822 enim
244 1795 344 1834 legare
358 1798 523 1836 quicquum
543 1797 694 1826 eiusmodi
708 1799 801 1826 matri
823 1801 878 1826 cet.
910 1812 952 1818 --
976 1795 1021 1835 ⁶29)

73 1834 245 1865 Inductus
271 1838 336 1866 illis
358 1850 383 1868 r.
409 1840 481 1870 Cod.
507 1841 541 1870 A.
563 1841 600 1869 M.
627 1840 723 1869 Etiam
747 1840 809 1869 sine
840 1839 942 1867 codice
971 1848 1021 1867 re-

73 1877 263 1907 scribendum
285 1885 346 1909 erat
372 1881 521 1920 ludicius,
557 1883 637 1921 quod
663 1884 771 1912 diserte
798 1882 919 1911 exhibet
948 1881 1021 1909 Cod.

73 1921 130 1949 Gu.
157 1921 242 1959 Vc'rg.
269 1923 344 1951 Aen.
367 1925 425 1953 XI.
451 1927 500 1957 83.
529 1925 564 1954 A.
581 1926 617 1954 Μ.
641 1926 727 1955 Aen.
750 1925 834 1954 XII.
865 1924 937 1952 Cod·
963 1924 1019 1950 GU·

73 1962 276 2002 [adactosque
290 1965 397 1994 iterum
422 1968 492 1996 Cod.
514 1969 546 1997 A.
563 1968 600 1999 M.
624 1984 665 1990 —
690 1967 735 2006 30)
759 1967 843 1996 Idem
857 1964 933 1995 XII.
948 1965 1018 1996 947.

71 2006 108 2035 A.
130 2005 169 2036 M.
202 2005 287 2034 Deest
305 2006 378 2036 haec
401 2009 461 2038 loci
481 2011 594 2039 notatio
620 2011 652 2038 in
682 2011 753 2039 Cod.
781 2011 837 2038 Gu.
865 2007 1021 2037 lmlucte

73 2048 144 2077 cod.
169 2047 203 2076 A.
227 2047 266 2076 Μ.
299 2048 423 2088 lndute,
455 2057 486 2080 ut
507 2053 538 2080 in
564 2063 663 2092 supp.‚
693 2058 772 2081 recte
807 2051 877 2079 Cod.
900 2050 954 2077 Gu.
978 2063 1020 2069 --

70 2091 119 2129 31)
142 2090 214 2119 voc.
237 2101 295 2118 res
315 2092 397 2122 abest
420 2104 436 2122 a
460 2095 531 2124 eod.
549 2095 582 2123 A.
607 2096 643 2123 M.
669 2095 749 2123 mm.
771 2094 813 2122 ll.
835 2093 906 2124 275·
930 2091 964 2118 A·
979 2090 1018 2118 Μ-

70 2132 168 2161 Vei-ba
196 2133 259 2170 Qui
285 2132 363 2161 redit
388 2135 495 2165 desunt
524 2137 555 2165 in
587 2138 658 2165 Cod.
689 2138 721 2165 Α.
747 2136 786 2165 Μ.
806 2152 848 2157 -
869 2132 914 2172 32)
939 2132 1017 2160 Mem

76 2174 147 2204 VH.
171 2178 240 2207 668.
266 2176 299 2204 A.
323 2176 361 2205 M.
390 2179 431 2206 St·
454 2180 540 2217 regia
569 2185 588 2207 t.
613 2179 682 2209 cod.
716 2179 772 2206 Gu.
800 2193 841 2199 —
878 2179 922 2209 33)
957 2174 1018 2204 Cic·-

65 2229 124 2258 pro
147 2218 277 2246 Plancio
299 2220 328 2249 7.
359 2218 390 2248 A.
418 2221 454 2249 M.
478 2221 563 2260 Apud
588 2222 646 2250 Cic.
669 2221 757 2257 vulgo
780 2219 889 2256 legitur
912 2219 1017 2245 incur-

69 2262 128 2296 rit,·
152 2261 204 2289 sed
228 2260 264 2290 cs.
288 2261 431 2291 Wunder.
455 2263 491 2290 ad.
520 2262 547 2292 h.
569 2264 589 2292 l.
617 2262 776 2294 Ciceronis.
804 2277 840 2283 -
864 2261 911 2298 34)
936 2259 1018 2288 Jdem

67 2301 149 2332 Phil.
168 2305 244 2332 IIII.
262 2303 289 2334 5.
314 2303 347 2332 A.
368 2304 405 2333 M.
431 2302 610 2333 Onussam
626 2306 696 2333 cod.
715 2305 770 2332 Gu.
793 2317 835 2325 --
857 2306 902 2336 35)
930 2303 1016 2342 Virg.

71 2346 182 2385 Georg.
207 2345 231 2374 Ι.
259 2347 326 2377 187.
353 2346 386 2375 A.
410 2347 448 2375 M.
476 2348 582 2385 (ἔμω-ὲν.
608 2347 632 2376 Ι.
655 2347 724 2376 cod.
750 2348 806 2375 Gu.
830 2345 917 2385 Apud
939 2345 1018 2384 Virg.

68 2387 168 2417 editur
183 2387 318 2417 induet.
341 2405 380 2410 —
402 2391 446 2427 36)
471 2389 551 2418 Idan
573 2389 647 2420 Aen.
675 2388 746 2419 VII.
767 2391 838 2421 640.
861 2390 894 2418 A.
917 2388 957 2418 M.
980 2389 1019 2418 At

1073 1455 1162 1484 dubie
1181 1455 1276 1494 prima
1296 1456 1371 1484 linea
1389 1460 1485 1484 erecta
1507 1466 1543 1484 ex
1559 1455 1674 1484 numeri
1696 1455 1777 1492 signo
1799 1455 1833 1484 V.
1859 1455 2020 1493 depravata

1072 1503 1134 1535 est,
1156 1502 1191 1526 ut
1211 1508 1297 1537 saepe
1318 1498 1363 1528 fit.
1388 1498 1479 1537 Apud
1503 1498 1582 1536 Virg.
1608 1507 1636 1526 v.
1661 1497 1792 1525 humeris
1817 1507 1878 1525 non
1902 1497 2018 1535 legitur,

1070 1541 1250 1579 videturque
1273 1542 1487 1569 Grammaticus
1508 1540 1583 1568 duos
1608 1540 1718 1568 similes
1736 1541 1818 1568 locos
1839 1540 2017 1570 confudisse.

1069 1600 1112 1605 —
1141 1583 1189 1622 37)
1213 1583 1296 1612 Idem
1328 1583 1412 1613 VIII.
1436 1583 1508 1614 457.
1536 1581 1572 1611 A.
1603 1581 1643 1610 Μ.
1679 1597 1720 1603 -
1755 1584 1800 1619 38)
1828 1580 1912 1610 Idem
1940 1584 2015 1611 IIII.

1069 1627 1140 1658 591.
1164 1626 1199 1654 A.
1221 1626 1259 1654 M.
1278 1626 1413 1653 Ceterum
1436 1629 1531 1662 uterq.
1559 1623 1629 1652 Cod.
1650 1622 1762 1652 Inludo
1783 1624 1815 1652 in
1836 1624 2015 1662 elocutione,

1068 1673 1097 1697 et
1119 1669 1265 1696 illuserit
1289 1668 1320 1695 in
1347 1666 1490 1704 exempb.
1525 1666 1708 1696 Rectissime.
1741 1666 1814 1694 Nam
1836 1667 2015 1695 Grammati-

1067 1721 1170 1739 corum
1192 1715 1307 1738 tantum
1335 1708 1504 1745 diligentiae
1526 1707 1649 1746 inludo,
1678 1718 1862 1736 conmemoro
1890 1713 1919 1736 et
1942 1708 2013 1736 talia

1066 1754 1220 1789 debentur,
1237 1761 1292 1781 usu
1306 1761 1458 1789 nunquam
1479 1755 1598 1790 recepta
1614 1761 1671 1779 nec
1684 1750 1936 1789 pronunciatione
1947 1750 2011 1779 sre-

1064 1799 1213 1834 quentata.
1258 1793 1347 1828 Quod
1367 1803 1458 1831 quum
1487 1803 1584 1832 nuper
1611 1792 1763 1830 negaverit
1788 1792 1957 1821 Wunderus
1978 1792 2011 1822 in

1063 1838 1154 1876 praes.
1171 1835 1316 1865 Editionis
1340 1836 1531 1872 Plancianae,
1553 1845 1656 1863 recens
1680 1835 1803 1863 inducta
1825 1834 1877 1863 illa
1900 1834 2011 1863 ortho-

1062 1879 1203 1917 graphia,
1227 1888 1301 1916 quae
1319 1878 1378 1907 iam
1398 1878 1510 1907 dudum
1532 1882 1576 1906 est
1597 1877 1732 1916 explosa3
1758 1878 1853 1906 fateor
1879 1888 1926 1906 me
1949 1887 2009 1906 ne—

1062 1921 1152 1958 scire,
1176 1921 1248 1959 quid
1271 1920 1307 1949 de
1332 1921 1394 1949 eius
1415 1920 1525 1949 iudicio
1551 1925 1692 1958 statuam,
1723 1929 1760 1948 ne
1789 1919 1862 1958 quid
1885 1920 2005 1957 gravius

1062 1964 1169 1993 dicam.
1200 1979 1242 1985 —
1275 1963 1323 2000 39)
1345 1961 1429 1991 Idem
1460 1962 1561 1992 VlllL
1587 1965 1659 1994 634.
1688 1963 1722 1992 A.
1745 1962 1781 1991 Μ.
1811 1961 1896 1990 Idem
1922 1962 2005 1993 VIII.

1063 2005 1135 2034 cod.
1154 2005 1210 2034 Gu.
1227 2003 1271 2033 In
1292 2005 1397 2034 Verbis
1412 2006 1484 2034 Cod.
1499 2006 1532 2034 A.
1547 2005 1585 2034 M.
1607 2005 1730 2043 Verbis,
1751 2005 1859 2033 omisso
1877 2005 2008 2043 impera-

1061 2048 1142 2084 tivo,
1166 2048 1237 2077 Cod.
1254 2048 1310 2077 Gu.
1338 2064 1382 2069 —
1407 2048 1455 2085 40)
1478 2047 1590 2077 Inludo
1610 2049 1641 2076 in
1659 2048 1718 2076 illa
1742 2059 1773 2076 re
1796 2047 1841 2087 (et
1865 2048 1895 2075 in
1919 2048 2007 2075 illam

1062 2089 1142 2129 rem)
1165 2091 1197 2121 A.
1223 2090 1261 2120 M.
1289 2089 1400 2119 inludo
1429 2092 1461 2118 in.
1487 2092 1545 2119 illa
1572 2102 1618 2128 re,
1647 2090 1752 2119 ceteris
1777 2090 1908 2126 omissis,
1934 2090 2006 2118 Cod.

1063 2133 1118 2163 Gu.
1137 2133 1202 2162 Ter.
1221 2132 1303 2164 And.
1329 2134 1357 2164 4.
1379 2134 1407 2165 5.
1429 2136 1477 2166 18.
1500 2134 1532 2163 A.
1548 2134 1586 2162 M.
1605 2134 1682 2162 Tum
1704 2132 1863 2162 inludatls.
1893 2132 2005 2161 Iterum

1056 2176 1159 2214 facere
1174 2176 1280 2204 inlusit
1300 2177 1417 2204 inuitus
1428 2176 1519 2214 filiae
1540 2176 1612 2206 cod.
1639 2177 1696 2206 Gu.
1721 2177 1803 2212 Quae
1821 2179 1889 2214 post
1915 2184 1943 2203 v.
1965 2175 2004 2202 il-

1060 2217 1178 2246 ludatis
1192 2219 1346 2256 leguntur,
1368 2218 1456 2257 plane
1475 2219 1585 2248 desunt
1607 2219 1687 2257 apud
1711 2218 1744 2247 A.
1760 2219 1799 2247 M.
1817 2219 1900 2246 Latet.
1921 2217 1951 2245 in
1969 2217 2003 2244 iis

1060 2261 1190 2290 elocutio
1211 2271 1290 2290 nova
1312 2271 1379 2290 cuin
1402 2262 1539 2301 exemplo
1565 2261 1720 2291 notissimo
1743 2271 1758 2289 e
1782 2259 1920 2289 Terentio
1948 2269 2004 2297 pe-

1060 2303 1124 2332 tito.
1149 2304 1240 2342 Igitur
1254 2304 1373 2343 scripsi:
1393 2304 1506 2333 lterum
1527 2305 1559 2332 in.
1583 2315 1647 2332 eam
1670 2314 1740 2332 rem.
1761 2304 1820 2332 Ter.
1844 2301 1944 2332 Ικιῖιιδί
1971 2301 2003 2327 ἰΙῑ

1059 2348 1156 2374 vitam
1174 2347 1272 2386 filiae.
1296 2347 1392 2375 Locus
1407 2347 1524 2376 Terent.
1542 2352 1586 2375 est
1600 2347 1692 2376 Andr.
1706 2345 1741 2375 V.
1761 2349 1788 2377 1.
1805 2346 1834 2376 3.
1848 2344 1899 2372 ubi
1915 2342 2002 2370 lllusi

1060 2391 1156 2418 vitam
1164 2390 1271 2429 filiae,
1295 2389 1402 2419 omissa
1423 2389 1651 2430 praepositione,
1667 2390 1844 2430 plerumque
1862 2384 1977 2422 legitur.

1513 2433 1623 2479 Gg*
