2263 2668
506 146 570 180 DE
596 144 984 182 SIGNIFICATIONE
1011 145 1293 180 VERBORUM.
1347 149 1492 182 LIBER
1518 151 1622 184 XVII.
1967 155 2039 188 147

97 241 280 276 Salaciam
310 241 465 274 dicebant
492 239 590 272 (leam
618 251 743 283 aquae,
769 250 870 284 quam
898 239 1060 284 putabant
1086 239 1191 272 salum
1220 240 1326 278 ciere.
1355 241 1421 276 hoc
1449 249 1496 276 est
1524 256 1613 278 mare
1637 256 1779 278 movere.
1836 245 1935 279 Unde
1957 247 2041 281 Ovi-

199 292 287 324 dius:

467 340 724 386 Nymphaeque
749 342 888 375 salaces
896 353 907 379 ,·

200 405 267 437 quo
295 393 461 427 vocabulo
489 398 611 437 poetae
637 404 700 437 pro
727 404 813 436 aqua
840 393 886 426 usi
913 398 971 425 suu
1083 393 1262 427 Pacuvius:

127 459 137 474 i
470 444 562 477 Hinc
587 445 771 477 saeviliam
795 444 955 478 salaciae
969 442 1147 488 sugimus.

101 496 280 531 Salutaris
301 498 409 539 porta
437 496 605 540 appellata
633 500 681 528 est
707 497 750 528 ab
778 495 861 528 aede
888 495 1025 536 Salutis,
1061 506 1147 538 quae
1175 497 1203 528 ei
1232 498 1383 540 proxima
1410 499 1478 532 fuit.

102 547 285 593 Spondere
311 551 445 590 putatur
472 547 615 586 dictum,
655 547 745 589 quod
774 552 890 591 sponte
917 558 992 585 sua,
1027 546 1061 578 id
1089 551 1137 579 est
1163 547 1333 581 voluntate
1359 551 1577 593 promittatur.

103 599 275 633 Salentini
300 609 319 629 a
345 594 447 629 sale²⁶
469 604 541 631 sunt
568 599 737 642 appellati.

102 650 290 685 seculares
321 648 392 681 ludi
420 649 511 693 apud
537 651 708 682 Romanos
739 655 816 694 post
847 654 979 683 centum
1012 660 1113 681 annos
1146 649 1286 689 fiebant,
1332 652 1411 694 quia
1447 653 1593 686 seculum
1623 661 1752 687 centum
1782 665 1881 686 annos
1909 655 2041 687 extendi

205 700 440 734 existimabant.

104 752 274 787 Scutilum
299 757 397 784 tenue
423 758 455 784 et
481 763 629 784 macrum
657 757 690 784 et
715 752 747 784 in
773 762 841 795 quo
868 756 995 783 tantum
1021 751 1113 784 exilis
1140 751 1301 795 pellicula
1326 753 1478 793 cernitur.

103 803 313 849 Squalidum
339 802 499 837 incultum
526 809 559 836 et
583 803 773 844 sordidum,
800 802 893 846 quod
919 802 1070 847 proxime
1096 802 1344 836 similitudinem
1371 801 1527 838 habeat²⁷
1548 816 1703 848 squamae
1727 806 1883 849 piscium,
1910 807 1956 840 sic
1979 817 2041 850 ap-

206 855 377 898 pellatum.

105 906 297 951 squarrosz·
322 906 364 938 ab
390 904 508 938 eadem
520 901 544 921 ²⁸
567 916 776 948 squamarum
803 904 1016 938 similitudine
1042 903 1137 945 dicti,
1164 916 1305 949 quorum
1331 905 1413 939 cutis
1435 902 1612 951 exsurgit*³
1634 908 1677 939 ob
1699 907 1862 941 assiduam
1884 908 2042 941 illuviem.

207 957 368 990 Lucilius:

972 397 986 424 t
995 387 1028 426 ²⁵.

476 1007 493 1039 1
498 1003 686 1040 ἀνοηιιηι30
706 1018 750 1040 ac
777 1007 935 1052 rupicum
946 1002 970 1022 ³¹
992 1018 1184 1052 squarrosa
1210 1008 1388 1040 incondita
1414 1012 1541 1043 rostra.

105 1059 359 1093 Schoeniculae
390 1058 602 1102 appellantur
633 1059 822 1092 meretrices
849 1063 989 1102 propter
1014 1070 1110 1092 usum
1136 1055 1332 1104 unguenti3²
1352 1059 1508 1100 schoeni,
1552 1060 1644 1103 quod
1673 1065 1721 1092 est
1748 1060 1877 1104 pessimi
1904 1061 2042 1104 generis.

107 1110 234 1144 Scorta
261 1110 471 1155 appellantur
497 1110 699 1151 meretricem,
735 1111 813 1154 quia
841 1115 876 1142 ut
900 1110 1080 1154 pelliculae
1106 1110 1303 1155 subiguntur
1313 1107 1346 1143 ³³.
1402 1111 1523 1144 Omnia
1550 1123 1693 1154 namque
1721 1123 1760 1144 ex
1788 1111 1930 1155 pellibus
1958 1113 2044 1146 facta

207 1167 334 1195 scortea
361 1161 579 1205 appellantur.

107 1212 264 1253 Scortes‚
297 1213 331 1245 id
359 1218 406 1245 est
432 1212 536 1256 pelles
561 1212 690 1245 testium
718 1212 930 1244 arietinorum
940 1208 965 1228 ³⁴
988 1213 1030 1245 ab
1059 1213 1183 1246 eisdem
1212 1213 1357 1257 pellibus
1384 1213 1464 1246 dicti
1475 1209 1509 1245 ³⁵.

107 1264 337 1298 scandulaca
363 1275 466 1308 genus
492 1263 619 1296 herbae
645 1263 799 1308 frugibus
824 1260 1000 1305 inimica³⁶‚
1031 1264 1122 1307 quod
1150 1276 1205 1298 eas
1215 1261 1239 1281 ³⁷
1262 1265 1351 1297 velut
1378 1265 1478 1298 edera
1503 1263 1708 1307 implicando
1736 1269 1838 1297 necat.

108 1315 341 1360 Scaptensula
367 1316 479 1355 locus,
521 1315 576 1347 ubi
603 1319 779 1360 argentum
807 1314 966 1348 effoditur
992 1316 1026 1349 in
1050 1315 1269 1359 Macedonia,
1302 1316 1409 1350 dictus
1435 1328 1455 1348 a
1482 1315 1653 1348 fodiendo.
1707 1316 1860 1358 Namque
1883 1311 2046 1348 Graecam*

208 1363 377 1401 σκάπτειν
387 1363 410 1383 ³⁹
431 1365 549 1399 fodere
560 1362 585 1383 ⁴⁰
608 1366 735 1400 dicitur.
789 1367 978 1400 Lucretius:

479 1416 611 1464 Quales
637 1418 787 1463 exspiret
796 1415 820 1435 ⁴¹
840 1419 1063 1463 scaptensula
1089 1419 1207 1452 subter
1234 1419 1368 1453 odores.

108 1469 229 1514 Spara
255 1466 470 1511 parvissimi⁴²
491 1469 621 1513 generis
647 1469 756 1503 iacula
782 1482 802 1502 a
828 1470 1019 1514 spargendo
1048 1470 1145 1503 dicta.
1198 1471 1363 1505 Lucilius:

482 1520 568 1552 Tum
595 1531 724 1565 spara,
765 1525 839 1553 tum
864 1522 1014 1554 murices
1035 1525 1226 1566 portantur
1251 1522 1403 1567 tragula
1424 1531 1545 1565 porro.

109 1566 252 1615 ΞΡίνα43
277 1569 396 1601 dicitur
421 1574 453 1602 et
479 1571 565 1603 basis
591 1572 767 1605 columnae
794 1572 887 1605 unius
913 1573 976 1605 tori
1003 1577 1059 1605 aut
1086 1573 1247 1615 duorum,
1283 1578 1315 1605 et
1342 1583 1447 1617 genus
1475 1571 1585 1615 operis
1612 1569 1736 1614 pistorii
1795 1574 1827 1602 et
1853 1569 1938 1601 funis
1965 1580 2045 1601 nau-

209 1621 290 1653 ticus
317 1621 358 1652 ab
385 1621 502 1654 eadem
529 1619 676 1655 omnes⁴⁵
696 1623 914 1657 similitudine.
967 1624 1090 1657 Ennius
1118 1636 1195 1658 vero
1222 1624 1397 1657 hominum
1425 1622 1668 1656 multitudinem
1696 1621 1830 1665 spiram
1856 1620 1996 1655 vocavit.

111 1672 240 1716 Specta
250 1668 273 1687 *¹⁸
296 1671 364 1703 sine
390 1674 637 1717 praepositione
663 1674 827 1707 Pacuvius
853 1671 1007 1718 posuitfl.

111 1719 276 1767 Spelile⁴³
300 1732 377 1754 caro
405 1724 568 1766 quaedam
596 1725 723 1769 proprii
752 1725 921 1758 cuiusdam
949 1726 1082 1759 habitus
1109 1726 1193 1759 infra
1217 1726 1409 1760 umbilicum
1437 1724 1509 1758 suis.

111 1769 256 1818 Spicit⁴⁹
278 1783 412 1816 quoque
437 1775 507 1808 sine
532 1776 779 1820 praepositione
805 1777 957 1810 dixerunt
981 1778 1113 1820 antiqui.

112 1824 293 1869 Spirillum
319 1824 423 1858 barba
448 1837 571 1871 caprae
597 1828 796 1872 appellatur.

1747 1565 1771 1585 «Η

107 1947 214 1980 poetae
229 1958 269 1963 —
284 1943 334 1969 αεὶ
347 1942 435 1981 sunt]
451 1948 706 1982 poeta—utitur
722 1946 754 1977 Β,
781 1962 813 1969 -—
840 1949 886 1981 26)
910 1945 986 1984 sale]
1010 1946 1058 1974 Sic
1101 1955 1167 1974 πειν
1183 1944 1214 1972 Β.
1244 1959 1281 1965 -·
1313 1942 1357 1982 ⁴0)
1369 1941 1497 1981 fodere]
1520 1941 1568 1969 Sic
1585 1942 1615 1971 L·
1633 1942 1664 1973 B·
1678 1942 1715 1971 Μ·
1733 1943 1789 1975 Gu-
1807 1943 1834 1974 l*
1850 1943 1880 1974 2·
1926 1938 2050 1979 ‘ffOder‘’

112 1985 209 2016 Gu.2.
254 1984 319 2011 salo
336 1984 415 2022 vulg.
459 1987 523 2015 solo
539 1987 631 2019 Gu.1.
654 2004 696 2010 —
716 1989 761 2026 27)
783 1987 904 2027 haheat]
926 1988 1013 2016 habet
1030 1988 1058 2016 L.
1101 1987 1181 2023 vulg.
1205 2003 1238 2007 —
1260 1989 1304 2021 41)
1327 1984 1464 2024 exspiret]
1488 1985 1602 2023 eapirat
1617 1985 1646 2012 L.
1669 2001 1704 2005 —
1724 1983 1772 2022 42)
1791 1983 1985 2022 parvissimi]
2001 1982 2049 2010 Sic

110 2043 151 2048 —-
181 2023 230 2065 28)
253 2025 370 2065 eadem]
399 2038 502 2057 earum
524 2030 556 2059 Β,
585 2045 627 2052 -
656 2032 701 2068 29)
723 2030 877 2069 exsurgit]
901 2031 950 2059 Sic
972 2030 1003 2058 L.
1020 2030 1058 2058 M.
1102 2028 1139 2059 M.
1157 2029 1212 2056 Gu.
1229 2031 1257 2060 2.
1302 2029 1421 2056 minimi
1442 2027 1522 2065 vulg.
1542 2036 1578 2055 ex
1596 2026 1788 2056 correctione.
1832 2025 1905 2054 Nam
1922 2026 2048 2064 parvis-

112 2069 168 2097 Gu·
181 2070 248 2100 1-2.
263 2079 308 2107 pr.
323 2070 350 2098 S.
394 2075 526 2110 exturgeae
541 2072 621 2110 vulg.
643 2089 685 2095 —
706 2076 751 2107 30)
779 2072 948 2110 Veronam]
978 2072 1058 2100 Var-
1103 2072 1175 2099 simi
1195 2075 1239 2099 est
1258 2071 1343 2099 etiam
1364 2071 1394 2098 in
1417 2069 1535 2099 schedis
1550 2070 1642 2106 Festi,
1673 2068 1750 2097 unde
1770 2068 1869 2099 locum
1892 2067 1934 2096 sic
1949 2067 2049 2101 laudat

111 2121 220 2139 ronam
237 2111 267 2140 L.
284 2111 317 2139 Β.
333 2112 361 2139 8.
382 2128 423 2135 —
445 2116 489 2147 31)
512 2115 664 2153 rupicum]
687 2117 831 2143 naxicum
847 2116 876 2144 L.
921 2116 1060 2152 rapicum
1102 2113 1242 2142 Ruddim.
1264 2113 1346 2141 Instt.
1367 2112 1450 2151 Ling.
1471 2113 1533 2141 Lat.
1554 2112 1586 2140 T.
1601 2112 1622 2141 Ι.
1643 2122 1673 2150 Ρ.
1693 2113 1761 2143 173.
1785 2115 1846 2140 not.
1861 2112 1912 2142 28·
1940 2127 1973 2131 -
2001 2110 2048 2147 43)

111 2154 149 2182 Μ.
168 2154 223 2181 Gu.
235 2156 260 2183 1.
273 2155 301 2184 2.
317 2163 361 2192 pr.
385 2171 424 2177 --
446 2155 492 2194 32)
516 2159 664 2195 unguenti
677 2157 779 2196 usum]
803 2162 989 2195 unguentum
1004 2167 1057 2195 pro
1102 2155 1213 2194 Spira]
1236 2155 1285 2184 Sic
1300 2156 1427 2193 glossam
1444 2154 1586 2183 exhibent
1601 2153 1688 2182 codd.
1706 2158 1735 2182 et
1751 2153 1820 2182 edit.
1838 2153 1933 2192 prinC.
1978 2154 2049 2180 Sca-

113 2202 240 2234 utroque
261 2205 326 2224 voc.
350 2196 405 2226 Gu-
422 2200 448 2228 1.
471 2214 512 2220 —-
534 2202 579 2233 33)
603 2199 808 2240 subiguntur]
831 2200 878 2228 Sic
900 2199 937 2227 M.
957 2199 1013 2229 Gu.
1027 2201 1057 2229 2.
1102 2198 1151 2236 lig.
1167 2198 1323 2236 exscripsit
1336 2197 1460 2227 schedas
1470 2197 1555 2226 Festi.
1578 2214 1616 2217 —
1640 2197 1686 2233 Δ14)
1705 2194 1896 2235 operispist]
1913 2195 1987 2234 pist,
2003 2205 2048 2232 op.

111 2238 295 2276 subigantur
314 2239 395 2276 vulg.
426 2256 467 2260 —
496 2242 544 2276 34)
567 2242 782 2280 arietinorum]
806 2243 938 2270 arietum
956 2241 990 2270 B.
1018 2256 1058 2262 -
1102 2251 1147 2280 pr.
1170 2256 1212 2261 -
1233 2240 1277 2279 45)
1301 2240 1415 2279 omnes]
1439 2251 1495 2268 om.
1510 2239 1543 2268 B.
1570 2255 1599 2259 -
1630 2237 1678 2278 46)
1702 2240 1827 2277 Specta]
1851 2239 1954 2276 Specto
1971 2237 2001 2269 L.
2014 2236 2046 2265 B.
2093 2270 2095 2273 Ι

111 2284 155 2317 35)
172 2279 259 2318 dicti]
278 2279 377 2309 dictae
392 2281 422 2312 L.
434 2281 509 2311 MS.
530 2299 571 2305 --
593 2287 636 2319 36)
660 2283 797 2322 inimica]
814 2285 863 2312 Sic
877 2284 947 2312 L.B.
965 2284 1060 2316 Gu.2.
1102 2283 1140 2311 M.
1160 2283 1217 2312 Gu.
1236 2285 1261 2313 1.
1276 2285 1305 2315 2.
1323 2293 1368 2321 pr.
1398 2299 1439 2305 -—
1468 2281 1516 2322 47)
1537 2282 1654 2310 Pacar.
1671 2281 1755 2320 pos.]
1774 2291 1842 2320 pos.
1856 2282 1930 2309 Pac.
1951 2279 1981 2306 L.
2006 2293 2047 2298 —

111 2333 156 2362 pr.
201 2324 342 2351 inimicae
354 2324 390 2352 M.
404 2324 432 2352 S.
476 2326 633 2354 inimicum
648 2327 728 2364 vulg.
751 2343 791 2348 —
813 2327 861 2364 37)
884 2326 946 2364 eas]
971 2327 1012 2354 eis
1028 2326 1059 2353 L.
1101 2326 1147 2361 48)
1174 2325 1298 2363 Spetile]
1322 2325 1434 2364 Specile
1451 2335 1498 2364 pr.
1516 2327 1553 2353 et.
1573 2324 1603 2352 B.
1621 2324 1651 2352 in
1670 2334 1759 2362 marg.
1778 2322 1874 2362 quiin
1890 2325 1974 2351 textu
1992 2329 2044 2347 ex-

114 2382 149 2387 -
180 2367 225 2402 38)
253 2366 361 2404 Namq.
385 2366 458 2402 Gr.]
482 2368 532 2396 Sic
552 2368 582 2397 L.
601 2368 635 2396 M.
658 2369 712 2397 Gu.
730 2372 758 2401 2.
805 2370 858 2398 Gr.
878 2379 1007 2407 namque
1026 2368 1058 2397 Β.
1101 2367 1180 2397 hibet
1203 2368 1353 2406 Spc'cillae.
1383 2383 1423 2389 —
1451 2366 1497 2407 49)
1526 2367 1641 2405 Spicit]
1670 2377 1726 2395 om.
1744 2367 1870 2404 glossam
1894 2364 1923 2392 [ι.
1947 2362 2000 2389 Gu·
2017 2362 2043 2389 1·

113 2408 168 2436 Gu.
182 2410 206 2438 1.
225 2418 269 2446 pr.
286 2412 315 2437 et
329 2408 408 2446 vulg.
432 2424 472 2430 —
494 2408 543 2450 39)
567 2408 717 2449 σκάπτειν]
741 2422 795 2440 om.
813 2412 843 2441 L.
860 2412 915 2440 Gu.
928 2414 952 2441 1.
992 2420 1058 2440 σκα-
1101 2409 1229 2439 schedas
1244 2410 1322 2439 Festi
1339 2410 1486 2450 expressit
1501 2410 1528 2438 S.

1564 2460 1634 2491 T*
