<?xml version="1.0" encoding="UTF-8"?>
<!DOCTYPE html PUBLIC "-//W3C//DTD XHTML 1.0 Transitional//EN"
    "http://www.w3.org/TR/xhtml1/DTD/xhtml1-transitional.dtd">
<html xmlns="http://www.w3.org/1999/xhtml" xml:lang="en" lang="en">
 <head>
  <title>
</title>
<meta http-equiv="Content-Type" content="text/html;charset=utf-8" />
  <meta name='ocr-system' content='tesseract 3.04.00' />
  <meta name='ocr-capabilities' content='ocr_page ocr_carea ocr_par ocr_line ocrx_word'/>
</head>
<body>
  <div class='ocr_page' id='page_1' title='image "./corpusgrammatico01linduoft_0011.png"; bbox 0 0 2263 2668; ppageno 0'>
   <div class='ocr_carea' id='block_1_1' title="bbox 669 106 2013 145">
    <p class='ocr_par' dir='ltr' id='par_1_1' title="bbox 669 106 2013 145">
     <span class='ocr_line' id='line_1_1' title="bbox 669 106 2013 145; baseline -0.009 0"><span class='ocrx_word' id='word_1_1' title='bbox 669 106 1408 145; x_wconf 85' lang='lat' dir='ltr'>TOM1PR1M1.</span> <span class='ocrx_word' id='word_1_2' title='bbox 1995 123 2013 142; x_wconf 51' lang='lat' dir='ltr'>v</span> 
     </span>
    </p>
   </div>
   <div class='ocr_carea' id='block_1_2' title="bbox 69 200 2016 2416">
    <p class='ocr_par' dir='ltr' id='par_1_2' title="bbox 69 200 2016 2018">
     <span class='ocr_line' id='line_1_2' title="bbox 235 200 2010 258; baseline -0.005 -8"><span class='ocrx_word' id='word_1_3' title='bbox 235 210 285 251; x_wconf 89' lang='lat' dir='ltr'>In</span> <span class='ocrx_word' id='word_1_4' title='bbox 316 205 587 249; x_wconf 88' lang='lat' dir='ltr'>recensenda</span> <span class='ocrx_word' id='word_1_5' title='bbox 618 212 767 245; x_wconf 87' lang='lat' dir='ltr'>autem</span> <span class='ocrx_word' id='word_1_6' title='bbox 796 203 960 244; x_wconf 89' lang='lat' dir='ltr'>horum</span> <span class='ocrx_word' id='word_1_7' title='bbox 993 200 1261 258; x_wconf 85' lang='lat' dir='ltr'>scriptorum</span> <span class='ocrx_word' id='word_1_8' title='bbox 1292 200 1486 241; x_wconf 83' lang='lat' dir='ltr'>oratione</span> <span class='ocrx_word' id='word_1_9' title='bbox 1517 201 1580 242; x_wconf 89' lang='lat' dir='ltr'>sic</span> <span class='ocrx_word' id='word_1_10' title='bbox 1611 201 1839 252; x_wconf 86' lang='lat' dir='ltr'>versabor,</span> <span class='ocrx_word' id='word_1_11' title='bbox 1870 211 1941 252; x_wconf 90' lang='lat' dir='ltr'>ut,</span> <span class='ocrx_word' id='word_1_12' title='bbox 1974 203 2010 242; x_wconf 91' lang='lat' dir='ltr'>si</span> 
     </span>
     <span class='ocr_line' id='line_1_3' title="bbox 71 267 2011 336; baseline -0.007 -14"><span class='ocrx_word' id='word_1_13' title='bbox 71 279 168 322; x_wconf 88' lang='lat' dir='ltr'>fieri</span> <span class='ocrx_word' id='word_1_14' title='bbox 195 276 334 336; x_wconf 86' lang='lat' dir='ltr'>possit</span> <span class='ocrx_word' id='word_1_15' title='bbox 362 274 534 316; x_wconf 86' lang='lat' dir='ltr'>nullum</span> <span class='ocrx_word' id='word_1_16' title='bbox 563 272 728 313; x_wconf 83' lang='lat' dir='ltr'>librum</span> <span class='ocrx_word' id='word_1_17' title='bbox 759 270 928 312; x_wconf 89' lang='lat' dir='ltr'>editum</span> <span class='ocrx_word' id='word_1_18' title='bbox 957 268 1100 323; x_wconf 91' lang='lat' dir='ltr'>sequi,</span> <span class='ocrx_word' id='word_1_19' title='bbox 1132 267 1209 309; x_wconf 92' lang='lat' dir='ltr'>sed</span> <span class='ocrx_word' id='word_1_20' title='bbox 1238 267 1405 322; x_wconf 91' lang='lat' dir='ltr'>ubique</span> <span class='ocrx_word' id='word_1_21' title='bbox 1437 267 1612 309; x_wconf 91' lang='lat' dir='ltr'>codices</span> <span class='ocrx_word' id='word_1_22' title='bbox 1639 281 1778 310; x_wconf 86' lang='lat' dir='ltr'>manu</span> <span class='ocrx_word' id='word_1_23' title='bbox 1809 278 2011 310; x_wconf 86' lang='lat' dir='ltr'>exaratos</span> 
     </span>
     <span class='ocr_line' id='line_1_4' title="bbox 71 335 2011 405; baseline -0.006 -17"><span class='ocrx_word' id='word_1_24' title='bbox 71 362 151 405; x_wconf 86' lang='lat' dir='ltr'>pro</span> <span class='ocrx_word' id='word_1_25' title='bbox 182 344 470 388; x_wconf 84' lang='lat' dir='ltr'>fundamento</span> <span class='ocrx_word' id='word_1_26' title='bbox 503 341 669 382; x_wconf 88' lang='lat' dir='ltr'>habere</span> <span class='ocrx_word' id='word_1_27' title='bbox 701 346 911 388; x_wconf 90' lang='lat' dir='ltr'>statuam,</span> <span class='ocrx_word' id='word_1_28' title='bbox 942 350 1095 377; x_wconf 90' lang='lat' dir='ltr'>meum</span> <span class='ocrx_word' id='word_1_29' title='bbox 1120 335 1232 376; x_wconf 85' lang='lat' dir='ltr'>mihi</span> <span class='ocrx_word' id='word_1_30' title='bbox 1252 343 1402 376; x_wconf 90' lang='lat' dir='ltr'>tamen</span> <span class='ocrx_word' id='word_1_31' title='bbox 1426 335 1643 377; x_wconf 89' lang='lat' dir='ltr'>iudicium</span> <span class='ocrx_word' id='word_1_32' title='bbox 1670 336 1803 377; x_wconf 89' lang='lat' dir='ltr'>etiam</span> <span class='ocrx_word' id='word_1_33' title='bbox 1827 336 1875 376; x_wconf 89' lang='lat' dir='ltr'>in</span> <span class='ocrx_word' id='word_1_34' title='bbox 1899 337 2011 393; x_wconf 87' lang='lat' dir='ltr'>opti-</span> 
     </span>
     <span class='ocr_line' id='line_1_5' title="bbox 71 404 2011 459; baseline -0.007 -3"><span class='ocrx_word' id='word_1_35' title='bbox 71 427 249 456; x_wconf 83' lang='lat' dir='ltr'>morum</span> <span class='ocrx_word' id='word_1_36' title='bbox 280 409 487 452; x_wconf 89' lang='lat' dir='ltr'>codicum</span> <span class='ocrx_word' id='word_1_37' title='bbox 516 406 779 449; x_wconf 88' lang='lat' dir='ltr'>lectionibus</span> <span class='ocrx_word' id='word_1_38' title='bbox 811 404 1096 446; x_wconf 89' lang='lat' dir='ltr'>aestimandis</span> <span class='ocrx_word' id='word_1_39' title='bbox 1126 404 1317 444; x_wconf 88' lang='lat' dir='ltr'>liberum</span> <span class='ocrx_word' id='word_1_40' title='bbox 1345 416 1616 455; x_wconf 81' lang='lat' dir='ltr'>conservem,</span> <span class='ocrx_word' id='word_1_41' title='bbox 1650 412 1877 459; x_wconf 89' lang='lat' dir='ltr'>certasque</span> <span class='ocrx_word' id='word_1_42' title='bbox 1906 417 2011 444; x_wconf 71' lang='lat' dir='ltr'>con—</span> 
     </span>
     <span class='ocr_line' id='line_1_6' title="bbox 72 469 2010 534; baseline -0.006 -11"><span class='ocrx_word' id='word_1_43' title='bbox 72 483 262 523; x_wconf 88' lang='lat' dir='ltr'>iecturas</span> <span class='ocrx_word' id='word_1_44' title='bbox 294 476 531 534; x_wconf 83' lang='lat' dir='ltr'>recipiam,</span> <span class='ocrx_word' id='word_1_45' title='bbox 577 474 834 515; x_wconf 82' lang='lat' dir='ltr'>varietatem</span> <span class='ocrx_word' id='word_1_46' title='bbox 867 481 1015 513; x_wconf 86' lang='lat' dir='ltr'>autem</span> <span class='ocrx_word' id='word_1_47' title='bbox 1045 470 1243 512; x_wconf 90' lang='lat' dir='ltr'>lectionis</span> <span class='ocrx_word' id='word_1_48' title='bbox 1275 469 1490 527; x_wconf 89' lang='lat' dir='ltr'>potiorem</span> <span class='ocrx_word' id='word_1_49' title='bbox 1518 479 1688 512; x_wconf 85' lang='lat' dir='ltr'>tantum</span> <span class='ocrx_word' id='word_1_50' title='bbox 1718 470 2010 521; x_wconf 82' lang='lat' dir='ltr'><strong>subscribam,</strong></span> 
     </span>
     <span class='ocr_line' id='line_1_7' title="bbox 72 536 2014 599; baseline -0.006 -10"><span class='ocrx_word' id='word_1_51' title='bbox 72 548 224 590; x_wconf 88' lang='lat' dir='ltr'>addita</span> <span class='ocrx_word' id='word_1_52' title='bbox 252 545 332 587; x_wconf 90' lang='lat' dir='ltr'>ubi</span> <span class='ocrx_word' id='word_1_53' title='bbox 361 543 493 585; x_wconf 84' lang='lat' dir='ltr'>fuerit</span> <span class='ocrx_word' id='word_1_54' title='bbox 532 556 642 599; x_wconf 88' lang='lat' dir='ltr'>opus</span> <span class='ocrx_word' id='word_1_55' title='bbox 681 541 804 583; x_wconf 89' lang='lat' dir='ltr'>brevi</span> <span class='ocrx_word' id='word_1_56' title='bbox 842 538 1144 597; x_wconf 70' lang='lat' dir='ltr'>explicatione.</span> <span class='ocrx_word' id='word_1_57' title='bbox 1216 536 1311 578; x_wconf 91' lang='lat' dir='ltr'>Hoc</span> <span class='ocrx_word' id='word_1_58' title='bbox 1351 546 1617 594; x_wconf 89' lang='lat' dir='ltr'>postremum</span> <span class='ocrx_word' id='word_1_59' title='bbox 1658 539 1711 579; x_wconf 90' lang='lat' dir='ltr'>de</span> <span class='ocrx_word' id='word_1_60' title='bbox 1749 539 1919 595; x_wconf 87' lang='lat' dir='ltr'>potiore</span> <span class='ocrx_word' id='word_1_61' title='bbox 1951 539 2014 579; x_wconf 87' lang='lat' dir='ltr'>le—</span> 
     </span>
     <span class='ocr_line' id='line_1_8' title="bbox 72 605 2011 665; baseline -0.006 -8"><span class='ocrx_word' id='word_1_62' title='bbox 72 615 226 657; x_wconf 88' lang='lat' dir='ltr'>ctionis</span> <span class='ocrx_word' id='word_1_63' title='bbox 258 612 468 654; x_wconf 80' lang='lat' dir='ltr'>varietate</span> <span class='ocrx_word' id='word_1_64' title='bbox 501 609 722 665; x_wconf 90' lang='lat' dir='ltr'>quomodo</span> <span class='ocrx_word' id='word_1_65' title='bbox 752 608 1011 664; x_wconf 78' lang='lat' dir='ltr'>intelligam,</span> <span class='ocrx_word' id='word_1_66' title='bbox 1064 605 1307 647; x_wconf 88' lang='lat' dir='ltr'>dicendum</span> <span class='ocrx_word' id='word_1_67' title='bbox 1339 614 1403 646; x_wconf 86' lang='lat' dir='ltr'>est</span> <span class='ocrx_word' id='word_1_68' title='bbox 1439 606 1696 647; x_wconf 86' lang='lat' dir='ltr'>accuratius.</span> <span class='ocrx_word' id='word_1_69' title='bbox 1766 606 1863 647; x_wconf 89' lang='lat' dir='ltr'>Non</span> <span class='ocrx_word' id='word_1_70' title='bbox 1895 606 2011 646; x_wconf 87' lang='lat' dir='ltr'>enim</span> 
     </span>
     <span class='ocr_line' id='line_1_9' title="bbox 70 672 2012 737; baseline -0.006 -14"><span class='ocrx_word' id='word_1_71' title='bbox 70 682 181 723; x_wconf 85' lang='lat' dir='ltr'>illud</span> <span class='ocrx_word' id='word_1_72' title='bbox 206 680 318 722; x_wconf 89' lang='lat' dir='ltr'>mihi</span> <span class='ocrx_word' id='word_1_73' title='bbox 347 678 622 737; x_wconf 87' lang='lat' dir='ltr'>propositum</span> <span class='ocrx_word' id='word_1_74' title='bbox 655 685 736 728; x_wconf 87' lang='lat' dir='ltr'>est,</span> <span class='ocrx_word' id='word_1_75' title='bbox 785 684 834 716; x_wconf 89' lang='lat' dir='ltr'>ut</span> <span class='ocrx_word' id='word_1_76' title='bbox 866 691 920 716; x_wconf 88' lang='lat' dir='ltr'>ex</span> <span class='ocrx_word' id='word_1_77' title='bbox 950 674 1024 725; x_wconf 91' lang='lat' dir='ltr'>iis,</span> <span class='ocrx_word' id='word_1_78' title='bbox 1075 688 1184 728; x_wconf 91' lang='lat' dir='ltr'>quos</span> <span class='ocrx_word' id='word_1_79' title='bbox 1216 672 1419 713; x_wconf 85' lang='lat' dir='ltr'>nancisci</span> <span class='ocrx_word' id='word_1_80' title='bbox 1449 681 1650 728; x_wconf 90' lang='lat' dir='ltr'>potuero,</span> <span class='ocrx_word' id='word_1_81' title='bbox 1699 674 1821 714; x_wconf 89' lang='lat' dir='ltr'>libris</span> <span class='ocrx_word' id='word_1_82' title='bbox 1854 686 2012 714; x_wconf 88' lang='lat' dir='ltr'>manu-</span> 
     </span>
     <span class='ocr_line' id='line_1_10' title="bbox 72 740 2012 806; baseline -0.006 -15"><span class='ocrx_word' id='word_1_83' title='bbox 72 749 245 806; x_wconf 89' lang='lat' dir='ltr'>scriptis</span> <span class='ocrx_word' id='word_1_84' title='bbox 276 755 528 789; x_wconf 86' lang='lat' dir='ltr'>memoratu</span> <span class='ocrx_word' id='word_1_85' title='bbox 559 744 777 801; x_wconf 86' lang='lat' dir='ltr'>digniores</span> <span class='ocrx_word' id='word_1_86' title='bbox 811 756 1050 800; x_wconf 81' lang='lat' dir='ltr'>excerpam</span> <span class='ocrx_word' id='word_1_87' title='bbox 1080 741 1328 791; x_wconf 83' lang='lat' dir='ltr'>varietates,</span> <span class='ocrx_word' id='word_1_88' title='bbox 1369 740 1448 781; x_wconf 90' lang='lat' dir='ltr'>sed</span> <span class='ocrx_word' id='word_1_89' title='bbox 1476 741 1617 797; x_wconf 86' lang='lat' dir='ltr'>potius</span> <span class='ocrx_word' id='word_1_90' title='bbox 1649 755 1783 796; x_wconf 90' lang='lat' dir='ltr'>quem</span> <span class='ocrx_word' id='word_1_91' title='bbox 1811 741 2012 782; x_wconf 85' lang='lat' dir='ltr'>codicem</span> 
     </span>
     <span class='ocr_line' id='line_1_11' title="bbox 70 807 2012 868; baseline -0.006 -10"><span class='ocrx_word' id='word_1_92' title='bbox 70 825 226 858; x_wconf 83' lang='lat' dir='ltr'>nactus</span> <span class='ocrx_word' id='word_1_93' title='bbox 256 815 421 857; x_wconf 68' lang='lat' dir='ltr'>luerim</span> <span class='ocrx_word' id='word_1_94' title='bbox 452 812 809 868; x_wconf 87' lang='lat' dir='ltr'>antiquissimum</span> <span class='ocrx_word' id='word_1_95' title='bbox 848 810 1128 864; x_wconf 89' lang='lat' dir='ltr'>eundemque</span> <span class='ocrx_word' id='word_1_96' title='bbox 1167 808 1403 866; x_wconf 83' lang='lat' dir='ltr'>optimum,</span> <span class='ocrx_word' id='word_1_97' title='bbox 1459 807 1551 848; x_wconf 87' lang='lat' dir='ltr'>eius</span> <span class='ocrx_word' id='word_1_98' title='bbox 1584 823 1731 850; x_wconf 91' lang='lat' dir='ltr'>omnes</span> <span class='ocrx_word' id='word_1_99' title='bbox 1763 809 2012 850; x_wconf 78' lang='lat' dir='ltr'>exscribam</span> 
     </span>
     <span class='ocr_line' id='line_1_12' title="bbox 70 875 2012 934; baseline -0.006 -9"><span class='ocrx_word' id='word_1_100' title='bbox 70 884 300 934; x_wconf 89' lang='lat' dir='ltr'>lectiones,</span> <span class='ocrx_word' id='word_1_101' title='bbox 344 883 478 924; x_wconf 91' lang='lat' dir='ltr'>etiam</span> <span class='ocrx_word' id='word_1_102' title='bbox 507 879 741 921; x_wconf 87' lang='lat' dir='ltr'>manifesto</span> <span class='ocrx_word' id='word_1_103' title='bbox 772 880 924 930; x_wconf 77' lang='lat' dir='ltr'>falsas,</span> <span class='ocrx_word' id='word_1_104' title='bbox 973 876 1175 934; x_wconf 87' lang='lat' dir='ltr'>inprimis</span> <span class='ocrx_word' id='word_1_105' title='bbox 1208 877 1261 917; x_wconf 91' lang='lat' dir='ltr'>iis</span> <span class='ocrx_word' id='word_1_106' title='bbox 1292 876 1340 918; x_wconf 91' lang='lat' dir='ltr'>in</span> <span class='ocrx_word' id='word_1_107' title='bbox 1370 876 1499 927; x_wconf 92' lang='lat' dir='ltr'>locis,</span> <span class='ocrx_word' id='word_1_108' title='bbox 1543 876 1620 916; x_wconf 89' lang='lat' dir='ltr'>ubi</span> <span class='ocrx_word' id='word_1_109' title='bbox 1644 878 1889 933; x_wconf 76' lang='lat' dir='ltr'>iragmenta</span> <span class='ocrx_word' id='word_1_110' title='bbox 1918 875 2012 932; x_wconf 89' lang='lat' dir='ltr'>pri—</span> 
     </span>
     <span class='ocr_line' id='line_1_13' title="bbox 71 942 2014 1005; baseline -0.006 -12"><span class='ocrx_word' id='word_1_111' title='bbox 71 965 248 993; x_wconf 85' lang='lat' dir='ltr'>scorum</span> <span class='ocrx_word' id='word_1_112' title='bbox 278 949 545 1005; x_wconf 86' lang='lat' dir='ltr'>scriptorum</span> <span class='ocrx_word' id='word_1_113' title='bbox 575 947 877 1004; x_wconf 80' lang='lat' dir='ltr'>reperiuntur3</span> <span class='ocrx_word' id='word_1_114' title='bbox 932 945 1123 999; x_wconf 88' lang='lat' dir='ltr'>reliquos</span> <span class='ocrx_word' id='word_1_115' title='bbox 1163 953 1314 985; x_wconf 88' lang='lat' dir='ltr'>autem</span> <span class='ocrx_word' id='word_1_116' title='bbox 1343 945 1478 985; x_wconf 91' lang='lat' dir='ltr'>libros</span> <span class='ocrx_word' id='word_1_117' title='bbox 1512 958 1658 984; x_wconf 84' lang='lat' dir='ltr'>omnes</span> <span class='ocrx_word' id='word_1_118' title='bbox 1689 945 1736 985; x_wconf 90' lang='lat' dir='ltr'>in</span> <span class='ocrx_word' id='word_1_119' title='bbox 1765 942 2014 985; x_wconf 83' lang='lat' dir='ltr'>subsidium</span> 
     </span>
     <span class='ocr_line' id='line_1_14' title="bbox 70 1011 2013 1066; baseline -0.006 -7"><span class='ocrx_word' id='word_1_120' title='bbox 70 1027 243 1060; x_wconf 84' lang='lat' dir='ltr'>tantum</span> <span class='ocrx_word' id='word_1_121' title='bbox 274 1016 534 1066; x_wconf 87' lang='lat' dir='ltr'>adhibeam;</span> <span class='ocrx_word' id='word_1_122' title='bbox 565 1014 862 1055; x_wconf 88' lang='lat' dir='ltr'>Putschianae</span> <span class='ocrx_word' id='word_1_123' title='bbox 895 1026 996 1053; x_wconf 76' lang='lat' dir='ltr'>vero</span> <span class='ocrx_word' id='word_1_124' title='bbox 1030 1012 1232 1053; x_wconf 86' lang='lat' dir='ltr'>editionis</span> <span class='ocrx_word' id='word_1_125' title='bbox 1258 1012 1466 1053; x_wconf 88' lang='lat' dir='ltr'>lectiones</span> <span class='ocrx_word' id='word_1_126' title='bbox 1495 1011 1671 1052; x_wconf 88' lang='lat' dir='ltr'>omnino</span> <span class='ocrx_word' id='word_1_127' title='bbox 1696 1026 1847 1053; x_wconf 90' lang='lat' dir='ltr'>omnes</span> <span class='ocrx_word' id='word_1_128' title='bbox 1876 1023 2013 1051; x_wconf 88' lang='lat' dir='ltr'>accu—</span> 
     </span>
     <span class='ocr_line' id='line_1_15' title="bbox 70 1076 2011 1134; baseline -0.005 -9"><span class='ocrx_word' id='word_1_129' title='bbox 70 1093 162 1126; x_wconf 87' lang='lat' dir='ltr'>rate</span> <span class='ocrx_word' id='word_1_130' title='bbox 196 1092 365 1124; x_wconf 83' lang='lat' dir='ltr'>enotem</span> <span class='ocrx_word' id='word_1_131' title='bbox 399 1096 451 1123; x_wconf 90' lang='lat' dir='ltr'>ac</span> <span class='ocrx_word' id='word_1_132' title='bbox 482 1081 811 1123; x_wconf 86' lang='lat' dir='ltr'>transscribam.</span> <span class='ocrx_word' id='word_1_133' title='bbox 887 1080 1157 1121; x_wconf 82' lang='lat' dir='ltr'>Persuasum</span> <span class='ocrx_word' id='word_1_134' title='bbox 1195 1080 1315 1120; x_wconf 90' lang='lat' dir='ltr'>enim</span> <span class='ocrx_word' id='word_1_135' title='bbox 1346 1080 1512 1131; x_wconf 87' lang='lat' dir='ltr'>habeo,</span> <span class='ocrx_word' id='word_1_136' title='bbox 1569 1079 1689 1119; x_wconf 90' lang='lat' dir='ltr'>illam</span> <span class='ocrx_word' id='word_1_137' title='bbox 1721 1093 1855 1134; x_wconf 90' lang='lat' dir='ltr'>quam</span> <span class='ocrx_word' id='word_1_138' title='bbox 1884 1076 2011 1131; x_wconf 82' lang='lat' dir='ltr'>vulgo</span> 
     </span>
     <span class='ocr_line' id='line_1_16' title="bbox 69 1143 2012 1208; baseline -0.006 -15"><span class='ocrx_word' id='word_1_139' title='bbox 69 1160 230 1193; x_wconf 83' lang='lat' dir='ltr'>vocant</span> <span class='ocrx_word' id='word_1_140' title='bbox 255 1151 473 1208; x_wconf 90' lang='lat' dir='ltr'>potiorem</span> <span class='ocrx_word' id='word_1_141' title='bbox 502 1149 699 1190; x_wconf 89' lang='lat' dir='ltr'>lectionis</span> <span class='ocrx_word' id='word_1_142' title='bbox 731 1149 988 1190; x_wconf 85' lang='lat' dir='ltr'>varietatem</span> <span class='ocrx_word' id='word_1_143' title='bbox 1019 1148 1143 1188; x_wconf 89' lang='lat' dir='ltr'>haud</span> <span class='ocrx_word' id='word_1_144' title='bbox 1175 1148 1413 1188; x_wconf 91' lang='lat' dir='ltr'>salutarem</span> <span class='ocrx_word' id='word_1_145' title='bbox 1446 1161 1538 1188; x_wconf 91' lang='lat' dir='ltr'>esse</span> <span class='ocrx_word' id='word_1_146' title='bbox 1570 1160 1697 1204; x_wconf 88' lang='lat' dir='ltr'>posse</span> <span class='ocrx_word' id='word_1_147' title='bbox 1728 1143 2012 1201; x_wconf 87' lang='lat' dir='ltr'>scriptoribus</span> 
     </span>
     <span class='ocr_line' id='line_1_17' title="bbox 72 1211 2013 1274; baseline -0.005 -15"><span class='ocrx_word' id='word_1_148' title='bbox 72 1233 316 1274; x_wconf 87' lang='lat' dir='ltr'>eorumque</span> <span class='ocrx_word' id='word_1_149' title='bbox 350 1216 539 1257; x_wconf 85' lang='lat' dir='ltr'>orationi</span> <span class='ocrx_word' id='word_1_150' title='bbox 569 1216 886 1268; x_wconf 73' lang='lat' dir='ltr'>restituendae,</span> <span class='ocrx_word' id='word_1_151' title='bbox 939 1225 1171 1273; x_wconf 86' lang='lat' dir='ltr'>propterea</span> <span class='ocrx_word' id='word_1_152' title='bbox 1203 1215 1341 1270; x_wconf 81' lang='lat' dir='ltr'>quod,</span> <span class='ocrx_word' id='word_1_153' title='bbox 1390 1215 1471 1255; x_wconf 89' lang='lat' dir='ltr'>ubi</span> <span class='ocrx_word' id='word_1_154' title='bbox 1501 1214 1675 1255; x_wconf 83' lang='lat' dir='ltr'>codices</span> <span class='ocrx_word' id='word_1_155' title='bbox 1708 1211 1893 1254; x_wconf 83' lang='lat' dir='ltr'>adhibiti</span> <span class='ocrx_word' id='word_1_156' title='bbox 1922 1223 2013 1250; x_wconf 89' lang='lat' dir='ltr'>non</span> 
     </span>
     <span class='ocr_line' id='line_1_18' title="bbox 70 1278 2013 1344; baseline -0.006 -15"><span class='ocrx_word' id='word_1_157' title='bbox 70 1287 227 1344; x_wconf 81' lang='lat' dir='ltr'>integri</span> <span class='ocrx_word' id='word_1_158' title='bbox 266 1285 552 1326; x_wconf 81' lang='lat' dir='ltr'>conferuntur</span> <span class='ocrx_word' id='word_1_159' title='bbox 590 1285 943 1336; x_wconf 87' lang='lat' dir='ltr'>accuratissime,</span> <span class='ocrx_word' id='word_1_160' title='bbox 993 1296 1225 1338; x_wconf 87' lang='lat' dir='ltr'>nunquam</span> <span class='ocrx_word' id='word_1_161' title='bbox 1268 1282 1324 1323; x_wconf 88' lang='lat' dir='ltr'>ad</span> <span class='ocrx_word' id='word_1_162' title='bbox 1363 1291 1617 1340; x_wconf 88' lang='lat' dir='ltr'>exoptatum</span> <span class='ocrx_word' id='word_1_163' title='bbox 1658 1281 1846 1335; x_wconf 86' lang='lat' dir='ltr'>aliquem</span> <span class='ocrx_word' id='word_1_164' title='bbox 1877 1278 2013 1318; x_wconf 83' lang='lat' dir='ltr'>finem</span> 
     </span>
     <span class='ocr_line' id='line_1_19' title="bbox 70 1345 2012 1413; baseline -0.006 -18"><span class='ocrx_word' id='word_1_165' title='bbox 70 1354 255 1413; x_wconf 85' lang='lat' dir='ltr'>perduci</span> <span class='ocrx_word' id='word_1_166' title='bbox 291 1367 420 1410; x_wconf 89' lang='lat' dir='ltr'>posse</span> <span class='ocrx_word' id='word_1_167' title='bbox 463 1351 633 1393; x_wconf 88' lang='lat' dir='ltr'>videtur</span> <span class='ocrx_word' id='word_1_168' title='bbox 675 1366 810 1409; x_wconf 88' lang='lat' dir='ltr'>opera</span> <span class='ocrx_word' id='word_1_169' title='bbox 843 1352 995 1393; x_wconf 86' lang='lat' dir='ltr'>critica</span> <span class='ocrx_word' id='word_1_170' title='bbox 1028 1352 1072 1391; x_wconf 90' lang='lat' dir='ltr'>in</span> <span class='ocrx_word' id='word_1_171' title='bbox 1104 1351 1315 1408; x_wconf 83' lang='lat' dir='ltr'>scriptore</span> <span class='ocrx_word' id='word_1_172' title='bbox 1346 1358 1515 1391; x_wconf 83' lang='lat' dir='ltr'>vetusto</span> <span class='ocrx_word' id='word_1_173' title='bbox 1550 1347 1824 1390; x_wconf 87' lang='lat' dir='ltr'>emendando</span> <span class='ocrx_word' id='word_1_174' title='bbox 1856 1345 2012 1403; x_wconf 90' lang='lat' dir='ltr'>posita.</span> 
     </span>
     <span class='ocr_line' id='line_1_20' title="bbox 69 1412 2015 1477; baseline -0.006 -14"><span class='ocrx_word' id='word_1_175' title='bbox 69 1422 220 1477; x_wconf 86' lang='lat' dir='ltr'>Neque</span> <span class='ocrx_word' id='word_1_176' title='bbox 252 1429 403 1462; x_wconf 86' lang='lat' dir='ltr'>tamen</span> <span class='ocrx_word' id='word_1_177' title='bbox 435 1434 586 1461; x_wconf 90' lang='lat' dir='ltr'>omnes</span> <span class='ocrx_word' id='word_1_178' title='bbox 619 1420 797 1460; x_wconf 89' lang='lat' dir='ltr'>omnino</span> <span class='ocrx_word' id='word_1_179' title='bbox 826 1419 1041 1461; x_wconf 86' lang='lat' dir='ltr'>librorum</span> <span class='ocrx_word' id='word_1_180' title='bbox 1074 1419 1307 1459; x_wconf 77' lang='lat' dir='ltr'>varietates</span> <span class='ocrx_word' id='word_1_181' title='bbox 1340 1418 1541 1474; x_wconf 78' lang='lat' dir='ltr'>colligere</span> <span class='ocrx_word' id='word_1_182' title='bbox 1571 1417 1861 1470; x_wconf 82' lang='lat' dir='ltr'>collectasque</span> <span class='ocrx_word' id='word_1_183' title='bbox 1890 1412 2015 1454; x_wconf 86' lang='lat' dir='ltr'>exhi-</span> 
     </span>
     <span class='ocr_line' id='line_1_21' title="bbox 71 1481 2016 1545; baseline -0.005 -16"><span class='ocrx_word' id='word_1_184' title='bbox 71 1491 176 1531; x_wconf 86' lang='lat' dir='ltr'>bere</span> <span class='ocrx_word' id='word_1_185' title='bbox 208 1487 407 1545; x_wconf 82' lang='lat' dir='ltr'>expedit3</span> <span class='ocrx_word' id='word_1_186' title='bbox 440 1496 572 1542; x_wconf 89' lang='lat' dir='ltr'>atque</span> <span class='ocrx_word' id='word_1_187' title='bbox 603 1487 651 1527; x_wconf 91' lang='lat' dir='ltr'>in</span> <span class='ocrx_word' id='word_1_188' title='bbox 679 1487 765 1527; x_wconf 88' lang='lat' dir='ltr'>hac</span> <span class='ocrx_word' id='word_1_189' title='bbox 800 1485 1198 1528; x_wconf 85' lang='lat' dir='ltr'>Grammaticorum</span> <span class='ocrx_word' id='word_1_190' title='bbox 1232 1487 1438 1536; x_wconf 84' lang='lat' dir='ltr'>editione,</span> <span class='ocrx_word' id='word_1_191' title='bbox 1471 1485 1508 1526; x_wconf 87' lang='lat' dir='ltr'>si</span> <span class='ocrx_word' id='word_1_192' title='bbox 1540 1498 1726 1534; x_wconf 84' lang='lat' dir='ltr'>omnem,</span> <span class='ocrx_word' id='word_1_193' title='bbox 1758 1496 1893 1537; x_wconf 88' lang='lat' dir='ltr'>quam</span> <span class='ocrx_word' id='word_1_194' title='bbox 1925 1481 2016 1521; x_wconf 92' lang='lat' dir='ltr'>col-</span> 
     </span>
     <span class='ocr_line' id='line_1_22' title="bbox 70 1552 2013 1614; baseline -0.006 -17"><span class='ocrx_word' id='word_1_195' title='bbox 70 1557 203 1614; x_wconf 81' lang='lat' dir='ltr'>ligere</span> <span class='ocrx_word' id='word_1_196' title='bbox 240 1555 427 1612; x_wconf 88' lang='lat' dir='ltr'>possim,</span> <span class='ocrx_word' id='word_1_197' title='bbox 488 1554 688 1595; x_wconf 87' lang='lat' dir='ltr'>lectionis</span> <span class='ocrx_word' id='word_1_198' title='bbox 729 1555 999 1611; x_wconf 83' lang='lat' dir='ltr'>farraginem</span> <span class='ocrx_word' id='word_1_199' title='bbox 1038 1555 1250 1595; x_wconf 91' lang='lat' dir='ltr'>adnotare</span> <span class='ocrx_word' id='word_1_200' title='bbox 1292 1554 1443 1603; x_wconf 83' lang='lat' dir='ltr'>velim,</span> <span class='ocrx_word' id='word_1_201' title='bbox 1504 1553 1550 1591; x_wconf 90' lang='lat' dir='ltr'>in</span> <span class='ocrx_word' id='word_1_202' title='bbox 1581 1566 1716 1606; x_wconf 88' lang='lat' dir='ltr'>quam</span> <span class='ocrx_word' id='word_1_203' title='bbox 1747 1552 2013 1590; x_wconf 85' lang='lat' dir='ltr'>immensum</span> 
     </span>
     <span class='ocr_line' id='line_1_23' title="bbox 70 1618 2010 1679; baseline -0.006 -15"><span class='ocrx_word' id='word_1_204' title='bbox 70 1624 278 1665; x_wconf 79' lang='lat' dir='ltr'>volumen</span> <span class='ocrx_word' id='word_1_205' title='bbox 310 1630 536 1664; x_wconf 83' lang='lat' dir='ltr'>excrescat</span> <span class='ocrx_word' id='word_1_206' title='bbox 564 1630 707 1662; x_wconf 87' lang='lat' dir='ltr'>totum</span> <span class='ocrx_word' id='word_1_207' title='bbox 740 1636 869 1679; x_wconf 91' lang='lat' dir='ltr'>opus,</span> <span class='ocrx_word' id='word_1_208' title='bbox 933 1631 1149 1677; x_wconf 87' lang='lat' dir='ltr'>quantum</span> <span class='ocrx_word' id='word_1_209' title='bbox 1185 1622 1341 1661; x_wconf 88' lang='lat' dir='ltr'>inutile</span> <span class='ocrx_word' id='word_1_210' title='bbox 1378 1618 1551 1675; x_wconf 82' lang='lat' dir='ltr'>pondus</span> <span class='ocrx_word' id='word_1_211' title='bbox 1585 1618 1862 1666; x_wconf 85' lang='lat' dir='ltr'>habiturum,</span> <span class='ocrx_word' id='word_1_212' title='bbox 1924 1627 2010 1653; x_wconf 88' lang='lat' dir='ltr'>non</span> 
     </span>
     <span class='ocr_line' id='line_1_24' title="bbox 73 1681 2011 1746; baseline -0.006 -14"><span class='ocrx_word' id='word_1_213' title='bbox 73 1700 135 1733; x_wconf 87' lang='lat' dir='ltr'>est</span> <span class='ocrx_word' id='word_1_214' title='bbox 171 1691 290 1746; x_wconf 87' lang='lat' dir='ltr'>quod</span> <span class='ocrx_word' id='word_1_215' title='bbox 330 1690 432 1731; x_wconf 80' lang='lat' dir='ltr'>viris</span> <span class='ocrx_word' id='word_1_216' title='bbox 473 1690 611 1730; x_wconf 89' lang='lat' dir='ltr'>doctis</span> <span class='ocrx_word' id='word_1_217' title='bbox 654 1689 811 1730; x_wconf 87' lang='lat' dir='ltr'>dicam.</span> <span class='ocrx_word' id='word_1_218' title='bbox 852 1713 909 1720; x_wconf 95' lang='lat'>——</span> <span class='ocrx_word' id='word_1_219' title='bbox 956 1687 1163 1731; x_wconf 88' lang='lat' dir='ltr'>Ceterum</span> <span class='ocrx_word' id='word_1_220' title='bbox 1202 1689 1247 1728; x_wconf 88' lang='lat' dir='ltr'>in</span> <span class='ocrx_word' id='word_1_221' title='bbox 1286 1686 1392 1727; x_wconf 91' lang='lat' dir='ltr'>locis</span> <span class='ocrx_word' id='word_1_222' title='bbox 1434 1684 1661 1724; x_wconf 88' lang='lat' dir='ltr'>doctrinae</span> <span class='ocrx_word' id='word_1_223' title='bbox 1701 1681 2011 1739; x_wconf 77' lang='lat' dir='ltr'>grammaticae</span> 
     </span>
     <span class='ocr_line' id='line_1_25' title="bbox 69 1747 2012 1809; baseline -0.007 -9"><span class='ocrx_word' id='word_1_224' title='bbox 69 1758 432 1800; x_wconf 87' lang='lat' dir='ltr'>memorabilibus</span> <span class='ocrx_word' id='word_1_225' title='bbox 473 1757 800 1798; x_wconf 85' lang='lat' dir='ltr'>subnotandam</span> <span class='ocrx_word' id='word_1_226' title='bbox 842 1756 1082 1798; x_wconf 87' lang='lat' dir='ltr'>credebam</span> <span class='ocrx_word' id='word_1_227' title='bbox 1121 1770 1214 1797; x_wconf 83' lang='lat' dir='ltr'>csse</span> <span class='ocrx_word' id='word_1_228' title='bbox 1249 1751 1617 1809; x_wconf 85' lang='lat' dir='ltr'>significationem</span> <span class='ocrx_word' id='word_1_229' title='bbox 1648 1749 1860 1791; x_wconf 86' lang='lat' dir='ltr'>similium</span> <span class='ocrx_word' id='word_1_230' title='bbox 1892 1747 2012 1805; x_wconf 86' lang='lat' dir='ltr'>apud</span> 
     </span>
     <span class='ocr_line' id='line_1_26' title="bbox 73 1816 2013 1877; baseline -0.007 -10"><span class='ocrx_word' id='word_1_231' title='bbox 73 1826 179 1867; x_wconf 87' lang='lat' dir='ltr'>alios</span> <span class='ocrx_word' id='word_1_232' title='bbox 214 1824 538 1866; x_wconf 87' lang='lat' dir='ltr'>Grammaticos</span> <span class='ocrx_word' id='word_1_233' title='bbox 568 1825 790 1875; x_wconf 86' lang='lat' dir='ltr'>locorum,</span> <span class='ocrx_word' id='word_1_234' title='bbox 846 1838 928 1865; x_wconf 89' lang='lat' dir='ltr'>nec</span> <span class='ocrx_word' id='word_1_235' title='bbox 961 1825 1107 1865; x_wconf 86' lang='lat' dir='ltr'>minus</span> <span class='ocrx_word' id='word_1_236' title='bbox 1140 1821 1403 1877; x_wconf 88' lang='lat' dir='ltr'>scriptorum</span> <span class='ocrx_word' id='word_1_237' title='bbox 1434 1818 1666 1859; x_wconf 90' lang='lat' dir='ltr'>citatorum</span> <span class='ocrx_word' id='word_1_238' title='bbox 1694 1816 2013 1874; x_wconf 87' lang='lat' dir='ltr'>diligentiorem</span> 
     </span>
     <span class='ocr_line' id='line_1_27' title="bbox 73 1881 2011 1947; baseline -0.006 -14"><span class='ocrx_word' id='word_1_239' title='bbox 73 1892 491 1935; x_wconf 86' lang='lat' dir='ltr'>demonstrationem</span> <span class='ocrx_word' id='word_1_240' title='bbox 531 1891 883 1947; x_wconf 87' lang='lat' dir='ltr'>adiungendam,</span> <span class='ocrx_word' id='word_1_241' title='bbox 944 1891 990 1931; x_wconf 88' lang='lat' dir='ltr'>id</span> <span class='ocrx_word' id='word_1_242' title='bbox 1029 1889 1146 1945; x_wconf 87' lang='lat' dir='ltr'>quod</span> <span class='ocrx_word' id='word_1_243' title='bbox 1189 1887 1275 1929; x_wconf 82' lang='lat' dir='ltr'>feci</span> <span class='ocrx_word' id='word_1_244' title='bbox 1320 1886 1571 1940; x_wconf 77' lang='lat' dir='ltr'>faciamque</span> <span class='ocrx_word' id='word_1_245' title='bbox 1619 1884 1876 1938; x_wconf 89' lang='lat' dir='ltr'>ubicunque</span> <span class='ocrx_word' id='word_1_246' title='bbox 1916 1881 2011 1922; x_wconf 85' lang='lat' dir='ltr'>fieri</span> 
     </span>
     <span class='ocr_line' id='line_1_28' title="bbox 72 1961 271 2018; baseline 0 -17"><span class='ocrx_word' id='word_1_247' title='bbox 72 1961 271 2018; x_wconf 86' lang='lat' dir='ltr'>potuerit.</span> 
     </span>
    </p>

    <p class='ocr_par' dir='ltr' id='par_1_3' title="bbox 72 2017 2012 2416">
     <span class='ocr_line' id='line_1_29' title="bbox 234 2017 2012 2084; baseline -0.007 -15"><span class='ocrx_word' id='word_1_248' title='bbox 234 2027 379 2083; x_wconf 90' lang='lat' dir='ltr'>Atque</span> <span class='ocrx_word' id='word_1_249' title='bbox 411 2028 472 2069; x_wconf 86' lang='lat' dir='ltr'>ita</span> <span class='ocrx_word' id='word_1_250' title='bbox 503 2027 590 2069; x_wconf 89' lang='lat' dir='ltr'>iam</span> <span class='ocrx_word' id='word_1_251' title='bbox 624 2029 672 2068; x_wconf 89' lang='grc'>111</span> <span class='ocrx_word' id='word_1_252' title='bbox 702 2028 787 2068; x_wconf 85' lang='grc'><strong>1100</strong></span> <span class='ocrx_word' id='word_1_253' title='bbox 819 2027 963 2084; x_wconf 84' lang='lat' dir='ltr'>primo</span> <span class='ocrx_word' id='word_1_254' title='bbox 994 2023 1216 2063; x_wconf 81' lang='lat' dir='ltr'>volumine</span> <span class='ocrx_word' id='word_1_255' title='bbox 1244 2021 1416 2063; x_wconf 88' lang='lat' dir='ltr'>edendo</span> <span class='ocrx_word' id='word_1_256' title='bbox 1443 2028 1641 2062; x_wconf 78' lang='lat' dir='ltr'>versatus</span> <span class='ocrx_word' id='word_1_257' title='bbox 1669 2033 1781 2060; x_wconf 87' lang='lat' dir='ltr'>sum.</span> <span class='ocrx_word' id='word_1_258' title='bbox 1842 2017 1895 2058; x_wconf 86' lang='lat' dir='ltr'>Et</span> <span class='ocrx_word' id='word_1_259' title='bbox 1917 2018 2012 2058; x_wconf 89' lang='lat' dir='ltr'>Do-</span> 
     </span>
     <span class='ocr_line' id='line_1_30' title="bbox 72 2085 2010 2151; baseline -0.006 -16"><span class='ocrx_word' id='word_1_260' title='bbox 72 2100 219 2135; x_wconf 71' lang='lat' dir='ltr'>natum</span> <span class='ocrx_word' id='word_1_261' title='bbox 249 2094 449 2149; x_wconf 87' lang='lat' dir='ltr'>quidem,</span> <span class='ocrx_word' id='word_1_262' title='bbox 482 2096 558 2151; x_wconf 90' lang='lat' dir='ltr'>qui</span> <span class='ocrx_word' id='word_1_263' title='bbox 582 2108 740 2150; x_wconf 87' lang='lat' dir='ltr'>agmen</span> <span class='ocrx_word' id='word_1_264' title='bbox 765 2094 904 2144; x_wconf 86' lang='lat' dir='ltr'>ducit,</span> <span class='ocrx_word' id='word_1_265' title='bbox 935 2099 1169 2148; x_wconf 84' lang='lat' dir='ltr'>postquam</span> <span class='ocrx_word' id='word_1_266' title='bbox 1192 2090 1410 2141; x_wconf 77' lang='lat' dir='ltr'>intellexi,</span> <span class='ocrx_word' id='word_1_267' title='bbox 1443 2088 1645 2130; x_wconf 88' lang='lat' dir='ltr'>codicem</span> <span class='ocrx_word' id='word_1_268' title='bbox 1674 2085 2010 2133; x_wconf 84' lang='lat' dir='ltr'>Santenianum,</span> 
     </span>
     <span class='ocr_line' id='line_1_31' title="bbox 74 2152 2008 2217; baseline -0.006 -15"><span class='ocrx_word' id='word_1_269' title='bbox 74 2162 149 2217; x_wconf 85' lang='lat' dir='ltr'>qui</span> <span class='ocrx_word' id='word_1_270' title='bbox 181 2170 429 2203; x_wconf 84' lang='lat' dir='ltr'>asservatur</span> <span class='ocrx_word' id='word_1_271' title='bbox 458 2162 506 2202; x_wconf 90' lang='lat' dir='ltr'>in</span> <span class='ocrx_word' id='word_1_272' title='bbox 537 2162 806 2202; x_wconf 81' lang='lat' dir='ltr'>bibliotheca</span> <span class='ocrx_word' id='word_1_273' title='bbox 837 2159 955 2215; x_wconf 87' lang='lat' dir='ltr'>regia</span> <span class='ocrx_word' id='word_1_274' title='bbox 987 2157 1285 2209; x_wconf 89' lang='lat' dir='ltr'>Berolinensi,</span> <span class='ocrx_word' id='word_1_275' title='bbox 1347 2170 1498 2197; x_wconf 87' lang='lat' dir='ltr'>veram</span> <span class='ocrx_word' id='word_1_276' title='bbox 1535 2155 1758 2211; x_wconf 88' lang='lat' dir='ltr'>scriptoris</span> <span class='ocrx_word' id='word_1_277' title='bbox 1799 2152 2008 2194; x_wconf 71' lang='lat' dir='ltr'>exhibere</span> 
     </span>
     <span class='ocr_line' id='line_1_32' title="bbox 72 2219 2008 2285; baseline -0.005 -17"><span class='ocrx_word' id='word_1_278' title='bbox 72 2240 274 2278; x_wconf 89' lang='lat' dir='ltr'>manum,</span> <span class='ocrx_word' id='word_1_279' title='bbox 335 2230 531 2285; x_wconf 78' lang='lat' dir='ltr'>neglecta</span> <span class='ocrx_word' id='word_1_280' title='bbox 570 2228 741 2282; x_wconf 89' lang='lat' dir='ltr'>reliqua</span> <span class='ocrx_word' id='word_1_281' title='bbox 781 2226 901 2266; x_wconf 91' lang='lat' dir='ltr'>omni</span> <span class='ocrx_word' id='word_1_282' title='bbox 938 2225 1148 2266; x_wconf 85' lang='lat' dir='ltr'>varietate</span> <span class='ocrx_word' id='word_1_283' title='bbox 1188 2225 1248 2266; x_wconf 90' lang='lat' dir='ltr'>ita</span> <span class='ocrx_word' id='word_1_284' title='bbox 1285 2224 1494 2276; x_wconf 84' lang='lat' dir='ltr'>instruxi,</span> <span class='ocrx_word' id='word_1_285' title='bbox 1554 2231 1602 2264; x_wconf 87' lang='lat' dir='ltr'>ut</span> <span class='ocrx_word' id='word_1_286' title='bbox 1639 2229 1814 2279; x_wconf 88' lang='lat' dir='ltr'>praeter</span> <span class='ocrx_word' id='word_1_287' title='bbox 1845 2219 2008 2261; x_wconf 77' lang='lat' dir='ltr'>codicis</span> 
     </span>
     <span class='ocr_line' id='line_1_33' title="bbox 73 2284 2009 2353; baseline -0.006 -19"><span class='ocrx_word' id='word_1_288' title='bbox 73 2307 217 2350; x_wconf 86' lang='lat' dir='ltr'>pauca</span> <span class='ocrx_word' id='word_1_289' title='bbox 241 2304 383 2336; x_wconf 83' lang='lat' dir='ltr'>errata</span> <span class='ocrx_word' id='word_1_290' title='bbox 408 2296 712 2353; x_wconf 82' lang='lat' dir='ltr'>integramque</span> <span class='ocrx_word' id='word_1_291' title='bbox 731 2293 1028 2334; x_wconf 89' lang='lat' dir='ltr'>Putschianae</span> <span class='ocrx_word' id='word_1_292' title='bbox 1058 2292 1258 2333; x_wconf 85' lang='lat' dir='ltr'>editionis</span> <span class='ocrx_word' id='word_1_293' title='bbox 1283 2292 1542 2333; x_wconf 81' lang='lat' dir='ltr'>varietatem</span> <span class='ocrx_word' id='word_1_294' title='bbox 1566 2290 1686 2330; x_wconf 92' lang='lat' dir='ltr'>locos</span> <span class='ocrx_word' id='word_1_295' title='bbox 1711 2296 1883 2329; x_wconf 85' lang='lat' dir='ltr'>tantum</span> <span class='ocrx_word' id='word_1_296' title='bbox 1906 2284 2009 2325; x_wconf 83' lang='lat' dir='ltr'>scri-</span> 
     </span>
     <span class='ocr_line' id='line_1_34' title="bbox 73 2355 2007 2416; baseline -0.006 -15"><span class='ocrx_word' id='word_1_297' title='bbox 73 2369 246 2416; x_wconf 83' lang='lat' dir='ltr'>ptorum</span> <span class='ocrx_word' id='word_1_298' title='bbox 270 2375 294 2402; x_wconf 89' lang='lat' dir='ltr'>a</span> <span class='ocrx_word' id='word_1_299' title='bbox 315 2360 612 2404; x_wconf 85' lang='lat' dir='ltr'>Grammatico</span> <span class='ocrx_word' id='word_1_300' title='bbox 643 2362 873 2403; x_wconf 87' lang='lat' dir='ltr'>citatorum</span> <span class='ocrx_word' id='word_1_301' title='bbox 901 2361 1203 2410; x_wconf 61' lang='lat' dir='ltr'>subnotat-em,</span> <span class='ocrx_word' id='word_1_302' title='bbox 1238 2359 1476 2401; x_wconf 87' lang='lat' dir='ltr'>certissime</span> <span class='ocrx_word' id='word_1_303' title='bbox 1503 2369 1762 2415; x_wconf 85' lang='lat' dir='ltr'>persuasus,</span> <span class='ocrx_word' id='word_1_304' title='bbox 1793 2355 2007 2406; x_wconf 86' lang='lat' dir='ltr'>reliquam</span> 
     </span>
    </p>
   </div>
  </div>
 </body>
</html>
