2263 2668
411 146 475 180 DE
502 147 778 183 VERBORUM
803 145 1190 183 SlGNlFICATIONE
1217 147 1529 186 FRAGMENTA.
1788 150 1862 186 257

247 241 465 284 Scriptum
482 241 495 256 *
522 242 643 284 estid,
671 243 764 286 quod
791 244 823 276 in
850 242 1050 288 palustribus
1078 242 1161 276 locis
1190 243 1333 277 nascitur
1359 245 1452 287 leve,
1484 251 1517 279 et
1544 256 1742 290 procerum,
1771 246 1859 279 unde
1887 255 2033 290 ·s.scirpus

81 299 177 338 teges
202 292 294 326 fiunt.
345 292 429 325 Inde
463 294 678 337 proverbium
706 300 753 328 est
778 295 810 328 in
838 307 891 328 eas
918 298 1030 327 natum
1067 305 1143 335 res,
1186 306 1272 338 quae
1299 297 1419 330 nullius
1446 298 1675 343 impedimenti
1705 303 1793 340 sunt,
1825 298 1857 330 in

82 345 194 389 scirpo
222 344 348 376 nodum
375 355 544 387 quaerere.
597 346 739 379 Ennius:

185 395 410 437 Quaerunt
436 395 475 428 in
502 396 664 442 scirp0,
691 397 815 430 soliti
840 396 956 442 quod
985 396 1149 438 dicere,
1177 397 1340 431 nodum.

87 452 120 480 et
143 448 278 480 Plautus
304 447 338 480 in
360 447 551 481 Aulularia:

185 499 317 540 Quasi
343 498 483 542 pueri,
514 499 586 543 qui
611 510 712 533 nare
739 499 927 541 discunt,
955 498 1100 544 scirpo
1127 497 1331 532 induetur
1357 501 1473 536 ratis.

81 550 207 583 Novius
236 551 269 582 in
291 549 496 583 Phoenissis:

184 601 303 635 Sume
331 612 441 634 arma
467 600 487 633 i.
515 601 637 634 ante*
668 601 860 635 occidam
890 601 1014 635 clava
1040 601 1216 645 scirpia.
1885 614 1919 642 Ὗ,
1940 615 1988 641 iam
2006 619 2032 641 te

81 652 210 697 Spita
245 653 385 695 dicitur,
421 657 453 685 et
478 652 566 686 basis
593 653 771 686 columnae
797 654 891 686 unius
917 653 999 697 tori,
1040 657 1097 686 aut
1124 652 1287 694 duorum,
1329 658 1361 686 et
1392 665 1498 699 genus
1524 657 1635 699 operis
1662 656 1798 701 pistorii.
1827 661 1859 688 et

81 704 168 737 funis
191 704 338 737 nauticus
364 704 398 736 in
425 704 541 736 orbem
568 705 783 748 convolutus,
811 706 853 738 ab
881 705 998 738 eadem
1027 716 1141 737 omnes
1168 704 1391 739 similitudine.
1435 706 1614 740 Pacuvius:

185 756 296 797 Quid
325 755 503 789 cessatis
531 756 643 789 socii
670 757 811 790 eicere
844 757 981 801 spiras
1008 756 1228 800 sparteas?

81 807 206 840 Ennius
233 807 369 850 quidem
396 806 570 840 hominum
598 808 843 841 multitudinem
869 809 913 841 ita
940 808 1107 853 appellat,
1135 819 1211 841 cum
1239 808 1299 841 ait:

185 858 335 903 Spiras
362 858 616 904 legionibus
649 864 815 892 nexunt.

82 910 106 943 S
115 915 265 955 pectu,
293 911 360 943 sine
387 910 634 955 praepositione
658 911 821 944 Pacuvius
846 911 879 944 in
905 911 1082 944 Duloreste
1105 921 1179 943 usus
1206 914 1271 951 est,
1299 920 1376 943 cum
1403 910 1464 943 ait:

184 962 376 1006 Amplus,
403 962 645 994 rubicundo
673 963 841 1003 colore,
870 967 909 995 et
937 967 1090 1006 spectu
1114 964 1392 1006 proptervo*
1417 961 1548 994 ferox.
1866 966 1895 992 ·f.
1910 969 2031 1001 protervo

82 1013 277 1058 Spetile*
293 1011 314 1034 4
342 1018 479 1047 vocatur
504 1013 588 1046 infra
616 1014 809 1047 umbilicum
829 1015 903 1054 suis,
931 1013 1024 1057 quod
1046 1018 1095 1047 est
1116 1014 1232 1054 carnis,
1259 1013 1388 1057 proprii
1411 1012 1583 1047 cuiusdam
1606 1011 1748 1054 habitus,
1770 1018 1904 1055 exos‚·f.
1915 1018 2031 1053 spectile

82 1076 148 1108 qua
174 1065 272 1098 etiam
300 1065 423 1109 antiqui
455 1076 517 1110 per
543 1077 576 1098 se
609 1066 794 1099 utebantur.
847 1066 984 1099 Plautus
1012 1065 1244 1099 enumerandis
1270 1065 1379 1097 villis*
1413 1064 1557 1097 obsoniis
1588 1064 1622 1096 in
1656 1063 1859 1097 Carbonaria
1877 1069 1917 1097 Ὗ.
1934 1070 2016 1095 suillis

82 1118 129 1151 sic
159 1128 204 1151 m.
217 1115 250 1149 5:

184 1169 276 1213 Ego
304 1179 497 1212 pernam,
524 1179 668 1202 sumen
696 1180 859 1208 sueres,
883 1168 1090 1212 spectile,
1116 1167 1318 1214 galium*,
1345 1167 1540 1212 glandia.
1868 1171 1904 1196 Ὗ.
1927 1171 2015 1196 callum

81 1218 254 1264 Spicitfi
282 1231 418 1263 quoque
443 1219 512 1252 sine
536 1220 787 1265 praepositione
814 1220 967 1253 dixerunt
993 1220 1128 1264 antiqui.
1180 1219 1336 1253 Plautus:

184 1271 423 1316 Flagitium
448 1275 526 1312 est,
553 1272 585 1304 si
611 1271 721 1305 nihil
747 1271 958 1314 mittetur,
986 1283 1093 1315 quae
1127 1271 1382 1316 superclio*
1409 1270 1559 1315 spicit;
1869 1273 1906 1298 *f-
1924 1282 2014 1314 super-

81 1327 114 1356 et
136 1322 260 1367 spexit,
287 1322 421 1355 Ennius.
443 1322 464 1356 l.
487 1322 566 1356 VL:
1920 1309 1978 1333 “¹¹¹‘’

184 1383 297 1424 Quos
325 1381 395 1415 ubi
420 1393 494 1415 rex
546 1407 553 1415 .
609 1408 615 1415 .
672 1410 679 1416 .
732 1383 806 1416 ulo
834 1383 974 1428 spexit
1001 1383 1052 1416 de
1079 1382 1307 1416 contibus*
1335 1380 1472 1415 celsis.
1870 1385 2033 1412 ‘fimontibus

80 1442 313 1487 Spirillum
356 1442 470 1477 vocari
505 1443 550 1475 ait
578 1441 712 1488 Opilius
746 1442 901 1476 Aurelius
935 1453 1058 1488 caprae
1093 1443 1244 1476 barbam.
1299 1440 1559 1486 Spintyrnix
1583 1443 1631 1472 est
1663 1438 1729 1471 avis
1755 1448 1861 1482 genus

80 1495 184 1539 turpis
205 1490 226 1543 Η
250 1494 396 1539 figurae:
428 1494 698 1527 occursatrix
731 1494 972 1538 artificum,
1011 1494 1183 1539 perdita
1217 1493 1481 1538 spinturnix3
1514 1503 1553 1524 ea
1586 1491 1719 1524 Graece
1751 1487 1859 1535 [141]

81 1545 200 1580 dicitur
226 1547 279 1589 (ut
305 1547 350 1578 ait
377 1545 511 1589 Santra)
539 1547 848 1582 ΣΠΙΝΘΑΡΙΣ.
918 1546 1093 1591 Spicum
1132 1545 1312 1580 masculine
1345 1544 1472 1588 antiqui
1500 1543 1672 1583 dicebant,
1710 1546 1745 1574 ut
1769 1540 1860 1573 hunc

82 1598 217 1642 stirpem
245 1602 277 1630 et
302 1597 392 1630 hanc
417 1608 559 1629 amnem.
586 1608 697 1630 versus
725 1602 772 1630 est
798 1597 968 1641 antiquus:

185 1657 319 1698 Quasi
346 1668 503 1690 messor
524 1668 602 1701 per
628 1658 794 1690 messim
820 1669 1148 1701 ununquemque
1176 1657 1343 1702 spicum
1371 1654 1571 1700 collegit.

83 1715 108 1749 S
116 1727 238 1760 peres
261 1716 386 1759 antiqui
406 1716 579 1762 pluraliter
605 1717 780 1760 dicebant,
807 1722 843 1750 ut
865 1718 991 1751 Ennius
1018 1718 1040 1751 l.
1065 1717 1129 1750 ΠΛ

185 1767 237 1800 Et
264 1767 383 1800 simul
411 1767 578 1813 effugit
604 1780 753 1813 speres
779 1769 839 1802 ita
861 1769 1058 1803 funditus
1086 1773 1259 1801 nostras.

84 1824 117 1852 et
142 1819 164 1853 l.
190 1819 299 1852 XV1.:

186 1870 341 1914 Spem,
376 1870 406 1902 si
435 1881 584 1914 speres
608 1871 837 1915 quicquam
864 1872 1079 1917 prodesse
1106 1870 1222 1915 potis
1249 1873 1349 1901 sunt.

83 1922 108 1954 S
120 1922 267 1966 pectio
303 1921 336 1954 in
360 1922 571 1966 auguralibus
599 1924 734 1967 ponitur
760 1935 824 1968 pro
852 1923 1061 1969 aspectione3
1103 1928 1136 1955 et
1161 1920 1321 1954 nuntiatio
1347 1918 1425 1962 quia
1441 1919 1453 1933 *
1489 1928 1588 1950 omne
1614 1915 1663 1949 ius
1690 1920 1901 1948 sacrorum·f.
1920 1919 1967 1951 iis,
1986 1920 2030 1954 qui

84 1973 219 2005 habent.
272 1973 463 2017 Auguribus
489 1974 617 2017 spectio
649 1975 836 2016 dumtaxat,
864 1986 1006 2019 quorum
1034 1973 1174 2008 consilio
1203 1983 1273 2004 rem
1301 1974 1456 2016 gererent
1481 1968 1704 2013 magistratus,
1730 1975 1798 1998 non
1824 1969 1860 1997 ut

83 2029 219 2069 possent
245 2024 409 2068 impedire
435 2025 634 2069 nuntiando,
677 2038 765 2069 quae
799 2038 878 2060 cum
902 2026 1058 2059 vidissent
1083 2025 1168 2057 satis.
1202 2023 1330 2067 spectio
1365 2021 1433 2054 sine
1460 2019 1662 2054 nuntiatione
1691 2017 1770 2050 data
1799 2019 1859 2057 est,

85 2081 120 2108 ut
151 2076 214 2120 ipsi
248 2076 398 2121 auspicio
441 2087 513 2109 rem
547 2083 719 2122 gererent,
762 2089 829 2111 non
861 2082 898 2112 ut
931 2078 1012 2111 alios
1045 2075 1246 2121 impedirent
1277 2072 1470 2108 nuntiando.
1537 2067 1859 2115 Scripturarius

85 2210 246 2238 adduxisse
282 2219 337 2249 pro
370 2214 468 2238 scorto
500 2209 676 2248 pelliculam.
706 2220 742 2239 ex
772 2209 819 2238 his
850 2211 949 2239 verbis
993 2209 1126 2237 Sueris
1147 2219 1163 2237 a
1177 2208 1359 2237 nominativo
1375 2207 1450 2235 suis,
1473 2206 1552 2234 Urs.
1568 2220 1604 2226 —
1620 2201 1650 2242 5)
1659 2203 1711 2232 Sc'c
1722 2202 1858 2230 meminit

84 2253 271 2281 manifestum
317 2257 383 2287 eet,
434 2262 489 2291 pro
530 2251 754 2288 delicularum,
806 2258 950 2291 corrupto
993 2251 1066 2281 Ven.
1090 2250 1165 2281 Scal.
1192 2267 1234 2273 ——
1270 2252 1299 2288 6)
1322 2250 1447 2288 Spina]
1470 2247 1557 2277 Ennii
1578 2255 1698 2275 versum
1726 2245 1856 2282 Pompo-

84 2295 195 2332 verbo,
241 2294 432 2323 scribendum
463 2304 525 2323 esse
555 2295 744 2333 pelliculam.
798 2296 880 2325 Urs.
910 2311 951 2317 —
993 2294 1061 2323 nius
1083 2295 1189 2323 Laetus
1211 2295 1250 2322 ita
1272 2292 1402 2330 legebat:
1438 2291 1541 2328 Quos
1564 2288 1631 2320 ubi
1652 2298 1719 2318 rex
1745 2287 1855 2334 ultro

83 2339 114 2376 3)
138 2337 369 2376 Scaptensula]
399 2335 523 2375 Σκαπτή
553 2335 619 2376 ὕλη.
664 2336 802 2374 Graecis,
836 2339 868 2366 in
891 2347 951 2376 qua
994 2337 1129 2376 spexit
1161 2336 1204 2365 de
1233 2335 1432 2364 montibus
1458 2332 1587 2363 celsis.
1623 2331 1654 2360 in
1692 2329 1856 2368 exemplari

84 2379 275 2419 Thucydides
300 2379 454 2408 historiam
475 2379 618 2418 scripsit,
650 2390 717 2408 cum
744 2379 785 2408 ibi
806 2381 950 2411 exularet.
995 2384 1075 2408 certe
1097 2383 1156 2408 est:
1203 2378 1287 2416 Quos
1314 2378 1368 2406 ubi
1394 2387 1444 2406 rex
1471 2399 1478 2406 .
1507 2397 1513 2404 .
1545 2398 1551 2406 .
1582 2397 1589 2404 .
1621 2374 1673 2403 ulo
1703 2373 1799 2412 spexit
1820 2369 1855 2398 de

93 2423 170 2452 Ure.
193 2439 228 2444 —
265 2420 296 2462 4)
321 2421 459 2461 Sponte]
496 2422 592 2451 Varro
621 2420 687 2462 (lib.
715 2423 760 2459 X,
787 2423 849 2454 648
869 2421 949 2462 Sp.):
994 2421 1134 2450 comibus
1155 2421 1260 2449 celsis.-
1286 2426 1321 2451 ut
1344 2418 1465 2457 sedulo,
1486 2418 1536 2448 vel
1561 2417 1676 2456 paulo,
1698 2413 1853 2454 legendum

137 2473 302 2502 GRAMMAT.
323 2483 391 2503 ιΛτ.
405 2472 441 2502 11.
1544 2469 1577 2502 K
1591 2468 1616 2501 k
