2263 2668
0 2330 2 2390 l

0 2394 3 2424 ι

490 141 555 174 DE
581 135 973 174 SIGNIFICATIONE
1002 137 1286 178 VERBORUM.
1339 140 1485 175 LIBER
1509 139 1618 174 XVII.
1952 146 2026 180 663

81 244 190 275 operas
217 232 372 261 locabant:
408 242 484 270 quos
506 231 637 261 Fertores
665 232 752 261 etiam
781 230 878 259 dictos
905 230 1042 269 superius
1070 242 1107 260 ex
1129 232 1243 263 Isidoro
1272 234 1450 264 notavimus.
1494 233 1585 270 Quod
1612 232 1691 262 enim
1718 233 1838 265 arbores
1867 236 2026 274 fulguritae

81 277 209 317 piaculis
238 275 394 315 procurari
424 275 527 304 solitae
556 280 669 312 essent,
705 278 808 303 notum
830 277 874 301 est
896 282 964 301 cum
988 283 1023 302 ex
1046 275 1111 303 aliis
1132 281 1265 306 veterum
1287 278 1487 314 monimentis,
1525 282 1589 306 tum
1611 286 1648 305 ex
1669 276 1786 315 tabula,
1821 288 1896 317 quae
1918 280 2027 310 Romae

81 325 150 348 ante
171 319 227 347 hos
252 319 284 348 V.
305 328 395 346 annos
417 317 523 346 effossa
547 323 605 352 est3
630 328 717 355 quam
741 315 813 344 mihi
835 315 1053 345 eruditissimus
1077 328 1112 345 ac
1133 329 1285 358 nunquam
1309 322 1378 349 satis
1401 321 1537 349 laudatus
1559 319 1600 347 Cl.
1616 320 1765 349 Puteanus
1788 322 2026 353 communicavit.

79 363 114 391 In
133 372 168 390 ea
185 362 314 400 primum
332 361 374 388 ita
389 360 515 397 legitur:
537 359 613 389 ΙΙΙΙ.
637 359 694 389 ]D.
721 357 811 388 DEC.
834 356 1050 388 FRATRES.
1072 359 1246 392 ARVAL.
1271 361 1328 392 IN.
1352 361 1479 393 LUCO.
1503 360 1629 391 DEAE.
1654 361 1770 393 DIAE.
1797 362 1888 393 VIA.
1913 363 2027 395 CAM—

79 403 216 433 PANA.
245 402 377 433 APUD.
409 402 511 431 LAP.
545 401 585 431 V.
618 400 837 431 GOMENER.
867 399 961 430 PER.
997 399 1030 431 C.
1060 401 1184 433 PORG.
1216 403 1423 435 PRISGUM.
1455 403 1568 435 MAG.
1599 402 1660 432 ET
1683 402 1757 434 ΙΒῙ.
1788 404 2024 436 IMMOLAV.

81 444 215 484 QUOD.
252 445 325 475 AB,
354 443 468 474 ICTU.
500 443 727 473 FULMINIS.
762 441 979 473 ARBORES.
1011 443 1125 475 LUGI.
1157 445 1298 476 SACRI.
1329 447 1365 477 D.
1397 448 1434 478 D.
1467 444 1721 477 ATTAGTAE.
1751 446 2025 478 ARDUERINT.

79 486 344 526 EARUMQUE.
377 485 618 516 ARBORUM.
648 483 1060 516 ADOLEFACTARUM.
1094 486 1158 516 ET.
1192 485 1590 527 GOINQ'UENDARUM.
1622 487 1686 518 ΕΤ.
1717 487 1773 518 ΙΝ.
1803 488 1869 519 ΕΟ.
1899 488 2025 520 LUCO.

81 528 234 559 SAGRO.
265 528 415 559 ALIAE.
447 527 556 558 SINT.
585 527 845 557 REPOSITAE.
873 532 927 558 etc.
976 529 1085 557 Deinde
1114 530 1189 559 infra
1218 532 1248 560 in
1277 532 1377 561 eadem
1401 533 1504 561 tabula
1527 531 1617 560 struis
1638 531 1749 559 mentio
1771 531 1820 560 fit:
1858 531 2024 564 1MMOL.

78 570 189 601 IPSO.
220 570 335 601 MAG.
363 569 561 600 PORGAM.
592 570 657 599 ET.
685 569 864 600 AGNAM.
893 569 1066 601 STRUIB.
1095 571 1311 605 EFFERTIS.
1342 580 1397 606 etc.
1432 584 1613 614 quamquam
1641 575 1733 602 miror
1759 573 1887 602 struibus
1915 574 2025 614 affinis

78 624 139 642 non
161 613 289 642 struibus
310 621 336 642 et
349 611 442 655 fertis
464 614 494 642 in
518 624 549 641 ea
574 613 674 641 tabula
697 613 850 652 sculptum
871 612 970 643 fuisse.
1014 614 1081 642 Non
1103 616 1213 653 solum,
1239 617 1336 655 inquit
1357 618 1478 654 Festus,
1502 617 1683 646 att-arbores
1705 616 1862 654 fulguritas
1885 616 2024 645 struserta

77 655 202 693 fiebant,
235 656 287 685 sed
311 661 339 685 et
361 656 557 695 piacularium
581 656 807 684 commissarum
831 666 926 686 causa.
971 657 1046 685 Sane
1067 656 1124 685 hoc
1146 668 1250 688 verum
1274 670 1335 688 esse
1358 660 1407 688 vel
1430 671 1466 689 ex
1489 669 1548 688 uno
1573 660 1682 688 Catone
1705 663 1802 697 patet,
1838 658 1891 696 qui
1913 662 2024 687 struem

77 699 261 728 commoveri
283 699 365 727 iubet
388 709 445 737 pro
469 698 625 727 commisso
648 698 854 737 imprudenter
875 699 994 737 piaculo
1018 698 1064 727 his
1087 701 1199 729 verbis:
1224 701 1258 730 Si
1280 701 1353 741 quid
1373 704 1403 731 in
1426 702 1504 731 hisce
1525 699 1766 731 suovetaurilibus
1788 701 1856 737 erit,
1879 699 1959 741 quod
1974 711 2025 730 nec

78 748 153 770 recte
164 740 288 781 factum
311 742 349 769 sit
372 745 444 777 etc.‚
468 742 548 769 unde
571 742 611 769 ait
636 741 752 777 Festus,
775 741 861 769 etiam
884 741 946 770 sine
968 742 1155 771 strufertario
1179 743 1236 772 hoc
1259 744 1338 780 fieri,
1362 744 1420 773 hoc
1444 750 1487 773 est
1509 745 1572 773 sine
1594 743 1712 772 homine
1735 743 1930 773 conductitio.
1968 744 2024 773 Re-

79 789 134 812 cte.
166 783 239 811 Nam
264 784 477 822 paterfamilias
503 785 565 822 ipse
589 784 647 812 hoc
672 795 728 822 pro
751 788 812 812 tota
837 784 944 812 familia
967 795 1025 812 non
1050 795 1117 812 raro
1139 786 1274 817 faciebat.
1310 787 1400 815 Cuius
1424 787 1591 825 exemplum
1613 786 1703 814 habes
1727 785 1806 824 apud
1829 785 1955 813 eundem
1970 786 2022 813 Ca-

77 830 186 854 tonem.
211 824 308 855 Scal.
343 826 416 855 Ista:
442 827 483 854 Te
503 837 607 865 precor
632 825 741 865 Iupiter
763 827 806 854 uti
827 825 900 854 milii
921 832 974 855 ete.
997 827 1129 855 solennia
1152 829 1332 867 precationis
1355 829 1443 858 verba
1469 834 1553 865 sunt,
1576 833 1610 857 ut
1632 828 1710 866 apud
1735 830 1890 856 Catonem:
1914 826 2023 867 Iupiter

77 875 104 896 te
126 867 182 897 lioc
194 867 299 909 fercla
323 867 502 897 obmovemlo
527 868 618 896 bonas
637 879 736 907 preces
755 879 874 907 precor,
911 871 954 897 uti
976 870 1029 898 sies
1052 868 1149 898 volens
1168 873 1312 910 propitius
1336 871 1408 900 milii
1431 871 1584 910 liberisque
1605 871 1690 907 meis,
1724 869 1811 898 domo
1825 868 2024 911 familiaeque

76 921 157 938 meae
179 915 233 939 etc.
278 909 394 939 Fer-tum
418 916 515 939 autem
539 911 601 939 sive
613 911 734 952 forium
758 911 819 939 sive
836 911 968 951 farctum
993 922 1048 950 pro
1072 911 1151 940 bono
1175 914 1287 942 dictum
1311 914 1429 952 putavit
1450 914 1586 949 Salmas„
1616 923 1702 950 quem
1726 912 1796 941 vide
1819 912 1854 940 ad
1880 912 2021 941 Solinum.

75 952 135 981 Sed
158 952 263 980 melius
285 953 389 981 Festus
412 954 441 981 in
468 952 609 982 Ferctum.
640 953 727 982 Dac.
773 953 804 981 ln
834 954 984 991 reliquiis,
1021 965 1097 993 quae
1126 960 1229 994 postea
1258 961 1378 993 extant,
1415 955 1491 984 nihil
1516 955 1635 984 omnino
1660 955 1788 993 pertinet
1810 954 1844 982 ad
1868 954 2022 992 superiora

75 994 112 1023 de
134 994 345 1034 suaserim-iis,
371 997 438 1032 sed,
464 996 492 1024 ni
516 996 618 1031 fallor,
641 996 680 1023 ila
704 996 807 1024 Festus
830 997 1004 1033 scripserat:
1030 996 1136 1034 Suber‚
1162 997 1265 1035 arbor,
1289 1009 1329 1028 ex
1351 1009 1410 1038 qua
1433 1005 1536 1027 cortex
1559 996 1709 1036 deripitur.
1754 998 1862 1025 Deinde
1884 997 2023 1025 utebatur

74 1037 245 1066 testimonio
263 1038 391 1067 Lucillii.
425 1039 528 1077 Neque
551 1043 666 1066 tantuin
689 1037 747 1066 hoc
770 1038 837 1066 loco
860 1039 1078 1068 incommodum
1102 1045 1255 1078 acceptum
1280 1046 1338 1078 est,
1363 1041 1415 1069 sed
1439 1046 1467 1069 et
1488 1040 1634 1078 reliquum
1657 1039 1835 1075 membrum,
1859 1039 1939 1077 quod
1961 1038 2022 1068 huc

74 1080 256 1119 pertinebat,
281 1082 381 1109 nescio
407 1082 556 1119 quomodo
580 1082 755 1109 distractum
780 1086 823 1109 est
846 1086 874 1109 et
898 1082 1071 1110 translatum
1095 1082 1134 1110 ad
1156 1093 1258 1111 vocem
1279 1082 1384 1119 Stura,
1407 1087 1477 1121 post
1500 1093 1589 1121 quam
1611 1081 1754 1119 reliquiae
1776 1081 1864 1109 huius
1886 1081 1942 1109 loci
1965 1092 2021 1117 ap-

73 1127 182 1161 parent
204 1123 235 1150 in
258 1123 331 1152 illis:
368 1135 404 1152 ac
432 1123 628 1163 suberiesque3
668 1122 704 1151 de
733 1123 838 1152 subere
862 1125 937 1152 enim
961 1125 1116 1153 manifesto
1139 1135 1233 1154 sermo
1255 1125 1353 1154 fiebat.
1386 1123 1482 1155 Scal.
1527 1125 1585 1154 Sed
1607 1124 1636 1152 in
1660 1123 1776 1152 schedis
1799 1124 1884 1152 etiam
1907 1124 1950 1152 sic
1974 1123 2020 1152 di-

74 1175 160 1194 versa
183 1169 260 1193 sunt.
289 1165 373 1194 Dae.
420 1166 492 1194 Vide
515 1167 592 1194 intra
617 1163 710 1194 Suber
733 1170 761 1194 et
783 1166 889 1195 Isidor.
903 1167 1002 1202 XVII,
1027 1170 1075 1198 17.
1122 1165 1230 1198 Goth.

239 1206 498 1237 Silicernium.
543 1208 688 1236 Caecilius
720 1208 899 1237 Obelostate.
945 1209 1018 1237 Vide
1048 1209 1083 1237 de
1113 1209 1171 1238 hoc
1199 1210 1290 1239 verbo
1316 1211 1419 1241 Donat.
1442 1211 1473 1238 in
1496 1208 1621 1248 Adelph.
1647 1208 1720 1248 (IV,
1744 1211 1778 1245 2,
1801 1208 1868 1246 48.)
1892 1208 2019 1237 Nonium

74 1248 215 1288 (pag-48.
238 1249 340 1287 Merc.)
365 1255 392 1278 et
417 1250 603 1279 Planciadem
628 1250 705 1288 (pag.
720 1250 792 1281 560.
817 1250 929 1290 Mero).
953 1252 1010 1281 An
1020 1259 1039 1280 1.
1060 1250 1154 1290 Aug.
1200 1251 1387 1281 Silicernium
1410 1264 1499 1281 coena
1514 1250 1665 1292 funebris,
1699 1261 1785 1291 quam
1809 1249 1915 1279 Graeci
1936 1255 2020 1286 περί-

73 1293 197 1322 ὄειπνον
220 1300 348 1330 vocan15
381 1292 432 1321 secl
455 1301 480 1321 et
503 1291 654 1327 nonnulli,
685 1294 759 1320 inter
780 1303 854 1332 quos
877 1293 1015 1330 Verrius,
1046 1294 1217 1323 existimant
1242 1294 1318 1323 nihil
1339 1293 1423 1323 aliud
1445 1306 1519 1329 esse,
1553 1304 1639 1333 quam
1663 1291 1711 1328 id,
1743 1291 1823 1332 quocl
1845 1304 1897 1321 nos
1907 1292 2019 1332 farci—

73 1345 137 1362 men
160 1332 299 1369 dicimus,
328 1345 385 1373 quo
398 1336 505 1375 fletum
519 1333 650 1376 familia
675 1333 749 1374 (leg.
763 1336 856 1374 fletus
870 1334 1021 1375 familiae.
1043 1335 1101 1375 L.)
1124 1348 1248 1375 purgare
1270 1337 1420 1376 (purgari.
1443 1335 1573 1374 Idem.)
1595 1334 1684 1371 solet,
1708 1335 1778 1374 quia.
1800 1335 1883 1364 cuius
1905 1335 2020 1362 nomine

73 1387 106 1404 ea
130 1387 173 1404 res
195 1375 416 1412 instituebatur,
453 1378 511 1405 iam
536 1375 713 1405 silicernium
739 1385 870 1407 cerneret.
921 1376 1066 1407 Caecilius
1092 1377 1282 1408 obolostate:
1320 1377 1439 1407 Credidi
1466 1377 1643 1407 silicernium
1672 1377 1732 1405 eius
1752 1388 1797 1404 me
1819 1388 1875 1404 esse
1897 1387 2019 1404 esurum.

70 1418 216 1446 Silicernii
237 1427 328 1456 supra
351 1424 380 1447 et
403 1419 472 1447 alibi
494 1418 527 1450 τὸ
551 1419 658 1457 ἔτυμον
680 1419 838 1456 attigimus.
872 1419 978 1448 Cesnas
1001 1425 1114 1449 veteres
1137 1421 1276 1450 dicebant
1300 1426 1329 1450 et:
1344 1420 1471 1449 Poesnas
1495 1431 1547 1458 pro
1570 1430 1622 1456 ee,
1649 1419 1729 1457 quod
1752 1423 1795 1447 est
1811 1417 1919 1454 Cenas,
1944 1417 2018 1447 Poe-

70 1471 134 1490 nas.
178 1460 223 1488 Ab
251 1470 286 1488 eo
316 1459 509 1496 silicanium,
547 1466 648 1499 postea
677 1460 866 1490 silicernium.
913 1461 1050 1491 Casmina
1077 1462 1232 1501 Carmina3
1272 1462 1410 1493 Valesius
1436 1461 1574 1491 Valerius
1601 1466 1630 1490 et
1659 1461 1773 1489 similia.
1817 1460 2018 1489 Tertullianus

70 1503 208 1542 (Apolog.
228 1512 252 1533 c.
268 1504 343 1540 13.):
369 1502 433 1541 Quo
457 1502 558 1544 differt
580 1503 618 1531 ab
641 1502 725 1543 epulo
742 1503 821 1532 Iovis
842 1502 1048 1534 silicernium?
1069 1516 1087 1533 a
1108 1506 1254 1544 simpuvio
1276 1504 1378 1535 obba?
1400 1504 1437 1534 ab
1457 1505 1589 1543 aruspice
1608 1501 1794 1543 pollinctor?
1818 1503 2017 1532 Glossarium:

71 1544 274 1582 silicernium,
308 1547 510 1583 περίὸειπνον.
542 1543 668 1584 λύχνους
691 1544 747 1585 γὰρ
771 1543 874 1576 ἅπτειν
897 1546 929 1575 ἐν
950 1545 1057 1576 πένθει
1080 1544 1118 1577 οὔ
1140 1547 1237 1585 θέμις.
1281 1548 1407 1576 Videtur
1434 1546 1585 1585 accepisse
1607 1546 1690 1583 quasi
1713 1544 1927 1583 Selucernium,
1960 1544 2018 1574 hoc

69 1592 114 1617 est
131 1585 265 1626 ἅλυχνιά.
295 1588 450 1617 Rationem
472 1587 549 1616 hanc
572 1588 710 1616 eruimus.
741 1588 838 1616 Natali
862 1588 909 1616 die
932 1588 1074 1617 lucernae
1097 1589 1340 1619 accendebantur.
1374 1589 1529 1625 Mortuali,
1553 1593 1587 1616 ut
1608 1588 1774 1627 loquuntur
1788 1587 1861 1616 Cato
1886 1592 1914 1616 et
1932 1587 2018 1615 Plau·

69 1636 133 1667 tus,
155 1630 186 1658 id
211 1640 271 1658 nou
295 1630 444 1658 faciebant
466 1631 578 1669 optima
603 1630 639 1658 de
662 1640 767 1666 caiisa,
792 1635 823 1658 ut
844 1628 877 1661 τὸ
901 1627 1103 1670 ἀντίστροφον
1126 1634 1177 1670 τῆς
1200 1632 1341 1672 γενέσεως
1363 1631 1413 1662 καὶ
1435 1633 1486 1670 τῆς
1509 1632 1643 1669 τελευτῆς
1665 1630 1864 1659 ostenderent.
1897 1630 2015 1658 Persius

69 1671 125 1713 (V,
150 1674 219 1704 180.
233 1670 323 1712 seq.):

604 1731 645 1736 —
687 1731 729 1737 —
773 1731 814 1736 —
858 1722 1003 1755 unctaque
1014 1715 1150 1756 fenestra

605 1757 773 1796 Dispositae
793 1758 927 1796 pinguem
952 1757 1085 1787 nebulam
1109 1770 1239 1787 vomuere
1261 1757 1403 1787 lucernae.

67 1799 267 1828 Tertullianus
289 1799 367 1828 libro
390 1800 428 1828 de
450 1799 640 1828 Idololatria:
663 1799 709 1827 At
731 1811 808 1829 nunc
829 1799 926 1829 lucent
949 1800 1084 1829 tabernae
1105 1808 1132 1829 et
1154 1802 1261 1829 ianuae
1283 1808 1407 1829 nostrae.
1444 1798 1547 1830 Plures
1568 1800 1629 1828 iam
1644 1798 1834 1828 Etlmicorum
1851 1797 1934 1837 fores
1955 1798 2016 1826 sine

66 1841 192 1872 lucernis
214 1849 239 1870 et
262 1840 386 1879 laureis,
416 1854 505 1883 quam
531 1841 771 1872 Christianorum.
814 1842 853 1870 At
874 1842 906 1873 ἐν
926 1842 1033 1873 πένθει
1054 1843 1189 1881 quidem,
1220 1848 1253 1872 ut
1275 1848 1363 1881 puto,
1389 1852 1448 1871 non
1471 1841 1683 1872 accendebant.
1725 1842 1879 1870 Caeterum
1902 1850 2015 1878 semper

66 1886 96 1913 in
119 1884 215 1922 cippis
240 1885 448 1922 sepulcrorum
470 1885 689 1924 suspendebant
710 1884 862 1920 lucernas,
890 1885 1060 1914 cuiusmodi
1082 1885 1186 1914 fictiles
1209 1885 1316 1914 multas
1337 1885 1475 1914 videmus
1498 1895 1535 1913 ex
1556 1885 1707 1913 veteribus
1728 1883 1923 1912 monumentis
1945 1891 2013 1911 eru-

66 1933 121 1956 tas.
141 1926 196 1955 nio
220 1927 249 1955 in
273 1927 457 1956 Domitiano:
495 1929 543 1957 καὶ
573 1929 695 1966 πρῶτον
720 1927 772 1965 μὲν
795 1925 905 1966 στήλην
926 1929 1093 1966 ταφροειδῆ
1114 1927 1228 1969 ἑκάστῳ
1252 1930 1339 1966 σφῶν
1362 1928 1525 1966 παρέστησε
1547 1923 1580 1957 τό
1602 1923 1630 1956 τ’
1654 1925 1750 1965 ὄνομα
1774 1923 1866 1956 αὐτοῦ
1888 1925 2013 1963 ἔχουσαν

65 1970 115 2000 καὶ
137 1971 305 2008 λυχνοῦχον
331 1968 452 2008 μικρὸν,
493 1968 560 2000 οἷον
591 1971 622 2000 ἐν
645 1972 708 2003 τοῖς
731 1972 887 2008 μνημείοις
909 1967 1121 2008 κρεμάννυται.
1164 1971 1238 1999 Inde
1261 1976 1334 2009 puto
1358 1970 1438 2009 apud
1462 1970 1589 1998 Gellium
1613 1969 1755 1997 Laberius
1777 1967 1878 2007 (XVI,
1903 1970 1938 2003 7,
1963 1966 2012 2005 9.)

67 2010 190 2051 Cippum
214 2016 302 2040 vocat
324 2010 447 2049 lucium,
478 2012 560 2051 quod
584 2023 620 2040 ex
643 2022 677 2040 eo
701 2012 820 2040 lucerna
843 2012 975 2049 luceret,
1005 2017 1039 2041 ut
1061 2013 1110 2041 ille
1134 2013 1215 2051 apud
1238 2013 1436 2049 Athenaeum,
1461 2012 1512 2051 qui
1536 2012 1706 2042 columnam
1727 2015 1816 2039 vocat
1835 2009 2012 2048 μένανδρον,

65 2055 145 2093 quod
169 2054 328 2083 susum-ret
348 2055 519 2084 innitentem
543 2055 650 2084 virum.
695 2055 788 2083 Porro
812 2054 1060 2092 quemadmodum
1082 2055 1256 2093 Ergastulus
1278 2055 1391 2091 dictus,
1419 2055 1470 2093 qui
1491 2055 1524 2083 in
1546 2055 1695 2092 ergastulo
1719 2057 1864 2088 maneret,
1888 2053 1927 2080 ita
1951 2051 2011 2080 sili-

64 2097 196 2129 cernius,
232 2097 282 2134 qui
308 2097 415 2134 dignus
438 2103 516 2134 erat,
551 2102 584 2125 ut
605 2107 661 2135 pro
685 2107 718 2125 eo
740 2097 925 2125 silicernium
948 2102 1114 2135 pararetur.
1160 2098 1280 2126 Cincius
1305 2098 1447 2126 Atimetus
1469 2097 1507 2125 de
1528 2097 1636 2134 Gorgia
1661 2095 1822 2124 Leontino:
1860 2093 1920 2132 Qui
1942 2093 2010 2122 dum

63 2140 123 2168 iam
146 2137 311 2167 silicernius
338 2140 384 2168 sui
402 2140 498 2179 finem
528 2140 665 2178 temporis
693 2147 891 2178 exspectaret,
926 2140 980 2168 etsi
1006 2140 1094 2168 morti
1124 2151 1182 2169 non
1201 2141 1315 2179 potuit,
1348 2147 1446 2168 tamen
1469 2137 1689 2178 infirmitatibus
1710 2135 1872 2166 insultavit.
1907 2134 2006 2165 Scfal.

65 2182 105 2209 De
132 2180 189 2208 hac
217 2191 291 2209 voce
322 2182 403 2210 varia
430 2182 590 2210 admodum
619 2186 733 2209 veteres
764 2181 938 2218 prodidere,
972 2181 1023 2210 alii
1045 2193 1062 2210 a
1083 2181 1172 2211 silens
1194 2187 1223 2211 et
1244 2193 1346 2218 cerno,
1384 2181 1467 2220 quod
1494 2182 1665 2210 umbrarum
1690 2179 1840 2208 silentium
1866 2183 2006 2210 cerneret,

63 2224 141 2253 unde
164 2227 193 2250 et
215 2224 290 2252 infra
314 2234 368 2261 pro
391 2223 501 2252 silicem
525 2223 645 2262 quidam
668 2222 813 2252 silentium
835 2223 963 2260 habent,
998 2229 1032 2252 ut
1061 2229 1107 2253 est,
1132 2224 1163 2252 in
1193 2224 1291 2253 verbis
1313 2225 1406 2260 Festi·‚
1444 2223 1495 2252 alii
1516 2234 1533 2252 a
1555 2221 1635 2252 silex
1657 2226 1686 2251 et
1709 2233 1810 2255 cerno.
1847 2222 1894 2249 alii
1918 2230 1932 2246 a
1955 2216 2007 2246 sile

62 2265 168 2301 herba,
192 2264 229 2295 de
252 2276 309 2304 qua
332 2266 399 2294 vide
422 2266 452 2294 in
474 2265 608 2301 silatum,
632 2270 659 2294 et
683 2277 768 2295 cesna
791 2277 846 2304 pro
870 2277 950 2296 cena.
986 2266 1040 2295 Alii
1058 2267 1153 2296 aliter.
1185 2267 1242 2295 Sed
1265 2266 1377 2306 optime
1399 2267 1528 2295 omnium
1548 2265 1667 2294 Servius
1685 2264 1723 2293 ad
1739 2264 1773 2292 V.
1792 2266 1861 2292 Aen.
1880 2261 1918 2299 (p,
1933 2261 2004 2290 381.

62 2309 108 2340 ed.
129 2307 229 2347 Dan.):
265 2306 442 2349 Libavitque
470 2307 577 2347 dapes,-
611 2306 711 2336 leuiter
735 2309 866 2347 gustavit
894 2307 1011 2347 epulas,
1046 2319 1122 2349 quae
1150 2308 1328 2339 silicernium
1355 2316 1480 2338 vocatur
1501 2308 1585 2348 quasi
1605 2305 1769 2336 silicenium
1792 2315 1875 2343 super
1895 2300 2004 2330 silicem

59 2350 196 2390 positum.
240 2351 314 2378 Nam
344 2351 380 2379 ad
409 2351 519 2379 silicem
542 2350 669 2379 dabatur
689 2350 762 2379 illud
787 2352 918 2389 epulum.
963 2351 1066 2381 Servio
1089 2352 1184 2389 favet,
1221 2352 1303 2390 quod
1327 2351 1434 2381 Cesnas
1456 2355 1572 2379 veteres
1593 2348 1738 2378 dicebant
1759 2352 1787 2377 et
1805 2353 1928 2384 poesnas
1945 2352 2003 2391 pro

63 2403 164 2430 cenas,
191 2403 310 2431 poenas.
354 2394 397 2422 Ab
420 2403 455 2422 eo
477 2393 672 2430 antemusium,
701 2400 802 2432 postea
825 2393 1020 2430 silicernium,
1050 2399 1083 2423 ut
1106 2396 1254 2432 casmina,
1282 2395 1433 2424 emmim:
1469 2391 1588 2427 Valssi,
1622 2390 1734 2420 ''⁷⁰1‘'ss
1779 2387 1853 2416 Vide
1876 2386 2003 2414 N⁰u¹⁴³¹¹¹
