2263 2668
232 172 308 209 406
661 164 1005 201 COMMENTARII
1030 164 1079 198 IN
1103 165 1248 200 PAULI
1274 167 1469 202 DIACONI
1494 166 1746 202 EXGERPTA

227 264 465 305 significationem
489 260 618 299 optimae
642 259 755 297 glossae
779 257 1018 305 amplectuutur,
1046 257 1114 286 ubi:
1151 258 1289 296 dilectus,
1329 259 1538 299 στρατολογία,
1577 259 1750 297 δοκιμασία,
1789 257 1966 300 ἀγαπηθείς.
1996 264 2080 295 Dae,
2124 267 2168 294 Ita

226 318 347 348 quoque
370 306 512 343 scriptun]
536 303 565 330 in
588 303 598 330 l
623 304 674 332 20.
689 301 718 331 fl'.
743 311 817 348 com.
838 300 929 328 divid.
945 298 966 328 l.
978 300 1072 348 36:11¹.
1095 301 1132 330 de
1155 303 1286 331 statulib.
1311 303 1370 334 l.3.
1386 303 1414 332 θ’.
1440 303 1476 330 ad
1499 303 1515 331 l.
1534 301 1588 348 Iul.
1605 301 1716 330 Maiest.
1740 302 1758 332 l.
1773 305 1802 333 4.
1816 303 1846 333 ss'.
1869 304 1906 332 de
1929 316 1959 334 re
1980 307 2064 336 milit.
2087 312 2116 337 et
2136 310 2167 340 4,

226 353 322 390 legum
344 347 563 377 Francicarum.
588 347 696 379 c.71.‚
720 343 828 381 quibus
851 346 948 370 tamen
971 342 1046 370 locis
1069 344 1188 381 quidam
1213 346 1313 383 legunt
1336 343 1491 382 delectum,
1515 344 1633 382 quidam
1657 343 1792 374 edictum.
1840 344 1944 376 Goth.

388 395 623 425 Deliberat-e.
669 394 775 422 Animo
799 394 983 432 perpendere
1006 393 1078 431 quid
1101 405 1116 423 a
1139 395 1256 424 duobus
1279 396 1325 423 vel
1350 395 1484 433 pluribus
1507 395 1691 434 potissimum
1715 405 1822 425 sumas.
1865 398 1900 426 Et
1921 408 1936 425 a
1960 396 2036 427 libra
2059 408 2110 429 seu
2132 398 2169 429 Ζί-

228 443 304 474 bella
327 442 438 469 dictum
462 438 500 466 ait
525 438 642 472 Festus,
666 437 782 475 inepteg
805 447 871 464 nam
895 438 917 464 si
941 437 980 464 ita
1005 441 1093 473 esset,
1116 437 1266 468 diceretur
1287 438 1372 466 etiam
1397 436 1556 474 ddibrare,
1579 437 1660 476 quod
1683 437 1763 466 aliud
1787 444 1838 469 est.
1883 440 1985 469 Melius
2007 441 2097 478 igitur
2119 442 2170 481 qui

226 498 240 516 a
264 485 354 514 libero
377 482 545 517 deducun23
567 480 591 508 is
615 479 692 508 enim
716 484 830 508 tantuin
853 479 1011 516 deliberat,
1035 479 1084 507 cui
1106 480 1227 510 libertas
1252 481 1316 509 data
1339 490 1354 509 e
1374 480 1491 509 duobus
1512 479 1625 519 aliquid
1649 480 1785 519 eligendi.
1810 481 1895 513 Dac.
1926 481 2105 514 Deliberoere.
2134 482 2170 514 ld

227 533 270 558 est
292 524 486 565 perpendere.
532 522 614 550 Adde
636 521 762 550 Nonium
786 522 816 549 in
843 522 1009 550 Deliberare
1031 522 1156 560 (p.282.
1180 523 1252 555 429.
1280 524 1390 561 Mero).
1437 521 1539 552 Goth.

391 574 575 602 Detrecia
585 583 626 601 re.
671 573 854 602 Detractare.
893 573 992 601 Malim
1017 571 1181 602 detrectare.
1212 574 1261 602 Sic
1284 580 1423 610 aur-ecio,
1447 579 1603 604 contrecto.
1634 574 1808 604 Detrectare
1830 579 1926 604 antem
1951 578 1994 604 est
2016 575 2090 605 male
2111 580 2171 606 tra-

226 625 320 654 ctare,
355 616 429 645 male
451 615 567 645 habere.
612 615 708 643 Gloss.
731 617 898 652 Detrectat,
923 612 1042 652 ἀπειθεῖ,
1065 619 1256 654 παραιτεῖται.
1301 616 1388 645 Dae.

390 667 619 696 Deoetimum.
665 666 791 702 Dexter,
823 663 995 703 dexterior,
1026 666 1188 703 dextimus,
1219 671 1251 696 ut
1273 667 1405 703 sinister,
1437 667 1622 705 sinisterior,
1647 667 1819 697 sinistimus.
1866 667 1960 696 Varro
1984 668 2075 708 (apud
2100 669 2173 700 Non.

227 713 351 754 p,94.):
388 709 422 739 A
441 709 537 748 primo
566 709 693 748 compito
717 707 880 738 elea-timum
904 709 980 737 viam
1004 708 1095 738 munit
1118 708 1268 749 Epicurus.
1308 709 1381 738 Vide
1405 709 1541 738 Nonium.
1570 710 1659 740 Dac.
1705 711 1823 739 Veteres
1846 710 2014 740 Dextimum
2037 712 2174 742 dicebant

227 767 283 796 pro
308 755 459 782 Dextrum.
505 749 578 778 Vide
601 750 729 780 Nonium
752 752 782 780 in
807 751 949 779 Dextima.
976 749 1078 781 Gotlz.
1121 753 1173 781 Est
1196 753 1289 781 sonna
1312 752 1489 791 superlativi
1511 753 1541 781 in
1565 752 1716 782 Sanscrito
1740 763 1874 782 sermone
1899 758 2019 790 usitata,
2045 759 2077 783 ut
2096 766 2174 794 pun-

225 796 373 838 jaffl‘mas,
406 793 597 832 purissimus,
630 793 840 829 τηαῆαιιᾶνησε,
873 794 1036 829 maximus,
1066 803 1157 833 quum
1180 795 1348 824 inusitatior
1370 795 1401 823 in
1425 795 1498 824 isias
1521 793 1651 832 desinat,
1686 799 1717 824 ut
1742 793 1882 835 hhujistas
1904 796 2067 835 plurimus,
2097 800 2175 828 πλεῖ-

229 851 311 875 στος,
332 837 478 878 gar-istas,
505 833 670 876 (βάριστος)
693 837 894 874 gravissimus.

392 879 541 907 Dea-tra
572 879 757 918 auspicia.
804 879 912 908 Dexter
934 884 968 908 ut
991 879 1068 918 apud
1094 879 1221 908 Graecos
1245 877 1339 916 δεξιὸς
1361 880 1526 918 propitium
1550 880 1703 918 significat.
1749 880 1791 908 lta
1816 878 1923 909 dex-tro
1947 878 2030 918 Iove,
2067 879 2174 911 dextro

230 921 366 953 Hercule.
403 920 436 949 Id
459 926 502 949 est
524 921 672 960 propitio,
696 932 776 950 more
800 923 981 951 Graecorum
1005 922 1132 959 scilicet,
1156 933 1223 951 nam
1246 921 1358 961 alioqui
1382 923 1505 951 Romani
1529 921 1670 952 dextrum
1694 927 1802 951 vocant.
1824 922 2004 960 infaustum,
2026 924 2175 953 sinistrum

229 976 298 995 vero
323 965 461 993 faustum.
506 963 581 992 Vide
605 962 727 993 Scaeva.
773 963 860 993 Dac.

391 1007 626 1035 Dent-irarum
651 1005 842 1035 tibiarum.
888 1007 1012 1035 Dextrae
1037 1007 1124 1035 tibiae
1148 1011 1177 1035 et
1200 1007 1336 1036 sinistrae
1358 1007 1461 1044 tibiae,
1485 1017 1561 1046 quae
1583 1007 1688 1036 dextra
1711 1012 1797 1047 parte
1819 1008 1879 1036 oris
1902 1013 1929 1036 et
1952 1017 2038 1036 manu
2061 1007 2175 1046 dextra,

230 1052 289 1081 sive
313 1049 433 1079 sinistra
457 1053 541 1086 parte
564 1048 623 1077 oris
648 1054 675 1077 et
699 1058 785 1077 mann
808 1049 925 1078 sinistra
947 1050 1135 1078 tenebantur.
1181 1050 1322 1078 sinistrae
1352 1050 1440 1079 tibiae
1469 1050 1549 1078 acuti
1578 1051 1642 1078 soni
1665 1055 1749 1079 erant
1772 1055 1798 1078 et
1822 1051 1957 1089 pluribus
1982 1051 2177 1080 foraminibus

230 1097 363 1132 apertae;
403 1092 524 1120 dextrae
553 1101 624 1120 vero
653 1092 751 1129 gravis
783 1096 811 1120 et
834 1100 893 1121 uno
924 1095 1038 1121 tantum
1070 1092 1222 1122 foramine.
1269 1094 1340 1121 Cum
1369 1093 1474 1121 dextra
1504 1097 1533 1121 et
1560 1093 1680 1121 sinistra
1702 1092 1899 1130 iungebantur
1921 1094 2050 1132 impares
2072 1094 2178 1130 dictae,

230 1147 296 1165 cum
313 1136 453 1170 dextrae,
477 1134 537 1162 sive
561 1135 635 1162 duae
658 1134 810 1171 sinistrae,
833 1145 925 1173 pares.
956 1135 1029 1164 Vide
1045 1136 1177 1175 impares.
1209 1136 1249 1163 De
1273 1136 1353 1164 tibiis
1378 1135 1492 1164 dextris
1513 1139 1542 1163 et
1565 1136 1691 1164 sinistris
1715 1136 1836 1174 paribus
1859 1141 1888 1165 et
1910 1135 2073 1174 imparibus
2092 1135 2178 1164 multi

230 1179 322 1208 multa
345 1176 509 1213 tradidere3
534 1177 586 1205 sed
610 1177 684 1205 adeo
708 1177 843 1211 diversa,
867 1182 900 1206 ut
921 1186 967 1206 res
992 1177 1083 1215 magis
1106 1178 1218 1206 incerta
1242 1178 1289 1207 sit.
1323 1177 1396 1207 Vide
1420 1179 1524 1208 Donat.
1550 1178 1605 1209 Iul.
1624 1179 1762 1215 Scaliger.
1787 1178 1837 1207 lib.
1852 1179 1873 1206 I.
1899 1179 1979 1209 Poet.
2003 1181 2093 1209 c.20.
2118 1179 2178 1208 Ca-

231 1221 311 1251 saub.
334 1221 365 1249 in
388 1219 489 1248 libello
512 1218 549 1248 de
572 1220 677 1248 Satura
700 1224 728 1248 et
750 1220 891 1258 Satyrica.
922 1221 1034 1249 Manut.
1058 1219 1108 1249 lib.
1121 1221 1170 1248 ΙΙΙ.
1195 1221 1231 1249 de
1255 1230 1353 1259 quaes.
1377 1231 1430 1259 per
1453 1231 1498 1259 ep.
1521 1230 1587 1260 cap.
1601 1222 1630 1254 4.
1656 1226 1684 1250 et
1705 1222 1881 1250 salmasium
1906 1221 1943 1249 ad
1959 1221 2121 1260 Vopiscum
2145 1220 2177 1250 iu

231 1264 355 1301 Carino,
385 1263 436 1301 qui
460 1271 520 1290 rem
544 1272 659 1290 omnem
684 1262 814 1291 omnium
837 1263 948 1302 optime
969 1268 1154 1302 prosecutus.
1199 1262 1286 1293 Dac.

394 1302 637 1335 DioboZares.
689 1305 854 1334 Vilissimae
882 1307 1051 1334 meretrices
1081 1315 1155 1344 quae
1184 1315 1278 1344 parvo
1307 1306 1458 1346 stipendio
1487 1311 1629 1346 prostant.
1669 1303 1816 1346 Διόβολοι
1839 1307 1960 1335 Graece.
2004 1305 2098 1334 Plaut.
2128 1303 2179 1345 (in

233 1350 365 1387 fragmm.
388 1358 424 1376 ex
447 1347 597 1384 Astraba):
620 1346 813 1385 Diobolares,
838 1346 1049 1385 Schoenicula,
1073 1346 1241 1377 miraculae.
1276 1349 1313 1378 Et
1335 1350 1405 1378 alibi
1428 1350 1529 1384 <Poen.
1546 1350 1572 1385 1,
1596 1351 1630 1385 2,
1655 1348 1738 1387 58.):
1762 1347 1945 1377 Diobolaria
1966 1355 2075 1378 scorta.
2113 1346 2179 1376 Ser-

231 1403 333 1421 vorum
356 1389 574 1419 sordidulorum
598 1398 696 1420 scoria
720 1389 896 1419 diobolaria.
920 1390 1010 1420 Dae.
1054 1390 1129 1420 Vide
1151 1390 1336 1428 Fulgentinm
1358 1391 1544 1420 Planciadem
1569 1391 1610 1429 (p.
1625 1391 1697 1422 564.
1721 1389 1834 1431 Mero).
1872 1391 1970 1420 Gloss.
1991 1388 2180 1425 Dzbvolans,

232 1443 391 1474 perperam
414 1431 573 1472 ὁιοβούλου
595 1444 650 1472 pro
673 1431 817 1473 διόβολοι.
844 1431 948 1462 Goth.
993 1434 1034 1462 Cf.
1059 1433 1153 1462 Varro
1178 1434 1217 1461 De
1240 1434 1270 1462 L.
1293 1435 1322 1463 L.
1345 1434 1414 1472 Vll,
1437 1435 1510 1466 345.
1534 1435 1584 1473 Sp.

395 1476 498 1504 Dies.
543 1475 674 1504 Primum
697 1480 726 1505 et
748 1476 867 1504 tertium
891 1480 1010 1515 etymon
1034 1476 1111 1504 Festi
1136 1476 1242 1504 salsum
1266 1481 1295 1506 et
1316 1478 1449 1516 ineptum
1473 1482 1534 1514 est,
1561 1475 1733 1515 praesertim
1756 1475 1893 1504 tertium:
1917 1475 1983 1514 quis
2004 1474 2082 1503 enim
2097 1485 2114 1503 a
2132 1472 2181 1503 de-

234 1518 314 1547 hisco
338 1518 414 1547 diem
444 1517 557 1546 dictum
585 1517 693 1557 putet?
730 1518 900 1547 Secundum
931 1519 1085 1547 confirmat
1108 1519 1237 1547 Mam-ob.
1259 1519 1309 1547 lib.
1326 1520 1346 1548 1.
1369 1521 1429 1549 Sat.
1453 1530 1517 1558 cap.
1534 1520 1599 1551 15.:
1636 1516 1731 1547 Iovem
1755 1518 1933 1557 accipimus,
1963 1517 2078 1556 inquit,
2107 1514 2182 1545 lucis

235 1569 400 1596 auctorem,
433 1558 509 1589 unde
531 1567 556 1589 et
578 1560 746 1590 Lucretium
770 1559 848 1590 Salii
869 1562 899 1589 in
922 1562 1050 1590 carmine
1073 1568 1196 1598 canum,
1228 1568 1253 1589 et
1279 1560 1422 1590 Cretenses
1447 1564 1506 1593 Δία
1528 1561 1583 1600 τήν
1605 1558 1718 1599 ἡμέραν
1740 1567 1863 1596 vocant,
1895 1561 1953 1599 ipsi
1974 1570 2032 1600 quo
2055 1571 2087 1588 ue
2108 1557 2182 1587 Ro-

233 1604 314 1632 mani
336 1603 512 1642 Diespitrem
539 1602 707 1643 appellant,
746 1610 776 1632 ui
808 1601 865 1631 diei
892 1611 1015 1642 patrem.
1059 1603 1140 1631 Idem
1163 1601 1258 1631 Varro
1282 1604 1393 1633 lib.IV.
1416 1605 1477 1642 (V,
1501 1606 1668 1643 p.71.seq.
1692 1600 1777 1641 Sp.):
1816 1601 1894 1631 Nam
1925 1601 1996 1631 olim
2026 1571 2132 1630 ditonis
2156 1607 2182 1628 et

236 1644 368 1685 diespiter
392 1646 505 1682 dictus,
535 1645 590 1675 hoc
612 1653 668 1682 est,
700 1657 749 1674 aer
769 1652 794 1674 et
818 1644 878 1673 dies
898 1653 983 1684 pater
1005 1645 1132 1683 (Diovis
1154 1653 1179 1673 et
1202 1646 1337 1685 Dispiter
1359 1645 1455 1676 dictus
1477 1646 1569 1682 idem,
1609 1643 1669 1672 dies
1691 1645 1809 1683 pater),
1849 1655 1867 1672 a
1890 1655 1947 1684 quo
1971 1643 2017 1672 dei
2037 1643 2111 1672 dicii
2133 1642 2184 1683 qui

236 1686 316 1723 inde,
356 1695 381 1716 et
405 1686 465 1716 dies
487 1694 512 1715 et
536 1686 601 1716 clius
624 1695 649 1716 et
674 1686 765 1717 divus.
812 1688 848 1715 Et
871 1687 919 1716 lib.
933 1687 966 1719 V.
991 1687 1066 1724 (VI,
1092 1698 1120 1726 p.
1135 1690 1204 1719 186.
1230 1688 1315 1727 Sp.):
1352 1688 1387 1718 A
1409 1700 1466 1729 quo
1493 1696 1620 1727 tempus,
1655 1685 1687 1715 id
1710 1685 1747 1715 ab
1770 1685 1826 1715 hoc
1849 1684 1901 1714 deo
1925 1684 1986 1714 dies
2008 1684 2183 1725 appellatur.

239 1729 372 1758 Caninius
401 1736 471 1758 vcro
494 1729 524 1758 in
547 1729 707 1769 alphabeto
731 1736 785 1758 su'o
810 1741 825 1758 a
849 1729 962 1759 Punico
987 1729 1038 1759 dia
1062 1731 1138 1758 diem
1160 1731 1227 1760 vult
1249 1730 1371 1760 dictum.
1402 1732 1488 1761 Dae.
1536 1731 1575 1759 De
1598 1726 1702 1758 diebus
1725 1728 1946 1765 comitialibus,
1979 1727 2186 1763 Praeharibus,

239 1771 406 1807 Religiosis,
431 1774 591 1801 Servorum
615 1773 683 1801 vide
706 1782 795 1811 supra
822 1769 1006 1809 Comitiales,
1038 1778 1065 1802 et
1088 1773 1165 1802 infra
1190 1772 1370 1811 Proeliares,
1397 1773 1556 1814 Religiosi,
1579 1771 1741 1801 Servorum.
1768 1769 1873 1800 Goth.
1918 1771 1960 1799 Cf.
1985 1780 2060 1809 quae
2083 1769 2187 1808 dispu-

240 1818 280 1840 tat
302 1813 433 1842 Schmidt
458 1815 487 1842 iu
510 1815 593 1846 Jahn,
619 1815 735 1843 Annali.
761 1815 876 1845 Philon.
902 1822 930 1845 et
953 1815 1074 1854 Paedag.
1099 1815 1165 1845 Vol.
1179 1815 1252 1852 XII,
1275 1817 1394 1853 susc.3,
1419 1827 1482 1855 pag.
1495 1817 1566 1848 333.
1580 1825 1642 1853 sqq.
1687 1814 1770 1850 Diu,
1803 1811 1887 1842 divas
1909 1813 2075 1842 Sans-critae
2097 1821 2187 1841 voces

242 1852 316 1882 diem
340 1856 513 1893 significent.
558 1857 629 1886 Item
655 1856 705 1886 diu
729 1858 844 1886 coelum
868 1863 967 1896 notat,
1002 1859 1082 1886 unde
1107 1859 1289 1887 Graerorum
1315 1857 1394 1895 Ζεύς
1413 1857 1564 1900 (Σδεύς),
1597 1855 1686 1892 Διός,
1717 1855 1886 1884 Latinorum
1911 1854 1961 1884 ἆίιι
1985 1857 2054 1894 (pro
2078 1852 2125 1884 ἆίε
2147 1853 2186 1882 cf·

245 1896 314 1924 Non.
336 1908 363 1935 p.
376 1901 425 1929 98.
450 1898 552 1938 Merc.)
576 1899 720 1936 interdiu,
757 1900 810 1929 sub
835 1899 902 1929 divo
927 1901 962 1940 (i.
988 1912 1010 1931 e.
1036 1901 1090 1929 sul)
1115 1901 1216 1937 coelo)
1239 1900 1291 1929 sul)
1316 1900 1399 1937 Iove,
1430 1902 1595 1940 Diespiter,
1625 1898 1749 1939 Iupiter,
1787 1898 1865 1926 unde
1888 1896 2081 1936 intelligitur,
2113 1895 2188 1925 male

247 1938 333 1986 scribi
357 1941 502 1978 luppiter,
538 1943 652 1982 duplici
673 1955 702 1983 p.
749 1943 879 1971 macrob.
902 1944 1019 1972 Saturni.
1034 1944 1065 1980 1,
1092 1947 1140 1975 15.
1165 1949 1305 1979 testatur,
1336 1944 1491 1973 Cretenses·
1515 1944 1573 1973 Δία
1596 1941 1649 1981 τήν
1672 1940 1786 1979 ἡμέραν
1810 1949 1948 1976 vocasse,
1981 1941 2058 1969 unde
2080 1939 2187 1976 ἔνδιος,

247 1982 359 2014 ἔυόιοςη
387 1980 458 2017 Ζεὺς
480 1983 539 2020 ὕει,
571 1986 683 2014 coelum
708 1986 792 2024 pluit.
839 1987 973 2014 Ceterum
1000 1984 1076 2021 Ζεὺς
1097 1991 1195 2021 ortum
1220 1995 1257 2014 ex
1282 1984 1372 2023 Διὸς,
1400 1992 1435 2016 ut
1459 1983 1617 2020 Δεύννσος
1639 1995 1675 2013 ex
1701 1982 1861 2019 Διόνυσος.
1904 1983 1950 2012 Cf.
1974 1984 2069 2021 Etym.
2092 1991 2187 2020 magn.

248 2024 394 2058 pag-259.
441 2026 512 2053 Dies
540 2033 634 2056 autem
668 2039 702 2056 ex
727 2028 878 2056 sanserito
908 2027 959 2057 diu
982 2034 1009 2057 et
1034 2027 1099 2057 dius
1122 2033 1220 2057 ortum
1245 2039 1324 2065 esse,
1362 2028 1531 2058 testimonio
1554 2028 1641 2056 eiiam
1665 2031 1734 2055 sunt
1757 2024 1862 2054 nudius
1885 2026 2002 2061 tertius,
2039 2023 2188 2053 interdius.

248 2063 344 2090 Divsss
365 2074 481 2111 guoque
505 2074 532 2096 et
555 2068 658 2106 dinan,
682 2070 757 2099 illud
780 2072 992 2108 masculinum,
1015 2071 1074 2099 hoc
1098 2076 1250 2108 neutrum,
1281 2082 1336 2110 pro
1360 2070 1406 2100 die
1428 2072 1570 2100 dixerunt
1592 2070 1657 2098 Indi
1680 2074 1810 2103 veteres,
1834 2069 1911 2096 unde
1932 2065 2088 2097 nundinae.
2126 2067 2188 2095 Nec

249 2108 391 2175 All·⁰yw:1]g
413 2111 456 2134 est
478 2109 512 2136 ab
536 2109 603 2139 Iove
624 2117 725 2150 nutus,
762 2114 813 2142 sed
838 2114 919 2142 coelo
943 2119 1044 2149 ortus,
1080 2115 1233 2150 coelestis,
1263 2123 1353 2152 quare
1378 2114 1464 2143 etiam
1489 2108 1651 2152 διοτρεφής
1674 2112 1775 2146 aliter,
1808 2115 1896 2148 atque
1919 2110 2023 2148 vulgo,
2053 2109 2110 2138 erit
2132 2117 2186 2137 ex-

249 2158 267 2186 p
284 2157 347 2175 ican
373 2156 432 2174 um.

250 2232 269 2263 5
305 2230 361 2270 (39
380 2228 392 2271 )
414 2187 641 2223 Diabaahra,
686 2197 708 2224 A
732 2198 891 2237 διαβαίνω,
915 2208 965 2235 eu,
987 2198 1116 2227 ambulo.
1161 2199 1232 2227 Inde
1255 2196 1469 2234 diabathrarii,
1494 2197 1544 2236 qui
1568 2196 1722 2225 diabathra
1748 2196 1869 2224 faciunt.
1908 2195 2001 2224 Plaut.
2025 2192 2188 2227 Aulul.111,

946 2280 1110 2311 Sedenim-ii
1131 2291 1255 2320 sutores,
1285 2281 1491 2311 diabathrarii.

254 2322 339 2353 Dae.
382 2322 457 2352 Vide
480 2321 565 2352 varr.
583 2323 630 2352 VI.
654 2323 690 2353 de
711 2326 741 2354 L.
764 2328 794 2356 L.
818 2330 900 2368 (VH,
924 2344 952 2371 p.
965 2335 1036 2364 338.
1061 2335 1133 2371 Sp.).
1182 2332 1287 2362 Goth.

415 2375 496 2402 Deo
507 2382 597 2403 rata.
640 2375 714 2403 Nam
737 2383 850 2407 veteres
875 2381 994 2411 deorare
1018 2384 1155 2412 dicebant
1177 2394 1233 2422 pro
1254 2394 1399 2423 perorare.
1443 2382 1532 2412 Dac.

418 2417 592 2447 Deaetio.
635 2419 683 2446 De
705 2418 861 2456 aliquando
884 2424 1026 2460 intendit,
1065 2430 1166 2462 auget3
1205 2427 1246 2454 sic
1266 2424 1417 2461 decimare,
1455 2424 1543 2453 valde
1565 2434 1679 2453 amare:
1717 2422 1881 2457 decubare,
1913 2422 1998 2450 valde
2019 2420 2187 2450 occultare:
