<?xml version="1.0" encoding="UTF-8"?>
<!DOCTYPE html PUBLIC "-//W3C//DTD XHTML 1.0 Transitional//EN"
    "http://www.w3.org/TR/xhtml1/DTD/xhtml1-transitional.dtd">
<html xmlns="http://www.w3.org/1999/xhtml" xml:lang="en" lang="en">
 <head>
  <title>
</title>
<meta http-equiv="Content-Type" content="text/html;charset=utf-8" />
  <meta name='ocr-system' content='tesseract 3.04.00' />
  <meta name='ocr-capabilities' content='ocr_page ocr_carea ocr_par ocr_line ocrx_word'/>
</head>
<body>
  <div class='ocr_page' id='page_1' title='image "./corpusgrammatico01linduoft_0668.png"; bbox 0 0 2263 2668; ppageno 0'>
   <div class='ocr_carea' id='block_1_1' title="bbox 397 197 1558 238">
    <p class='ocr_par' dir='ltr' id='par_1_1' title="bbox 397 197 1558 238">
     <span class='ocr_line' id='line_1_1' title="bbox 397 197 1558 238; baseline 0.007 -8"><span class='ocrx_word' id='word_1_1' title='bbox 397 197 471 231; x_wconf 70' lang='lat'>246</span> <span class='ocrx_word' id='word_1_2' title='bbox 1024 197 1164 233; x_wconf 83' lang='lat' dir='ltr'>SEXTI</span> <span class='ocrx_word' id='word_1_3' title='bbox 1195 198 1392 236; x_wconf 90' lang='lat' dir='ltr'>POMPEll</span> <span class='ocrx_word' id='word_1_4' title='bbox 1420 201 1558 238; x_wconf 80' lang='lat' dir='ltr'>FESTI</span> 
     </span>
    </p>
   </div>
   <div class='ocr_carea' id='block_1_2' title="bbox 215 290 2171 2085">
    <p class='ocr_par' dir='ltr' id='par_1_2' title="bbox 232 290 2171 593">
     <span class='ocr_line' id='line_1_2' title="bbox 232 290 2165 341; baseline 0.002 -16"><span class='ocrx_word' id='word_1_5' title='bbox 232 301 267 325; x_wconf 80' lang='lat' dir='ltr'>·s.</span> <span class='ocrx_word' id='word_1_6' title='bbox 294 293 621 324; x_wconf 67' lang='lat' dir='ltr'>veneateoronatus</span> <span class='ocrx_word' id='word_1_7' title='bbox 647 290 943 335; x_wconf 79' lang='lat' dir='ltr'><strong>supplicatum</strong></span> <span class='ocrx_word' id='word_1_8' title='bbox 968 298 1050 334; x_wconf 86' lang='lat' dir='ltr'>eat,</span> <span class='ocrx_word' id='word_1_9' title='bbox 1078 304 1199 336; x_wconf 83' lang='lat' dir='ltr'>quam</span> <span class='ocrx_word' id='word_1_10' title='bbox 1228 307 1271 327; x_wconf 81' lang='lat' dir='ltr'>re</span> <span class='ocrx_word' id='word_1_11' title='bbox 1298 296 1408 329; x_wconf 82' lang='lat' dir='ltr'>male</span> <span class='ocrx_word' id='word_1_12' title='bbox 1434 302 1559 341; x_wconf 84' lang='lat' dir='ltr'>gesta</span> <span class='ocrx_word' id='word_1_13' title='bbox 1587 304 1813 332; x_wconf 81' lang='lat' dir='ltr'>coronatus</span> <span class='ocrx_word' id='word_1_14' title='bbox 1838 300 2016 338; x_wconf 82' lang='lat' dir='ltr'>veniat*,</span> <span class='ocrx_word' id='word_1_15' title='bbox 2043 304 2077 336; x_wconf 83' lang='lat' dir='ltr'>id</span> <span class='ocrx_word' id='word_1_16' title='bbox 2104 316 2165 338; x_wconf 64' lang='lat' dir='ltr'>au-</span> 
     </span>
     <span class='ocr_line' id='line_1_3' title="bbox 233 341 2168 395; baseline 0.005 -20"><span class='ocrx_word' id='word_1_17' title='bbox 233 351 262 375; x_wconf 64' lang='grc' dir='ltr'>τ.</span> <span class='ocrx_word' id='word_1_18' title='bbox 277 350 309 376; x_wconf 76' lang='lat' dir='ltr'>ab</span> <span class='ocrx_word' id='word_1_19' title='bbox 327 349 385 375; x_wconf 84' lang='lat' dir='ltr'>uuo.</span> <span class='ocrx_word' id='word_1_20' title='bbox 394 349 459 376; x_wconf 83' lang='lat' dir='ltr'>tem</span> <span class='ocrx_word' id='word_1_21' title='bbox 488 341 619 385; x_wconf 82' lang='lat' dir='ltr'>signum</span> <span class='ocrx_word' id='word_1_22' title='bbox 653 346 702 374; x_wconf 86' lang='lat' dir='ltr'>est</span> <span class='ocrx_word' id='word_1_23' title='bbox 735 341 817 374; x_wconf 87' lang='lat' dir='ltr'>nihil</span> <span class='ocrx_word' id='word_1_24' title='bbox 851 343 1010 386; x_wconf 81' lang='lat' dir='ltr'>praestari</span> <span class='ocrx_word' id='word_1_25' title='bbox 1042 354 1062 375; x_wconf 85' lang='lat' dir='ltr'>a</span> <span class='ocrx_word' id='word_1_26' title='bbox 1095 347 1226 390; x_wconf 89' lang='lat' dir='ltr'>populo</span> <span class='ocrx_word' id='word_1_27' title='bbox 1240 349 1267 379; x_wconf 85' lang='lat'>*.</span> <span class='ocrx_word' id='word_1_28' title='bbox 1307 348 1399 390; x_wconf 89' lang='lat' dir='ltr'>quod</span> <span class='ocrx_word' id='word_1_29' title='bbox 1435 349 1535 381; x_wconf 87' lang='lat' dir='ltr'>etiam</span> <span class='ocrx_word' id='word_1_30' title='bbox 1567 349 1704 382; x_wconf 87' lang='lat' dir='ltr'>Plautus</span> <span class='ocrx_word' id='word_1_31' title='bbox 1738 350 1905 395; x_wconf 82' lang='lat' dir='ltr'>significat</span> <span class='ocrx_word' id='word_1_32' title='bbox 1934 353 1969 385; x_wconf 88' lang='lat' dir='ltr'>in</span> <span class='ocrx_word' id='word_1_33' title='bbox 2003 355 2168 389; x_wconf 76' lang='lat' dir='ltr'>Hortulo:</span> 
     </span>
     <span class='ocr_line' id='line_1_4' title="bbox 233 392 2171 442; baseline 0.006 -15"><span class='ocrx_word' id='word_1_34' title='bbox 233 402 269 427; x_wconf 62' lang='lat' dir='ltr'>&#39;tt</span> <span class='ocrx_word' id='word_1_35' title='bbox 281 405 372 426; x_wconf 76' lang='lat' dir='ltr'>veneat</span> <span class='ocrx_word' id='word_1_36' title='bbox 493 392 659 426; x_wconf 86' lang='lat' dir='ltr'>Praeco</span> <span class='ocrx_word' id='word_1_37' title='bbox 685 393 744 426; x_wconf 84' lang='lat' dir='ltr'>ibi</span> <span class='ocrx_word' id='word_1_38' title='bbox 772 393 882 426; x_wconf 86' lang='lat' dir='ltr'>adsit</span> <span class='ocrx_word' id='word_1_39' title='bbox 907 404 999 428; x_wconf 89' lang='lat' dir='ltr'>cum</span> <span class='ocrx_word' id='word_1_40' title='bbox 1032 404 1211 439; x_wconf 88' lang='lat' dir='ltr'>corona,</span> <span class='ocrx_word' id='word_1_41' title='bbox 1246 399 1400 442; x_wconf 90' lang='lat' dir='ltr'>cuique</span> <span class='ocrx_word' id='word_1_42' title='bbox 1430 399 1572 434; x_wconf 84' lang='lat' dir='ltr'>liceat</span> <span class='ocrx_word' id='word_1_43' title='bbox 1608 401 1797 435; x_wconf 80' lang='lat' dir='ltr'>veniat*.</span> <span class='ocrx_word' id='word_1_44' title='bbox 1850 402 2069 439; x_wconf 89' lang='lat' dir='ltr'>Sublimen</span> <span class='ocrx_word' id='word_1_45' title='bbox 2083 405 2096 428; x_wconf 78' lang='lat'>¹</span> <span class='ocrx_word' id='word_1_46' title='bbox 2124 413 2171 442; x_wconf 81' lang='lat' dir='ltr'>est</span> 
     </span>
     <span class='ocr_line' id='line_1_5' title="bbox 391 442 1294 493; baseline 0.008 -18"><span class='ocrx_word' id='word_1_47' title='bbox 391 445 421 476; x_wconf 88' lang='lat' dir='ltr'>in</span> <span class='ocrx_word' id='word_1_48' title='bbox 448 442 654 477; x_wconf 69' lang='lat' dir='ltr'><strong>altitudinem</strong></span> <span class='ocrx_word' id='word_1_49' title='bbox 683 444 823 486; x_wconf 81' lang='lat' dir='ltr'>elatum,</span> <span class='ocrx_word' id='word_1_50' title='bbox 854 451 888 478; x_wconf 84' lang='lat' dir='ltr'>ut</span> <span class='ocrx_word' id='word_1_51' title='bbox 914 445 1040 480; x_wconf 86' lang='lat' dir='ltr'>Ennius</span> <span class='ocrx_word' id='word_1_52' title='bbox 1065 447 1100 480; x_wconf 84' lang='lat' dir='ltr'>in</span> <span class='ocrx_word' id='word_1_53' title='bbox 1126 448 1294 493; x_wconf 78' lang='lat' dir='ltr'>Thyeste:</span> 
     </span>
     <span class='ocr_line' id='line_1_6' title="bbox 491 495 1886 544; baseline 0.008 -17"><span class='ocrx_word' id='word_1_54' title='bbox 491 495 649 539; x_wconf 82' lang='lat' dir='ltr'>Aspice</span> <span class='ocrx_word' id='word_1_55' title='bbox 675 495 761 530; x_wconf 87' lang='lat' dir='ltr'>hoc</span> <span class='ocrx_word' id='word_1_56' title='bbox 788 497 971 531; x_wconf 89' lang='lat' dir='ltr'>sublime</span> <span class='ocrx_word' id='word_1_57' title='bbox 997 499 1205 541; x_wconf 87' lang='lat' dir='ltr'>candens,</span> <span class='ocrx_word' id='word_1_58' title='bbox 1233 511 1353 544; x_wconf 88' lang='lat' dir='ltr'>quem</span> <span class='ocrx_word' id='word_1_59' title='bbox 1381 507 1537 535; x_wconf 87' lang='lat' dir='ltr'>vocant</span> <span class='ocrx_word' id='word_1_60' title='bbox 1563 513 1707 536; x_wconf 86' lang='lat' dir='ltr'>omnes</span> <span class='ocrx_word' id='word_1_61' title='bbox 1734 504 1886 540; x_wconf 80' lang='lat' dir='ltr'>lovem.</span> 
     </span>
     <span class='ocr_line' id='line_1_7' title="bbox 394 546 972 593; baseline 0.005 -15"><span class='ocrx_word' id='word_1_62' title='bbox 394 546 559 591; x_wconf 70' lang='lat' dir='ltr'>Vergilius</span> <span class='ocrx_word' id='word_1_63' title='bbox 585 548 619 579; x_wconf 93' lang='lat' dir='ltr'>in</span> <span class='ocrx_word' id='word_1_64' title='bbox 644 547 822 593; x_wconf 75' lang='lat' dir='ltr'><strong>Georgicis</strong></span> <span class='ocrx_word' id='word_1_65' title='bbox 849 548 905 581; x_wconf 89' lang='lat' dir='ltr'>lib.</span> <span class='ocrx_word' id='word_1_66' title='bbox 927 549 972 582; x_wconf 83' lang='lat'>1.:</span> 
     </span>
    </p>

    <p class='ocr_par' dir='ltr' id='par_1_3' title="bbox 219 598 1233 646">
     <span class='ocr_line' id='line_1_8' title="bbox 219 598 1233 646; baseline 0.005 -16"><span class='ocrx_word' id='word_1_67' title='bbox 219 606 254 630; x_wconf 89' lang='grc' dir='ltr'>ϊ.</span> <span class='ocrx_word' id='word_1_68' title='bbox 269 603 380 630; x_wconf 81' lang='lat' dir='ltr'>sublimis</span> <span class='ocrx_word' id='word_1_69' title='bbox 493 598 572 631; x_wconf 85' lang='lat' dir='ltr'>Hic</span> <span class='ocrx_word' id='word_1_70' title='bbox 598 604 748 632; x_wconf 81' lang='lat' dir='ltr'>vertex</span> <span class='ocrx_word' id='word_1_71' title='bbox 774 600 901 633; x_wconf 86' lang='lat' dir='ltr'>nobis</span> <span class='ocrx_word' id='word_1_72' title='bbox 927 611 1094 646; x_wconf 82' lang='lat' dir='ltr'>semper</span> <span class='ocrx_word' id='word_1_73' title='bbox 1120 602 1233 635; x_wconf 79' lang='lat' dir='ltr'>sub*.</span> 
     </span>
    </p>

    <p class='ocr_par' dir='ltr' id='par_1_4' title="bbox 220 649 2170 847">
     <span class='ocr_line' id='line_1_9' title="bbox 220 649 2169 698; baseline 0.006 -18"><span class='ocrx_word' id='word_1_74' title='bbox 220 657 296 681; x_wconf 77' lang='lat' dir='ltr'>·f.A.</span> <span class='ocrx_word' id='word_1_75' title='bbox 315 649 416 682; x_wconf 83' lang='lat' dir='ltr'>CatoS</span> <span class='ocrx_word' id='word_1_76' title='bbox 428 649 658 682; x_wconf 87' lang='lat' dir='ltr'>ublimavit</span> <span class='ocrx_word' id='word_1_77' title='bbox 697 651 806 683; x_wconf 86' lang='lat' dir='ltr'>dixit*</span> <span class='ocrx_word' id='word_1_78' title='bbox 840 651 874 683; x_wconf 87' lang='lat' dir='ltr'>id</span> <span class='ocrx_word' id='word_1_79' title='bbox 910 657 957 684; x_wconf 89' lang='lat' dir='ltr'>est</span> <span class='ocrx_word' id='word_1_80' title='bbox 988 653 1021 685; x_wconf 92' lang='lat' dir='ltr'>in</span> <span class='ocrx_word' id='word_1_81' title='bbox 1057 653 1158 686; x_wconf 90' lang='lat' dir='ltr'>altum</span> <span class='ocrx_word' id='word_1_82' title='bbox 1194 653 1306 686; x_wconf 83' lang='lat' dir='ltr'>extulit</span> <span class='ocrx_word' id='word_1_83' title='bbox 1334 652 1512 698; x_wconf 79' lang='lat' dir='ltr'>Originum</span> <span class='ocrx_word' id='word_1_84' title='bbox 1546 655 1604 690; x_wconf 92' lang='lat' dir='ltr'>lib.</span> <span class='ocrx_word' id='word_1_85' title='bbox 1628 656 1677 688; x_wconf 84' lang='lat'>11:</span> <span class='ocrx_word' id='word_1_86' title='bbox 1720 657 1761 689; x_wconf 94' lang='lat' dir='ltr'>ln</span> <span class='ocrx_word' id='word_1_87' title='bbox 1788 658 2010 690; x_wconf 85' lang='lat' dir='ltr'>maximum</span> <span class='ocrx_word' id='word_1_88' title='bbox 2043 658 2169 692; x_wconf 87' lang='lat' dir='ltr'>decus</span> 
     </span>
     <span class='ocr_line' id='line_1_10' title="bbox 391 701 2170 744; baseline 0.006 -12"><span class='ocrx_word' id='word_1_89' title='bbox 391 707 524 744; x_wconf 86' lang='lat' dir='ltr'>atque</span> <span class='ocrx_word' id='word_1_90' title='bbox 550 701 592 733; x_wconf 91' lang='lat' dir='ltr'>in</span> <span class='ocrx_word' id='word_1_91' title='bbox 619 702 962 736; x_wconf 75' lang='lat' dir='ltr'>excelsissimam</span> <span class='ocrx_word' id='word_1_92' title='bbox 997 705 1300 737; x_wconf 79' lang='lat' dir='ltr'>claritudinem</span> <span class='ocrx_word' id='word_1_93' title='bbox 1335 706 1609 739; x_wconf 87' lang='lat' dir='ltr'>sublimavit.</span> <span class='ocrx_word' id='word_1_94' title='bbox 1645 707 1680 740; x_wconf 91' lang='lat' dir='ltr'>id</span> <span class='ocrx_word' id='word_1_95' title='bbox 1716 713 1826 742; x_wconf 89' lang='lat' dir='ltr'>autem</span> <span class='ocrx_word' id='word_1_96' title='bbox 1860 709 1980 742; x_wconf 88' lang='lat' dir='ltr'>dicitur</span> <span class='ocrx_word' id='word_1_97' title='bbox 2012 721 2031 743; x_wconf 91' lang='lat' dir='ltr'>a</span> <span class='ocrx_word' id='word_1_98' title='bbox 2058 710 2170 743; x_wconf 87' lang='lat' dir='ltr'>limine</span> 
     </span>
     <span class='ocr_line' id='line_1_11' title="bbox 392 752 2168 808; baseline 0.007 -25"><span class='ocrx_word' id='word_1_99' title='bbox 392 752 564 796; x_wconf 74' lang='lat' dir='ltr'>superiore</span> <span class='ocrx_word' id='word_1_100' title='bbox 576 776 585 791; x_wconf 94' lang='lat'>,</span> <span class='ocrx_word' id='word_1_101' title='bbox 631 752 713 796; x_wconf 88' lang='lat' dir='ltr'>quia</span> <span class='ocrx_word' id='word_1_102' title='bbox 748 765 849 798; x_wconf 85' lang='lat' dir='ltr'>supra</span> <span class='ocrx_word' id='word_1_103' title='bbox 875 765 935 787; x_wconf 85' lang='lat' dir='ltr'>nos</span> <span class='ocrx_word' id='word_1_104' title='bbox 963 760 1019 788; x_wconf 85' lang='lat' dir='ltr'>est.</span> <span class='ocrx_word' id='word_1_105' title='bbox 1085 755 1428 790; x_wconf 86' lang='lat' dir='ltr'>Succenturiare</span> <span class='ocrx_word' id='word_1_106' title='bbox 1461 763 1508 790; x_wconf 90' lang='lat' dir='ltr'>est</span> <span class='ocrx_word' id='word_1_107' title='bbox 1536 758 1723 803; x_wconf 81' lang='lat' dir='ltr'>explendae</span> <span class='ocrx_word' id='word_1_108' title='bbox 1751 761 1917 794; x_wconf 75' lang='lat' dir='ltr'>centuriae</span> <span class='ocrx_word' id='word_1_109' title='bbox 1952 761 2059 805; x_wconf 86' lang='lat' dir='ltr'>gratia</span> <span class='ocrx_word' id='word_1_110' title='bbox 2087 772 2168 808; x_wconf 90' lang='lat' dir='ltr'>sup-</span> 
     </span>
     <span class='ocr_line' id='line_1_12' title="bbox 391 803 1151 847; baseline 0.007 -12"><span class='ocrx_word' id='word_1_111' title='bbox 391 803 507 847; x_wconf 87' lang='lat' dir='ltr'>plere,</span> <span class='ocrx_word' id='word_1_112' title='bbox 531 803 692 837; x_wconf 87' lang='lat' dir='ltr'>subicere.</span> <span class='ocrx_word' id='word_1_113' title='bbox 741 805 879 838; x_wconf 85' lang='lat' dir='ltr'>Plautus</span> <span class='ocrx_word' id='word_1_114' title='bbox 904 806 937 839; x_wconf 90' lang='lat' dir='ltr'>in</span> <span class='ocrx_word' id='word_1_115' title='bbox 960 806 1151 841; x_wconf 80' lang='lat' dir='ltr'>Saturione:</span> 
     </span>
    </p>

    <p class='ocr_par' dir='ltr' id='par_1_5' title="bbox 392 855 1734 952">
     <span class='ocr_line' id='line_1_13' title="bbox 494 855 1734 902; baseline 0.006 -14"><span class='ocrx_word' id='word_1_116' title='bbox 494 855 782 889; x_wconf 84' lang='lat' dir='ltr'>Subcenturia</span> <span class='ocrx_word' id='word_1_117' title='bbox 809 861 990 901; x_wconf 83' lang='lat' dir='ltr'>centum,</span> <span class='ocrx_word' id='word_1_118' title='bbox 1008 859 1198 902; x_wconf 81' lang='lat' dir='ltr'>require,</span> <span class='ocrx_word' id='word_1_119' title='bbox 1224 859 1364 902; x_wconf 84' lang='lat' dir='ltr'>quite</span> <span class='ocrx_word' id='word_1_120' title='bbox 1389 859 1585 894; x_wconf 85' lang='lat' dir='ltr'>delectet</span> <span class='ocrx_word' id='word_1_121' title='bbox 1610 860 1734 896; x_wconf 82' lang='lat' dir='ltr'>dorni.</span> 
     </span>
     <span class='ocr_line' id='line_1_14' title="bbox 392 905 908 952; baseline 0.002 -13"><span class='ocrx_word' id='word_1_122' title='bbox 392 912 424 939; x_wconf 88' lang='lat' dir='ltr'>et</span> <span class='ocrx_word' id='word_1_123' title='bbox 451 905 615 940; x_wconf 83' lang='lat' dir='ltr'>Caecilius</span> <span class='ocrx_word' id='word_1_124' title='bbox 641 907 673 940; x_wconf 84' lang='lat' dir='ltr'>in</span> <span class='ocrx_word' id='word_1_125' title='bbox 697 907 908 952; x_wconf 86' lang='lat' dir='ltr'>Triumpho:</span> 
     </span>
    </p>

    <p class='ocr_par' dir='ltr' id='par_1_6' title="bbox 217 960 1774 1005">
     <span class='ocr_line' id='line_1_15' title="bbox 217 960 1774 1005; baseline 0.004 -15"><span class='ocrx_word' id='word_1_126' title='bbox 217 963 247 987; x_wconf 70' lang='grc' dir='ltr'>Ὗ.</span> <span class='ocrx_word' id='word_1_127' title='bbox 267 960 380 986; x_wconf 73' lang='lat' dir='ltr'>malitiae</span> <span class='ocrx_word' id='word_1_128' title='bbox 494 968 605 992; x_wconf 90' lang='lat' dir='ltr'>nunc</span> <span class='ocrx_word' id='word_1_129' title='bbox 631 969 745 992; x_wconf 89' lang='lat' dir='ltr'>meae</span> <span class='ocrx_word' id='word_1_130' title='bbox 772 960 988 994; x_wconf 83' lang='lat' dir='ltr'>militiae*</span> <span class='ocrx_word' id='word_1_131' title='bbox 1015 962 1180 994; x_wconf 87' lang='lat' dir='ltr'>astutia</span> <span class='ocrx_word' id='word_1_132' title='bbox 1208 972 1314 1005; x_wconf 89' lang='lat' dir='ltr'>opus</span> <span class='ocrx_word' id='word_1_133' title='bbox 1342 966 1405 994; x_wconf 81' lang='lat' dir='ltr'>est</span> <span class='ocrx_word' id='word_1_134' title='bbox 1431 962 1774 998; x_wconf 38' lang='lat' dir='ltr'>subcenturia&amp;</span> 
     </span>
    </p>

    <p class='ocr_par' dir='ltr' id='par_1_7' title="bbox 217 995 2167 1146">
     <span class='ocr_line' id='line_1_16' title="bbox 217 995 2165 1063; baseline 0.003 -21"><span class='ocrx_word' id='word_1_135' title='bbox 217 995 379 1055; x_wconf 46' lang='lat' dir='ltr'>&#39;&#39;f&#39;tffssssff&#39;</span> <span class='ocrx_word' id='word_1_136' title='bbox 392 1009 415 1042; x_wconf 87' lang='lat' dir='ltr'>S</span> <span class='ocrx_word' id='word_1_137' title='bbox 428 1010 478 1042; x_wconf 91' lang='lat' dir='ltr'>ub</span> <span class='ocrx_word' id='word_1_138' title='bbox 489 1010 645 1043; x_wconf 88' lang='lat' dir='ltr'>rumari</span> <span class='ocrx_word' id='word_1_139' title='bbox 674 1010 828 1044; x_wconf 88' lang='lat' dir='ltr'>dicuutur</span> <span class='ocrx_word' id='word_1_140' title='bbox 850 1011 971 1052; x_wconf 83' lang='lat' dir='ltr'>haedi,</span> <span class='ocrx_word' id='word_1_141' title='bbox 999 1024 1074 1046; x_wconf 89' lang='lat' dir='ltr'>cum</span> <span class='ocrx_word' id='word_1_142' title='bbox 1101 1013 1144 1045; x_wconf 90' lang='lat' dir='ltr'>ad</span> <span class='ocrx_word' id='word_1_143' title='bbox 1171 1023 1352 1045; x_wconf 82' lang='lat' dir='ltr'>mammam</span> <span class='ocrx_word' id='word_1_144' title='bbox 1379 1013 1620 1054; x_wconf 85' lang='lat' dir='ltr'>admoventur,</span> <span class='ocrx_word' id='word_1_145' title='bbox 1653 1014 1730 1058; x_wconf 88' lang='lat' dir='ltr'>quia</span> <span class='ocrx_word' id='word_1_146' title='bbox 1757 1026 1797 1048; x_wconf 86' lang='lat' dir='ltr'>ea</span> <span class='ocrx_word' id='word_1_147' title='bbox 1810 1010 1832 1063; x_wconf 76' lang='grc' dir='ltr'>Η</span> <span class='ocrx_word' id='word_1_148' title='bbox 1848 1014 1900 1048; x_wconf 81' lang='lat' dir='ltr'>his</span> <span class='ocrx_word' id='word_1_149' title='bbox 1926 1025 2026 1048; x_wconf 73' lang='lat' dir='ltr'>voca—</span> <span class='ocrx_word' id='word_1_150' title='bbox 2060 1013 2165 1061; x_wconf 73' lang='lat'><em>[117]</em></span> 
     </span>
     <span class='ocr_line' id='line_1_17' title="bbox 233 1061 2167 1110; baseline 0.003 -17"><span class='ocrx_word' id='word_1_151' title='bbox 233 1074 266 1098; x_wconf 74' lang='lat' dir='ltr'>-s,</span> <span class='ocrx_word' id='word_1_152' title='bbox 287 1071 364 1097; x_wconf 77' lang='lat' dir='ltr'>rumis</span> <span class='ocrx_word' id='word_1_153' title='bbox 392 1061 511 1093; x_wconf 82' lang='lat' dir='ltr'>bantur</span> <span class='ocrx_word' id='word_1_154' title='bbox 521 1062 549 1102; x_wconf 83' lang='lat'>*‚</span> <span class='ocrx_word' id='word_1_155' title='bbox 575 1062 629 1095; x_wconf 87' lang='lat' dir='ltr'>vel</span> <span class='ocrx_word' id='word_1_156' title='bbox 656 1062 734 1106; x_wconf 85' lang='lat' dir='ltr'>quia</span> <span class='ocrx_word' id='word_1_157' title='bbox 761 1063 889 1095; x_wconf 89' lang='lat' dir='ltr'>rumina</span> <span class='ocrx_word' id='word_1_158' title='bbox 916 1063 1052 1096; x_wconf 89' lang='lat' dir='ltr'>trahunt</span> <span class='ocrx_word' id='word_1_159' title='bbox 1080 1064 1168 1098; x_wconf 86' lang='lat' dir='ltr'>lacte</span> <span class='ocrx_word' id='word_1_160' title='bbox 1194 1068 1358 1109; x_wconf 78' lang='lat' dir='ltr'>sugentes,</span> <span class='ocrx_word' id='word_1_161' title='bbox 1412 1065 1496 1098; x_wconf 92' lang='lat' dir='ltr'>Sub</span> <span class='ocrx_word' id='word_1_162' title='bbox 1507 1066 1580 1098; x_wconf 93' lang='lat' dir='ltr'>ulo</span> <span class='ocrx_word' id='word_1_163' title='bbox 1608 1066 1720 1100; x_wconf 85' lang='lat' dir='ltr'>Tusce</span> <span class='ocrx_word' id='word_1_164' title='bbox 1749 1066 1871 1100; x_wconf 85' lang='lat' dir='ltr'>tibicen</span> <span class='ocrx_word' id='word_1_165' title='bbox 1902 1066 2028 1100; x_wconf 80' lang='lat' dir='ltr'>dicitur.</span> <span class='ocrx_word' id='word_1_166' title='bbox 2055 1067 2167 1110; x_wconf 87' lang='lat' dir='ltr'>itaque</span> 
     </span>
     <span class='ocr_line' id='line_1_18' title="bbox 231 1107 530 1146; baseline 0 -14"><span class='ocrx_word' id='word_1_167' title='bbox 231 1107 378 1137; x_wconf 81' lang='lat' dir='ltr'>vocabatur,</span> <span class='ocrx_word' id='word_1_168' title='bbox 388 1111 530 1146; x_wconf 64' lang='lat' dir='ltr'>Ennius:</span> 
     </span>
    </p>

    <p class='ocr_par' dir='ltr' id='par_1_8' title="bbox 216 1162 1784 1214">
     <span class='ocr_line' id='line_1_19' title="bbox 216 1162 1784 1214; baseline 0.004 -19"><span class='ocrx_word' id='word_1_169' title='bbox 216 1168 248 1192; x_wconf 72' lang='grc' dir='ltr'>’ἱ</span> <span class='ocrx_word' id='word_1_170' title='bbox 260 1166 380 1193; x_wconf 76' lang='lat' dir='ltr'>adstabat</span> <span class='ocrx_word' id='word_1_171' title='bbox 490 1162 659 1197; x_wconf 89' lang='lat' dir='ltr'>Subulo</span> <span class='ocrx_word' id='word_1_172' title='bbox 686 1165 903 1207; x_wconf 85' lang='lat' dir='ltr'>quondam</span> <span class='ocrx_word' id='word_1_173' title='bbox 927 1167 1110 1199; x_wconf 88' lang='lat' dir='ltr'>marinas</span> <span class='ocrx_word' id='word_1_174' title='bbox 1136 1171 1318 1212; x_wconf 89' lang='lat' dir='ltr'>propter</span> <span class='ocrx_word' id='word_1_175' title='bbox 1343 1167 1592 1201; x_wconf 79' lang='lat' dir='ltr'>adstrabat*</span> <span class='ocrx_word' id='word_1_176' title='bbox 1619 1169 1784 1214; x_wconf 78' lang='lat' dir='ltr'>plagas.</span> 
     </span>
    </p>

    <p class='ocr_par' dir='ltr' id='par_1_9' title="bbox 215 1215 2167 1931">
     <span class='ocr_line' id='line_1_20' title="bbox 388 1215 2167 1264; baseline 0.001 -15"><span class='ocrx_word' id='word_1_177' title='bbox 388 1215 444 1249; x_wconf 89' lang='lat' dir='ltr'>Su</span> <span class='ocrx_word' id='word_1_178' title='bbox 455 1215 556 1248; x_wconf 89' lang='lat' dir='ltr'>bura</span> <span class='ocrx_word' id='word_1_179' title='bbox 568 1227 601 1248; x_wconf 89' lang='lat' dir='ltr'>m</span> <span class='ocrx_word' id='word_1_180' title='bbox 631 1215 764 1249; x_wconf 87' lang='lat' dir='ltr'>Verrius</span> <span class='ocrx_word' id='word_1_181' title='bbox 791 1217 857 1249; x_wconf 90' lang='lat' dir='ltr'>alio</span> <span class='ocrx_word' id='word_1_182' title='bbox 891 1217 978 1250; x_wconf 91' lang='lat' dir='ltr'>libro</span> <span class='ocrx_word' id='word_1_183' title='bbox 1006 1229 1025 1250; x_wconf 92' lang='lat' dir='ltr'>a</span> <span class='ocrx_word' id='word_1_184' title='bbox 1057 1229 1150 1264; x_wconf 83' lang='lat' dir='ltr'>pago</span> <span class='ocrx_word' id='word_1_185' title='bbox 1177 1219 1369 1252; x_wconf 88' lang='lat' dir='ltr'>Succusano</span> <span class='ocrx_word' id='word_1_186' title='bbox 1397 1218 1519 1252; x_wconf 89' lang='lat' dir='ltr'>dictam</span> <span class='ocrx_word' id='word_1_187' title='bbox 1553 1221 1617 1253; x_wconf 81' lang='lat' dir='ltr'>ait:</span> <span class='ocrx_word' id='word_1_188' title='bbox 1661 1220 1729 1254; x_wconf 85' lang='lat' dir='ltr'>hoc</span> <span class='ocrx_word' id='word_1_189' title='bbox 1763 1231 1842 1253; x_wconf 84' lang='lat' dir='ltr'>vero</span> <span class='ocrx_word' id='word_1_190' title='bbox 1876 1220 2017 1252; x_wconf 84' lang='lat' dir='ltr'>maxime</span> <span class='ocrx_word' id='word_1_191' title='bbox 2044 1219 2167 1264; x_wconf 90' lang='lat' dir='ltr'>probat</span> 
     </span>
     <span class='ocr_line' id='line_1_21' title="bbox 387 1267 2165 1316; baseline 0.002 -17"><span class='ocrx_word' id='word_1_192' title='bbox 387 1277 503 1300; x_wconf 86' lang='lat' dir='ltr'>eorum</span> <span class='ocrx_word' id='word_1_193' title='bbox 529 1267 742 1309; x_wconf 77' lang='lat' dir='ltr'>auctoritate,</span> <span class='ocrx_word' id='word_1_194' title='bbox 782 1269 839 1312; x_wconf 87' lang='lat' dir='ltr'>qui</span> <span class='ocrx_word' id='word_1_195' title='bbox 876 1269 985 1311; x_wconf 78' lang='lat' dir='ltr'>aiunt,</span> <span class='ocrx_word' id='word_1_196' title='bbox 1028 1269 1072 1302; x_wconf 86' lang='lat' dir='ltr'>ita</span> <span class='ocrx_word' id='word_1_197' title='bbox 1108 1270 1314 1315; x_wconf 79' lang='lat' dir='ltr'>appellatam</span> <span class='ocrx_word' id='word_1_198' title='bbox 1341 1275 1375 1303; x_wconf 87' lang='lat' dir='ltr'>et</span> <span class='ocrx_word' id='word_1_199' title='bbox 1400 1271 1575 1316; x_wconf 81' lang='lat' dir='ltr'>regionem</span> <span class='ocrx_word' id='word_1_200' title='bbox 1608 1272 1717 1314; x_wconf 85' lang='lat' dir='ltr'>urbis,</span> <span class='ocrx_word' id='word_1_201' title='bbox 1760 1277 1793 1305; x_wconf 85' lang='lat' dir='ltr'>et</span> <span class='ocrx_word' id='word_1_202' title='bbox 1819 1272 1976 1305; x_wconf 87' lang='lat' dir='ltr'>tributum</span> <span class='ocrx_word' id='word_1_203' title='bbox 2003 1283 2022 1304; x_wconf 88' lang='lat' dir='ltr'>a</span> <span class='ocrx_word' id='word_1_204' title='bbox 2047 1271 2165 1304; x_wconf 84' lang='lat' dir='ltr'>stativo</span> 
     </span>
     <span class='ocr_line' id='line_1_22' title="bbox 387 1318 2164 1368; baseline 0.002 -18"><span class='ocrx_word' id='word_1_205' title='bbox 387 1318 557 1363; x_wconf 88' lang='lat' dir='ltr'>praesidio</span> <span class='ocrx_word' id='word_1_206' title='bbox 569 1342 578 1359; x_wconf 88' lang='lat'>,</span> <span class='ocrx_word' id='word_1_207' title='bbox 605 1319 698 1362; x_wconf 89' lang='lat' dir='ltr'>quod</span> <span class='ocrx_word' id='word_1_208' title='bbox 721 1320 851 1353; x_wconf 89' lang='lat' dir='ltr'>solitum</span> <span class='ocrx_word' id='word_1_209' title='bbox 882 1321 922 1353; x_wconf 85' lang='lat' dir='ltr'>sit</span> <span class='ocrx_word' id='word_1_210' title='bbox 948 1332 1139 1355; x_wconf 87' lang='lat' dir='ltr'>succurrere</span> <span class='ocrx_word' id='word_1_211' title='bbox 1166 1322 1347 1365; x_wconf 80' lang='lat' dir='ltr'>Exquiliis,</span> <span class='ocrx_word' id='word_1_212' title='bbox 1381 1322 1607 1356; x_wconf 84' lang='lat' dir='ltr'>infestantibus</span> <span class='ocrx_word' id='word_1_213' title='bbox 1634 1335 1706 1356; x_wconf 88' lang='lat' dir='ltr'>eam</span> <span class='ocrx_word' id='word_1_214' title='bbox 1738 1326 1872 1368; x_wconf 81' lang='lat' dir='ltr'>partem</span> <span class='ocrx_word' id='word_1_215' title='bbox 1904 1323 1993 1356; x_wconf 85' lang='lat' dir='ltr'>urbis</span> <span class='ocrx_word' id='word_1_216' title='bbox 2018 1322 2164 1356; x_wconf 87' lang='lat' dir='ltr'>Gavinis.</span> 
     </span>
     <span class='ocr_line' id='line_1_23' title="bbox 385 1369 2163 1417; baseline 0.002 -15"><span class='ocrx_word' id='word_1_217' title='bbox 385 1369 577 1413; x_wconf 88' lang='lat' dir='ltr'>indicioque</span> <span class='ocrx_word' id='word_1_218' title='bbox 604 1382 690 1412; x_wconf 88' lang='lat' dir='ltr'>esse,</span> <span class='ocrx_word' id='word_1_219' title='bbox 727 1371 818 1414; x_wconf 92' lang='lat' dir='ltr'>quod</span> <span class='ocrx_word' id='word_1_220' title='bbox 854 1371 967 1406; x_wconf 87' lang='lat' dir='ltr'>adhuc</span> <span class='ocrx_word' id='word_1_221' title='bbox 997 1384 1035 1405; x_wconf 83' lang='lat' dir='ltr'>ea</span> <span class='ocrx_word' id='word_1_222' title='bbox 1069 1374 1172 1406; x_wconf 87' lang='lat' dir='ltr'>tribus</span> <span class='ocrx_word' id='word_1_223' title='bbox 1202 1385 1265 1417; x_wconf 88' lang='lat' dir='ltr'>per</span> <span class='ocrx_word' id='word_1_224' title='bbox 1292 1384 1311 1406; x_wconf 91' lang='lat' dir='ltr'>c</span> <span class='ocrx_word' id='word_1_225' title='bbox 1338 1373 1477 1406; x_wconf 82' lang='lat' dir='ltr'>litteram</span> <span class='ocrx_word' id='word_1_226' title='bbox 1516 1386 1582 1406; x_wconf 94' lang='lat' dir='ltr'>non</span> <span class='ocrx_word' id='word_1_227' title='bbox 1615 1374 1637 1406; x_wconf 95' lang='lat' dir='ltr'>b</span> <span class='ocrx_word' id='word_1_228' title='bbox 1674 1375 1842 1408; x_wconf 84' lang='lat' dir='ltr'>scribatur.</span> <span class='ocrx_word' id='word_1_229' title='bbox 1910 1374 2163 1407; x_wconf 86' lang='lat' dir='ltr'>Subverbu-</span> 
     </span>
     <span class='ocr_line' id='line_1_24' title="bbox 215 1418 1402 1469; baseline 0.003 -16"><span class='ocrx_word' id='word_1_230' title='bbox 215 1422 243 1446; x_wconf 77' lang='lat' dir='ltr'>&#39;f·</span> <span class='ocrx_word' id='word_1_231' title='bbox 259 1418 531 1462; x_wconf 67' lang='lat' dir='ltr'>verberi-stam2,</span> <span class='ocrx_word' id='word_1_232' title='bbox 568 1422 727 1454; x_wconf 84' lang='lat' dir='ltr'>veribus*</span> <span class='ocrx_word' id='word_1_233' title='bbox 752 1428 856 1455; x_wconf 89' lang='lat' dir='ltr'>ustam</span> <span class='ocrx_word' id='word_1_234' title='bbox 883 1423 1046 1469; x_wconf 84' lang='lat' dir='ltr'>significat</span> <span class='ocrx_word' id='word_1_235' title='bbox 1075 1425 1209 1457; x_wconf 84' lang='lat' dir='ltr'>Plautus</span> <span class='ocrx_word' id='word_1_236' title='bbox 1236 1435 1312 1457; x_wconf 89' lang='lat' dir='ltr'>cum</span> <span class='ocrx_word' id='word_1_237' title='bbox 1341 1425 1402 1457; x_wconf 82' lang='lat' dir='ltr'>ait:</span> 
     </span>
     <span class='ocr_line' id='line_1_25' title="bbox 273 1455 1713 1520; baseline 0.001 -14"><span class='ocrx_word' id='word_1_238' title='bbox 273 1455 319 1480; x_wconf 53' lang='lat'>¹³⁰⁵</span> <span class='ocrx_word' id='word_1_239' title='bbox 490 1472 749 1515; x_wconf 78' lang='lat' dir='ltr'>ulcerosam,</span> <span class='ocrx_word' id='word_1_240' title='bbox 777 1475 1088 1520; x_wconf 86' lang='lat' dir='ltr'>compeditam,</span> <span class='ocrx_word' id='word_1_241' title='bbox 1116 1476 1459 1517; x_wconf 79' lang='lat' dir='ltr'>subverbustam,</span> <span class='ocrx_word' id='word_1_242' title='bbox 1486 1475 1713 1509; x_wconf 85' lang='lat' dir='ltr'>sordidam.</span> 
     </span>
     <span class='ocr_line' id='line_1_26' title="bbox 227 1521 2163 1571; baseline 0.001 -14"><span class='ocrx_word' id='word_1_243' title='bbox 227 1521 365 1551; x_wconf 65' lang='lat' dir='ltr'>&#39;s·²³d¹¹¹²¹⁵</span> <span class='ocrx_word' id='word_1_244' title='bbox 386 1524 572 1557; x_wconf 79' lang='lat' dir='ltr'>Suboles</span> <span class='ocrx_word' id='word_1_245' title='bbox 598 1526 641 1558; x_wconf 91' lang='lat' dir='ltr'>ab</span> <span class='ocrx_word' id='word_1_246' title='bbox 668 1525 867 1565; x_wconf 85' lang='lat' dir='ltr'>olescendo,</span> <span class='ocrx_word' id='word_1_247' title='bbox 895 1527 930 1559; x_wconf 88' lang='lat' dir='ltr'>id</span> <span class='ocrx_word' id='word_1_248' title='bbox 958 1532 1007 1560; x_wconf 84' lang='lat' dir='ltr'>est</span> <span class='ocrx_word' id='word_1_249' title='bbox 1038 1528 1236 1567; x_wconf 78' lang='lat' dir='ltr'>crescendo,</span> <span class='ocrx_word' id='word_1_250' title='bbox 1268 1533 1304 1560; x_wconf 91' lang='lat' dir='ltr'>ut</span> <span class='ocrx_word' id='word_1_251' title='bbox 1331 1528 1558 1561; x_wconf 81' lang='lat' dir='ltr'>adolescentes</span> <span class='ocrx_word' id='word_1_252' title='bbox 1583 1538 1719 1571; x_wconf 84' lang='lat' dir='ltr'>quoque</span> <span class='ocrx_word' id='word_1_253' title='bbox 1745 1532 1778 1560; x_wconf 89' lang='lat' dir='ltr'>et</span> <span class='ocrx_word' id='word_1_254' title='bbox 1803 1526 1939 1560; x_wconf 85' lang='lat' dir='ltr'>adultae</span> <span class='ocrx_word' id='word_1_255' title='bbox 1952 1528 1980 1567; x_wconf 89' lang='lat'>*,</span> <span class='ocrx_word' id='word_1_256' title='bbox 2007 1533 2039 1559; x_wconf 88' lang='lat' dir='ltr'>et</span> <span class='ocrx_word' id='word_1_257' title='bbox 2064 1526 2163 1559; x_wconf 87' lang='lat' dir='ltr'>indo—</span> 
     </span>
     <span class='ocr_line' id='line_1_27' title="bbox 385 1575 984 1611; baseline 0.005 -3"><span class='ocrx_word' id='word_1_258' title='bbox 385 1575 432 1608; x_wconf 88' lang='lat' dir='ltr'>les</span> <span class='ocrx_word' id='word_1_259' title='bbox 459 1575 589 1610; x_wconf 90' lang='lat' dir='ltr'>dicitur.</span> <span class='ocrx_word' id='word_1_260' title='bbox 641 1576 814 1610; x_wconf 85' lang='lat' dir='ltr'>Lucretius</span> <span class='ocrx_word' id='word_1_261' title='bbox 845 1578 902 1611; x_wconf 89' lang='lat' dir='ltr'>lib.</span> <span class='ocrx_word' id='word_1_262' title='bbox 926 1578 984 1611; x_wconf 87' lang='lat' dir='ltr'>V.:</span> 
     </span>
     <span class='ocr_line' id='line_1_28' title="bbox 486 1627 1596 1674; baseline 0.001 -14"><span class='ocrx_word' id='word_1_263' title='bbox 486 1627 590 1660; x_wconf 89' lang='lat' dir='ltr'>Sive</span> <span class='ocrx_word' id='word_1_264' title='bbox 617 1627 752 1661; x_wconf 88' lang='lat' dir='ltr'>virum</span> <span class='ocrx_word' id='word_1_265' title='bbox 779 1629 971 1671; x_wconf 87' lang='lat' dir='ltr'>suboles,</span> <span class='ocrx_word' id='word_1_266' title='bbox 1000 1629 1093 1662; x_wconf 73' lang='lat' dir='ltr'>sive</span> <span class='ocrx_word' id='word_1_267' title='bbox 1119 1634 1182 1662; x_wconf 83' lang='lat' dir='ltr'>est</span> <span class='ocrx_word' id='word_1_268' title='bbox 1207 1629 1436 1662; x_wconf 87' lang='lat' dir='ltr'>muliebris</span> <span class='ocrx_word' id='word_1_269' title='bbox 1464 1629 1596 1674; x_wconf 86' lang='lat' dir='ltr'>origo.</span> 
     </span>
     <span class='ocr_line' id='line_1_29' title="bbox 385 1677 571 1724; baseline 0 -13"><span class='ocrx_word' id='word_1_270' title='bbox 385 1677 571 1724; x_wconf 86' lang='lat' dir='ltr'>Vergilius:</span> 
     </span>
     <span class='ocr_line' id='line_1_30' title="bbox 487 1729 1686 1776; baseline 0.002 -13"><span class='ocrx_word' id='word_1_271' title='bbox 487 1729 599 1763; x_wconf 84' lang='lat' dir='ltr'>Cara</span> <span class='ocrx_word' id='word_1_272' title='bbox 625 1730 750 1764; x_wconf 88' lang='lat' dir='ltr'>deum</span> <span class='ocrx_word' id='word_1_273' title='bbox 777 1731 973 1771; x_wconf 87' lang='lat' dir='ltr'>suboles,</span> <span class='ocrx_word' id='word_1_274' title='bbox 1001 1741 1199 1776; x_wconf 79' lang='lat' dir='ltr'>magnum</span> <span class='ocrx_word' id='word_1_275' title='bbox 1226 1731 1341 1764; x_wconf 80' lang='lat' dir='ltr'>lovis</span> <span class='ocrx_word' id='word_1_276' title='bbox 1367 1732 1686 1765; x_wconf 79' lang='lat' dir='ltr'>incrementum.</span> 
     </span>
     <span class='ocr_line' id='line_1_31' title="bbox 385 1781 2160 1825; baseline 0.001 -11"><span class='ocrx_word' id='word_1_277' title='bbox 385 1781 409 1814; x_wconf 89' lang='lat' dir='ltr'>S</span> <span class='ocrx_word' id='word_1_278' title='bbox 421 1781 471 1814; x_wconf 89' lang='lat' dir='ltr'>ub</span> <span class='ocrx_word' id='word_1_279' title='bbox 482 1782 650 1815; x_wconf 89' lang='lat' dir='ltr'>uculam</span> <span class='ocrx_word' id='word_1_280' title='bbox 689 1782 804 1815; x_wconf 84' lang='lat' dir='ltr'>Aelius</span> <span class='ocrx_word' id='word_1_281' title='bbox 839 1782 925 1815; x_wconf 87' lang='lat' dir='ltr'>Stilo</span> <span class='ocrx_word' id='word_1_282' title='bbox 952 1788 985 1816; x_wconf 90' lang='lat' dir='ltr'>et</span> <span class='ocrx_word' id='word_1_283' title='bbox 1012 1782 1160 1816; x_wconf 81' lang='lat' dir='ltr'>Cloatius</span> <span class='ocrx_word' id='word_1_284' title='bbox 1187 1783 1302 1815; x_wconf 84' lang='lat' dir='ltr'>iisdem</span> <span class='ocrx_word' id='word_1_285' title='bbox 1337 1782 1410 1816; x_wconf 81' lang='lat' dir='ltr'>fere</span> <span class='ocrx_word' id='word_1_286' title='bbox 1435 1783 1545 1816; x_wconf 76' lang='lat' dir='ltr'>verbis</span> <span class='ocrx_word' id='word_1_287' title='bbox 1573 1783 1798 1816; x_wconf 81' lang='lat' dir='ltr'>demonstrant</span> <span class='ocrx_word' id='word_1_288' title='bbox 1823 1783 1952 1822; x_wconf 84' lang='lat' dir='ltr'>vocari,</span> <span class='ocrx_word' id='word_1_289' title='bbox 1979 1783 2070 1825; x_wconf 83' lang='lat' dir='ltr'>quod</span> <span class='ocrx_word' id='word_1_290' title='bbox 2099 1783 2160 1816; x_wconf 91' lang='lat' dir='ltr'>diis</span> 
     </span>
     <span class='ocr_line' id='line_1_32' title="bbox 236 1824 2161 1879; baseline 0.002 -14"><span class='ocrx_word' id='word_1_291' title='bbox 236 1824 270 1847; x_wconf 63' lang='lat' dir='ltr'>&#39;s‘</span> <span class='ocrx_word' id='word_1_292' title='bbox 296 1824 481 1865; x_wconf 64' lang='lat' dir='ltr'>halicadetm.</span> <span class='ocrx_word' id='word_1_293' title='bbox 502 1844 541 1866; x_wconf 78' lang='lat' dir='ltr'>ex</span> <span class='ocrx_word' id='word_1_294' title='bbox 560 1833 693 1867; x_wconf 76' lang='lat' dir='ltr'>ablica*</span> <span class='ocrx_word' id='word_1_295' title='bbox 717 1838 750 1866; x_wconf 86' lang='lat' dir='ltr'>et</span> <span class='ocrx_word' id='word_1_296' title='bbox 777 1834 854 1867; x_wconf 87' lang='lat' dir='ltr'>oleo</span> <span class='ocrx_word' id='word_1_297' title='bbox 883 1840 915 1867; x_wconf 85' lang='lat' dir='ltr'>et</span> <span class='ocrx_word' id='word_1_298' title='bbox 941 1834 1052 1867; x_wconf 84' lang='lat' dir='ltr'>melle.</span> <span class='ocrx_word' id='word_1_299' title='bbox 1079 1845 1157 1867; x_wconf 86' lang='lat' dir='ltr'>nam</span> <span class='ocrx_word' id='word_1_300' title='bbox 1184 1835 1228 1867; x_wconf 85' lang='lat' dir='ltr'>de</span> <span class='ocrx_word' id='word_1_301' title='bbox 1254 1834 1383 1867; x_wconf 84' lang='lat' dir='ltr'>tunicae</span> <span class='ocrx_word' id='word_1_302' title='bbox 1410 1846 1534 1879; x_wconf 84' lang='lat' dir='ltr'>genere</span> <span class='ocrx_word' id='word_1_303' title='bbox 1557 1839 1672 1868; x_wconf 91' lang='lat' dir='ltr'>notum</span> <span class='ocrx_word' id='word_1_304' title='bbox 1691 1839 1740 1867; x_wconf 87' lang='lat' dir='ltr'>est</span> <span class='ocrx_word' id='word_1_305' title='bbox 1763 1834 1923 1867; x_wconf 77' lang='lat' dir='ltr'>omnibus.</span> <span class='ocrx_word' id='word_1_306' title='bbox 1979 1834 2061 1867; x_wconf 88' lang='lat' dir='ltr'>Sub</span> <span class='ocrx_word' id='word_1_307' title='bbox 2088 1845 2161 1868; x_wconf 84' lang='lat' dir='ltr'>vos</span> 
     </span>
     <span class='ocr_line' id='line_1_33' title="bbox 235 1874 2161 1931; baseline 0.002 -16"><span class='ocrx_word' id='word_1_308' title='bbox 235 1874 265 1898; x_wconf 49' lang='grc' dir='ltr'>’ἱ</span> <span class='ocrx_word' id='word_1_309' title='bbox 285 1875 377 1908; x_wconf 65' lang='lat' dir='ltr'>suppli·</span> <span class='ocrx_word' id='word_1_310' title='bbox 387 1884 457 1927; x_wconf 90' lang='lat' dir='ltr'>pla</span> <span class='ocrx_word' id='word_1_311' title='bbox 468 1895 532 1925; x_wconf 87' lang='lat' dir='ltr'>co,</span> <span class='ocrx_word' id='word_1_312' title='bbox 575 1885 608 1917; x_wconf 92' lang='lat' dir='ltr'>in</span> <span class='ocrx_word' id='word_1_313' title='bbox 638 1885 795 1930; x_wconf 88' lang='lat' dir='ltr'>precibus</span> <span class='ocrx_word' id='word_1_314' title='bbox 829 1886 900 1919; x_wconf 86' lang='lat' dir='ltr'>fere</span> <span class='ocrx_word' id='word_1_315' title='bbox 933 1897 1009 1920; x_wconf 86' lang='lat' dir='ltr'>cum</span> <span class='ocrx_word' id='word_1_316' title='bbox 1045 1886 1180 1927; x_wconf 81' lang='lat' dir='ltr'>(licitur,</span> <span class='ocrx_word' id='word_1_317' title='bbox 1222 1886 1387 1931; x_wconf 83' lang='lat' dir='ltr'>significat</span> <span class='ocrx_word' id='word_1_318' title='bbox 1419 1886 1472 1927; x_wconf 87' lang='lat' dir='ltr'>id,</span> <span class='ocrx_word' id='word_1_319' title='bbox 1514 1886 1607 1930; x_wconf 85' lang='lat' dir='ltr'>quod</span> <span class='ocrx_word' id='word_1_320' title='bbox 1640 1885 1807 1930; x_wconf 85' lang='lat' dir='ltr'>supplicio</span> <span class='ocrx_word' id='word_1_321' title='bbox 1819 1889 1848 1924; x_wconf 78' lang='lat'>*,</span> <span class='ocrx_word' id='word_1_322' title='bbox 1892 1889 1927 1917; x_wconf 90' lang='lat' dir='ltr'>ut</span> <span class='ocrx_word' id='word_1_323' title='bbox 1953 1885 1984 1917; x_wconf 84' lang='lat' dir='ltr'>in</span> <span class='ocrx_word' id='word_1_324' title='bbox 2000 1885 2161 1930; x_wconf 69' lang='lat' dir='ltr'>‘legibusz</span> 
     </span>
    </p>

    <p class='ocr_par' dir='ltr' id='par_1_10' title="bbox 220 1917 2161 2085">
     <span class='ocr_line' id='line_1_34' title="bbox 220 1917 2161 1982; baseline 0.002 -16"><span class='ocrx_word' id='word_1_325' title='bbox 220 1941 254 1967; x_wconf 61' lang='grc' dir='ltr'>Ὗ.</span> <span class='ocrx_word' id='word_1_326' title='bbox 268 1917 584 1979; x_wconf 52' lang='grc' dir='ltr'>ειιὲῖήιιεῑῐαηεᾳυθ</span> <span class='ocrx_word' id='word_1_327' title='bbox 619 1936 719 1969; x_wconf 88' lang='lat' dir='ltr'>dato</span> <span class='ocrx_word' id='word_1_328' title='bbox 753 1936 858 1970; x_wconf 88' lang='lat' dir='ltr'>eden</span> <span class='ocrx_word' id='word_1_329' title='bbox 868 1938 1006 1981; x_wconf 85' lang='lat' dir='ltr'>doque</span> <span class='ocrx_word' id='word_1_330' title='bbox 1022 1941 1033 1955; x_wconf 70' lang='lat'>*¹</span> <span class='ocrx_word' id='word_1_331' title='bbox 1062 1938 1240 1982; x_wconf 81' lang='lat' dir='ltr'>plorato,</span> <span class='ocrx_word' id='word_1_332' title='bbox 1302 1937 1516 1971; x_wconf 83' lang='lat' dir='ltr'>Suffiscus</span> <span class='ocrx_word' id='word_1_333' title='bbox 1543 1938 1715 1970; x_wconf 85' lang='lat' dir='ltr'>dicebatur</span> <span class='ocrx_word' id='word_1_334' title='bbox 1742 1936 1909 1969; x_wconf 86' lang='lat' dir='ltr'>folliculus</span> <span class='ocrx_word' id='word_1_335' title='bbox 1935 1937 2161 1970; x_wconf 83' lang='lat' dir='ltr'>testiculorum</span> 
     </span>
     <span class='ocr_line' id='line_1_35' title="bbox 391 1984 2158 2036; baseline 0.002 -19"><span class='ocrx_word' id='word_1_336' title='bbox 391 1986 616 2029; x_wconf 82' lang='lat' dir='ltr'>arietinorum,</span> <span class='ocrx_word' id='word_1_337' title='bbox 642 1984 663 2036; x_wconf 79' lang='grc' dir='ltr'>ΙΙ</span> <span class='ocrx_word' id='word_1_338' title='bbox 688 1988 746 2032; x_wconf 90' lang='lat' dir='ltr'>qui</span> <span class='ocrx_word' id='word_1_339' title='bbox 772 1989 909 2022; x_wconf 86' lang='lat' dir='ltr'>celebris</span> <span class='ocrx_word' id='word_1_340' title='bbox 936 1999 1017 2023; x_wconf 84' lang='lat' dir='ltr'>usus</span> <span class='ocrx_word' id='word_1_341' title='bbox 1044 1993 1121 2022; x_wconf 78' lang='lat' dir='ltr'>erat</span> <span class='ocrx_word' id='word_1_342' title='bbox 1143 1999 1213 2035; x_wconf 81' lang='lat' dir='ltr'>pro</span> <span class='ocrx_word' id='word_1_343' title='bbox 1239 1989 1438 2033; x_wconf 81' lang='lat' dir='ltr'>marsupio,</span> <span class='ocrx_word' id='word_1_344' title='bbox 1483 1989 1618 2021; x_wconf 81' lang='lat' dir='ltr'>forsitan</span> <span class='ocrx_word' id='word_1_345' title='bbox 1646 1989 1762 2021; x_wconf 77' lang='lat' dir='ltr'>dictus</span> <span class='ocrx_word' id='word_1_346' title='bbox 1786 1986 1953 2033; x_wconf 80' lang='lat' dir='ltr'>suffiscus</span> <span class='ocrx_word' id='word_1_347' title='bbox 1976 2000 1995 2019; x_wconf 87' lang='lat' dir='ltr'>a</span> <span class='ocrx_word' id='word_1_348' title='bbox 2050 1987 2158 2034; x_wconf 85' lang='lat'><em>[118]</em></span> 
     </span>
     <span class='ocr_line' id='line_1_36' title="bbox 393 2035 2160 2085; baseline 0.003 -18"><span class='ocrx_word' id='word_1_349' title='bbox 393 2035 462 2069; x_wconf 79' lang='lat' dir='ltr'>fisci</span> <span class='ocrx_word' id='word_1_350' title='bbox 478 2038 700 2072; x_wconf 79' lang='lat' dir='ltr'>similitudine.</span> <span class='ocrx_word' id='word_1_351' title='bbox 755 2040 958 2082; x_wconf 75' lang='lat' dir='ltr'>Subacti,</span> <span class='ocrx_word' id='word_1_352' title='bbox 985 2041 1118 2081; x_wconf 86' lang='lat' dir='ltr'>molliti,</span> <span class='ocrx_word' id='word_1_353' title='bbox 1145 2041 1226 2073; x_wconf 88' lang='lat' dir='ltr'>alias</span> <span class='ocrx_word' id='word_1_354' title='bbox 1248 2040 1417 2085; x_wconf 79' lang='lat' dir='ltr'>compulsi</span> <span class='ocrx_word' id='word_1_355' title='bbox 1440 2044 1472 2073; x_wconf 84' lang='lat' dir='ltr'>et</span> <span class='ocrx_word' id='word_1_356' title='bbox 1500 2041 1621 2073; x_wconf 81' lang='lat' dir='ltr'>coacti.</span> <span class='ocrx_word' id='word_1_357' title='bbox 1649 2045 1685 2072; x_wconf 91' lang='lat' dir='ltr'>ut</span> <span class='ocrx_word' id='word_1_358' title='bbox 1707 2051 1783 2073; x_wconf 91' lang='lat' dir='ltr'>cum</span> <span class='ocrx_word' id='word_1_359' title='bbox 1807 2039 1951 2073; x_wconf 75' lang='lat' dir='ltr'>dicimus</span> <span class='ocrx_word' id='word_1_360' title='bbox 1967 2049 2078 2084; x_wconf 79' lang='lat' dir='ltr'>pecus</span> <span class='ocrx_word' id='word_1_361' title='bbox 2095 2039 2160 2074; x_wconf 77' lang='lat' dir='ltr'>sub</span> 
     </span>
    </p>
   </div>
   <div class='ocr_carea' id='block_1_3' title="bbox 394 2085 2159 2138">
    <p class='ocr_par' dir='ltr' id='par_1_11' title="bbox 394 2085 2159 2138">
     <span class='ocr_line' id='line_1_37' title="bbox 394 2085 2159 2138; baseline 0.004 -22"><span class='ocrx_word' id='word_1_362' title='bbox 394 2085 519 2120; x_wconf 80' lang='lat' dir='ltr'>arbore</span> <span class='ocrx_word' id='word_1_363' title='bbox 537 2090 726 2129; x_wconf 83' lang='lat' dir='ltr'>subactum3</span> <span class='ocrx_word' id='word_1_364' title='bbox 752 2092 845 2126; x_wconf 77' lang='lat' dir='ltr'>alias</span> <span class='ocrx_word' id='word_1_365' title='bbox 866 2093 955 2126; x_wconf 69' lang='lat' dir='ltr'>vieti.</span> <span class='ocrx_word' id='word_1_366' title='bbox 1012 2090 1291 2138; x_wconf 79' lang='lat' dir='ltr'>Supplicium</span> <span class='ocrx_word' id='word_1_367' title='bbox 1320 2103 1337 2124; x_wconf 79' lang='lat' dir='ltr'>a</span> <span class='ocrx_word' id='word_1_368' title='bbox 1364 2092 1543 2136; x_wconf 78' lang='lat' dir='ltr'>suppliciis</span> <span class='ocrx_word' id='word_1_369' title='bbox 1569 2090 1709 2138; x_wconf 53' lang='lat' dir='ltr'>differt,</span> <span class='ocrx_word' id='word_1_370' title='bbox 1735 2094 1773 2124; x_wconf 84' lang='lat' dir='ltr'>ut</span> <span class='ocrx_word' id='word_1_371' title='bbox 1798 2102 1880 2124; x_wconf 72' lang='lat' dir='ltr'>usus</span> <span class='ocrx_word' id='word_1_372' title='bbox 1903 2091 2041 2135; x_wconf 80' lang='lat' dir='ltr'>arguit,</span> <span class='ocrx_word' id='word_1_373' title='bbox 2066 2091 2159 2134; x_wconf 86' lang='lat' dir='ltr'>quod</span> 
     </span>
    </p>
   </div>
   <div class='ocr_carea' id='block_1_4' title="bbox 392 2218 2158 2349">
    <p class='ocr_par' dir='ltr' id='par_1_12' title="bbox 392 2218 2158 2349">
     <span class='ocr_line' id='line_1_38' title="bbox 482 2218 2158 2263; baseline 0.004 -17"><span class='ocrx_word' id='word_1_374' title='bbox 482 2219 510 2255; x_wconf 89' lang='lat'>1)</span> <span class='ocrx_word' id='word_1_375' title='bbox 535 2218 710 2250; x_wconf 78' lang='lat' dir='ltr'>Sublimem</span> <span class='ocrx_word' id='word_1_376' title='bbox 739 2224 810 2255; x_wconf 86' lang='lat' dir='ltr'>Ven.</span> <span class='ocrx_word' id='word_1_377' title='bbox 848 2226 923 2253; x_wconf 89' lang='lat' dir='ltr'>Scal.</span> <span class='ocrx_word' id='word_1_378' title='bbox 954 2242 996 2247; x_wconf 92' lang='lat'>—</span> <span class='ocrx_word' id='word_1_379' title='bbox 1032 2226 1063 2262; x_wconf 71' lang='grc' dir='ltr'>Ξ)</span> <span class='ocrx_word' id='word_1_380' title='bbox 1087 2225 1253 2253; x_wconf 74' lang='grc' dir='ltr'><em>ὁἰιί)ιένῦιι-</em></span> <span class='ocrx_word' id='word_1_381' title='bbox 1297 2230 1364 2262; x_wconf 88' lang='lat' dir='ltr'>tur,</span> <span class='ocrx_word' id='word_1_382' title='bbox 1396 2225 1448 2254; x_wconf 80' lang='lat' dir='ltr'>sed</span> <span class='ocrx_word' id='word_1_383' title='bbox 1472 2225 1523 2263; x_wconf 90' lang='lat' dir='ltr'>qui</span> <span class='ocrx_word' id='word_1_384' title='bbox 1545 2225 1586 2253; x_wconf 86' lang='lat' dir='ltr'>ita</span> <span class='ocrx_word' id='word_1_385' title='bbox 1609 2223 1781 2257; x_wconf 83' lang='lat' dir='ltr'>damnatur,</span> <span class='ocrx_word' id='word_1_386' title='bbox 1814 2229 1846 2252; x_wconf 82' lang='lat' dir='ltr'>ut.</span> <span class='ocrx_word' id='word_1_387' title='bbox 1866 2223 1942 2252; x_wconf 87' lang='lat' dir='ltr'>bona</span> <span class='ocrx_word' id='word_1_388' title='bbox 1965 2222 2027 2253; x_wconf 80' lang='lat' dir='ltr'>eius</span> <span class='ocrx_word' id='word_1_389' title='bbox 2050 2232 2158 2254; x_wconf 74' lang='lat' dir='ltr'>conse—-</span> 
     </span>
     <span class='ocr_line' id='line_1_39' title="bbox 395 2258 2156 2306; baseline 0.005 -19"><span class='ocrx_word' id='word_1_390' title='bbox 395 2258 498 2301; x_wconf 66' lang='lat' dir='ltr'>sturm]</span> <span class='ocrx_word' id='word_1_391' title='bbox 529 2261 561 2288; x_wconf 88' lang='lat' dir='ltr'>In</span> <span class='ocrx_word' id='word_1_392' title='bbox 585 2264 712 2300; x_wconf 81' lang='lat' dir='ltr'>margine</span> <span class='ocrx_word' id='word_1_393' title='bbox 741 2268 912 2305; x_wconf 80' lang='lat' dir='ltr'>scripsimus</span> <span class='ocrx_word' id='word_1_394' title='bbox 938 2268 1105 2296; x_wconf 69' lang='lat' dir='ltr'>verberibus</span> <span class='ocrx_word' id='word_1_395' title='bbox 1128 2278 1181 2306; x_wconf 86' lang='lat' dir='ltr'>pro</span> <span class='ocrx_word' id='word_1_396' title='bbox 1205 2278 1254 2295; x_wconf 67' lang='grc' dir='ltr'>νε-</span> <span class='ocrx_word' id='word_1_397' title='bbox 1296 2273 1435 2304; x_wconf 82' lang='lat' dir='ltr'>crentur,</span> <span class='ocrx_word' id='word_1_398' title='bbox 1468 2272 1496 2296; x_wconf 84' lang='lat' dir='ltr'>et</span> <span class='ocrx_word' id='word_1_399' title='bbox 1518 2267 1549 2296; x_wconf 85' lang='lat' dir='ltr'>iu</span> <span class='ocrx_word' id='word_1_400' title='bbox 1573 2267 1693 2306; x_wconf 85' lang='lat' dir='ltr'>publico</span> <span class='ocrx_word' id='word_1_401' title='bbox 1716 2266 1896 2304; x_wconf 82' lang='lat' dir='ltr'>redigantur.</span> <span class='ocrx_word' id='word_1_402' title='bbox 1920 2276 1988 2295; x_wconf 74' lang='lat' dir='ltr'>nam</span> <span class='ocrx_word' id='word_1_403' title='bbox 2010 2265 2156 2306; x_wconf 81' lang='lat' dir='ltr'>supplicia</span> 
     </span>
     <span class='ocr_line' id='line_1_40' title="bbox 392 2302 2154 2349; baseline 0.005 -20"><span class='ocrx_word' id='word_1_404' title='bbox 392 2302 478 2330; x_wconf 65' lang='lat' dir='ltr'>ribus</span> <span class='ocrx_word' id='word_1_405' title='bbox 507 2312 574 2331; x_wconf 83' lang='lat' dir='ltr'>nam</span> <span class='ocrx_word' id='word_1_406' title='bbox 601 2303 737 2334; x_wconf 80' lang='lat' dir='ltr'>Horatius</span> <span class='ocrx_word' id='word_1_407' title='bbox 760 2308 852 2338; x_wconf 77' lang='lat' dir='ltr'>dixit:</span> <span class='ocrx_word' id='word_1_408' title='bbox 887 2309 941 2338; x_wconf 92' lang='lat' dir='ltr'>Uri</span> <span class='ocrx_word' id='word_1_409' title='bbox 964 2309 1063 2348; x_wconf 58' lang='lat' dir='ltr'>virgis</span> <span class='ocrx_word' id='word_1_410' title='bbox 1108 2310 1187 2339; x_wconf 73' lang='lat' dir='ltr'>Urs,</span> <span class='ocrx_word' id='word_1_411' title='bbox 1211 2327 1250 2333; x_wconf 92' lang='lat'>—-</span> <span class='ocrx_word' id='word_1_412' title='bbox 1295 2308 1471 2339; x_wconf 78' lang='lat' dir='ltr'>dicebantur</span> <span class='ocrx_word' id='word_1_413' title='bbox 1500 2309 1753 2349; x_wconf 69' lang='lat' dir='ltr'>supplicamenta,</span> <span class='ocrx_word' id='word_1_414' title='bbox 1781 2314 1809 2338; x_wconf 83' lang='lat' dir='ltr'>et</span> <span class='ocrx_word' id='word_1_415' title='bbox 1833 2308 2013 2348; x_wconf 69' lang='lat' dir='ltr'>supplicium</span> <span class='ocrx_word' id='word_1_416' title='bbox 2035 2308 2154 2343; x_wconf 80' lang='lat' dir='ltr'>dicitur,</span> 
     </span>
    </p>
   </div>
   <div class='ocr_carea' id='block_1_5' title="bbox 391 2342 2154 2518">
    <p class='ocr_par' dir='ltr' id='par_1_13' title="bbox 391 2342 2154 2518">
     <span class='ocr_line' id='line_1_41' title="bbox 391 2342 2154 2390; baseline 0.004 -19"><span class='ocrx_word' id='word_1_417' title='bbox 391 2343 421 2384; x_wconf 86' lang='lat'>3)</span> <span class='ocrx_word' id='word_1_418' title='bbox 445 2342 633 2384; x_wconf 60' lang='lat' dir='ltr'>Supplicia]</span> <span class='ocrx_word' id='word_1_419' title='bbox 667 2347 782 2377; x_wconf 81' lang='lat' dir='ltr'>Sallust.</span> <span class='ocrx_word' id='word_1_420' title='bbox 808 2352 838 2378; x_wconf 89' lang='lat' dir='ltr'>in</span> <span class='ocrx_word' id='word_1_421' title='bbox 861 2351 1008 2389; x_wconf 81' lang='lat' dir='ltr'>Iugurth.:</span> <span class='ocrx_word' id='word_1_422' title='bbox 1038 2353 1160 2390; x_wconf 78' lang='lat' dir='ltr'>Legatos</span> <span class='ocrx_word' id='word_1_423' title='bbox 1183 2361 1251 2381; x_wconf 83' lang='lat' dir='ltr'>cum</span> <span class='ocrx_word' id='word_1_424' title='bbox 1295 2353 1330 2381; x_wconf 84' lang='lat' dir='ltr'>de</span> <span class='ocrx_word' id='word_1_425' title='bbox 1363 2353 1447 2382; x_wconf 74' lang='lat' dir='ltr'>cuius</span> <span class='ocrx_word' id='word_1_426' title='bbox 1477 2352 1665 2381; x_wconf 72' lang='lat' dir='ltr'>damnatione</span> <span class='ocrx_word' id='word_1_427' title='bbox 1688 2351 1835 2380; x_wconf 78' lang='lat' dir='ltr'>delibatur</span> <span class='ocrx_word' id='word_1_428' title='bbox 1857 2350 1973 2390; x_wconf 80' lang='lat' dir='ltr'>aliquid</span> <span class='ocrx_word' id='word_1_429' title='bbox 2000 2351 2070 2380; x_wconf 78' lang='lat' dir='ltr'>Deo.</span> <span class='ocrx_word' id='word_1_430' title='bbox 2116 2349 2154 2377; x_wconf 82' lang='lat' dir='ltr'>Et</span> 
     </span>
     <span class='ocr_line' id='line_1_42' title="bbox 394 2386 2154 2435; baseline 0 -15"><span class='ocrx_word' id='word_1_431' title='bbox 394 2386 550 2425; x_wconf 67' lang='lat' dir='ltr'>suppliciis</span> <span class='ocrx_word' id='word_1_432' title='bbox 573 2387 671 2416; x_wconf 71' lang='lat' dir='ltr'>mittit·</span> <span class='ocrx_word' id='word_1_433' title='bbox 710 2389 798 2427; x_wconf 79' lang='lat' dir='ltr'>soph.</span> <span class='ocrx_word' id='word_1_434' title='bbox 827 2393 857 2421; x_wconf 86' lang='lat' dir='ltr'>in</span> <span class='ocrx_word' id='word_1_435' title='bbox 888 2395 991 2432; x_wconf 84' lang='lat' dir='ltr'>Oedip.</span> <span class='ocrx_word' id='word_1_436' title='bbox 1016 2394 1085 2432; x_wconf 87' lang='lat' dir='ltr'>Tyr.</span> <span class='ocrx_word' id='word_1_437' title='bbox 1110 2395 1252 2435; x_wconf 75' lang='grc' dir='ltr'><em>ῖκτηρίοις</em></span> <span class='ocrx_word' id='word_1_438' title='bbox 1293 2395 1346 2425; x_wconf 91' lang='lat' dir='ltr'>lib.</span> <span class='ocrx_word' id='word_1_439' title='bbox 1371 2398 1398 2428; x_wconf 87' lang='lat'>6.</span> <span class='ocrx_word' id='word_1_440' title='bbox 1429 2405 1495 2434; x_wconf 81' lang='lat' dir='ltr'>cap.</span> <span class='ocrx_word' id='word_1_441' title='bbox 1521 2395 1569 2426; x_wconf 88' lang='lat'>18.</span> <span class='ocrx_word' id='word_1_442' title='bbox 1596 2404 1636 2424; x_wconf 76' lang='lat' dir='ltr'>ex</span> <span class='ocrx_word' id='word_1_443' title='bbox 1665 2395 1747 2423; x_wconf 81' lang='lat' dir='ltr'>Serv.</span> <span class='ocrx_word' id='word_1_444' title='bbox 1777 2393 1808 2422; x_wconf 87' lang='lat' dir='ltr'>in</span> <span class='ocrx_word' id='word_1_445' title='bbox 1830 2393 1881 2422; x_wconf 90' lang='lat' dir='ltr'>lib.</span> <span class='ocrx_word' id='word_1_446' title='bbox 1907 2397 1932 2424; x_wconf 91' lang='lat'>1.</span> <span class='ocrx_word' id='word_1_447' title='bbox 1959 2393 2028 2422; x_wconf 76' lang='lat' dir='ltr'>Aen.</span> <span class='ocrx_word' id='word_1_448' title='bbox 2072 2390 2154 2420; x_wconf 82' lang='lat' dir='ltr'>Unde</span> 
     </span>
     <span class='ocr_line' id='line_1_43' title="bbox 394 2425 2153 2477; baseline -0.003 -10"><span class='ocrx_word' id='word_1_449' title='bbox 394 2425 546 2459; x_wconf 63' lang='grc' dir='ltr'><em>κλάδοισιν</em></span> <span class='ocrx_word' id='word_1_450' title='bbox 575 2429 785 2468; x_wconf 62' lang='grc' dir='ltr'><strong><em>ἐξεστεμμένοι·</em></strong></span> <span class='ocrx_word' id='word_1_451' title='bbox 836 2434 965 2464; x_wconf 58' lang='lat' dir='ltr'>Isidorus</span> <span class='ocrx_word' id='word_1_452' title='bbox 995 2436 1046 2465; x_wconf 77' lang='lat' dir='ltr'>lib.</span> <span class='ocrx_word' id='word_1_453' title='bbox 1062 2438 1090 2468; x_wconf 85' lang='lat'>5·</span> <span class='ocrx_word' id='word_1_454' title='bbox 1119 2447 1183 2476; x_wconf 75' lang='lat' dir='ltr'>cap.</span> <span class='ocrx_word' id='word_1_455' title='bbox 1199 2440 1249 2469; x_wconf 81' lang='lat'>27.</span> <span class='ocrx_word' id='word_1_456' title='bbox 1294 2438 1441 2477; x_wconf 87' lang='lat' dir='ltr'>supplicia</span> <span class='ocrx_word' id='word_1_457' title='bbox 1465 2437 1609 2466; x_wconf 84' lang='lat' dir='ltr'>dicuntur</span> <span class='ocrx_word' id='word_1_458' title='bbox 1622 2436 1868 2475; x_wconf 78' lang='lat' dir='ltr'>supplicationes,</span> <span class='ocrx_word' id='word_1_459' title='bbox 1891 2443 1966 2473; x_wconf 80' lang='lat' dir='ltr'>quae</span> <span class='ocrx_word' id='word_1_460' title='bbox 1987 2433 2096 2462; x_wconf 73' lang='lat' dir='ltr'>fiebant</span> <span class='ocrx_word' id='word_1_461' title='bbox 2115 2433 2153 2462; x_wconf 82' lang='lat' dir='ltr'>de</span> 
     </span>
     <span class='ocr_line' id='line_1_44' title="bbox 394 2471 2152 2518; baseline 0.002 -19"><span class='ocrx_word' id='word_1_462' title='bbox 394 2471 579 2510; x_wconf 89' lang='lat' dir='ltr'>Supplicium</span> <span class='ocrx_word' id='word_1_463' title='bbox 600 2472 721 2512; x_wconf 83' lang='lat' dir='ltr'>proprie</span> <span class='ocrx_word' id='word_1_464' title='bbox 745 2473 870 2512; x_wconf 84' lang='lat' dir='ltr'>dicitur,</span> <span class='ocrx_word' id='word_1_465' title='bbox 899 2488 958 2505; x_wconf 88' lang='lat' dir='ltr'>uon</span> <span class='ocrx_word' id='word_1_466' title='bbox 981 2489 1041 2516; x_wconf 87' lang='lat' dir='ltr'>quo</span> <span class='ocrx_word' id='word_1_467' title='bbox 1070 2479 1133 2515; x_wconf 85' lang='lat' dir='ltr'>quis</span> <span class='ocrx_word' id='word_1_468' title='bbox 1154 2479 1251 2517; x_wconf 87' lang='lat' dir='ltr'>puni-</span> <span class='ocrx_word' id='word_1_469' title='bbox 1292 2480 1377 2508; x_wconf 88' lang='lat' dir='ltr'>bonis</span> <span class='ocrx_word' id='word_1_470' title='bbox 1400 2490 1553 2518; x_wconf 86' lang='lat' dir='ltr'>passorum</span> <span class='ocrx_word' id='word_1_471' title='bbox 1575 2479 1730 2517; x_wconf 82' lang='lat' dir='ltr'>supplicia.</span> <span class='ocrx_word' id='word_1_472' title='bbox 1753 2487 1853 2506; x_wconf 82' lang='lat' dir='ltr'>sacrae</span> <span class='ocrx_word' id='word_1_473' title='bbox 1869 2477 1945 2506; x_wconf 87' lang='lat' dir='ltr'>enim</span> <span class='ocrx_word' id='word_1_474' title='bbox 1966 2485 2013 2503; x_wconf 72' lang='lat' dir='ltr'>re·</span> <span class='ocrx_word' id='word_1_475' title='bbox 2040 2474 2078 2504; x_wconf 82' lang='lat' dir='ltr'>de</span> <span class='ocrx_word' id='word_1_476' title='bbox 2098 2485 2152 2504; x_wconf 86' lang='lat' dir='ltr'>re-</span> 
     </span>
    </p>
   </div>
  </div>
 </body>
</html>
