2263 2668
533 163 597 197 DE
625 161 1012 197 SIGNIFicATmNE
1038 158 1321 195 VERBORUM.
1379 160 1525 195 LIBER
1547 162 1605 196 ΧΙ.
1961 161 2037 197 503

249 255 486 288 Muscerclas.
532 255 611 284 Haec
629 260 699 284 sunt
713 256 806 286 Pauli.
836 255 912 284 Festi
936 253 1025 283 verba
1048 254 1092 282 sic
1113 253 1251 282 schedae:
1276 252 1452 284 Muscerclas
1472 255 1571 293 prima
1593 253 1711 295 syllaba
1731 253 1877 294 producta
1901 254 2036 285 dicebant

84 302 200 342 antiqui
222 308 331 330 stercus
353 310 477 328 murum.
522 297 718 327 Scribendum
742 297 897 335 munerala,
926 297 969 326 sic
992 295 1134 333 bucerda,
1158 296 1268 326 bovum
1291 302 1421 334 stercus,
1449 296 1603 336 opicerda,
1629 298 1740 326 ovium.
1786 298 1923 327 Glossae:
1953 298 2034 328 Mu-

84 343 188 381 cercla‚
220 340 378 383 μυόχοδον.
423 342 472 370 Sic
495 341 572 370 enim
596 341 769 378 legendum,
800 351 859 369 non
883 338 1065 379 μυιόχοιόον,·
1103 340 1183 378 quod
1206 340 1247 368 ait
1269 340 1397 379 primam
1420 340 1565 378 syllabam
1588 340 1717 379 produci
1741 353 1759 369 u
1781 341 1905 371 densum
1929 341 2035 373 innuit.

83 387 159 416 Vide
182 391 283 415 notata
305 386 335 414 in
359 383 491 414 lustrum.
526 384 574 412 Sic
597 384 628 412 in
650 395 773 413 essemus
794 384 920 424 primam
944 382 1088 421 syllabam
1113 382 1243 421 produci
1266 387 1350 411 notat
1373 383 1476 412 Donat.
1507 384 1556 412 Sic
1579 383 1608 412 in
1631 383 1749 413 insanos
1773 384 1884 414 Cicero.
1917 385 1965 412 Sic
1989 384 2036 412 in-

85 430 186 469 clytus
208 429 304 469 prima
327 427 421 457 brevi.
465 426 552 457 Dae.

250 476 442 518 Mapalia.
488 477 538 506 Ait
560 476 732 505 hominibus
754 477 848 506 solute
872 477 1043 506 viventibus
1068 476 1244 514 exprobrari
1266 486 1369 505 vocem
1391 477 1533 515 mapalia3
1558 481 1587 506 et
1608 486 1713 506 verum
1737 482 1790 506 est.
1826 479 1939 507 Seneca
1962 475 2037 510 ἆπο-

85 519 322 554 κολοκυντώσει;
346 520 426 561 Ego,
449 520 563 559 inquit,
586 518 621 550 P.
638 518 670 548 G.
694 521 872 560 interrogare
893 519 974 549 vobis
993 519 1197 560 pcrmiseram3
1221 529 1272 548 vos
1294 530 1373 547 mera
1395 518 1525 559 mapalia
1538 518 1669 560 fecistis.
1705 518 1785 549 Volo
1807 520 1923 549 servetis
1946 519 2037 550 disci-

82 564 196 605 plinam
219 565 327 594 curiae.
371 564 450 592 Mera
474 562 597 601 mapalia
623 562 749 600 fecistis,
776 562 832 590 hoc
856 568 917 599 est,
944 572 1053 600 susque
1077 561 1171 600 deque
1194 561 1341 590 habuistis
1366 566 1395 590 et
1417 562 1558 590 dissolute
1581 563 1681 601 potius
1704 562 1819 599 egisti53
1849 563 1898 591 vel
1922 563 2038 601 potius:

84 618 139 636 vos
162 619 179 636 o
202 607 294 645 inepti
317 610 346 634 et
368 605 523 641 dissoluti,
561 605 591 633 id
614 605 736 634 fecistis,
780 605 857 634 Vide
886 615 973 644 quam
998 604 1074 633 bene
1104 604 1189 632 Iocus
1218 605 1267 634 ille
1290 614 1327 633 ex
1350 604 1504 644 Menippea
1527 606 1652 633 Senecae
1675 604 1762 633 huius
1785 605 1859 634 locis
1881 606 2039 634 collatione

84 650 267 686 illustretur,
292 654 320 677 et
342 653 439 676 tamen
463 648 585 683 mirum,
617 652 761 685 quantum
784 648 893 685 negotii
915 648 1032 677 facessit
1054 647 1127 675 viris
1151 647 1347 684 doctissimis,
1375 647 1426 686 qui
1449 648 1478 675 in
1503 648 1567 676 loco
1590 649 1717 676 Senecae
1740 647 1918 686 exponendo
1942 649 2038 686 pluri-

84 702 165 721 mum
189 695 370 720 aestuarunt.
395 689 495 720 Scal.
541 690 650 718 Eadem
674 694 701 718 et
723 689 872 730 magalia,
905 691 960 719 nisi
984 689 1065 730 quod
1089 690 1118 719 in
1142 688 1293 729 mapalia,
1327 700 1376 719 ma
1401 694 1444 719 est
1467 690 1556 720 breve
1580 690 1662 729 quod
1683 691 1714 719 in
1737 689 1870 730 magalia
1893 690 2038 729 produci-

84 738 144 764 tur.
188 734 270 772 Virg.
287 733 337 762 IV.
360 732 482 762 Aeneid.
507 731 618 770 (259.):

670 782 708 811 Ut
727 782 854 822 primurn
879 781 969 812 alatis
991 783 1084 823 tetigit
1106 780 1241 822 magalia
1261 781 1383 822 plantis.

85 829 123 857 Et
143 827 194 856 lib.
206 827 229 858 1.
253 825 368 865 (42102

665 867 801 897 Miratur·
823 866 928 896 molem
950 867 1082 904 Aeneas,
1113 866 1246 907 magalia
1272 866 1432 908 quondam.

86 921 142 950 Ubi
165 920 305 949 Servius:
334 917 480 959 Megalia
501 917 715 948 Antistoichon
737 926 795 957 est‚·
826 930 893 947 nam
918 917 1015 947 debuit
1038 919 1170 958 magaria
1195 918 1303 953 dicere.
1334 921 1404 960 quia
1425 929 1531 959 magar·
1553 929 1610 947 non
1632 917 1735 958 magal
1755 917 1915 948 Poenorum
1940 916 2041 957 lingua

83 961 189 992 villam
212 963 289 1002 signi
312 969 370 991 cat.
418 960 492 991 Caro
515 961 661 1000 originum
682 961 798 1000 primo:
830 959 962 1001 magalia
986 960 1123 1001 aedificia
1146 963 1234 1001 quasi
1256 961 1388 992 cohortes
1411 960 1553 991 rotundas
1578 959 1696 998 dicunt3
1727 959 1781 989 alii
1802 959 1934 1000 magalia
1958 971 2042 990 casas

83 1004 247 1034 Poenorum
268 1002 432 1044 pastorales
454 1003 564 1033 dicunt.
611 1004 647 1032 Ut
669 1004 753 1032 vides
777 1004 875 1032 locum
900 1004 1035 1039 Catonis,
1073 1014 1160 1042 quem
1183 1010 1285 1034 noster
1309 1015 1324 1034 e
1347 1010 1469 1045 quart0,
1508 1015 1523 1032 e
1546 1003 1641 1043 primo
1665 1004 1784 1032 Servius
1808 1003 1906 1032 attulit
1930 1008 1958 1032 et
1980 1013 2041 1031 non

83 1047 191 1076 leviter
211 1048 410 1076 immutatum.
440 1046 554 1086 IlIagar
576 1051 674 1074 autem
700 1046 734 1074 ab
759 1046 891 1075 Hebraeo
915 1058 1020 1087 magur
1040 1045 1194 1076 habitatio.
1230 1048 1253 1076 A
1276 1059 1381 1087 magur
1403 1048 1536 1077 variante
1561 1047 1688 1075 dialecto
1712 1046 1801 1074 Poeni
1822 1047 1917 1074 fecere
1939 1057 2042 1085 magar

85 1096 116 1119 et
137 1089 228 1119 Poeni
258 1089 377 1128 quidem
408 1100 514 1128 magar
541 1089 604 1117 sive
633 1100 749 1126 magara
772 1089 834 1118 sive
859 1100 978 1129 megara
1001 1089 1151 1118 vocabant
1173 1095 1290 1130 partem
1314 1100 1376 1120 eam
1400 1089 1586 1127 Carthaginis
1610 1099 1685 1128 quae
1709 1089 1831 1127 Byrsam
1856 1088 1990 1126 cingebat
2014 1093 2043 1117 et

83 1132 262 1161 habitationi
287 1131 395 1160 civium
418 1131 652 1170 relinquebatur.
674 1131 763 1162 Dae.
799 1129 945 1162 Cohortes.
985 1132 1060 1161 Vide
1086 1130 1216 1162 Coriina.
1239 1132 1294 1162 Da
1304 1144 1327 1164 c.
1368 1133 1505 1163 Glossae:
1534 1130 1694 1172 Mapalia,
1716 1129 1853 1171 καλύβαι.
1893 1129 1998 1162 Goth.

249 1180 420 1213 Metalli.
462 1181 590 1212 Metelli.
627 1183 827 1212 Glossarium:
857 1181 1015 1220 Metellus,
1037 1184 1169 1223 μίσθιος.
1194 1182 1293 1214 Scal.
1337 1183 1494 1219 Metellus,
1517 1183 1656 1222 μίσθιος,
1679 1184 1882 1212 mercenarius.
1914 1182 1947 1211 In
1969 1182 2042 1212 fine:

86 1223 232 1255 Caeciliae
252 1224 400 1267 familiae
427 1236 585 1264 cognomen
612 1232 735 1264 putatur
757 1224 885 1256 ductum.
931 1226 1025 1256 Aliter
1047 1226 1174 1257 schedae
1195 1227 1262 1256 ubi:
1301 1225 1447 1257 Caeciliae
1464 1224 1610 1268 familiae
1632 1236 1789 1264 cognomen
1810 1231 1898 1265 putat
1921 1223 2042 1256 ductum

83 1266 166 1310 quod
187 1275 228 1297 est
251 1288 506 1300 .........
541 1268 732 1298 Desideratur
754 1273 868 1298 tantum
892 1278 955 1298 vox
972 1267 1121 1300 IlIeiellus.
1155 1269 1312 1299 Caeciliam
1335 1269 1476 1299 familiam
1499 1279 1555 1307 pro
1578 1268 1705 1298 Caecilia
1729 1273 1815 1306 gente
1839 1267 1917 1298 dixit
1938 1267 2041 1297 Festus

84 1320 162 1349 quae
191 1310 382 1381 Metegoriim
412 1315 608 1348 cognomento
639 1310 827 1350 potissimum
857 1311 947 1341 clara.
977 1310 1066 1342 Dac.
1108 1310 1146 1343 In
1168 1324 1206 1342 re.
1245 1312 1278 1344 In
1302 1313 1376 1351 lege.
1415 1311 1606 1344 Ililercenorii,
1641 1310 1718 1340 Hinc
1741 1311 1872 1349 glossae:
1902 1308 2043 1340 Metellus

83 1353 214 1392 μίσθιος.
297 1359 330 1381 οι
359 1373 367 1382 .

248 1402 403 1434 Manum
427 1410 458 1431 et
479 1411 646 1433 mentum.
690 1403 765 1433 Vide
786 1404 864 1435 Gell.
887 1404 937 1435 lib.
951 1405 1031 1436 XIII.
1055 1416 1120 1445 cap.
1136 1409 1185 1438 17.
1209 1410 1240 1435 et
1261 1406 1388 1446 interpr.
1407 1405 1556 1445 Lycophr.
1582 1405 1612 1434 in
1635 1404 1787 1441 Iambicis‚
1812 1409 1840 1433 et
1857 1403 1992 1433 Eustath.
2015 1404 2044 1431 in

82 1446 104 1476 I.
126 1445 250 1475 Homeri
273 1445 358 1475 Iliad.
382 1446 434 1484 qui
457 1444 532 1475 nihil
555 1446 591 1475 de
615 1446 792 1484 Calchante,
828 1447 880 1477 sed
903 1448 941 1477 de
962 1448 1027 1477 aliis
1050 1449 1165 1479 dictum
1194 1449 1338 1478 referunt.
1383 1449 1459 1479 Vide
1488 1448 1715 1488 proverbiorum
1743 1447 1931 1486 interpretes.
1960 1445 2044 1475 Ant.

82 1488 176 1529 Aug.
221 1488 317 1520 Verba
342 1488 457 1519 Graeca
480 1489 524 1518 sic
546 1489 636 1519 latine
659 1490 815 1518 Erasmus:

648 1539 755 1570 Multa
780 1539 893 1570 cadunt
915 1541 990 1569 inter
1012 1540 1135 1571 calicem
1156 1553 1347 1582 supremaque
1369 1540 1465 1571 labra.

83 1589 144 1626 Qui
166 1594 197 1620 et
218 1589 300 1621 πέτει
327 1600 383 1629 pro
412 1590 492 1621 πέλει
521 1591 627 1629 legisse
655 1591 786 1621 videtur.
832 1591 978 1627 Quamvis
1009 1597 1037 1620 et
1066 1592 1153 1620 aliter
1176 1592 1240 1620 fieri
1262 1593 1376 1631 potuit:
1417 1603 1484 1621 nam
1507 1591 1586 1622 πέλει
1610 1597 1722 1621 veteres
1746 1601 1847 1620 omnes
1870 1593 2043 1628 agnoscunt.

83 1633 240 1661 Caeterum
262 1633 293 1661 in
315 1633 414 1661 verbis
437 1633 515 1661 Festi
538 1643 598 1661 non
622 1643 718 1673 pauca
742 1633 906 1663 desiderari
928 1633 1014 1662 fidem
1040 1634 1128 1662 saciet
1152 1633 1202 1662 hic
1231 1635 1317 1663 locus
1340 1634 1487 1665 Eustathii
1518 1633 1569 1673 qui
1599 1634 1635 1662 de
1658 1634 1776 1664 Ancaeo
1805 1637 1924 1669 narrat,
1961 1631 2043 1671 quod

82 1674 135 1703 ille
157 1674 194 1703 de
216 1674 396 1711 Calchante3
434 1675 496 1703 eius
519 1675 610 1704 verba
634 1675 656 1704 Ι.
681 1675 765 1704 Iliad.
789 1686 855 1716 pag.
869 1679 920 1709 77.
945 1677 1018 1706 edit.
1043 1677 1128 1705 Rom.
1176 1677 1285 1705 Multos
1315 1687 1364 1706 sus
1389 1677 1574 1716 Calydonius
1602 1676 1769 1705 interfecit:
1797 1670 1854 1706 Ὧν
1884 1672 1926 1710 εἷς
1954 1674 2003 1706 καὶ
2026 1671 2044 1704 0‘

83 1714 166 1756 παρὰ
190 1715 374 1757 Λυκόφρονι
396 1714 550 1757 Ἀγκαῖος,
581 1715 614 1754 ὃς
638 1715 799 1756 &anetam
823 1717 897 1750 narsi
919 1718 1034 1758 πολλὴν
1058 1716 1196 1756 σπουδὴν
1221 1717 1391 1758 φυτεύσας,
1415 1719 1466 1750 καὶ
1489 1717 1624 1754 οἰκούσας
1645 1718 1743 1749 ποθὲν
1767 1715 1806 1754 ὦς
1830 1715 1887 1750 οὔκ
1908 1714 1947 1748 ἆῖν
1971 1717 2043 1754 ἴσως

82 1761 139 1790 τοῦ
162 1758 280 1790 ἐκεῖθεν
303 1760 389 1790 οἷ’νου
412 1761 495 1796 πίοι,
517 1760 568 1790 καὶ
590 1762 697 1799 ψευδῆ
717 1758 770 1791 τὸν
790 1759 880 1802 λόγον
904 1759 1063 1801 εὐχόμενος
1086 1762 1260 1801 ἐλεχθῆναι,
1284 1757 1377 1800 ἦλθεν
1401 1763 1441 1798 εἰς
1464 1763 1550 1793 τοῦτο
1573 1763 1696 1799 καιροῦ,
1721 1758 1762 1797 οἷς
1780 1762 2041 1800 τελεσφορηθῆναι

83 1799 204 1841 καπρὸν
226 1802 305 1839 (lego
328 1799 458 1841 καρπὸν)
484 1803 601 1833 ἐκεῖθεν
624 1803 674 1833 καὶ
698 1801 784 1834 οἶνον
807 1805 1000 1845 ἐκθλιβῆναι,
1035 1799 1073 1835 οὗ
1096 1802 1136 1840 ὥς
1158 1805 1274 1843 ἔμελλεν
1298 1802 1313 1836 ὅ
1336 1802 1470 1845 Ἀγκαῖος
1492 1807 1606 1839 πινεῖν,
1639 1802 1739 1844 ἤλεγχε
1760 1801 1814 1834 τὸν
1837 1800 2041 1842 φοιβήσαντα,

84 1841 101 1875 ὅ
123 1844 154 1874 δὲ
177 1842 269 1874 εἰπαὶν
291 1842 323 1875 vd
345 1841 620 1884 παροιμιαζόμενον
643 1843 683 1882 οἷς
705 1845 800 1877 πολλοὶ
822 1847 929 1885 μεταξὺ
959 1849 1073 1888 χείλους
1102 1847 1150 1878 καὶ
1178 1848 1343 1887 ποτηρίου,
1380 1847 1452 1883 τέως
1474 1845 1527 1886 μὲν
1550 1847 1629 1883 ἔδοξε
1649 1849 1782 1886 γελοῖος,
1823 1846 1854 1877 ἒν
1877 1843 1986 1884 ἀκαρεῖ
2006 1843 2037 1875 δὲ

83 1884 239 1925 κατεφάνη
262 1889 443 1923 σπουδαῖος,
467 1883 600 1923 ἀκούσας
621 1887 676 1929 yolo
701 1889 732 1919 οἱ
752 1889 818 1927 (leg.
833 1887 862 1928 ὁ)
884 1886 1020 1930 ’Λγκαῖος
1043 1886 1139 1926 εὖθῦς
1163 1888 1217 1928 τὴν
1239 1891 1306 1929 περὶ
1330 1893 1386 1921 τοῦ
1409 1887 1482 1926 συός
1507 1887 1586 1929 βοήν
1609 1889 1704 1928 ῥίπτει
1726 1888 1779 1929 μὲν
1795 1886 1850 1927 τήν
1872 1889 1929 1919 τοῦ
1951 1887 2038 1918 οἴνου

81 1926 205 1965 κύλικα,
239 1928 397 1968 ἐκδραμών
421 1929 451 1960 δὲ
474 1933 537 1972 omli
557 1928 612 1968 τὴν
634 1933 689 1961 τοῦ
711 1929 848 1963 θανάτου
871 1930 970 1963 πεσών
993 1929 1053 1963 ὑπὸ
1077 1936 1119 1974 τῷ
1141 1934 1197 1962 συί.
1245 1933 1287 1961 Ex
1312 1933 1355 1961 liis
1378 1933 1469 1970 igitur
1492 1933 1515 1960 si
1539 1942 1598 1960 non
1622 1932 1748 1971 ipsamet
1769 1931 1847 1960 Festi
1870 1929 1976 1965 verba,
2008 1932 2037 1957 at

83 1972 185 2000 saltem
208 1982 312 2000 eorum
335 1972 509 2001 sententiam
533 1973 618 2002 facile
642 1974 750 2002 elicies.
796 1976 907 2004 Ancaei
936 1975 1090 2004 historiam
1122 1976 1340 2013 aliquantulum
1370 1976 1552 2005 immutatam
1577 1984 1615 2003 ex
1638 1974 1796 2003 Aristotele
1819 1977 1919 2002 narrat
1942 1970 2037 2009 Didy-

83 2024 166 2051 mus,
202 2014 301 2053 aitque
323 2015 409 2043 etiam
433 2015 607 2054 Dionysium
630 2016 775 2046 Thracem
799 2018 954 2048 tradidisse
976 2018 1051 2047 illud
1074 2018 1267 2057 proverbium
1291 2018 1326 2046 ab
1350 2018 1466 2046 Alcinoi
1490 2022 1585 2047 morte
1608 2017 1776 2056 vulgatum,
1806 2026 1908 2055 quem,
1939 2019 1972 2042 ut
1995 2014 2036 2043 ait

82 2057 168 2087 Hom.
192 2057 300 2096 Odyss.
316 2057 412 2087 XXII.
436 2059 544 2097 pocula
568 2063 714 2087 tenentem
738 2060 889 2099 labrisque
918 2061 975 2089 iam
1006 2061 1215 2089 admoventem
1240 2061 1359 2099 Ulysses
1389 2061 1545 2089 interfecit.
1590 2059 1690 2099 Neque
1718 2057 1967 2098 praetereundum
1998 2056 2035 2085 ad

82 2099 172 2128 huius
202 2100 355 2138 proverbii
382 2100 605 2130 similitudinem
635 2102 755 2131 effatum
785 2103 864 2132 istud
893 2104 967 2132 inter
994 2113 1027 2132 os
1048 2111 1074 2131 et
1096 2103 1191 2144 offam
1215 2102 1251 2131 de
1275 2113 1334 2141 quo
1359 2103 1475 2132 Gellius
1498 2103 1549 2132 lib.
1562 2102 1641 2132 XIII.
1666 2112 1731 2140 cap.
1746 2103 1795 2133 16.
1842 2099 1918 2130 Huic
1941 2098 2035 2128 simile

83 2142 168 2171 etiam
192 2143 271 2171 istud
296 2143 351 2171 etsi
374 2143 493 2172 aliunde
517 2149 636 2180 natum,
659 2146 733 2173 inter
755 2156 840 2174 caesa
862 2154 888 2174 et
907 2153 1044 2185 porrecta
1069 2156 1127 2184 quo
1151 2155 1221 2174 usus
1245 2146 1345 2174 Cicero
1369 2146 1405 2175 ad
1430 2146 1560 2175 Atticum
1584 2144 1634 2173 lib.
1647 2144 1681 2174 V.
1704 2143 1791 2182 epist.
1806 2144 1854 2174 18.
1900 2142 1991 2173 Duc.

247 2191 368 2222 Malis
398 2192 642 2224 celebrantur
672 2193 762 2226 ludi.
811 2197 850 2226 De
874 2197 1071 2226 Consualibus
1102 2207 1156 2225 suo
1186 2197 1253 2225 loco
1283 2196 1399 2227 dictum
1428 2202 1479 2227 est.
1524 2195 1609 2226 Mulis
1632 2199 1729 2224 autem
1752 2198 1824 2224 tunc
1846 2193 1934 2222 ludos
1958 2193 2032 2221 cele-

81 2234 185 2264 bratos
209 2235 299 2264 fuisse
322 2241 439 2275 praeter
461 2237 577 2266 Festum
602 2248 687 2267 nemo
711 2238 789 2276 quod
814 2240 905 2268 sciam
930 2239 1041 2270 docuit.
1066 2239 1153 2270 Dae.
1201 2238 1402 2279 Vehiculcque
1423 2238 1551 2278 adiungi.
1589 2237 1664 2268 Hinc
1687 2237 1784 2267 mulae
1806 2235 2031 2267 charruchariae

82 2277 113 2306 in
136 2278 153 2308 l.
167 2280 219 2310 38.
244 2280 269 2317 §.
284 2279 314 2308 8.
328 2279 358 2308 ff.
383 2279 420 2308 de
440 2279 589 2308 Aedilitio.
636 2280 671 2309 Et
694 2279 870 2314 Rhedariae.
917 2280 1021 2312 Goth.

246 2327 368 2359 Maiis
393 2329 533 2361 idibus.
579 2331 666 2362 ovid.
691 2331 767 2361 Fast.
793 2332 841 2360 lib.
857 2333 889 2361 V.
913 2330 1030 2373 (669.):

664 2381 786 2421 Templa
810 2382 864 2413 {ibi
883 2395 1003 2422 posuere
1023 2391 1122 2423 patres
1143 2385 1307 2423 spectantia
1329 2385 1439 2415 circum

705 2423 823 2462 Idibus,
857 2437 898 2455 ea·
920 2425 974 2455 illo
995 2433 1036 2455 est
1059 2425 1113 2455 tibi
1124 2426 1211 2468 festa
1234 2425 1304 2456 dies.
