2263 2668
415 145 480 179 DE
506 145 779 181 VERBORUM
806 143 1196 182 SIGNIFICATIONE
1227 145 1543 183 FRAGMENTA.
1799 148 1874 183 259

97 239 255 280 busdam,
309 250 399 284 quae
426 243 459 272 et
489 239 725 274 Carmentalis
758 241 895 283 dicitur,
950 239 1044 284 quod
1079 240 1109 273 ei
1143 240 1329 283 proximum
1360 241 1566 275 Carmentae
1591 242 1761 276 sacellum
1784 242 1873 288 suit.

98 291 270 324 Scelerata
303 296 432 332 autem,
470 291 560 334 quod
595 304 657 336 per
690 305 762 325 eam
799 305 861 326 sese
893 296 924 326 et
951 292 1095 325 trecenti
1122 291 1225 323 Fabii
1256 302 1330 324 cum
1359 293 1526 327 clientium
1555 294 1699 327 millibus
1727 294 1874 339 quinque

99 342 235 388 egressi
262 342 434 376 adversus
459 343 638 385 Etruscos,
682 345 725 376 ad
753 356 882 378 amnem
911 344 1117 378 Cremeram
1145 353 1262 376 omnes
1288 348 1366 377 sunt
1392 345 1572 380 interfecti.
1609 356 1675 389 qua
1702 357 1741 379 ex
1769 357 1873 379 causa

88 393 233 439 sactum
262 398 329 436 est,
368 397 406 427 ut
433 405 476 427 ea
497 399 606 439 porta
633 396 771 437 intrare,
810 395 968 441 egredive
994 405 1094 428 omen
1121 394 1305 428 habeatur.
1359 395 1590 430 Schediass
1617 408 1723 442 genus
1749 398 1874 442 navigii

98 444 284 486 inconditi,
319 445 479 479 trabibus
504 450 638 479 tantum
665 447 754 480 inter
781 459 815 481 se
842 446 994 481 connexis
1018 446 1117 485 facti,
1159 456 1226 490 quo
1251 448 1477 481 mercimonia
1505 449 1637 481 circum
1663 449 1772 482 ferunt
1798 455 1875 494 post

98 496 250 529 amissam
276 508 412 530 navem.
470 497 572 531 Unde
597 498 745 532 schedia
770 510 849 532 usus
875 509 1009 543 quoque
1036 502 1194 542 poemata
1221 497 1306 530 dicit
1334 502 1366 531 et
1392 510 1530 540 versus,
1556 511 1623 533 non
1648 501 1732 534 satis
1758 501 1872 544 perfe-

98 548 180 581 ctis*
205 548 262 591 qui
289 553 403 582 essent.
429 550 626 594 appellavit
649 551 830 585 schedium
884 577 891 583 .
946 576 954 584 .
1009 577 1016 585 .
1069 560 1087 582 s
1121 560 1196 582 cum
1231 549 1329 582 dixit:
1383 550 1464 591 Qui
1500 551 1721 585 schedium
1758 552 1921 585 faoit'f·
1938 553 2045 587 perfecti

98 599 391 641 inconditum,
419 604 457 633 et
483 601 823 638 inelaboratum,
877 598 1223 646 Sexagenari0s9
1247 601 1293 633 de
1313 605 1421 646 ponte
1447 603 1529 635 olim
1556 603 1781 644 deiiciebant,
1808 614 1868 636 cu-

98 652 148 684 ius
173 661 304 684 causam
327 651 490 685 Manilius
515 653 608 686 hanc
632 653 754 698 refert,
781 654 875 699 quod
895 654 1068 694 Romam,
1106 652 1163 695 qui
1190 652 1386 685 incoluerint
1406 654 1516 698 primi
1538 654 1768 700 Aborigines,
1804 654 1869 687 ho-

97 703 221 734 minem
248 703 418 747 sexaginta
445 715 614 737 annorum
641 706 700 749 qui
727 709 832 746 esset,
873 705 1057 738 immolare
1078 704 1146 736 Diti
1169 704 1260 736 Patri
1285 706 1468 747 quotannis
1493 706 1584 738 soliti
1600 705 1748 751 suerint.
1774 705 1868 750 quod

96 753 210 787 facere
238 765 294 786 eos
320 754 489 788 destitisse
516 756 670 789 adventu
691 757 859 790 Herculis.
887 756 946 789 sed
972 755 1135 801 religione
1155 759 1281 800 postea
1307 757 1433 789 veteris
1458 758 1563 790 moris
1585 758 1732 803 scirpeas
1755 757 1869 790 homi-

97 816 177 838 num
204 804 345 852 effigies
371 806 417 839 de
437 811 546 851 ponte
571 808 605 841 in
632 807 784 842 Tiberim
816 812 932 841 vetere
964 808 1068 840 modo
1103 808 1231 840 mittere
1263 807 1456 841 instituisse.
1515 809 1588 841 Alii
1615 809 1751 850 dicunt,
1794 820 1869 842 mo·

97 861 191 889 rante
215 857 250 889 in
276 857 370 890 Italia
393 858 565 899 Hercule,
607 860 702 904 quod
735 860 880 905 quidam
916 860 984 893 eius
1016 859 1173 893 comitum
1202 858 1429 892 habitaverint
1452 861 1642 894 seeundum
1669 862 1780 905 ripam
1806 859 1871 893 ha-

98 909 170 941 beri
181 909 204 949 *,
235 914 335 952 atque
357 910 509 954 Argaeos
533 922 571 944 se
597 911 644 944 ab
667 912 818 957 Argivis
843 911 1037 945 vocaverint
1063 911 1181 952 arvi**,
1216 921 1358 954 quorum
1386 912 1565 955 proditam
1592 913 1790 945 memoriam
1817 909 2045 970 re—‘fgffiber}s‚

97 959 279 1004 ‹lintegrari
306 971 346 993 eo
374 966 476 1006 gente
501 963 643 995 missum
671 963 717 996 ab
744 963 885 996 Graeca
910 963 1059 1008 legatum
1087 962 1254 1006 quendam
1275 963 1466 1007 Argaeum,
1494 963 1555 996 diu
1582 974 1659 996 eum
1680 964 1717 995 iis
1738 964 1869 996 Romae
1939 953 2032 970 .nrv1s

97 1017 261 1045 moratum
297 1024 376 1046 esse.
414 1014 440 1046 is
473 1019 508 1046 ut
540 1013 663 1047 obierit
696 1015 876 1047 institutum
912 1027 981 1048 esse
1007 1027 1026 1047 a
1052 1014 1279 1048 sacerdotibus
1313 1013 1456 1060 effigies
1479 1015 1611 1059 scirpea
1639 1026 1677 1047 ex
1705 1015 1868 1052 omnibus,

97 1073 173 1097 cum
202 1074 288 1106 quae
313 1064 471 1108 publicae
498 1070 599 1098 erunt
622 1067 675 1099 rei
697 1067 928 1106 nuntiavisset,
964 1078 1027 1110 per
1052 1066 1193 1106 flumen,
1229 1077 1269 1099 ac
1296 1078 1386 1098 mare
1403 1063 1470 1115 {lin
1497 1066 1638 1111 patriam
1665 1078 1719 1099 re-
1759 1065 1866 1112 [144]

97 1115 287 1148 mitteretur.
314 1120 404 1157 sunt,
436 1117 494 1159 qui
522 1117 650 1158 dicant,
684 1123 761 1162 post
786 1119 901 1150 urbem
925 1130 943 1150 a
965 1118 1072 1151 Gallis
1096 1119 1285 1157 liberatam,
1314 1118 1359 1150 ob
1384 1118 1533 1162 inopiam
1557 1118 1703 1157 cibatus,
1731 1122 1869 1162 coeptos

96 1167 264 1211 sexaginta
292 1178 453 1200 annorum
480 1167 632 1201 homines
658 1169 721 1203 iaci
748 1170 779 1202 in
800 1170 966 1211 Tiberim,
994 1181 1034 1202 ex
1060 1181 1127 1213 quo
1154 1180 1293 1202 numero
1320 1181 1419 1211 unus,
1446 1170 1505 1202 filii
1528 1169 1652 1214 pietate
1675 1170 1867 1206 occultatus.

96 1229 196 1262 saepe
222 1219 386 1262 profuerit
410 1219 537 1263 patriae
563 1220 721 1261 consilio,
747 1222 808 1254 sub
834 1232 976 1266 persona
1002 1221 1072 1255 filii.
1098 1221 1134 1254 id
1161 1227 1196 1254 ut
1218 1221 1257 1254 sit
1280 1222 1469 1266 cognitum,
1498 1221 1527 1254 ei
1548 1221 1658 1254 iuveni
1679 1232 1750 1254 esse
1770 1222 1870 1265 igno-

95 1275 184 1310 tum,
226 1275 258 1302 et
284 1271 504 1315 sexagenariis
530 1272 596 1304 vita
623 1284 789 1306 concessa.
824 1272 967 1305 latebras
994 1278 1105 1306 autem
1133 1273 1226 1306 eius*
1248 1273 1367 1316 quibus
1394 1273 1576 1318 arguerit**
1596 1283 1726 1313 senem,
1763 1272 1798 1304 id
1825 1265 1962 1326 “St“f'g'r
1964 1274 2046 1326 351st

96 1320 303 1362 cohibuerit,
332 1326 364 1354 et
390 1323 565 1364 celaverit,
600 1324 768 1357 sanctitate
796 1324 915 1369 (liguas
942 1336 1011 1358 esse
1037 1325 1138 1365 visas,
1169 1324 1317 1368 ideoque
1344 1327 1492 1363 arcaea†
1521 1325 1700 1369 appellata·
1728 1323 1787 1357 Sed
1815 1319 1926 1367 eX·†f'.
1944 1335 2046 1368 Argaea

93 1372 350 1417 ploratissimum
375 1373 460 1406 illud
487 1379 534 1407 est
560 1386 694 1416 causae,
729 1387 798 1419 quo
822 1381 977 1420 tempore
1003 1377 1147 1421 primum
1174 1388 1238 1420 per
1264 1380 1401 1420 pontem
1429 1381 1613 1420 coeperunt
1639 1375 1777 1408 comitiis
1803 1375 1873 1407 suf-

95 1423 240 1469 fragium
274 1424 381 1465 ferre,
425 1425 568 1459 iuniores
602 1428 914 1468 conclamaverunt,
959 1433 994 1460 ut
1022 1429 1065 1461 de
1092 1432 1194 1472 ponte
1222 1428 1432 1461 deicerentur
1457 1427 1681 1472 sexagenarii,
1725 1427 1782 1469 qui
1807 1426 1872 1459 iam

95 1476 187 1508 nullo
215 1476 354 1520 publico
381 1488 519 1510 munere
545 1478 780 1523 fungerentur,
808 1484 844 1512 ut
869 1480 932 1523 ipsi
956 1480 1068 1524 potius
1095 1480 1174 1521 sibi,
1202 1491 1302 1523 quam
1329 1480 1378 1512 illi
1406 1479 1594 1524 deligerent
1619 1479 1871 1523 imperatorem:

95 1527 187 1561 cuius
223 1528 401 1561 sententiae
436 1533 484 1561 est
519 1529 616 1563 etiam
644 1531 774 1564 Sinnius
801 1530 932 1575 Capito.
977 1543 1096 1564 vanam
1132 1536 1242 1564 autem
1277 1531 1469 1575 opinionem
1501 1531 1544 1563 de
1570 1535 1673 1575 ponte
1699 1529 1871 1571 Tiberino,

96 1579 304 1612 confirmavit
327 1579 482 1612 Afranius
509 1581 541 1612 in
563 1582 766 1626 Repudiato.
820 1582 978 1616 Secus*
1006 1583 1101 1616 aliter
1127 1583 1290 1627 significat
1316 1594 1410 1623 sexu,
1439 1587 1573 1624 natura,
1605 1581 1806 1625 habituque,
1833 1590 1873 1615 ex
1899 1578 1928 1603 'f-
1945 1578 2028 1603 Sexus

96 1629 248 1668 Graeco,
282 1641 383 1673 quam
410 1630 457 1663 illi
482 1637 601 1665 vocant
628 1635 708 1673 ἕξιν.
762 1634 916 1666 Afranius
942 1634 976 1666 in
1001 1634 1159 1680 Privigno
1188 1634 1234 1668 sic
1261 1635 1371 1679 agitz*
1917 1629 1954 1654 Ἴ·
1973 1628 2011 1654 ⁸st

199 1681 328 1714 orbus
355 1681 471 1715 virili
498 1694 597 1716 sexu
624 1684 851 1730 adoptavit
877 1685 966 1718 sibi.

95 1732 258 1766 fficuvius
283 1732 316 1765 in
334 1733 507 1768 Atalanta:

199 1784 436 1828 Triplicem
464 1786 584 1818 virili
610 1798 708 1820 sexu
736 1792 900 1832 partum
929 1793 1135 1833 procreat.

96 1835 461 1879 Simpludiareal⁰
487 1837 636 1871 funera
662 1844 752 1880 sunt,
788 1840 907 1883 quibus
934 1840 1136 1873 adhibentur
1162 1839 1203 1871 D.
1226 1839 1291 1871 T.*
1316 1837 1406 1875 ludi,
1441 1837 1700 1879 corbitoresque.
1734 1833 2044 1879 quidam‘f.duntaxat

96 1898 135 1919 ea
161 1886 314 1920 dixerunt
345 1899 431 1929 esse,
473 1890 591 1932 quilius
624 1895 775 1924 neutrum
803 1903 908 1936 genus
935 1892 1102 1924 interesset
1127 1890 1296 1923 ludorum.
1332 1900 1407 1921 nam
1434 1888 1589 1921 indictiva
1617 1891 1707 1928 sunt,
1752 1886 1871 1930 quibus

96 1937 296 1972 adhibentur
323 1950 388 1972 non
415 1939 485 1973 ludi
512 1941 631 1983 modo,
674 1942 731 1975 sed
760 1943 858 1976 etiam
887 1942 1089 1983 desultores,
1132 1953 1218 1985 quae
1244 1946 1318 1973 sunt
1350 1940 1561 1984 amplissima.
1618 1939 1685 1972 Sex
1711 1937 1870 1982 suffragia

96 2040 252 2069 BONIAN.
281 2046 352 2068 ante
380 2041 474 2069 Airita
504 2042 724 2071 emendavimus
751 2053 788 2071 ex
819 2044 885 2071 loco
917 2043 957 2071 si·
1001 2041 1081 2081 lusu]
1113 2042 1188 2070 Vide
1217 2051 1307 2080 supra
1344 2041 1373 2069 in
1414 2041 1528 2069 Orbius
1560 2040 1668 2069 clivus.
1714 2038 1794 2067 Ure.
1825 2051 1867 2085 -Γ-

95 2083 157 2113 mili
185 2083 216 2111 in
239 2083 412 2120 Tablinum,
451 2084 481 2112 in
508 2095 565 2122 quo
596 2090 653 2113 est:
693 2085 752 2121 Qui
786 2086 868 2114 locus
891 2090 958 2114 ante
1000 2088 1030 2125 7)
1052 2084 1233 2123 §helea-ata]
1262 2084 1295 2112 In
1323 2083 1487 2122 exemplari
1511 2083 1596 2122 plane
1625 2087 1669 2110 est
1698 2102 1704 2109 .
1726 2102 1734 2109 .
1757 2101 1766 2110 .
1797 2089 1820 2110 s.
1843 2089 1866 2110 1·

95 2126 214 2155 Atrium
257 2131 312 2156 est.
381 2126 508 2156 Verbum
544 2137 617 2156 vero
653 2129 830 2166 cumquei-e,
873 2128 958 2166 quod
1002 2127 1196 2156 Carmentalis
1217 2127 1337 2156 dicitur.
1367 2126 1444 2157 Urs.
1467 2141 1510 2148 -—
1532 2129 1559 2160 8)
1582 2121 1732 2162 Schedia]
1755 2122 1864 2151 Notum

94 2169 124 2197 in
148 2168 278 2206 margine
301 2171 487 2206 notavimus,
524 2173 553 2199 et
575 2175 709 2206 attacta,
741 2169 891 2200 hausimus
921 2180 957 2199 ex
1002 2169 1139 2199 omnibus
1157 2169 1228 2208 quid
1251 2170 1289 2198 sit
1311 2168 1392 2208 apud
1416 2168 1546 2197 Graecos
1568 2163 1738 2205 σχεδιάζειν.
1781 2164 1865 2193 Ure.

94 2212 160 2251 ipso
183 2211 368 2250 antiquitatis
391 2212 482 2242 sonte.
505 2221 571 2240 num
593 2214 623 2240 in
644 2212 795 2241 veteribus
817 2212 897 2251 apud
913 2222 959 2243 me
1000 2214 1032 2251 9)
1059 2211 1307 2251 Sexagenarios.]
1338 2211 1497 2250 Dionysius
1519 2209 1570 2240 lib.
1597 2211 1625 2240 1.
1654 2207 1752 2247 Antiq.
1774 2208 1861 2257 Rom.

93 2253 341 2292 inscriptionibus
376 2254 511 2282 Fratrum
545 2254 695 2283 Arvalium
738 2255 781 2283 sic
815 2254 958 2284 habetur:
1003 2254 1125 2285 Εἲδωλα
1149 2255 1190 2290 εἰς
1213 2252 1333 2294 μορφᾶς
1361 2251 1536 2293 α’νθρῶπων
1564 2250 1752 2290 εἰκονισμὲνα
1780 2261 1863 2289 τρια-

94 2296 212 2332 QVOl).
240 2297 296 2324 AB.
320 2296 419 2326 ICTV.
443 2296 631 2326 FVLMlNlS.
656 2297 838 2325 ARBORES.
861 2297 957 2328 LVCI.
1001 2309 1093 2327 κοντα
1106 2296 1160 2328 τᾶν
1174 2295 1303 2337 α’ριθμὸν
1317 2294 1376 2327 vind
1391 2299 1444 2336 τῆς
1459 2296 1540 2335 ἱερᾶς
1550 2291 1684 2334 γεφύρας
1701 2290 1864 2333 βάλλουσιν

93 2339 214 2368 SACRI.
248 2339 280 2367 Ι).
312 2340 344 2368 Ι).
376 2339 586 2368 ΑΤΤΑΟΤΑΕ.
621 2340 851 2368 ARDVERINT.
887 2340 959 2368 EA-
1003 2340 1044 2376 εἷς
1057 2339 1091 2370 τό
1108 2341 1203 2379 ῥεῦμα
1217 2342 1271 2370 τοῦ
1283 2339 1427 2379 τιβέριος,
1450 2335 1587 2378 ἀργείους
1600 2334 1675 2367 αὐτοὶ
1691 2337 1862 2370 καλοῦντες.

96 2381 267 2417 tWMQVE.
297 2381 494 2410 ARBORVM.
526 2382 870 2411 ADOLEFACTARVM.
900 2382 958 2411 ET.
1009 2383 1087 2413 Urs.
1118 2399 1156 2405 —-
1193 2384 1239 2420 10)
1261 2379 1518 2421 Shnpludianm]
1548 2379 1623 2409 Vide
1647 2389 1738 2418 supra
1759 2378 1790 2406 in
1814 2377 1862 2406 ln-

95 2422 440 2460 COINQVENDARVM.
471 2429 524 2453 etc.
577 2425 655 2456 Urs,
691 2441 732 2446 —
769 2423 798 2463 6)
821 2424 959 2454 Scelera-
1002 2424 1152 2454 dictivum
1166 2427 1279 2463 funus.
1301 2430 1388 2454 notas
1413 2425 1445 2453 D.
1463 2424 1496 2453 T.
1512 2421 1676 2450 dumtaxat
1697 2419 1861 2459 significare

1508 2474 1623 2507 Kk*
