2263 2668
510 86 573 120 DE
600 86 986 124 SIGNIFICATIONE
1014 86 1297 124 VERBORUM.
1351 89 1496 124 LIBER
1523 92 1563 126 X.
1967 93 2016 126 87

64 180 297 214 Lixabundus
323 180 385 213 iter
413 180 518 213 libere
546 192 585 214 ac
611 182 741 225 prolixe
768 182 900 215 faciens.

63 228 240 266 Ιιὶοἰίιιίἱ46
261 233 294 264 in
321 232 503 265 mercando
531 233 597 265 sive
623 234 810 278 pugnando
821 231 845 250 ⁴⁷
870 231 1117 268 contendentes.

63 280 260 329 &quitur-⁴³
291 283 431 324 labitur,
470 283 553 316 fluit.

63 334 271 380 Lingulaca
281 331 306 351 ⁴⁹
330 346 435 380 genus
462 335 580 379 piscis,
613 335 668 367 vel
695 336 812 369 mulier
839 335 1039 381 auguratrix.

64 387 184 420 Lance
208 391 240 419 et
250 383 275 402 ⁵⁰
291 386 369 420 licio
394 387 566 421 dicebatur
583 386 674 431 apud
699 388 868 431 antiquos,
895 387 973 430 quia
991 387 1049 430 qui
1066 387 1190 419 furtum
1200 383 1223 404 5¹
1239 387 1308 420 ibat
1323 399 1484 430 quaerere
1500 390 1532 422 in
1550 389 1653 422 domo
1671 389 1778 422 aliena
1794 388 1872 422 licio
1889 391 2016 425 cinctus

164 438 326 479 intrabat,
353 438 551 482 lancemque
578 443 653 471 ante
680 439 797 473 oculos
823 439 956 472 tenebat
982 443 1123 482 propter
1151 442 1293 472 matrum
1321 439 1467 473 familiae
1491 446 1547 474 aut
1570 441 1735 486 virginum
1760 443 1991 485 praesentiam.

64 485 230 522 Ιιαιιίἰα52
257 489 432 534 epularum
464 490 721 535 magnificentia.

788 491 856 524 Alii
883 502 902 523 a
928 486 1129 522 lavatione5³
1156 490 1279 524 dictam
1290 486 1314 507 ⁵⁴
1340 496 1476 535 putant,
1526 493 1603 536 quia
1636 493 1729 537 apud
1764 494 1918 537 antiquos
1950 494 2017 528 hae

167 541 371 584 elegantiae,
400 553 487 585 quae
513 553 600 575 nunc
627 548 720 585 sunt,
754 554 820 575 non
848 548 957 583 erant,
985 546 1018 575 et
1044 553 1119 574 raro
1147 541 1262 585 aliquis
1290 541 1432 576 lavabat.

65 592 188 625 Laeva
214 592 359 635 sinistra,
393 604 493 636 quarn
519 593 642 626 Graeci
666 591 793 629 σκαιάν
803 590 827 611 ⁵⁵
849 590 1006 627 dicuntffi.

167 644 299 676 laevum
325 644 487 677 sinistrum
515 650 547 677 et
573 645 760 678 laevorsum
770 642 794 662 ⁵⁹
814 645 1042 680 sinistrorsum.

1056 593 1158 627 Unde
1168 590 1192 610 ⁵⁷
1213 598 1355 627 tractum
1380 606 1571 640 cognomen
1592 595 1759 630 Scaevola
1769 591 1803 628 5³.
1857 596 1890 628 A
1911 596 2015 631 laeva

66 695 211 728 Lacuna
238 694 272 727 id
301 692 382 728 est⁸⁰
404 708 510 739 aquae
537 697 710 740 collectio,
745 709 764 729 a
790 698 865 731 lacu
893 697 1076 737 derivatur,
1119 707 1220 740 quam
1245 696 1298 728 alii
1325 696 1449 729 lamam
1460 695 1495 737 ⁶¹,
1535 698 1590 730 alii
1617 698 1755 731 lustrum
1782 695 1895 731 dicunt
1905 693 1939 731 ⁶².

64 746 167 779 Lacit
193 746 319 781 inducit
344 748 377 780 in
403 747 556 781 fraudem
567 744 600 779 ⁶3.
653 744 769 781 Inde⁶⁸
794 754 840 782 est
867 749 1001 782 allicere
1028 753 1076 781 est
1102 748 1282 787 lacessere3
1315 748 1394 782 inde
1421 749 1541 789 lactat,
1575 750 1719 791 illectat,
1752 749 1918 791 oblectat,
1952 750 2014 784 de-

165 794 309 832 lectatffi.

64 849 188 882 Laena
221 850 403 883 vestimenti
441 861 546 895 genus
582 849 698 883 habitu
709 847 733 867 ⁸⁶
766 850 918 895 duplicis.

166 900 317 943 Graece,
352 913 453 944 quam
480 898 645 948 χλαμύδα
674 899 829 935 dicuntffi’.

989 847 1171 892 Quidam⁶⁷
1204 850 1410 895 appellatam
1421 848 1446 868 ⁶⁸
1480 853 1662 885 existimant
1697 853 1828 894 Tusce,
1876 852 2013 896 quidam

67 951 273 986 Lautumias
283 949 308 969 ⁷⁰
335 964 374 986 ex
402 953 536 987 Graeco
571 950 636 986 et⁷¹
662 954 804 987 maxime
830 950 884 986 a⁷²
909 953 1139 998 Syracusanis,
1187 953 1245 996 qui
1279 950 1464 987 latomias73
1492 960 1524 987 et
1558 954 1731 998 appellant
1758 958 1791 988 et
1816 953 1944 988 habent
1969 954 2013 987 ad

165 1005 265 1036 instar
292 1004 449 1045 carceris3
476 1016 517 1039 cx
542 1005 660 1048 quibus
686 1005 770 1039 locis
797 1006 896 1039 excisi
923 1011 997 1039 sunt
1023 1004 1154 1049 lapides
1181 1004 1225 1037 ad
1254 1005 1486 1039 exstruendam
1513 1006 1640 1039 urbem.

64 1054 237 1088 Laurenti
264 1056 385 1088 milites
417 1057 637 1100 sequebantur
669 1068 801 1090 currum
832 1057 1083 1102 triumphantis,
1133 1061 1170 1088 ut
1195 1056 1288 1099 quasi
1315 1058 1450 1101 purgati
1478 1069 1497 1090 a
1524 1053 1663 1091 caede⁷⁴
1684 1056 1831 1091 humana
1857 1056 2014 1089 intrarent

167 1108 292 1140 urbem.

353 1107 470 1151 Itaque
497 1108 638 1141 eandem
664 1109 793 1141 laurum
822 1109 974 1141 omnibus
1001 1108 1220 1141 suffitionibus
1248 1108 1402 1141 adhiberi
1430 1109 1563 1142 solitum
1598 1112 1683 1150 erat,
1731 1109 1786 1141 vel
1818 1108 1912 1151 quod
1940 1120 2013 1141 me—

166 1158 353 1192 dicamento
381 1160 557 1193 siccissima
582 1160 637 1200 sit,
672 1160 725 1192 vel
752 1160 843 1203 quod
872 1161 961 1193 omni
987 1165 1141 1205 tempore
1167 1160 1249 1193 viret
1259 1156 1293 1202 ⁷⁵,
1328 1165 1363 1193 ut
1390 1160 1537 1194 similiter
1563 1159 1753 1206 respublica
1779 1155 1941 1196 floreat⁷⁶.

66 1208 301 1244 Laverniones
325 1208 448 1244 fures⁷⁷
470 1211 596 1254 antiqui
622 1211 797 1252 dicebant,
831 1212 925 1255 quod
952 1212 1013 1245 sub
1040 1212 1143 1247 tutela
1170 1211 1255 1244 (leae
1282 1212 1455 1246 Lavernae
1483 1218 1604 1253 essent,
1637 1212 1670 1245 in
1697 1212 1787 1245 cuius
1815 1212 1891 1247 luco
1902 1207 1928 1227 ⁷⁸
1948 1211 2012 1244 ob-

165 1272 262 1294 scuro
295 1261 476 1306 abditoque
510 1263 624 1295 solitos
656 1263 744 1296 furta
778 1261 1030 1308 praedamque⁷

166 1319 239 1345 cata
266 1317 323 1346 est.

1031 1261 1042 1281 ⁰
1069 1265 1154 1296 inter
1189 1275 1223 1296 se
1257 1263 1359 1296 luere.

1421 1264 1511 1300 Hinc
1545 1269 1577 1297 et
1602 1263 1797 1299 Lavernalis
1823 1267 1923 1309 porta
1948 1274 2010 1295 vo—

62 1362 242 1397 Lacerare
268 1364 434 1409 dividere,
477 1367 704 1399 comminuere
730 1362 828 1405 est303
877 1377 917 1399 ex
949 1377 1016 1410 quo
1045 1366 1151 1399 dictus
1180 1372 1227 1401 est
1254 1367 1385 1409 lanius,
1429 1367 1486 1411 qui
1513 1366 1732 1400 discindendo
1742 1362 1766 1382 ³¹
1793 1365 1919 1400 lacerat
1945 1376 2011 1410 pe·-

164 1426 259 1454 cora3
293 1417 443 1458 lacinia,
478 1414 604 1461 quodss²
626 1429 704 1463 pars
729 1418 912 1452 vestimenti
939 1424 1002 1457 est3
1036 1418 1198 1460 lacerna,
1226 1419 1319 1464 quod
1329 1415 1354 1435 ⁸³
1377 1418 1481 1452 minus
1509 1418 1631 1463 capitio
1655 1415 1744 1457 sit⁸⁴;
1775 1418 1890 1459 lacer,
1915 1417 2009 1461 quod

163 1468 295 1500 auribus
322 1469 457 1502 curtatis
484 1466 577 1512 estffi,
613 1476 646 1503 et
667 1470 843 1510 lacerum,
880 1470 1106 1514 quodcunque
1133 1471 1235 1503 estin
1263 1481 1407 1516 corpore
1433 1467 1684 1504 imminutumffi.

61 1601 89 1629 S.
132 1603 165 1628 in
182 1611 267 1631 mere.
282 1603 345 1630 sive
359 1603 392 1630 in
401 1613 497 1641 pugn.
516 1603 546 1630 L.
561 1602 593 1632 B.
610 1614 670 1642 pru,
692 1604 723 1632 in
739 1613 796 1643 qua
813 1609 882 1643 post
896 1610 1013 1632 conten-

1057 1605 1106 1633 Sic
1128 1605 1184 1634 Gn.
1203 1608 1229 1636 1.
1246 1608 1275 1636 2.
1321 1604 1376 1632 del.
1394 1605 1449 1635 obl.
1473 1605 1551 1642 vulg.
1575 1621 1617 1626 -
1641 1604 1688 1641 66)
1711 1602 1835 1641 hahita]
1859 1603 1908 1631 Sic
1925 1603 1955 1633 L.
1974 1603 2007 1631 B.

61 1641 161 1669 dentes
181 1643 328 1673 adiectum
352 1650 395 1673 est
418 1645 554 1674 scholion
577 1647 683 1674 melius
706 1652 748 1674 est
762 1646 932 1685 pugnando
953 1658 1014 1675 non
1056 1647 1093 1675 M.
1111 1648 1167 1677 Gu.
1187 1651 1213 1678 1.
1227 1650 1255 1678 2,
1301 1647 1425 1675 habitus
1445 1647 1525 1684 vulg.
1547 1663 1588 1668 —
1610 1644 1659 1685 67)
1685 1644 1838 1684 Quidam]
1863 1645 1945 1683 quod
1958 1655 2005 1684 pr.

60 1684 228 1716 mercando.
277 1688 310 1714 iti
324 1688 495 1725 pugnando
517 1690 579 1716 sive
603 1688 762 1717 mercando
786 1690 865 1728 vulg⁴
894 1706 936 1711 —-
964 1689 1011 1727 48)
1055 1705 1096 1712 -
1118 1688 1165 1730 68)
1189 1689 1393 1728 appellatam]
1417 1689 1606 1727 appellatum
1628 1688 1662 1717 B.
1685 1705 1726 1711 -—
1752 1687 1797 1726 69)
1822 1687 1950 1726 quidam.
1966 1704 2004 1710 —

59 1727 227 1766 Liquitur]
249 1729 405 1767 Liqualur
423 1731 458 1761 Β.
491 1748 527 1752 -
559 1731 606 1771 49)
629 1732 821 1770 Lingulaca]
844 1734 1012 1771 Lingultia
1055 1732 1181 1771 dicmzt]
1203 1734 1251 1760 Sic
1265 1733 1296 1760 B.
1314 1732 1350 1759 M.
1369 1732 1424 1760 Gu.
1439 1735 1486 1768 2.,
1511 1732 1568 1761 nisi
1585 1731 1665 1770 quod
1679 1735 1821 1770 corrupte
1837 1731 1869 1759 B.
1887 1730 2006 1759 exhibet

58 1769 93 1798 Β.
108 1779 155 1808 pr.
198 1771 369 1810 Lingula-ea
389 1773 448 1802 Gu.
468 1776 497 1803 1.
522 1789 561 1794 --
584 1772 630 1813 50)
654 1774 699 1813 ec]
723 1785 779 1803 om.
797 1775 829 1803 L.
872 1775 1008 1804 Fortasse

59 1821 163 1840 verum
181 1812 240 1841 hoc
262 1818 313 1844 est.
359 1815 441 1844 Solet
457 1816 533 1844 enim
549 1816 579 1844 in
592 1817 792 1845 locutionibus
806 1818 1008 1856 proverbiali-

58 1853 114 1883 bus
136 1856 243 1893 copula
265 1856 371 1886 omitti.
399 1874 435 1879 —-
465 1857 512 1898 51)
542 1861 616 1897 quia
637 1861 691 1898 qai
704 1860 851 1899 furtum]
881 1862 935 1899 qai
952 1871 1008 1899 per

50 1897 178 1934 furtum
199 1898 248 1934 L.‚
279 1899 387 1928 omisso
409 1902 493 1938 quia.
514 1917 557 1923 —
579 1903 625 1936 52)
647 1902 784 1941 Lautia]
808 1904 953 1931 Lautitia
976 1904 1007 1932 L.

56 1939 96 1968 M.
119 1956 159 1961 —
181 1940 227 1979 55)
252 1941 422 1981 lavatione]
445 1943 590 1972 lavitione
611 1945 667 1974 Gu.
683 1948 710 1977 2.
736 1962 779 1967 —
806 1944 852 1984 54)
875 1945 1006 1983 dictam]

56 1981 172 2010 dictum
188 1983 218 2010 B.
234 1994 279 2022 pr.
301 2000 344 2006 -—-
366 1987 412 2022 55)
428 1983 546 2024 σκαιόν]
563 1997 617 2016 om.
632 1988 662 2015 L.
679 1988 735 2016 Gu.
747 1991 772 2018 1.
810 1998 883 2015 caea
901 1998 1006 2017 σκαιαν

54 2024 87 2054 Β.
132 2035 220 2053 scean
240 2026 279 2055 M.
299 2026 396 2058 Gu.2.
413 2038 474 2067 pn,
500 2038 576 2067 quae
593 2029 674 2059 addit
693 2030 798 2066 laean,
821 2030 922 2065 laeva,
945 2030 1007 2057 lae-

54 2077 135 2095 vum.
158 2084 198 2089 —-
221 2071 266 2105 56)
289 2068 412 2108 dicunt]
436 2080 491 2099 om.
507 2071 545 2100 M.
565 2073 621 2100 Gu.
637 2075 663 2104 1.
679 2075 708 2103 2.
732 2089 771 2094 -
794 2074 839 2109 57)
869 2072 1006 2100 Unde—

54 2111 152 2148 cogn]
177 2120 235 2139 om.
251 2111 282 2139 L.
305 2127 347 2133 -—-
368 2115 415 2148 58)
438 2113 594 2152 Scaevola]
618 2126 638 2142 α
654 2115 744 2142 laeva
760 2114 826 2143 add.
842 2115 873 2142 L.
898 2132 930 2135 —
959 2117 1003 2149 59)

51 2152 240 2189 laevorsum]
271 2154 302 2182 L.
324 2154 379 2182 ita:
409 2155 489 2183 unde
511 2161 643 2184 tractum
662 2167 824 2194 cognomen
845 2158 1002 2184 sinistror-

51 2204 127 2225 sum.
151 2212 189 2217 —
211 2195 256 2235 60)
281 2195 317 2224 id
331 2196 391 2236 est]
415 2198 535 2226 additur
548 2198 578 2227 in
593 2200 625 2228 L.
640 2199 678 2227 M.
697 2200 753 2228 Gu.
768 2203 798 2231 2.
819 2216 862 2222 -
883 2199 928 2238 61)
953 2199 1001 2227 la—

51 2237 143 2277 mam]
165 2249 233 2266 mur
247 2245 355 2267 vocant
372 2240 403 2268 B.
448 2241 532 2268 lama
550 2247 659 2270 vocant
673 2252 719 2280 pr.
740 2257 782 2263 -—
803 2239 849 2282 62)
873 2242 1002 2270 lustrum

50 2277 173 2316 dicunt]
197 2287 304 2310 vocant
318 2282 350 2312 L.
394 2283 524 2311 lustrum
538 2283 569 2313 B.
585 2284 614 2313 S.
657 2284 821 2312 letristram
837 2284 894 2313 Gu.
907 2288 934 2316 1.
959 2301 1000 2306 —

50 2319 98 2360 68)
120 2322 235 2352 inducit
251 2325 281 2352 in
289 2324 453 2364 framlem]
476 2326 525 2354 Sic
541 2326 570 2354 L.
587 2326 642 2354 Gu.
656 2329 682 2359 1.
695 2329 723 2358 2.
766 2326 918 2364 infr-aud,
933 2326 997 2357 ind.

51 2364 129 2402 vulg.
151 2382 191 2388 —-
212 2365 260 2407 64)
284 2367 368 2406 hale]
388 2367 467 2397 unde
481 2369 512 2398 L.
549 2374 591 2396 eet
606 2379 662 2397 om.
676 2369 707 2397 B.
732 2387 770 2392 --
796 2368 841 2407 65)
860 2370 915 2401 obl.
929 2369 996 2407 ἀεί.)

1052 1774 1202 1802 clamidia
1218 1774 1321 1802 dicant
1338 1774 1468 1812 λαμυδα,
1497 1774 1528 1803 in
1547 1784 1639 1812 marg.
1656 1770 1805 1812 λαμύὸια,·
1832 1773 1871 1802 Μ.
1887 1773 2005 1801 chlami-

1050 1817 1107 1853 da,·
1146 1818 1202 1845 Gu.
1220 1820 1247 1848 2.
1272 1816 1411 1844 εἰαιιιῖαέα
1420 1829 1429 1852 ,-
1471 1827 1514 1855 pr.
1539 1815 1716 1854 mmmdcc,
1758 1815 1874 1847 omissis
1905 1815 2004 1844 verbis

1051 1870 1145 1898 quam
1167 1864 1195 1888 et
1216 1859 1332 1887 dicant.
1376 1870 1467 1898 qaam
1482 1861 1566 1897 greci
1581 1860 1659 1888 linin
1676 1858 1783 1887 dicunt
1802 1859 1836 1889 L.
1879 1860 2003 1896 χλαινην

1049 1902 1145 1940 vulg,
1169 1901 1250 1940 quod
1269 1912 1325 1932 om.
1341 1902 1396 1932 Gu.
1408 1906 1434 1932 1.
1458 1919 1492 1922 —
1516 1902 1561 1941 70)
1576 1901 1779 1940 Lautumias]
1795 1901 1844 1930 Sic
1858 1900 1896 1930 M.
1909 1901 2002 1931 Gu.2.

1049 1954 1095 1983 pr.
1138 1945 1317 1972 Lautumas
1331 1945 1362 1974 B.
1406 1946 1532 1973 Latum.
1549 1945 1627 1983 vulg.
1648 1960 1691 1967 ·—-
1713 1942 1761 1984 71)
1785 1943 1823 1982 et]
1843 1953 1899 1972 om.
1916 1944 1948 1971 L.
1964 1960 1998 1963 —

1049 1986 1095 2025 72)
1111 1986 1143 2025 ιι]
1161 1997 1217 2015 om.
1228 1988 1262 2015 L.
1283 2004 1318 2010 -—
1336 1986 1382 2025 73)
1397 1987 1553 2026 latomias]
1571 1988 1738 2016 lautomiae
1750 1986 1784 2017 B.
1821 1987 1942 2016 laotom.
1951 1994 1997 2022 pr.

1048 2034 1203 2067 Λατομιας
1219 2029 1257 2058 Μ.
1278 2047 1313 2052 -
1333 2030 1381 2066 74)
1404 2029 1504 2069 caede]
1521 2029 1608 2059 sorde
1621 2040 1667 2069 pr.
1689 2046 1723 2050 —
1745 2030 1792 2066 75)
1815 2028 1903 2065 viret]
1917 2027 1997 2053 vire-

1048 2078 1090 2100 ret
1106 2072 1137 2100 L.
1159 2088 1202 2093 ·-
1223 2072 1270 2110 76)
1279 2073 1403 2111 floreat]
1422 2074 1519 2101 irireat
1531 2073 1569 2103 M.
1593 2089 1633 2094 -—
1657 2071 1702 2110 77)
1716 2072 1820 2111 sure-9]
1839 2079 1896 2098 om.
1909 2069 1997 2096 B.—

1047 2116 1097 2151 73)
1121 2114 1201 2153 luco]
1221 2115 1268 2143 Sic
1285 2116 1316 2145 B.
1333 2115 1428 2146 Gu.2.
1449 2126 1493 2154 pr.
1507 2117 1535 2144 S.
1578 2116 1642 2144 loco
1656 2115 1736 2153 vulg.
1760 2131 1796 2136 —
1819 2109 1866 2151 79)
1889 2111 1996 2139 solito-s*

1037 2158 1132 2194 furta
1144 2156 1363 2196 praedamque]
1378 2158 1425 2186 Sic
1439 2158 1518 2188 B.M.
1532 2158 1588 2187 Gu.
1599 2162 1628 2191 2.
1642 2168 1688 2197 pr.
1719 2155 1899 2193 solitifipr.
1912 2154 1993 2191 vulg.

1043 2200 1151 2228 molitos
1160 2199 1311 2239 praedam
1321 2202 1474 2239 furtaque
1487 2201 1517 2230 L.
1528 2201 1582 2229 Gu.
1594 2204 1621 2232 1.
1643 2216 1677 2223 ν-
1698 2197 1743 2237 80)
1761 2199 1814 2233 est]
1831 2207 1888 2226 om.
1901 2197 1956 2225 Gn.
1966 2199 1990 2226 1.

1042 2258 1076 2263 —
1089 2244 1134 2278 81)
1150 2242 1358 2283 discindendo]
1372 2243 1547 2272 discidendo
1563 2244 1655 2274 Gu.2.
1676 2258 1710 2263 —
1731 2242 1779 2278 82)
1789 2239 1883 2279 quod]
1897 2248 1990 2276 quae·-

1043 2284 1116 2313 dam
1128 2285 1159 2314 L.
1201 2285 1284 2324 quod
1298 2296 1354 2315 om.
1370 2287 1403 2315 B.
1424 2303 1458 2308 -
1480 2284 1527 2325 83)
1550 2284 1644 2324 quod]
1668 2285 1744 2324 quia
1760 2285 1794 2314 B.
1817 2299 1851 2307 --
1872 2284 1915 2319 84)
1938 2281 1987 2313 Sil]

1041 2333 1083 2355 est
1096 2328 1126 2356 L.
1141 2328 1172 2358 B.
1189 2328 1226 2359 M.
1243 2329 1272 2358 S.
1294 2344 1336 2351 —
1358 2330 1405 2366 85)
1425 2327 1509 2367 quod
1524 2328 1654 2357 auribus
1668 2328 1797 2356 curtatis
1811 2324 1864 2362 est]
1889 2324 1942 2361 qui
1955 2322 1984 2350 B-

1042 2371 1107 2401 Om.
1127 2369 1185 2399 hoc
1208 2375 1303 2401 totum
1325 2376 1353 2401 et
1378 2378 1403 2400 et
1425 2372 1560 2399 lacerum
1573 2381 1617 2409 pr.
1649 2386 1690 2392 —-
1719 2366 1767 2408 86)
1790 2365 1982 2406 quodcunqua
