2263 2668
242 139 317 173 376
668 131 1013 169 COMMENTARII
1036 131 1086 165 IN
1111 132 1254 168 PAULI
1281 133 1477 169 DIACONI
1503 133 1758 169 EXCERPTA

243 232 433 265 dicebantur,
464 234 497 257 ut
520 228 548 255 in
572 225 773 255 Coniectaneis
797 221 882 264 (pag.
898 224 987 261 136.)
1012 225 1128 254 notavit
1150 226 1296 264 Scaliger,
1336 236 1512 265 quamquam
1534 227 1672 255 nonnulli
1694 227 1814 264 dicunt,
1846 232 2017 268 λαιςποδίας
2040 244 2090 262 eos
2114 243 2185 270 esse,

245 275 295 314 qui
318 268 513 304 δοεπανώδεις
535 269 664 297 habeant
685 268 792 306 pedes,
817 272 848 295 ut
870 266 889 294 ii
913 271 997 302 sunt,
1024 277 1097 305 quos
1120 268 1251 298 falcones
1275 280 1290 297 a
1314 269 1464 298 veteribus
1489 274 1612 297 vocatos
1636 279 1696 298 esse
1719 274 1848 299 testatur
1862 271 1972 302 Festus.
1995 275 2083 305 Dae.
2110 275 2186 304 Vide

243 317 318 346 insta
337 302 489 343 Falcones.
524 311 595 339 Cum
619 308 768 339 crocotilis
791 307 941 338 crusculis.
971 309 1141 346 Legendum
1165 316 1199 340 ut
1221 322 1310 350 supra
1334 322 1397 340 cum
1422 310 1535 340 crotilis
1558 311 1708 342 crusculis,
1742 313 1799 341 Sed
1822 313 1946 351 mirum,
1970 327 2057 355 quam
2082 328 2185 356 parum

244 359 298 388 sibi
320 358 420 386 Festus
444 359 581 382 constans
604 353 658 389 sit,
692 352 742 390 qui
765 351 794 379 in
817 349 976 380 succrotila
1000 352 1154 390 scripserit
1174 352 1339 383 succrotilis
1362 352 1519 388 crusculis,
1551 358 1579 382 et
1601 354 1632 381 in
1655 364 1728 383 voce
1752 354 1815 384 todi
1837 367 1901 384 cum
1925 357 2041 388 todellis
2062 371 2186 390 cruscu-

245 401 297 437 lis,
327 408 400 437 quae
422 396 510 424 etiam
533 406 602 424 vera
623 394 711 423 lectio
734 404 795 422 esse
819 393 920 432 possit.
964 393 1028 422 Imo
1052 400 1080 423 et
1102 406 1164 424 eam
1188 406 1316 424 asserere
1338 395 1459 424 videtur
1481 395 1665 433 Priscianus,
1704 398 1755 436 qui
1778 397 1858 426 hunc
1880 399 1976 428 Plauti
2000 401 2097 430 locum
2121 403 2186 431 lau-

245 444 295 471 dat
319 452 381 470 cum
405 437 516 467 todenis
540 436 690 467 crusculis.
732 435 858 466 Todeuis
882 436 1037 465 manifesto
1061 443 1234 477 corruptum
1257 449 1297 466 ex
1319 436 1445 467 todellis.
1484 438 1586 476 Neque
1610 439 1673 467 sine
1696 441 1831 474 ratione,
1860 450 1926 469 cum
1951 441 2014 470 todi
2036 444 2094 473 sint
2116 455 2187 484 par·

244 494 297 513 vae
320 492 403 517 aveS‚
428 492 444 509 a
468 481 573 519 quibus
597 479 734 508 cruscula
758 479 846 507 exilia
870 483 898 507 et
921 478 1019 506 tenuia
1044 478 1153 509 tudella
1176 481 1308 517 dicatur,
1331 480 1506 519 praesertim
1531 491 1598 510 cum
1621 481 1708 511 simili
1734 484 1906 519 tralatione,
1930 488 1963 512 ut
1984 486 2014 512 in
2034 486 2187 516 Coniecta-

243 526 302 554 neis
326 526 404 563 (pag.
421 523 504 562 136.)
528 523 589 551 suis
612 522 727 551 notavit
746 521 891 559 Scaliger,
916 521 1049 550 Eubulus
1073 524 1202 551 comicus
1225 523 1335 552 dixerit
1358 523 1445 562 σκέλη
1468 524 1617 563 κοψίχου,
1643 524 1679 553 ab
1702 536 1734 555 ea
1758 526 1900 555 minutula
1925 526 2040 556 avicula
2064 529 2186 565 scilicet,

244 578 318 606 quae
342 565 468 605 κόψιχος
492 566 609 595 dicitur.
655 565 698 593 Ita
721 565 797 593 enim
821 564 871 592 ille
895 563 931 592 de
954 563 1074 593 Theano
1096 566 1265 595 meretrice:

773 604 816 636 ‘H
841 604 942 637 Θεανώ
967 603 999 637 δ’
1023 605 1089 647 οὐχὶ
1114 608 1218 647 σειρήν
1241 609 1318 639 ἐστιν
1341 604 1567 648 οἷποτετιλμένης

778 648 895 688 Βλέμμα
917 648 967 679 καὶ
991 648 1076 688 φωνὴ
1099 649 1258 690 γυναικὸς,
1281 647 1318 679 τά
1343 650 1427 689 σκέλη
1452 650 1484 681 δὲ
1502 649 1650 690 κοψύχου.

245 697 277 725 In
300 695 393 734 priori
417 703 503 721 vorsu
528 692 644 722 videtur
666 692 800 721 Eubulus
824 690 1048 730 Aristophanem
1071 693 1218 728 imitatus,
1247 692 1296 731 qui
1321 692 1351 720 in
1375 690 1474 732 όρνίθ.
1495 692 1536 733 (ν.
1549 693 1636 734 806.)
1658 694 1712 722 ait:

777 732 822 764 Σὺ
845 732 973 774 κοψύχῳ
996 747 1026 774 γε
1045 732 1176 774 σκάφιον
1200 733 1426 777 ἀποτετιλμένῳ.

243 781 331 809 Dae,
372 775 530 806 crusculis.
569 777 644 806 Vide
667 777 745 805 infra
773 775 953 806 Crusculum.
979 775 1085 806 Goth.
1130 779 1172 809 Cs,
1197 777 1298 806 Knhl.
1321 777 1358 806 ad
1382 777 1470 806 Prisc.
1490 777 1510 807 l.
1531 788 1576 813 c.,
1604 780 1655 817 qui
1678 789 1739 807 rem
1764 779 1929 817 expediisse
1951 780 2086 817 videtur,
2115 784 2188 811 scri-

243 822 372 851 bendum
396 819 596 859 praecipiens:
621 831 685 849 cum
710 817 818 848 rodinis
841 818 991 848 crusculis.
1024 820 1105 849 Unde
1129 826 1191 850 orta
1217 821 1255 849 sit
1278 821 1449 859 corruptio,
1471 820 1592 849 difficile
1615 821 1698 850 dictu
1719 826 1771 850 est.

415 860 556 892 Crines.
600 863 674 891 Nam
696 862 785 890 iidem
810 872 860 890 eos
883 863 1018 900 κρινίδας
1039 869 1158 892 vocant.
1202 863 1336 898 Falsum,
1362 868 1390 892 et
1413 864 1550 902 suspicor
1572 873 1608 892 ne
1630 863 1680 892 hic
1703 864 1820 902 quidem
1845 865 1989 894 Graecam
2011 876 2115 896 vocem
2138 867 2189 896 ‹le-

243 905 384 941 siderari,
408 905 460 933 sed
485 905 582 942 potius
604 904 776 942 legendum:
806 904 883 932 Nam
907 903 971 933 ideo
992 916 1039 933 eos
1062 907 1154 935 crines
1175 913 1300 935 vocant:
1331 905 1411 942 ideo,
1436 906 1551 944 inquit,
1571 914 1690 946 propter
1711 908 1811 944 κρίσιν
1834 908 1926 936 crines
1948 917 2063 938 vocant,
2088 908 2190 939 Scal.

243 950 267 977 A
291 949 384 988 κρίνω
409 946 528 984 divido,
559 946 709 983 discerno,
736 946 815 975 unde
839 951 867 974 et
891 946 1119 976 discerniculum
1142 958 1226 984 acus,
1259 958 1314 986 qua
1339 949 1477 977 mulieres
1499 949 1623 987 capillos
1647 949 1836 986 discernunt,
1867 949 2015 979 dividunt.
2059 952 2190 990 Scaliger

244 993 272 1020 in
290 1000 380 1029 marg.
396 987 556 1029 διάκρισιν.
589 990 626 1018 Et
647 1000 679 1018 re
702 999 769 1018 vera
795 989 883 1018 crinis
905 1000 1019 1018 comam
1042 990 1071 1018 in
1095 991 1195 1029 plures
1219 994 1316 1031 σεῖρας
1334 991 1394 1019 sive
1412 991 1531 1019 ordines
1547 991 1670 1019 divisam
1690 992 1907 1030 discretamque
1924 993 2076 1031 significat.
2100 994 2188 1024 Dae.

411 1030 602 1062 Crocaiio.
647 1031 817 1070 Legendum
841 1032 962 1061 crocitio
986 1043 1002 1061 a
1024 1033 1117 1062 verbo
1142 1034 1267 1070 crocire,
1298 1033 1448 1062 crocitare.
1492 1034 1591 1064 Aulul.
1616 1035 1725 1073 (plaut.
1746 1034 1813 1063 Aul.
1828 1035 1882 1071 lv,
1906 1038 1941 1072 3,
1964 1037 2026 1073 2.):

736 1072 834 1103 Simul
855 1072 975 1103 radebat
995 1074 1117 1114 pedibus
1140 1083 1245 1104 terram
1268 1083 1293 1104 et
1317 1087 1385 1106 voce
1408 1075 1539 1105 crocibat
1561 1087 1623 1105 sua.

244 1119 328 1148 Dac,
365 1117 437 1146 Vide
460 1117 587 1145 Nonium
610 1116 640 1145 in
665 1115 781 1145 Crocire
804 1121 832 1145 et
857 1114 1012 1147 Crocitum.
1062 1116 1170 1150 Goth.

409 1157 588 1189 Crucium.
634 1159 773 1188 Crucium
797 1159 898 1188 vinum
917 1159 1061 1188 Lucillius
1084 1160 1160 1189 dixit
1181 1160 1345 1189 imitatione
1364 1161 1513 1197 Alexidis,
1537 1161 1590 1199 qui
1613 1161 1648 1189 de
1671 1161 1741 1190 vino
1761 1161 1914 1190 Corinthio
1937 1161 1978 1190 ita
2001 1163 2190 1201 pronuntiat:

869 1198 961 1237 Οἶνος
984 1201 1100 1238 ξενικὸς
1123 1205 1232 1242 παρῆν.
1261 1200 1277 1234 ὁ
1300 1201 1356 1244 γάρ
1383 1205 1551 1244 Κορίνθιος

866 1242 1054 1284 Βασανισμὸς
1076 1245 1143 1276 ἔστι.

247 1287 348 1318 ScaL

411 1328 668 1360 Crocotinum.
713 1331 736 1359 A
760 1341 848 1360 croco
871 1331 1000 1370 dictum,
1025 1332 1078 1361 sed
1101 1331 1267 1361 cuiusmodi
1290 1331 1381 1360 fuerit
1402 1331 1622 1370 incompertum
1645 1336 1696 1360 est.
1720 1331 1771 1360 Da
1782 1343 1806 1361 c.
1852 1332 1932 1361 Unde
1954 1333 2042 1361 etiam
2067 1330 2191 1362 Crocum

245 1373 340 1402 Nonio
364 1373 442 1412 (pag.
457 1372 528 1404 549.
553 1373 672 1412 Mem),
695 1383 785 1411 genus
808 1375 897 1403 vestis
921 1376 1019 1404 crocei
1041 1376 1169 1411 coloris,
1195 1374 1274 1403 unde
1297 1375 1464 1403 crocotarii.
1512 1372 1617 1402 Goth.

412 1413 636 1444 Crustariae
665 1415 856 1446 tabernae.
903 1418 957 1446 Ubi
980 1429 1049 1446 vasa
1073 1417 1189 1457 potoria
1213 1421 1342 1445 crustata
1365 1416 1578 1445 vendebantur.
1625 1416 1746 1443 Crustae
1768 1420 1864 1444 autem
1888 1416 2070 1445 emblematis
2091 1426 2191 1455 genus,

246 1457 327 1496 quod
350 1457 535 1486 inserebatur
556 1458 702 1494 vasculis,
734 1463 823 1497 atque
846 1470 915 1488 culn
937 1461 1065 1497 vellent,
1092 1459 1320 1495 detrahebatur,
1351 1460 1394 1487 uti
1418 1464 1446 1488 et
1471 1458 1653 1487 emblemata.
1689 1458 1792 1486 Cicero
1814 1459 1846 1486 in
1870 1458 1952 1489 Verr.
1977 1459 2032 1498 (ll,
2053 1461 2089 1496 4,
2112 1462 2191 1497 23.):

247 1508 359 1529 crustae
381 1507 431 1528 aui
454 1499 626 1529 emblemata
649 1500 845 1532 detrahuntur.
869 1502 958 1533 Dae.
1001 1501 1152 1532 Crustatis.
1184 1503 1320 1530 Crustata
1344 1502 1440 1530 Gloss.
1462 1500 1665 1541 γεγεισωμένα.
1713 1499 1817 1529 Goth.

412 1540 626 1571 Cracenies.
670 1543 819 1573 Isidorus:
844 1545 1010 1581 Cracentes,
1029 1543 1164 1584 graciles.
1197 1547 1219 1572 A
1240 1543 1331 1572 verbo
1347 1555 1470 1582 graceo,
1494 1554 1550 1581 pro
1573 1553 1632 1581 quo
1656 1553 1756 1571 craceo
1780 1542 1924 1573 dicebant.
1958 1543 2071 1572 Graceo
2095 1549 2192 1572 autem

247 1597 261 1612 a
278 1581 360 1624 γράω
378 1584 511 1615 absumo.
542 1586 588 1614 Ex
605 1585 663 1614 hoc
681 1586 749 1614 loco
765 1586 887 1615 Noster:
917 1585 1074 1616 Gracenies
1087 1585 1222 1625 graciles.
1258 1587 1382 1614 Ennius:
1402 1586 1545 1614 succincti
1558 1584 1672 1624 gladiis
1687 1583 1783 1613 media
1801 1585 1914 1623 regione
1927 1593 2082 1615 cracemes.
2103 1586 2159 1614 Da
2170 1596 2193 1618 c,

414 1626 529 1655 Crevi.
567 1628 634 1656 Non
657 1628 777 1667 proprie
800 1628 945 1666 significat
968 1628 1177 1657 haereditatem
1202 1628 1277 1664 adii,
1302 1628 1353 1657 sed
1377 1628 1536 1656 cretionem
1559 1627 1649 1655 aditio
1671 1625 1864 1655 haereditatis
1887 1628 1985 1656 statim
2008 1628 2193 1667 sequebatur.

247 1670 339 1698 Vetus
362 1669 553 1707 glossarium:
578 1670 770 1709 Cernitoque,
792 1672 841 1701 καὶ
865 1670 1066 1712 ἐγχειρησάτω.
1097 1671 1140 1699 Ita
1166 1670 1241 1699 enim
1266 1671 1421 1708 legendum
1445 1676 1502 1706 est,
1526 1669 1610 1708 quasi
1632 1669 1760 1697 diceret:
1783 1674 1811 1697 et
1833 1669 1937 1706 saciat,
1960 1675 1994 1699 ut
2016 1680 2078 1699 eam
2101 1672 2195 1710 possit

250 1712 344 1740 adire:
382 1717 465 1749 agat,
502 1713 700 1750 aggrediatur.
732 1712 829 1742 Scal.
875 1715 1002 1742 Cernere
1024 1713 1234 1742 haereditatem
1260 1714 1378 1752 proprie
1404 1712 1549 1750 significat
1572 1711 1691 1747 videre,
1722 1721 1858 1748 eernere,
1894 1723 1931 1741 an
1954 1712 2036 1741 illam
2058 1714 2196 1752 expediat

251 1754 330 1782 adire
346 1764 448 1782 necne.
480 1755 565 1784 Unde
589 1757 677 1784 cretio
702 1755 860 1785 dicebatur
882 1761 1031 1785 certoiurn
1056 1756 1170 1785 dierum
1193 1756 1338 1794 spatium,
1365 1756 1445 1794 quod
1468 1755 1604 1783 instituto
1628 1753 1728 1782 heredi
1752 1754 1880 1782 dabatur
1902 1754 1939 1783 ad
1962 1755 2195 1793 deliberandum,

251 1801 350 1825 utrum
372 1796 583 1826 haereditatem
606 1798 687 1826 adire
710 1799 814 1835 venet,
846 1803 874 1827 et
898 1799 1043 1828 formulae
1067 1804 1253 1837 comparatae
1277 1799 1315 1827 ad
1339 1803 1496 1827 cretionem
1521 1802 1605 1826 erant
1626 1796 1787 1825 eiusmodi:
1820 1797 1916 1826 Titius
1938 1796 2016 1826 lieres
2038 1809 2116 1827 meus
2137 1805 2196 1828 esto

254 1840 414 1878 cernitoque
435 1840 464 1868 in
488 1838 588 1869 diebus
611 1848 724 1869 centum
745 1842 911 1880 proci-imis.-
937 1843 994 1870 nisi
1016 1843 1058 1870 iia
1082 1841 1215 1877 creverit,
1242 1852 1341 1870 ear-eres
1363 1848 1430 1869 esto·
1456 1840 1543 1870 Dac.
1585 1839 1698 1868 Glossis
1722 1839 1819 1867 Cretio
1842 1839 2032 1879 προσέλευσις
2051 1839 2197 1880 κληρονό-

255 1892 320 1916 μου.
364 1882 456 1910 Porro
485 1883 557 1920 quid
586 1883 624 1911 sit
646 1884 735 1912 cretio
756 1883 786 1911 in
809 1884 875 1912 iure
897 1888 926 1912 et
949 1884 1020 1922 quid
1045 1895 1171 1918 cernere,
1210 1883 1278 1912 vide
1304 1883 1459 1922 Ulpianum
1482 1883 1512 1910 in
1537 1882 1707 1920 fragmentis
1730 1882 1820 1910 Titul.
1837 1885 1884 1914 12.
1909 1884 1931 1920 §.
1945 1885 1996 1914 27.
2012 1892 2113 1921 seqq.‚
2145 1883 2197 1911 ubi

256 1922 420 1958 plenissime
451 1924 513 1953 dixi
541 1926 559 1954 l.
577 1928 623 1957 17.
656 1925 726 1954 Cod.
756 1926 792 1954 de
821 1926 886 1955 iure
914 1926 1113 1961 deliberandi3
1152 1926 1311 1954 Varronem
1331 1926 1363 1956 V.
1394 1925 1430 1954 de
1453 1925 1552 1962 lingua
1576 1925 1637 1953 Lat.
1671 1922 1753 1964 (Lib.
1768 1924 1822 1959 VI,
1847 1935 1875 1963 p.
1887 1926 1960 1957 375.
1984 1926 2061 1964 Sp.).
2092 1923 2195 1954 Goth.

258 1962 353 1992 Modo
374 1966 467 1994 maior
488 1975 581 1996 aetate
600 1967 647 1997 vel
668 1979 762 1997 censu.
810 1969 831 1998 A
855 1969 948 1998 verbo
972 1980 1083 2005 cresco,
1117 1968 1198 2007 quod
1221 1979 1238 1997 a
1261 1969 1410 2007 κραίνειν,
1442 1968 1581 2006 implere,
1613 1967 1774 1995 absolvere.
1802 1966 1894 1996 Dac.
1942 1966 2036 1996 Modo
2059 1965 2196 1997 iudicavi.

258 2004 403 2033 Pacuvius
424 2007 451 2034 in
473 2010 629 2039 Armorum
652 2010 776 2039 iudicio:

279 2086 281 2088 q
707 2052 744 2081 Et
767 2064 890 2094 aequum
912 2061 938 2082 et
961 2061 1069 2082 rectum
1091 2060 1145 2089 est,
1182 2051 1262 2092 quod
1282 2051 1434 2092 postulas‚·
1464 2051 1556 2080 iurati
1578 2059 1706 2080 cernant.

262 2086 366 2115 Idem.
399 2088 493 2156 Ill‘llodo
517 2091 610 2122 divisi.
648 2095 731 2123 Unde
755 2096 881 2133 increta,
905 2095 1042 2125 indivisa.
1078 2095 1152 2124 Vide
1174 2105 1228 2123 suo
1252 2095 1328 2124 Ioco.
1353 2094 1461 2124 Idem.
1503 2092 1590 2123 Cuius
1615 2095 1708 2122 unius.
1738 2093 1828 2122 Verbi
1853 2104 1948 2122 cresco
1971 2093 2092 2123 scilicet.
2125 2094 2198 2124 Vide

262 2140 358 2168 supra.
450 2142 506 2159 em.

428 2171 625 2207 Creten-rae,
671 2179 789 2208 Cretera.
829 2181 999 2219 Legendum
1026 2181 1171 2209 Creterrae
1195 2180 1242 2208 vel
1265 2187 1398 2208 creterae.
1438 2179 1482 2207 Ab
1504 2179 1606 2207 lonico
1629 2181 1773 2218 κρητῆρα.
1814 2178 1888 2207 Vide
1909 2178 2038 2207 Nonium
2060 2179 2196 2218 (P·547·

263 2213 376 2253 Mero.).
400 2213 486 2243 Dae.
525 2216 558 2244 V.
584 2218 709 2249 Cratera.
757 2221 860 2254 Goth.

429 2253 672 2291 Craticulum‚
715 2263 776 2300 Ego
800 2265 880 2302 quod
902 2265 1025 2294 verbum
1047 2264 1096 2293 hic
1120 2265 1266 2293 Graecum
1290 2263 1530 2292 substituendum
1553 2263 1605 2298 sit,
1641 2273 1699 2291 non
1721 2263 1819 2292 video.
1863 2263 1964 2291 Potius
1987 2262 2058 2292 mihi
2080 2262 2198 2291 videtur

265 2297 457 2345 legendumffi
482 2297 659 2329 craticulam
682 2313 701 2330 a
724 2313 800 2333 crate
821 2306 990 2344 deducitur,
1027 2312 1055 2336 et
1077 2317 1180 2335 verum
1205 2311 1258 2336 est.
1304 2307 1389 2335 Crate
1419 2311 1523 2335 neutro
1547 2316 1652 2343 genere
1675 2306 1856 2344 antiquum,
1892 2316 1908 2333 a
1932 2315 1990 2343 quo
2013 2304 2197 2341 craticulum,

266 2345 300 2368 ut
321 2345 382 2369 rete
403 2342 571 2371 reticulum.
595 2342 693 2373 Scal.
726 2346 751 2372 A
774 2349 886 2377 Graeco
909 2350 1020 2387 κρατέω
1046 2355 1147 2386 teneo,
1169 2349 1287 2385 vincio,
1311 2348 1514 2388 apprehendo.
1543 2348 1600 2377 Sed
1624 2359 1682 2376 non
1705 2349 1881 2377 immediate.
1911 2348 1984 2376 Nam
2006 2352 2049 2376 est
2071 2357 2087 2374 a
2109 2354 2198 2383 crate,

267 2387 299 2410 ut
323 2393 337 2410 a
361 2390 416 2411 rete
438 2383 604 2421 reticulum,
628 2390 720 2414 crates
743 2393 837 2417 autem
861 2402 875 2418 a
897 2392 1018 2430 κρατέω.
1055 2393 1131 2420 Male
1153 2392 1243 2429 igitur
1265 2392 1410 2430 Scaliger,
1434 2391 1485 2430 qui
1505 2390 1556 2420 hic
1578 2390 1663 2420 aliter
1685 2391 1840 2429 legendum
1863 2394 1970 2418 censet.
2002 2388 2078 2417 Male
2099 2388 2196 2426 etiam,
