2263 2668
463 134 527 168 DE
554 132 942 185 SIGNIFICATIQNE
969 133 1252 171 VERBORUM.
1306 139 1450 173 LtBER
1476 139 1584 175 XVll.
1929 145 1999 180 151

53 228 167 263 Serra
191 227 365 272 proeliari
392 223 556 268 diciturffl,
590 239 693 271 quum
722 227 850 261 assidue
876 227 1048 261 acceditur
1073 230 1322 274 recediturque,
1362 244 1470 277 neque
1498 234 1567 266 ullo
1595 235 1778 268 consistitur
1805 235 2001 282 tempore-³².

54 279 330 314 Sacramentum
358 289 420 312 aes
445 278 625 324 significat,
666 279 760 322 quod
784 290 916 323 poenae
942 281 1076 313 nomine
1102 281 1270 325 penditur.

54 330 210 366 Scholae
237 330 346 362 dictae
373 335 445 363 suut
473 341 512 362 ex
539 330 673 364 Graeco
685 327 709 347 ³³
734 327 860 377 σχολή,
897 343 916 363 a
943 332 1133 375 vacatione,
1170 335 1261 376 quod
1291 335 1406 369 ceteris
1432 337 1530 370 rebus
1557 337 1682 369 omissis
1710 349 1828 372 vacare
1854 340 2002 374 liberali-

155 382 218 415 bus
244 382 357 414 studiis
382 382 478 426 pueri
504 381 638 417 debent.

55 432 212 468 Silatum
241 433 365 476 antiqui
390 444 455 478 pro
483 443 539 475 e0,
567 433 660 477 quod
687 444 774 467 nunc
800 433 998 467 ientaculum
1026 433 1182 478 dicimus,
1215 436 1450 481 appellabant,
1478 439 1554 482 quia
1580 439 1678 472 ieiuni
1705 440 1816 474 vinum
1843 442 1892 474 sili
1920 453 2002 476 con—

158 484 263 517 ditum
290 490 366 517 ante
392 484 566 517 meridiem
576 482 600 501 ³⁴
622 484 854 517 absorbebant.

55 536 208 582 Sta-appi
233 533 470 569 vocabantur³⁵
492 536 524 568 in
550 536 776 581 pulvinaribus
803 535 951 570 fasciculi
979 535 1021 568 de
1051 536 1201 569 verbenis
1227 538 1327 579 facti,
1364 541 1421 583 qui
1448 552 1510 584 pro
1538 541 1678 575 deorum
1705 542 1867 587 capitibus
1893 556 2002 589 pone-

162 588 290 620 bantur.

57 639 245 684 Secespz'ta
279 639 422 671 cultrum
454 639 598 671 ferreum
626 639 670 671 ob
693 638 833 682 longum
861 637 1033 670 manubrio
1060 638 1226 681 eburneo,
1266 641 1428 682 rotundo,
1469 643 1595 685 solido,
1635 645 1745 678 vincto
1772 646 1815 677 ad
1843 648 2002 690 capulum

157 695 297 734 argento
325 688 505 733 auroque³⁶
524 690 626 722 fixum
636 686 671 730 ³⁷,
699 689 799 723 clavis
825 690 950 731 aeneis,
978 701 1054 722 aere
1064 685 1089 706 ³¹³
1113 690 1262 735 CypriO,
1291 704 1357 736 quo
1386 693 1574 735 Flamines,
1600 693 1839 730 Flaminicae³⁹
1860 698 2002 743 virgines

159 741 399 785 pontificesque
426 741 469 773 ad
497 741 658 774 sacrificia
685 741 871 776 utebantur.
923 741 1021 774 Dicta
1047 746 1157 775 autem
1187 748 1235 776 est
1262 745 1424 789 secespita
1451 758 1469 777 a
1496 747 1649 780 secando.

59 789 258 826 Secivum⁴⁰
281 792 388 825 libum
416 799 480 833 est,
514 793 606 836 quod
634 792 794 836 secespita
821 789 992 826 secatur⁴¹.

58 843 276 892 Suffimenta
303 844 476 886 dicebant,
521 856 606 887 quae
639 844 806 877 faciebant
833 855 872 877 ex
899 844 978 876 faba
1005 844 1164 887 milioqne
1192 845 1307 879 molito
1318 843 1343 864 ‘¹²
1365 847 1471 880 mulso
1499 859 1622 892 sparso.

163 906 248 940 pore
275 895 454 937 dabantur,
493 907 560 939 quo
587 906 670 928 uvae
696 896 845 929 calcatae
871 895 969 940 prelo
996 896 1241 940 premebantur.

58 947 199 993 Serpsit
231 947 353 990 antiqui
387 958 449 991 pro
482 947 637 992 serpserit
670 947 718 980 usi
744 944 862 982 sunt⁴³.
921 947 1002 979 Inde
1030 948 1183 992 serpulae
1210 948 1336 990 dictae,
1384 961 1466 993 quas
1493 961 1578 984 nunc
1604 956 1772 995 serpentes
1799 951 1938 985 dicimus
1965 964 2005 986 ex

158 999 310 1039 Graeco,
351 999 428 1042 quia
440 995 462 1015 ⁴⁴
483 999 532 1031 illi
559 995 711 1046 ἑρπετά,
752 1010 811 1031 nos
837 1009 901 1043 pro
929 996 1164 1043 aspiratione⁴⁵
1188 1011 1303 1033 eorum
1331 1012 1348 1034 s
1374 1001 1469 1034 litera
1496 1003 1622 1046 posita,
1658 1008 1693 1035 ut
1720 1006 1754 1043 ἕξ
1780 999 1880 1047 sex⁴²⁸,
1913 1002 2004 1039 ἑπτά

163 1056 291 1094 septem
301 1047 335 1081 ⁴⁷.

58 1100 277 1148 Suffibulum
303 1101 531 1134 vestimentum
560 1102 688 1142 album,
715 1106 942 1145 praetextum,
969 1102 1256 1147 quadrangulum,
1284 1103 1470 1148 oblongum
1480 1101 1515 1146 ⁴⁸,
1548 1105 1641 1148 quod
1667 1105 1699 1137 in
1724 1105 1833 1150 capite
1856 1105 2002 1139 Vestales

160 1154 305 1198 virgines
315 1150 339 1170 4⁹
361 1153 581 1187 sacrificantes
607 1153 794 1193 habebant,
838 1153 939 1196 idque
950 1150 975 1169 5⁰
994 1154 1099 1187 fibula
1127 1154 1487 1199 comprehendebatur.

60 1203 312 1238 Summunalia
338 1205 406 1237 liba
431 1201 627 1237 farinacea⁵¹
651 1205 684 1236 in
711 1205 850 1237 modum
879 1210 971 1237 rotae
999 1202 1119 1238 ficta⁵².

61 1253 251 1289 Sc1nates5³
271 1256 349 1288 dicti
375 1261 466 1296 sunt,
509 1257 565 1299 qui
592 1267 692 1300 supra
717 1256 870 1299 infraque
895 1257 1042 1289 Romam
1070 1257 1320 1296 habitaverunt;
1362 1257 1455 1300 quod
1482 1268 1604 1290 nomen
1632 1257 1708 1291 ideo
1736 1257 1788 1291 his
1815 1255 1896 1291 est⁵⁴
1917 1258 2003 1292 indi-

162 1313 231 1339 tum
242 1303 276 1348 ⁵⁵,
308 1304 429 1350 quia⁵⁶,
457 1319 559 1350 quum
588 1307 787 1341 defecissent
814 1320 832 1340 a
860 1308 1037 1349 Romanis,
1075 1309 1165 1341 brevi
1192 1313 1269 1353 post
1294 1309 1327 1340 in
1354 1309 1531 1342 amicitiam
1559 1309 1651 1353 quasi
1678 1315 1789 1343 sanata
1816 1315 1924 1343 mente
1950 1322 2004 1343 re-

166 1358 303 1391 dierunt.

61 1408 137 1443 Sca·
164 1409 289 1442 Testae
315 1409 518 1443 sacerdotes
545 1409 739 1442 constitutae
768 1406 904 1450 erant-³⁷,
937 1414 972 1442 ut
997 1411 1143 1456 populus
1170 1422 1233 1455 pro
1261 1422 1318 1445 sua
1346 1411 1484 1454 quisque
1509 1416 1606 1456 parte
1632 1410 1772 1444 haberet
1782 1408 1806 1428 ⁵⁸
1825 1411 2004 1445 ministram

161 1472 347 1502 sacrorum,
389 1461 466 1504 quia
493 1462 604 1495 civitas
631 1461 785 1493 Romana
812 1462 844 1494 in
872 1473 927 1495 sex
955 1459 1057 1495 erat⁵⁹
1078 1463 1252 1496 distributa
1278 1468 1405 1507 partes:
1448 1463 1482 1495 in
1507 1463 1633 1507 primos
1659 1459 1923 1506 secundosque⁶⁰
1942 1463 2004 1496 Ti-

160 1509 321 1554 tieusesffl,
359 1509 547 1553 Ramnesffl,
582 1513 738 1546 Luceres.

62 1562 262 1596 sublucare
290 1562 435 1597 arbores
462 1570 508 1597 est
533 1575 643 1596 ramos
672 1576 783 1597 earum
812 1571 1013 1608 supputare,
1057 1571 1088 1597 et
1114 1566 1216 1598 veluti
1244 1565 1356 1598 subtus
1383 1565 1492 1599 lucem
1519 1566 1666 1603 mittere3
1707 1566 1893 1599 conlucare
1903 1562 1928 1581 ⁶³
1946 1577 2005 1599 au-

161 1620 226 1646 tem
255 1615 385 1648 succisis
412 1616 585 1648 arboribus
611 1615 724 1648 locum
752 1615 828 1648 luce
855 1612 1040 1659 implereffl.

62 1663 239 1709 Spurcum
267 1666 376 1698 vinum
403 1663 602 1707 dicebantffi,
642 1678 743 1710 quum
772 1678 858 1710 aqua
885 1666 1049 1707 admixta,
1093 1672 1148 1700 aut
1176 1667 1255 1712 igne
1281 1672 1405 1701 tactum
1433 1673 1519 1707 erat,
1561 1664 1788 1706 mustumveffi,
1829 1673 2005 1711 antequam

1683 849 1733 881 Ea
1761 849 1822 882 diis
1849 861 1890 883 eo
1917 856 2003 884 tem—

162 1717 375 1751 defervescat.

62 1811 158 1849 citur]
177 1812 297 1849 proelia
316 1811 459 1839 dicuntur
482 1813 512 1839 Β.
536 1813 590 1841 Gu.
606 1815 634 1844 2.
665 1829 704 1834 -—
734 1814 780 1849 39)
804 1823 882 1841 cons.
904 1812 1008 1852 temp]
1052 1829 1092 1834 —
1115 1814 1162 1848 43)
1186 1812 1316 1850 oblong.]
1332 1813 1409 1849 long.
1424 1813 1454 1842 L.
1479 1828 1519 1833 —-
1542 1814 1588 1847 49)
1614 1812 1758 1852 uilgines]
1772 1822 1829 1842 om.
1842 1813 1874 1842 L.
1899 1828 1935 1834 -—
1958 1815 2002 1845 50)

62 1859 147 1892 temp.
170 1864 248 1882 cons.
271 1855 301 1883 L.
315 1854 346 1882 Β.
361 1854 400 1883 Μ.
423 1865 468 1892 pr.
498 1871 539 1875 —
569 1859 613 1888 ἀι)
645 1856 760 1883 Graeco
781 1854 887 1894 σχολή]
910 1857 957 1884 Sic
975 1856 1008 1885 B.
1052 1854 1160 1893 idque]
1185 1855 1220 1882 z'a'
1235 1854 1317 1893 quod
1332 1855 1387 1882 Gu.
1402 1858 1428 1885 1.
1453 1871 1492 1876 —
1515 1858 1561 1891 51)
1576 1856 1761 1894 farinacea]
1777 1857 1942 1893 sarmacia
1958 1865 2002 1893 pr.

62 1892 191 1935 σχολάζω
209 1896 305 1934 vulg„
332 1896 410 1925 uude
428 1897 496 1926 edit.
512 1897 602 1935 prino.
618 1898 722 1926 omissa
739 1897 852 1926 Graeca
867 1908 941 1927 voce
959 1908 1008 1926 ex·
1048 1913 1092 1919 —
1115 1901 1158 1930 52)
1174 1897 1269 1935 ficta]
1295 1907 1350 1927 om.
1371 1897 1427 1926 Gu.
1446 1899 1473 1929 1.
1507 1913 1542 1918 —
1574 1900 1618 1934 ὁὸ)
1641 1899 1784 1936 ὁάηαίεε]
1809 1898 1857 1926 Sic
1875 1898 1999 1935 glossam

60 1938 144 1967 hibet
160 1949 240 1966 rac-o.
271 1938 328 1967 Sed
343 1949 396 1967 om.
409 1939 553 1968 Graecum
568 1940 599 1968 L.
609 1940 645 1969 M.
664 1941 720 1970 Gu.
733 1942 758 1971 1.
770 1943 799 1971 2.
823 1957 863 1961 —
887 1940 933 1980 34)
947 1951 1008 1968 me-

1049 1939 1189 1968 exhibent
1203 1939 1291 1970 codd.
1307 1944 1335 1968 et
1353 1939 1420 1968 edit.
1437 1940 1529 1977 princ.
1559 1941 1664 1979 Scalig.
1680 1940 1773 1978 dedit,
1797 1950 1873 1979 quae
1889 1944 1958 1969 sunt
1972 1940 2002 1969 iu

61 1980 179 2016 ridiem]
196 1981 273 2009 diem
288 1982 317 2010 B.
341 1998 374 2002 -
396 1982 442 2020 35)
459 1982 655 2021 vocabantur]
668 1983 901 2021 appellabantur
915 1984 970 2012 Gu.
982 1985 1008 2014 1.

1051 1981 1166 2010 schedis
1181 1982 1269 2010 Festi.
1356 1983 1400 2020 54)
1423 1982 1472 2009 his
1491 1982 1549 2021 esc]
1573 1989 1616 2011 est
1636 1985 1676 2011 iis
1690 1984 1722 2012 B.
1766 1984 1806 2011 iis
1823 1993 1882 2012 om.
1903 1983 1959 2011 Gu.
1976 1987 2002 2014 1.

60 2040 100 2045 —
123 2024 171 2063 36)
195 2030 317 2062 argento
341 2023 490 2062 auroque]
513 2025 561 2053 Sic
584 2025 616 2054 L.
630 2026 661 2055 B.
681 2026 717 2054 M.
740 2026 795 2053 Gu.
813 2028 840 2056 1.
859 2028 888 2056 2.
933 2036 1007 2053 auro

1050 2040 1092 2046 —
1114 2024 1159 2063 55)
1183 2023 1333 2062 inditum]
1359 2023 1507 2054 indictum
1527 2025 1561 2054 L.
1583 2037 1628 2064 pr.
1650 2042 1691 2047 —-
1710 2026 1763 2062 56).
1777 2024 1871 2064 qula]
1895 2025 1943 2053 Sic
1962 2025 2001 2055 M.

61 2071 243 2105 argentoque
257 2066 336 2103 vulg.
359 2083 392 2088 -
415 2070 460 2100 ³7)
475 2067 662 2105 ft.rum]fixo
679 2069 706 2095 1..
722 2078 768 2106 pr.
778 2069 806 2096 S.
829 2068 899 2105 fisa
913 2068 1006 2098 Gu.1.
1052 2067 1108 2095 Gn.
1124 2070 1150 2098 1.
1163 2069 1191 2098 2.
1209 2078 1256 2106 pr.
1297 2068 1350 2105 qut
1364 2067 1443 2105 vulg.
1471 2085 1507 2089 —
1531 2071 1579 2106 57)
1605 2066 1704 2108 erant]
1718 2069 1850 2105 fuerant
1863 2068 1896 2097 B.
1929 2074 2002 2096 sunt

60 2124 103 2130 —-
123 2112 168 2144 35)
194 2112 274 2144 aere]
299 2119 331 2136 ea:
351 2120 417 2136 aere
434 2109 466 2137 B.
490 2127 524 2130 —
553 2112 598 2144 39)
613 2109 813 2149 flaminicae]
828 2111 1007 2147 Jlamim'ce-
1050 2110 1079 2138 S.
1103 2126 1142 2130 —
1166 2112 1209 2144 53)
1224 2115 1315 2148 pulte
1334 2109 1470 2148 haberet]
1492 2110 1611 2139 haberet
1626 2116 1714 2149 parte
1733 2111 1761 2141 L.
1786 2126 1828 2132 —
1848 2114 1893 2145 59)
1919 2113 2000 2146 erat]

62 2161 118 2189 que
131 2151 162 2179 L.
185 2167 226 2173 -
248 2152 296 2186 40)
320 2152 471 2186 Secivum]
496 2153 613 2180 Secium
628 2153 660 2182 L.
679 2153 709 2181 B.
727 2153 782 2180 Gu.
802 2156 827 2184 1.
845 2153 874 2182 S.
895 2169 936 2174 —-
961 2154 1007 2187 41)
1050 2157 1093 2180 est
1107 2153 1135 2179 S.
1159 2168 1197 2173 -—
1221 2155 1265 2186 60)
1280 2151 1494 2191 secundosque]
1511 2153 1656 2182 secundos
1672 2164 1709 2181 ac
1723 2155 1825 2181 tertios
1838 2153 1868 2181 L.
1892 2170 1934 2175 —
1954 2156 1999 2185 61)

60 2193 197 2232 secatur]
220 2193 381 2222 secabatur
398 2194 428 2223 L.
445 2194 476 2224 B.
492 2194 547 2222 Gu.
562 2197 588 2225 1.
610 2211 651 2216 —
674 2194 718 2233 42)
743 2194 866 2231 molito]
890 2194 1007 2222 mollito
1056 2193 1216 2232 :linens-es]
1246 2195 1407 2223 Titinenses
1421 2195 1454 2224 B.
1505 2196 1652 2224 Tutienses
1669 2196 1700 2226 L.
1722 2211 1764 2218 —
1786 2195 1834 2234 62)
1855 2196 1999 2232 Ramnes]

61 2245 106 2274 pr.
127 2236 155 2266 S.
178 2252 218 2257 ·—
241 2235 287 2275 43)
311 2238 359 2264 usi
375 2236 464 2274 mml]
485 2237 635 2275 ponebant
656 2237 687 2266 B.
714 2253 748 2258 -—
775 2238 819 2275 44)
843 2238 935 2275 quia]
959 2236 1007 2265 Sic
1050 2238 1235 2265 Ramnenses
1247 2237 1278 2266 B.
1297 2253 1339 2259 -—
1360 2237 1408 2275 63)
1434 2238 1607 2277 conlucare]
1628 2240 1781 2267 collacare
1794 2238 1827 2267 B.
1847 2238 1904 2268 Gu.
1921 2241 1946 2269 1.
1960 2252 1999 2259 -

60 2278 99 2308 M.
119 2279 175 2307 Gu.
190 2281 218 2310 2.
263 2278 347 2317 qaod
362 2279 442 2316 vulg.
468 2295 502 2300 -
527 2280 572 2310 45)
591 2290 648 2317 pro
669 2278 746 2317 asp]
765 2289 819 2317 per
839 2281 1007 2318 aspiratio-
1049 2281 1094 2314 64)
1118 2280 1182 2308 luce
1197 2279 1333 2317 implere]
1360 2280 1408 2309 Sic
1423 2280 1456 2309 L.·
1471 2281 1506 2310 B.
1524 2281 1561 2310 M.
1579 2282 1635 2310 Gu.
1655 2285 1681 2314 1.
1700 2285 1727 2314 2.
1747 2291 1791 2320 pr.
1835 2280 1919 2320 impl.
1934 2280 1998 2307 lnce

59 2331 125 2349 nem
142 2321 197 2349 Gu.
211 2324 236 2352 1.
259 2339 299 2342 —
320 2323 367 2357 46)
392 2321 421 2357 ἕξ
436 2320 496 2359 Sex]
518 2332 567 2349 sex
581 2321 610 2358 ἕξ
625 2322 655 2350 Β.
695 2331 750 2351 om.
768 2321 798 2358 ἕξ
815 2322 872 2351 Gu.
888 2325 913 2353 1.
952 2323 1007 2350 faex
1048 2322 1130 2360 vulg.
1150 2338 1192 2345 —
1214 2325 1258 2357 65)
1282 2321 1438 2361 dicebant]
1463 2334 1518 2354 om.
1533 2323 1565 2352 L.
1590 2340 1630 2347 -—
1653 2323 1698 2362 66)
1721 2322 1908 2361 mammam]
1931 2331 1997 2349 mu-

62 2373 106 2401 pr.
148 2374 197 2391 sex
212 2374 268 2393 om.
285 2373 329 2403 pr.
355 2381 393 2385 —
416 2367 461 2398 47)
485 2361 557 2393 ἑκτά
573 2363 692 2403 Septem]
714 2370 821 2402 septem
836 2375 890 2392 om.
906 2364 944 2393 M.
958 2375 1004 2403 pr.
1048 2370 1188 2403 stumque
1203 2364 1259 2394 Gu.
1276 2368 1301 2396 1.

62 2410 90 2434 et
106 2405 224 2435 exhibet
237 2407 333 2444 hepta.
377 2404 449 2437 ἑπτά
473 2416 529 2435 om.
553 2406 607 2436 Gu.
621 2409 646 2438 1.
691 2416 723 2435 ex
739 2408 789 2436 Gr,
813 2413 882 2445 sept.
905 2417 961 2436 om.
974 2407 1004 2435 L.
