2263 2668
542 571 967 617 PRAEFATIO
1025 571 1307 616 ANGELI
1365 572 1542 619 ΜΑΙΙ.

66 786 182 852 Opus
209 803 465 850 grammaticum
499 803 592 847 quod
629 806 812 837 extremum
837 804 871 837 in
896 815 971 837 mea
997 803 1223 837 Frontoniana
1249 803 1407 838 Editione
1434 806 1662 842 excudendum
1691 820 1792 852 curo,
1826 812 2012 848 inscribitur

63 858 98 891 in
121 856 251 891 Codice
279 856 499 890 Ambrosiano
528 855 586 899 (D.
617 854 703 888 498.
729 859 805 901 part
831 855 905 900 inf.)
937 855 1163 890 CORNELII
1189 855 1463 891 FRONTONIS
1494 858 1720 895 EXEMPLA
1746 863 2012 900 ELOCUTlo-

63 909 183 942 NUM.
235 908 307 941 Iam
333 907 390 940 hic
406 907 525 940 Codex
551 907 654 952 longe
675 907 757 940 alius
784 912 846 950 est,
873 912 973 951 atque
1000 907 1241 952 antiquissimus
1266 908 1515 953 Palimpsestus,
1544 922 1583 943 ex
1609 923 1676 954 quo
1703 915 1874 959 superiora
1901 916 2011 949 Fron-

62 960 149 993 tonis
175 959 310 1004 Scripta
334 958 542 1003 prodierunt.
597 959 711 1000 Quum
737 958 821 991 mihi
855 959 1066 1003 exploratum
1093 960 1153 1001 sit,
1187 959 1257 993 hoc
1292 959 1389 1004 Opus
1423 961 1466 994 ab
1503 962 1573 994 aliis
1607 964 1705 997 tribui
1738 967 1900 1000 Arusiano
1935 968 2011 1011 (seu

63 1011 265 1056 Volusiano)
292 1010 407 1044 Messo
438 1010 597 1053 sequioris
625 1010 698 1043 aevi
730 1010 853 1043 oratori
886 1016 919 1043 et
948 1012 1186 1056 grammatico,
1219 1012 1445 1056 proponenda
1471 1013 1582 1046 censui
1613 1016 1777 1058 quaedam
1804 1025 2010 1064 argumenta,

64 1064 109 1097 ob
136 1075 223 1108 quae
247 1062 410 1096 Frontoni
431 1068 544 1094 nostro
572 1061 784 1095 asserendum
810 1062 996 1095 videbatur.

229 1113 264 1148 1.
315 1114 395 1148 Hoc
421 1113 517 1158 Opus
551 1113 585 1146 in
619 1113 749 1147 Codice
774 1114 998 1147 Ambrosiano
1031 1125 1152 1147 nomen
1187 1113 1335 1147 Cornelii
1368 1114 1566 1158 Frontonis,
1602 1122 1637 1150 ut
1663 1118 1750 1164 dixi,
1784 1120 1903 1155 diserte
1928 1133 2012 1168 prae

65 1177 101 1199 se
126 1166 202 1200 fert.

228 1215 262 1248 2.
315 1213 459 1248 Codices
493 1215 586 1247 nullo
621 1215 692 1248 sere
728 1215 760 1248 in
801 1216 879 1250 loco
920 1216 1119 1260 antiquiores
1155 1216 1396 1259 nobilior-esve,
1438 1230 1537 1261 quam
1572 1219 1604 1252 in
1645 1220 1819 1255 Coenobio
1850 1223 2010 1258 Bobiensi

62 1268 204 1301 fuerunt.
256 1266 409 1300 Iamvero
435 1267 467 1299 in
494 1267 561 1299 eius
588 1266 752 1300 coenobii
779 1268 901 1312 pluteis
927 1269 1013 1301 inter
1038 1268 1120 1300 alios
1148 1267 1394 1302 Grammaticos
1419 1276 1545 1303 veteres
1570 1272 1721 1305 Cornelii
1748 1285 1879 1318 quoque
1896 1275 2010 1309 Fron-

61 1319 152 1352 tonis
176 1318 394 1363 Elegantiae
420 1318 553 1351 latinae
580 1319 777 1351 exstiterunt.
833 1320 914 1352 Eius
947 1320 994 1353 rei
1020 1319 1110 1354 testis
1138 1325 1187 1353 est
1221 1321 1407 1353 luculentus
1441 1322 1474 1354 in
1508 1334 1564 1355 sua
1599 1323 1818 1369 Geographia
1856 1327 2011 1361 Volater-

61 1382 159 1403 ranus
209 1369 262 1403 his
289 1370 410 1403 verbis:
461 1370 551 1410 „Hic
578 1370 627 1413 (in
658 1371 819 1403 Bobiensi
847 1370 1048 1416 Coenobio)
1083 1382 1169 1404 anno
1196 1371 1502 1406 MCCCCXCIHI.
1531 1374 1759 1408 huiuscemodi
1786 1377 1859 1410 libri
1885 1380 2009 1423 reperti

61 1426 166 1466 „sunt
193 1446 201 1454 .
228 1446 236 1454 .
265 1447 272 1455 .
300 1446 308 1454 .
335 1422 554 1454 Terentianus
589 1422 728 1455 Maurus
762 1423 805 1456 de
839 1422 959 1464 literis,
993 1423 1125 1468 syllabis
1161 1427 1194 1456 et
1228 1424 1341 1456 metris
1375 1425 1479 1458 omnis
1514 1427 1653 1470 generis.
1713 1427 1844 1461 Caesius
1877 1430 2008 1464 Bassus.

60 1473 203 1516 „Velius
229 1473 369 1518 Longus
396 1473 439 1506 de
467 1473 722 1518 orthographia.
774 1474 993 1509 Adamantius
1020 1475 1199 1519 Martyrius
1228 1475 1271 1508 (le
1295 1476 1325 1508 B
1353 1476 1447 1509 litera
1474 1483 1582 1518 muta,
1619 1483 1651 1511 et
1677 1479 1709 1511 V
1734 1480 1852 1513 vocali.
1904 1482 2009 1515 Probi

61 1549 83 1567 „
93 1525 269 1558 catholica.
327 1525 480 1558 Cornelii
506 1525 689 1559 Frontonis
711 1525 930 1571 Elegantius
956 1527 1098 1560 latinae.
1151 1526 1288 1572 Sergius
1314 1529 1549 1572 grammaticus
1576 1528 1619 1561 de
1644 1529 1737 1562 litera
1765 1533 1850 1565 etc.“
1901 1533 2008 1566 Porro

59 1576 276 1622 Elegantius
301 1576 432 1610 latinas
461 1576 613 1610 Cornelii
638 1577 822 1611 Frontonis
848 1578 919 1621 quis
944 1579 1035 1611 aliud
1056 1579 1216 1611 existimet
1242 1591 1342 1622 quam
1374 1579 1441 1612 hoc
1468 1579 1652 1623 Scriptum,
1686 1581 1866 1628 Exempla
1892 1585 2010 1617 elocu—

59 1628 206 1668 tionum,
234 1639 319 1671 quae
345 1639 463 1673 reapse
496 1633 569 1661 sunt
595 1629 794 1674 Elegantiae
820 1630 979 1663 sermonis
1006 1630 1122 1663 latini?
1154 1631 1274 1674 Neque
1309 1630 1394 1662 enim
1428 1630 1484 1662 hic
1518 1631 1628 1664 titulus
1655 1635 1809 1666 convenit
1843 1635 1898 1666 alii
1920 1635 2008 1668 Cor—

61 1680 142 1713 nelii
169 1680 346 1713 Frontonis
373 1679 547 1725 Opusculo
573 1682 653 1714 item
680 1682 901 1726 grammatico
932 1682 1023 1715 edito
1052 1688 1085 1715 et
1110 1682 1267 1726 inscripto
1293 1680 1352 1713 De
1377 1679 1599 1727 Dzfferentiis
1625 1683 1893 1727 vocabulorum,
1920 1697 2008 1729 quae

59 1731 129 1765 dici
154 1730 375 1777 Elegantius
408 1732 542 1765 latinae
573 1733 628 1765 rix
660 1744 759 1776 posse
787 1733 949 1769 videntur.
1004 1734 1099 1779 Ergo
1134 1733 1300 1771 Libellus,
1336 1731 1516 1777 Exempla
1550 1734 1777 1767 elocutionum
1814 1735 1846 1768 in
1881 1736 2009 1771 Codice

59 1783 218 1817 Bobiensi
244 1783 401 1816 Cornelio
428 1783 590 1816 Frontoni
613 1784 797 1829 adscriptus
825 1785 895 1818 fuit.
949 1785 1068 1819 Codex
1096 1790 1206 1818 tamen
1235 1783 1488 1825 Ambrosianus,
1516 1796 1584 1827 quo
1611 1796 1670 1817 nos
1697 1786 1837 1829 utimur,
1866 1799 1933 1821 non
1961 1794 2008 1823 est

62 1835 228 1878 antiquus,
254 1846 317 1868 nec
336 1835 510 1868 Bobiensis
536 1836 677 1877 videtur,
701 1837 759 1869 sed
786 1837 920 1869 omnino
941 1838 1073 1870 saeculo
1096 1835 1185 1868 XVI.
1208 1834 1355 1878 scriptus.

225 1885 258 1918 3.
312 1886 453 1920 Carolus
480 1888 637 1932 Sigonius
663 1888 721 1931 qui
747 1889 952 1933 Fragmenta
982 1887 1149 1922 Ciceronis
1176 1886 1302 1929 primus
1336 1885 1489 1931 collegit,
1519 1890 1669 1927 testatur,
1706 1899 1740 1921 se
1767 1888 1810 1921 ad
1836 1902 1909 1924 eam
1936 1903 2007 1925 rem

61 1936 190 1971 Codice
225 1947 318 1970 usum
370 1950 457 1980 esse,
506 1940 539 1971 in
578 1950 646 1983 quo
683 1945 751 1972 erat
787 1939 997 1985 Opusculum
1041 1937 1192 1972 Cornelii
1224 1937 1406 1970 Frontonis
1436 1937 1617 1983 Exempla
1658 1939 1894 1976 elocutionum.
1954 1944 2008 1977 En

60 1988 128 2022 eius
146 1988 249 2020 verba
276 1988 318 2020 ad
346 1989 514 2023 Ciceronis
533 1991 626 2023 Libri
653 1991 678 2024 I.
707 1991 750 2024 de
777 1992 864 2035 Rep.
894 1992 1132 2034 Fragmentum
1159 1989 1316 2033 primum:
1342 1989 1444 2030 „Hoc
1459 1989 1712 2034 Fragmentum,
1740 1997 1776 2024 ut
1801 1994 1905 2026 multa
1932 2000 2008 2040 post

60 2040 170 2082 „alia,
199 2050 240 2072 ex
268 2039 414 2073 Cornelii
441 2042 618 2075 Frontonis
646 2043 858 2087 grammatici
892 2042 1009 2074 veteris
1044 2041 1131 2073 libro
1164 2040 1311 2084 quodam
1347 2041 1403 2083 qui
1432 2041 1658 2075 elocutionum
1684 2042 1866 2090 Exempla
1891 2045 2008 2080 inscri-

59 2097 165 2137 „ptus
194 2095 260 2131 est,
291 2096 454 2125 mutuatus
481 2105 570 2126 sum:
604 2105 704 2137 quem
731 2094 855 2126 librum
882 2104 921 2125 ex
947 2093 1067 2125 intimis
1094 2092 1238 2125 Rainutii
1264 2091 1430 2133 Fal-nesii,
1466 2092 1649 2126 Cardinalis
1676 2094 1901 2140 illustrissimi,
1929 2097 2007 2131 the-

60 2143 210 2186 „sauris,
246 2141 382 2174 domino
406 2144 478 2187 ipso
507 2145 713 2178 concedente
742 2149 910 2188 sumptum
945 2143 988 2176 ad
1024 2156 1078 2177 me
1109 2145 1219 2177 Roma
1247 2144 1372 2176 iuvenis
1407 2145 1630 2178 ornatissimus
1665 2152 1764 2190 atque
1801 2147 2006 2182 doctissimus

62 2195 225 2237 „Fulvius
253 2193 408 2233 Ursinus,
429 2196 552 2229 amicus
581 2208 688 2235 meus,
717 2196 810 2229 misit.
864 2195 932 2228 Hic
959 2200 1087 2236 autem,
1118 2207 1194 2229 cum
1220 2196 1393 2240 praeclara
1415 2197 1517 2229 multa
1541 2208 1646 2240 eaque
1678 2199 1847 2244 incognita
1870 2199 2008 2233 Cicero-

62 2247 139 2291 „nis
163 2245 205 2278 ad
234 2246 357 2288 antiqui
382 2248 539 2279 sermonis
567 2248 725 2279 formulas
747 2247 1018 2279 demonstrandas
1050 2248 1203 2292 exempla
1231 2248 1412 2287 contineat,
1443 2247 1530 2281 adeo
1563 2249 1645 2281 mihi
1679 2249 1722 2282 ad
1755 2251 1841 2284 haec
1870 2253 2006 2285 concin-

63 2298 201 2342 ,‚nanda
229 2297 431 2341 Fragmenta
465 2298 527 2330 suit
563 2297 777 2339 commodus,
809 2304 861 2338 ut,
903 2298 1066 2343 quidquid
1100 2300 1136 2333 iis
1169 2299 1351 2332 ornamenti
1385 2299 1451 2334 hac
1476 2311 1563 2333 nova
1590 2301 1733 2335 editione
1754 2303 1944 2346 accesserit,
1970 2302 2004 2334 id

149 2416 174 2456 1)
199 2416 261 2445 Lib.
286 2417 315 2448 4.
343 2427 435 2456 prope
459 2417 556 2445 finem.

1489 2461 1543 2495 Cc
1570 2461 1590 2483 *
