2263 2668
224 159 301 193 628
651 155 996 191 COMMENTARH
1020 159 1070 192 IN
1095 157 1241 192 PAULI
1266 157 1463 193 DIACONI
1489 159 1745 196 EXOERPTA

224 258 289 282 tum
311 252 373 280 sive
396 251 525 279 volatum
550 247 757 276 observabant.
803 248 853 277 Ex
876 248 1029 289 tripudiis,
1068 261 1136 279 cum
1161 250 1217 279 offa
1242 261 1279 280 ex
1303 262 1355 280 ore
1379 252 1530 290 pullorum
1554 252 1618 282 sive
1640 253 1730 282 alicui
1754 252 1842 292 qnid,
1881 254 1962 292 quod
1985 257 2112 287 sonitum
2134 259 2177 288 sa-

224 300 319 332 ceret,
343 293 473 322 cadebat.
509 289 560 318 Eae
582 289 836 330 quadrupedibus,
859 301 927 319 cum
950 302 981 320 se
1004 293 1214 332 quadrupedes
1237 294 1449 330 ostendebant,
1475 305 1550 333 quae
1573 296 1706 335 auspicia
1730 296 1907 324 dicebantur
1928 296 2084 336 pedestria.
2124 301 2178 331 Ex

223 337 311 373 diris,
334 346 400 364 cuni
425 333 482 361 diri
506 333 619 370 aliquid
644 334 821 372 apparebat,
847 335 940 362 veluti
964 336 1107 374 strepitus
1131 346 1198 365 cum
1221 337 1356 365 fremitu:
1380 342 1413 365 ut
1436 338 1516 375 apud
1540 338 1633 367 Cicer.
1652 339 1734 368 Orat.
1756 339 1792 367 de
1814 338 2004 377 haruspicum
2028 351 2176 380 respons.:

225 378 313 418 Quod
335 379 364 405 in
387 386 459 414 agro
482 374 650 403 Latiniensi
671 375 790 405 auditus
812 384 852 404 est
875 378 1010 416 strepitus
1033 390 1098 407 cum
1113 377 1255 420 fremitu,
1285 378 1445 408 exauditus
1467 381 1497 408 in
1520 391 1593 419 agro
1613 382 1780 421 propinquo
1803 388 1829 410 et
1852 380 2020 412 suburbano
2041 385 2178 424 strepitus

221 420 342 462 quidam
367 415 533 446 reconditus
556 424 582 445 et
604 416 754 447 horribilis
769 418 914 459 fremitus
936 430 1101 457 armorum,
1126 419 1161 449 de
1182 432 1216 449 ea
1238 434 1267 450 re
1288 423 1429 460 scriptum
1452 429 1510 459 est,
1531 422 1745 462 postulationes
1767 435 1825 453 esse
1841 422 1921 460 Iovi,
1945 423 2092 464 Saturno,
2116 426 2178 456 Ne-

218 471 323 502 ptuno,
360 458 487 494 Telluri,
524 459 591 487 Diis
615 458 792 489 Caelestibus
815 466 871 490 etc.
915 462 990 490 Iteni
1020 473 1088 491 cum
1118 464 1254 493 victimae
1283 475 1319 493 ex
1347 464 1405 492 aris
1428 465 1596 502 fugiebant,
1635 476 1702 494 cuni
1726 466 1756 494 in
1781 466 1858 495 extis
1882 477 1934 495 cor
1958 472 2008 496 aut
2031 474 2123 508 caput
2145 470 2176 499 in

219 504 350 533 iecinore
372 513 431 530 non
456 502 573 538 suisset,
599 513 674 540 quae
694 503 834 543 pestifera
856 505 991 544 auspicia
1015 505 1199 537 dicebantur.
1231 507 1302 535 Vide
1323 506 1472 546 pestifera.
1504 508 1598 537 Fuere
1621 513 1650 537 et
1672 509 1729 537 alia
1752 509 1956 547 auspiciorum
1978 520 2100 548 genera,
2125 522 2177 542 ve-

218 546 275 575 luti
299 545 467 584 auspicium
489 555 526 573 ex
549 545 694 582 anguibus
718 550 746 574 et
769 547 906 584 piscibus.
951 548 1121 585 Auspicium
1146 559 1183 578 ex
1208 550 1343 587 fulgure,
1380 550 1520 586 fulmine,
1554 551 1676 580 tonitru.
1723 552 1894 590 Auspicium
1919 562 1955 580 ex
1977 554 2174 591 acuminibus,

218 588 251 617 id
280 593 323 617 est
351 598 388 616 ex
418 588 545 616 telorum
575 588 689 625 superis
719 598 752 616 ac
781 589 883 618 inferis
916 590 1098 629 cuspidibus.
1149 592 1322 630 Auspicium
1353 602 1390 620 ex
1421 593 1628 631 peremnibus,
1669 604 1737 622 cum
1766 595 1862 623 Duces
1894 594 1957 624 sive
1985 597 2175 634 magistratus

219 641 319 660 amnes
337 631 490 670 auspicato
506 635 668 659 transeunt.
699 631 873 670 Auspicium
890 632 972 671 iuge,
997 633 1080 672 quod
1097 644 1136 663 ex
1153 634 1255 664 iuncto
1273 636 1412 664 iumento.
1449 637 1489 664 De
1509 637 1618 675 quibus
1635 637 1774 666 omnibus
1791 637 1962 675 singulatim
1980 638 2059 668 alibi.
2081 639 2173 670 Dae.

770 729 801 762 A
854 730 885 763 D
990 730 1019 764 L
1071 731 1086 764 1
1138 731 1169 765 B
1222 732 1254 765 R
1306 731 1340 765 U
1393 731 1432 765 Μ
1511 733 1616 768 XVI.

380 800 535 844 Rufuli.
580 803 642 831 Liv.
664 803 715 833 lib.
727 804 789 833 Vll.
813 805 881 842 (5.):
920 803 991 834 Cum
1020 817 1052 835 eo
1082 818 1159 836 anno
1186 806 1345 847 placuisset
1371 806 1519 837 Tribunos
1547 806 1674 837 militum
1704 806 1746 836 ad
1773 806 1900 848 legiones
1923 808 2069 849 suffragio
2081 809 2173 847 fieri,-

216 855 284 873 nam
307 850 333 871 et
355 851 442 872 antea
466 845 541 873 sicut
564 856 658 880 nunc,
694 858 767 886 quos
787 846 921 888 Rufulos
944 856 1065 885 vocant,
1105 848 1297 890 Imperatores
1321 851 1380 890 ipsi
1400 849 1575 890 faciebant5
1610 848 1768 879 secundum
1791 852 1821 879 in
1844 862 1900 879 sex
1924 849 1999 880 locis
2021 851 2111 880 tenuit
2137 850 2172 881 T.

213 884 353 916 Manlius
374 885 413 915 L.
438 885 471 916 F.
516 887 583 916 Fuit
606 898 701 917 annus
724 890 873 918 CCCXCI.
897 890 933 919 ab
960 891 992 920 V.
1016 892 1049 920 C.
1072 892 1096 920 si
1119 894 1271 931 sequimur
1294 893 1385 921 fastos
1411 893 1604 930 Capitolinos.
1650 893 1731 921 Idem
1756 892 1804 921 lib.
1818 893 1869 921 IX.
1894 894 1986 930 (30.):
2021 892 2089 922 Duo
2113 893 2173 921 im-

212 928 295 968 peria
317 939 349 957 eo
372 939 451 957 anno
475 927 543 958 dari
565 938 668 970 coepta
690 943 742 970 per
761 931 919 971 populum,
950 941 1072 974 utraque
1091 935 1266 973 pertinentia
1288 934 1330 963 ad
1353 946 1409 963 rem
1433 934 1611 973 militarem5
1646 947 1735 963 unum
1759 943 1789 963 ut
1815 935 1941 964 Tribuni
1963 933 2090 964 militum
2112 935 2174 964 seni

213 969 281 999 deni
302 971 333 999 in
356 978 494 1010 quattuor
516 970 642 1012 legiones
663 984 681 1001 a
703 973 814 1013 populo
838 983 1012 1013 crearentur,
1035 988 1110 1016 quae
1132 985 1218 1006 antea
1239 989 1380 1017 perquam
1400 978 1505 1017 paucis
1526 977 1674 1018 suffragio
1695 976 1801 1016 populi
1824 976 1933 1007 relictis
1956 976 2039 1014 locis,
2062 977 2173 1007 Dicta·

211 1020 307 1041 torum
332 1020 359 1041 et
384 1011 542 1042 Consulum
555 1014 658 1056 firme
670 1015 799 1057 fuerant
825 1017 971 1056 beneficia.
999 1018 1088 1048 tulere
1110 1031 1172 1048 eam
1197 1021 1374 1059 rogationem
1402 1019 1483 1049 Trib.
1503 1019 1580 1060 pleb.
1604 1019 1644 1048 L.
1667 1018 1800 1055 Atilius,
1841 1019 1872 1049 C.
1897 1020 2044 1050 Marcius.
2089 1019 2172 1048 Haec

211 1055 265 1084 illo
288 1065 365 1084 anno
390 1056 530 1085 CDXLll.
567 1058 631 1086 Vid.
655 1059 758 1096 Polyb.
784 1059 833 1088 lib.
846 1060 893 1090 VI.
917 1060 1007 1099 (19.)ι
1032 1061 1119 1091 Ant.
1143 1062 1238 1101 Aug.
1285 1062 1431 1090 Asconius
1456 1063 1573 1091 Pedian.
1596 1063 1627 1091 iu
1651 1061 1744 1092 divin.
1769 1063 1849 1101 (Pag.
1863 1064 1914 1095 56.
1937 1061 2060 1100 Lugd.):
2095 1062 2172 1091 Tri-

212 1097 354 1127 bunorum
376 1097 551 1128 militarium
575 1099 633 1130 duo
655 1109 722 1130 sunt
741 1113 864 1141 genera,
895 1104 1022 1142 primum
1045 1115 1158 1141 eorum,
1193 1105 1244 1144 qui
1266 1104 1378 1148 Rufuli
1403 1104 1559 1135 dicuntur.-
1598 1105 1629 1134 1ιί
1651 1105 1681 1133 in
1703 1105 1836 1134 exercitu
1858 1105 1953 1135 creari
1974 1103 2086 1143 solent3
2115 1102 2172 1133 alii

210 1147 278 1169 sunt
301 1141 464 1178 comitiari,
496 1143 548 1182 qui
569 1141 684 1172 Romae
706 1145 834 1173 comitiis
857 1143 1053 1184 designantur.
1099 1147 1188 1176 Dac.

374 1181 494 1212 Runa.
526 1184 590 1224 (Cf.
612 1185 742 1226 p.228.)
773 1185 894 1216 Runam
921 1188 1136 1227 interpretatur
1166 1189 1277 1228 pilum,
1315 1194 1343 1219 et
1366 1197 1518 1227 runatam,
1555 1190 1687 1229 pilatam.
1732 1189 1866 1219 Isidorus
1889 1195 1987 1219 tamen
2012 1194 2041 1218 et
2064 1187 2170 1227 Papias

209 1235 315 1253 ruriam
343 1235 492 1264 pugnam,
529 1232 557 1256 et
587 1236 723 1257 runatam
753 1230 929 1268 proeliatam
958 1232 1203 1270 interpretantur.
1247 1233 1281 1261 In
1307 1233 1386 1261 MSS.
1411 1233 1498 1261 etiam
1529 1233 1613 1262 Pauli
1642 1233 1732 1263 codd.
1757 1233 1841 1264 Voss.
1864 1232 2012 1272 scriptum
2042 1235 2171 1260 testatur

207 1266 354 1306 praeliata
378 1278 433 1306 pro
453 1268 560 1308 pilata.
606 1269 697 1299 Runa
721 1272 768 1300 vel
792 1284 808 1300 a
831 1284 883 1302 ruo
906 1278 1021 1309 sterno,
1051 1275 1097 1303 vel
1122 1286 1138 1303 a
1162 1274 1242 1312 ῤ’ύω,
1273 1283 1364 1304 tueor.
1402 1275 1566 1304 martinius.
1606 1276 1689 1311 Quae
1712 1281 1878 1314 sequuntur
1901 1275 1990 1314 plane
2013 1274 2170 1313 deplorata

209 1314 294 1345 sunt,
325 1310 447 1340 videtur
470 1312 582 1341 dixisse
608 1314 725 1351 Festus,
758 1324 863 1343 runam
887 1317 974 1344 etiam
999 1316 1087 1345 fuisse
1111 1328 1203 1355 genus
1227 1319 1351 1355 sagittae
1375 1319 1438 1346 sive
1461 1318 1528 1354 teli,
1559 1319 1640 1356 quod
1664 1329 1779 1347 veneno
1804 1318 1961 1356 ungebant.
1986 1317 2040 1345 Da
2051 1327 2076 1346 c.
2109 1315 2171 1355 (Ad

208 1352 374 1392 pag-222.)
401 1376 407 1383 .
423 1376 430 1383 .
446 1376 452 1383 .
469 1376 475 1383 .
491 1366 564 1384 nas.
605 1356 669 1383 Duo
693 1357 791 1396 capita
813 1357 863 1385 hic
885 1357 1091 1390 cohaeserunt.
1133 1361 1217 1388 Prius
1241 1361 1327 1388 etiam
1351 1361 1507 1395 mutilum,
1531 1361 1611 1397 lego:
1638 1359 1729 1389 Runa
1748 1372 1839 1400 genus
1862 1359 1929 1389 teli:
1954 1358 2079 1395 Ennius,
2102 1357 2169 1387 Ru-

208 1401 281 1422 nata
304 1394 427 1432 recedit,
458 1395 491 1425 id
513 1405 553 1426 est
573 1396 729 1437 proeliata.
776 1400 860 1435 Quae
882 1402 1098 1439 sequebantur,
1135 1402 1333 1431 adhaeserunt
1355 1407 1423 1441 post
1445 1401 1672 1431 Rodusculana.
1717 1403 1755 1431 At
1778 1413 1853 1441 quae
1876 1406 2045 1440 sequuntur
2068 1400 2169 1429 eadem

208 1437 351 1466 videntur
373 1448 435 1467 esse
460 1449 534 1477 quae
557 1451 649 1479 supra
673 1442 785 1479 (infra)
810 1443 841 1470 in
864 1446 1023 1482 rumitant,-
1063 1445 1094 1473 in
1117 1445 1153 1473 iis
1178 1446 1256 1473 enini
1280 1446 1433 1473 manifeste
1457 1450 1581 1483 apparet
1603 1445 1687 1473 locus
1711 1445 1828 1474 Naevii:
1865 1445 1961 1474 lector
1983 1448 2081 1472 tamen
2103 1453 2169 1472 mo-

208 1479 324 1509 nendus
348 1485 407 1515 est,
431 1481 460 1509 in
486 1482 617 1511 editione
641 1484 771 1512 Romana
794 1485 902 1514 rudera
928 1487 984 1514 ista
1007 1488 1150 1515 continuo
1173 1488 1256 1525 sequi
1280 1492 1346 1525 post
1370 1492 1460 1526 caput
1482 1486 1601 1526 Rufuli.
1648 1487 1735 1516 Duc.

372 1522 550 1554 Ructare.
596 1525 764 1555 Videndum
787 1533 832 1556 est
855 1539 890 1556 an
909 1529 969 1557 Cic.
989 1529 1120 1568 Philipp.
1136 1530 1170 1557 11.
1186 1530 1225 1567 (c.
1239 1531 1303 1566 25.)
1327 1537 1491 1558 ructaretur
1513 1530 1684 1567 scripserit,
1710 1540 1769 1567 quo
1791 1529 1858 1557 loco
1881 1530 1929 1557 cui
1951 1535 2066 1558 ructare
2087 1534 2169 1567 turpe

208 1571 279 1592 esset
300 1564 452 1596 habemus.
492 1568 595 1596 Posset
617 1568 693 1596 enim
718 1569 759 1598 ita
782 1570 854 1608 legi:
880 1571 928 1599 cui
949 1572 975 1599 si
998 1579 1162 1600 ructaretur
1185 1579 1266 1610 turpe
1288 1579 1366 1600 esset.
1390 1571 1478 1600 Ant.
1501 1571 1595 1610 Aug.
1637 1572 1776 1600 Usitatius
1798 1579 1914 1601 ructare
1936 1581 2025 1609 quam
2047 1570 2167 1600 ructari.

210 1607 306 1637 Gloss.
330 1613 490 1647 utrumque
512 1615 642 1648 ponunt:
673 1610 800 1648 Ructat,
824 1610 947 1653 ἐρεύγει.
986 1612 1151 1651 Ructatur,
1174 1611 1313 1653 ὄρίνεται.
1349 1613 1450 1643 Ructo
1473 1613 1510 1642 ab
1533 1612 1654 1655 ἐρεύγω.
1691 1614 1817 1644 Doctiss.
1840 1614 1921 1642 Duza
1943 1613 2021 1642 filius
2044 1612 2169 1652 putabat

208 1648 238 1677 in
260 1648 344 1679 hiatu
365 1651 458 1680 latere
482 1652 588 1681 Lucilii
611 1663 746 1682 versum:

787 1695 958 1727 Ructantur
980 1699 1093 1728 iuvenes
1114 1707 1140 1728 et
1162 1700 1255 1739 sputis
1280 1699 1379 1728 omnia
1391 1697 1534 1741 foedant.

209 1732 295 1762 Nulla
323 1739 421 1765 tamen
448 1736 511 1765 eius
540 1738 672 1777 vestigia.
702 1738 795 1769 Dae.
834 1740 909 1769 Vide
931 1741 1060 1770 Nonium
1091 1741 1175 1781 (pag.
1192 1743 1262 1774 164.
1286 1741 1396 1781 Merc.)
1424 1743 1454 1770 in
1476 1740 1602 1771 Ructus.
1632 1739 1740 1772 Goth.
1786 1739 1909 1770 Videres
1930 1738 2016 1771 alios.
2056 1738 2169 1768 νίᾶθῐῖδ

210 1775 289 1807 alias.
334 1777 444 1809 Idem.

371 1819 608 1861 Respersum.
654 1824 687 1852 L.
706 1834 744 1852 m.
768 1836 940 1865 resparsum.
964 1824 1068 1855 Fulv.
1096 1826 1172 1856 Urs.
1219 1827 1399 1865 Respersum
1421 1827 1524 1854 vinum
1547 1825 1710 1864 significat,
1741 1825 1811 1864 quia
1832 1825 1863 1854 in
1886 1825 1978 1854 sacris
2001 1825 2167 1855 Novendia-

211 1858 288 1888 libus
309 1862 380 1890 vino
404 1864 576 1902 sepulcrum
599 1867 803 1905 spargebatur.
833 1866 932 1897 Scal.
977 1869 1166 1898 Mortuerum
1188 1869 1343 1898 libationes
1367 1869 1520 1906 intelligit,
1552 1879 1624 1907 quas
1649 1869 1756 1897 Graeci
1779 1872 1889 1897 vocant
1911 1865 1993 1907 χοάς.
2032 1869 2069 1898 Et
2092 1868 2167 1898 bene

214 1911 366 1940 respersum
391 1906 508 1942 vinnm,
533 1908 602 1946 quia
627 1919 660 1937 eo
683 1910 853 1948 sepulcrum
877 1911 1081 1949 spargebatur.
1126 1912 1160 1940 In
1184 1911 1241 1941 fine
1264 1912 1345 1940 deest
1368 1916 1483 1941 tantum
1507 1922 1580 1951 quae
1602 1922 1688 1940 sacra
1705 1910 1819 1949 fiebant
1842 1909 1889 1939 die
1910 1921 1996 1940 nono.
2040 1910 2127 1940 Dae.

269 1984 274 1989 ¹
374 1946 546 1979 Romani.
576 1950 635 1989 (Ad
660 1962 690 1990 p.
704 1951 790 1992 222.)
820 1953 866 1981 Ad
889 1953 969 1982 hunc
992 1954 1093 1983 locum
1117 1956 1265 1994 pertinere
1289 1955 1435 1991 arbitror,
1472 1953 1555 1992 quod
1578 1953 1738 1992 Dionysius
1761 1953 1878 1990 scribit,
1916 1953 2063 1982 Romanos
2086 1955 2166 1982 cives

213 1985 421 2022 agriculturam
444 1995 473 2018 et
493 2001 554 2020 rem
577 1994 733 2023 militarem
763 1999 878 2024 tantum
909 1997 1091 2026 exercuisse:
1127 1997 1308 2026 sedentarias
1333 2007 1405 2026 vero
1429 2002 1508 2025 artes
1530 2006 1631 2025 servos
1655 2001 1684 2024 et
1707 1997 1851 2032 advenas,
1887 1996 1939 2034 qui
1961 1995 2039 2025 intra
2061 1996 2166 2025 urbem

212 2028 352 2065 permulti
376 2036 465 2061 erant.
503 2034 580 2063 Haec
601 2036 652 2066 lib.
667 2037 703 2067 II.
727 2042 756 2066 et
777 2038 830 2066 lx.
852 2038 942 2069 Ant.
965 2039 1058 2079 Aug.
1106 2040 1171 2068 Non
1196 2040 1354 2069 obscurum
1378 2044 1438 2076 est,
1462 2039 1546 2067 cuius
1570 2038 1696 2067 aedificii
1720 2040 1791 2068 oliin
1815 2038 1926 2067 fuerint
1947 2037 2022 2067 haec
2044 2038 2165 2075 rudera,

212 2068 304 2117 idque
327 2071 491 2117 aedilicium
514 2077 604 2114 magis
626 2089 746 2117 possum
770 2080 952 2118 describere,
978 2092 1065 2120 quam
1090 2093 1105 2110 a
1128 2083 1327 2112 fundamentis
1349 2083 1516 2112 redivivum
1540 2082 1714 2110 instaurare.
1752 2082 1832 2110 Haec
1853 2081 1946 2118 igitur
1968 2081 2023 2110 fuit
2046 2086 2165 2110 senten—

213 2115 254 2139 tia
277 2111 369 2140 Festi:
400 2114 522 2144 Romani
544 2120 659 2149 nullum
681 2122 717 2150 ab
740 2123 825 2152 initio
849 2124 1028 2153 exercebant
1050 2125 1225 2162 artificium,
1252 2135 1346 2164 neque
1369 2125 1452 2163 prius
1475 2134 1613 2153 exercere
1636 2129 1817 2163 coeperunt,
1840 2133 1929 2162 quam
1952 2128 2029 2153 artes
2052 2124 2166 2153 didice-

213 2157 283 2182 runt
305 2154 340 2183 ab
364 2156 473 2184 exteris
496 2159 673 2191 civitatibus.
718 2166 790 2194 Sero
814 2166 899 2195 etiam
923 2167 986 2196 ludi
1014 2178 1132 2204 omnes,
1171 2168 1222 2206 qui
1251 2178 1331 2196 nunc
1358 2167 1389 2195 in
1419 2167 1491 2196 urbe
1521 2167 1729 2202 celebrantur,
1763 2171 1833 2195 sunt
1853 2166 1991 2195 instituti.
2036 2166 2165 2202 Quidam

213 2201 331 2243 ponunt
354 2198 466 2236 primos
489 2199 576 2229 ludos
599 2204 760 2243 Romanos,
783 2208 833 2236 alii
856 2209 939 2238 aiunt
961 2210 1144 2248 Megalenses
1168 2211 1271 2239 Matris
1295 2211 1416 2248 Magnae
1440 2220 1475 2239 ac
1498 2210 1659 2248 populares
1682 2209 1806 2238 Cereris.
1844 2208 1900 2237 Alii
1922 2208 1952 2237 in
1976 2207 2164 2239 conferendis

215 2247 298 2286 ‘³less
320 2239 438 2268 Troiam
461 2241 596 2271 lusitasse
618 2256 725 2282 pueros
749 2250 912 2287 Romanos,
941 2253 990 2281 alii
1013 2253 1117 2281 solitos
1140 2253 1273 2282 exerceri
1295 2264 1345 2282 eos
1369 2253 1546 2290 equitando,
1571 2252 1666 2289 iactu,
1690 2252 1783 2289 saltu,
1807 2251 1890 2280 sestis
1910 2251 2065 2281 Parilibus.
2108 2252 2164 2281 Pa-

213 2280 378 2320 rilibusque
400 2283 485 2311 etiam
510 2284 692 2324 institutum,
726 2296 760 2319 ut
782 2302 797 2319 a
819 2293 991 2324 ludentibus
1016 2295 1128 2324 fierent.
1173 2296 1336 2335 Populares
1364 2295 1452 2324 ludos
1480 2294 1634 2324 manifesto
1663 2294 1740 2323 dixit
1769 2304 1823 2333 pro
1848 2294 1986 2332 plebeiis:
2022 2299 2054 2323 ut
2076 2302 2162 2332 saepe

214 2323 346 2362 populus
370 2334 424 2363 pro
447 2325 531 2363 plebe
554 2327 675 2357 dicitur.
698 2330 796 2361 Scal.
843 2336 962 2373 Optime
985 2338 1027 2366 ait
1049 2338 1153 2367 Festus
1177 2339 1324 2367 Romanos
1346 2348 1414 2366 cuin
1437 2338 1525 2366 ludos
1548 2338 1645 2366 sacere
1668 2341 1849 2376 coeperunt,
1876 2336 2002 2366 artifices
2024 2335 2161 2365 ascivisse

215 2375 253 2394 ex
273 2366 403 2414 Efruria·
437 2367 502 2399 LiV·
521 2369 608 2399 lib-1·
632 2376 701 2399 sect·
715 2374 781 2403 35·:
805 2374 967 2407 Ludicrum
981 2379 1051 2420 fuit
1072 2382 1154 2420 equi,
1175 2380 1346 2421 pugilesque
1367 2391 1407 2410 ex
1430 2379 1548 2409 Etruria
1571 2380 1704 2409 maxime
1726 2380 1823 2410 acciti.
1859 2379 1900 2407 De
1921 2379 1999 2407 ludis
2022 2377 2160 2406 Romanis

214 2408 368 2447 loquitur,
405 2419 479 2448 quos
506 2412 617 2450 primos
641 2413 732 2450 facit,
768 2420 797 2443 et
818 2426 921 2447 verum
946 2426 1004 2457 est,
1041 2432 1110 2450 cum
1132 2423 1312 2460 Megalenses
1335 2428 1363 2452 et
1386 2423 1520 2452 Cereales
1542 2427 1613 2461 post
1635 2423 1746 2451 multos
1769 2431 1863 2450 annos
1885 2421 1916 2449 in
1937 2421 2011 2459 nep.
2032 2419 2159 2449 instituti
