2263 2668
232 160 308 195 604
660 155 1006 189 COMMENTARII
1032 157 1081 190 IN
1108 155 1251 190 PAULI
1277 155 1474 190 DIACONI
1500 147 1756 192 EXCERPTA

232 261 351 284 cim-„03
374 252 448 291 cepit
467 248 675 289 praemiatores
698 246 808 277 tollere.
847 248 921 277 Vide
945 249 1069 277 Nonium
1093 251 1178 288 (pag.
1194 250 1264 281 151.
1290 249 1399 285 Merc.)
1423 249 1452 278 in
1476 249 1700 282 Praemiatores.
1740 252 1777 280 Et
1800 252 1933 292 praemia
1956 261 1972 281 e
1994 252 2082 282 rebus
2104 253 2186 283 furto

233 297 338 325 ablatis
361 293 492 323 confecta
516 290 658 329 pecunia,
684 291 812 319 lucrum.
837 292 974 329 (Tibull.)
999 292 1121 329 1⁴]ng,
1145 294 1179 328 2,
1204 294 1293 330 (25.):

767 333 830 361 Nec
852 335 921 362 sinit
944 341 1081 363 occurrat
1104 335 1257 374 quisquam
1282 334 1333 374 qui
1355 344 1480 373 corpora
1493 333 1583 376 ferro

814 375 970 413 Vulnera,
993 384 1045 405 aut
1067 384 1154 416 rapta
1175 378 1308 417 praemia
1330 383 1404 404 veste
1423 383 1513 416 petat.

232 423 319 452 Dae.

395 457 584 489 Pascales.
629 458 778 487 Postrema
802 461 892 489 verba
916 461 995 489 Festi
1018 461 1159 490 videntur
1182 462 1330 500 pertinere
1353 460 1390 489 ad
1413 460 1501 489 ludos
1525 462 1690 500 seculares,
1716 463 1766 501 qui
1789 464 1821 492 in
1844 463 2001 492 Terentino
2025 473 2095 501 agro
2117 473 2188 492 cen-

230 506 334 535 tesimo
358 513 478 542 quoque
501 512 577 530 anno
599 501 716 530 fiebant.
751 502 825 531 Vide
842 504 1011 532 'serentum
1033 504 1121 534 Ant.
1145 505 1240 543 Aug.
1275 502 1414 532 Pascales
1437 515 1501 532 oves
1523 506 1670 543 νομαίους
1693 506 1742 536 καὶ
1765 503 1923 546 ἀγελαίους
1946 506 2017 534 alibi
2040 505 2186 544 interpre-

230 548 286 577 tati
308 557 419 576 sumus.
467 546 626 583 Propterea
657 545 773 573 eaedem
798 545 934 575 Passales
963 556 1083 585 quoque
1106 546 1299 583 dicebantur,
1335 546 1416 584 quod
1441 549 1550 584 passim
1574 554 1770 586 pascerentur
1793 554 1822 577 et
1845 559 1898 576 nos
1921 548 2030 577 ibidem
2054 549 2188 584 εἰκαίους

229 589 511 629 interpretabamur.
548 587 668 625 Opponi
690 588 814 625 pellitis,
842 599 916 627 quae
940 589 968 617 in
994 600 1062 627 agro
1084 589 1243 618 Tarentino
1265 588 1478 627 pascebantur,
1503 590 1721 620 admonuimus.
1760 592 1798 620 De
1823 591 1931 630 quibus
1954 591 2064 630 pellitis
2085 590 2135 619 hic
2156 591 2187 619 in

229 633 287 662 fine
310 632 503 661 scribebatur.
544 631 701 669 Propterea
726 641 780 669 pro
804 631 863 658 illis
887 632 1002 668 verbis,
1026 633 1130 670 ignaro
1156 632 1324 668 Terentino,
1349 631 1466 667 scribo,
1488 632 1517 660 in
1541 644 1612 672 agro
1641 635 1807 664 Tarentino.
1849 634 1916 663 Non
1938 634 2028 672 igitur
2050 634 2086 663 de
2108 633 2187 662 ludis

229 675 348 705 Terenti
372 675 401 703 in
426 683 530 711 campo
556 673 661 700 Martio
685 672 734 701 hic
758 673 917 711 agebatur,
953 680 986 702 ut
1010 675 1116 703 volunt
1139 674 1196 703 viri
1220 675 1309 702 docti.
1356 674 1429 703 Vide
1454 675 1684 705 Coniectaneuui
1707 676 1828 705 tertium
1852 676 1937 716 (pag.
1953 679 2022 708 129.
2047 677 2092 706 ed.
2113 674 2186 715 St.).

230 717 332 749 Scal,
373 717 422 745 Ait
446 717 585 743 Catonem
616 715 776 744 inscienter
805 716 917 745 dixisse
937 716 1088 757 pascales,
1122 727 1189 746 cum
1211 715 1367 756 pascuales
1393 717 1551 746 dicendum
1576 724 1650 747 esset
1673 731 1687 748 a
1711 721 1840 758 pascuis.
1887 719 1920 747 In
1943 718 2043 747 vei-bis
2067 719 2186 747 Catonis

228 761 307 790 iufra
335 759 447 797 aliquid
476 758 631 786 turbatum
660 759 750 787 fuisse
780 759 935 796 suspicor,
975 760 1073 788 forsan
1098 759 1299 798 supplendum
1320 758 1389 798 plus
1414 758 1444 790 C.
1468 761 1604 789 sestertiis
1623 761 1757 801 pellitam
1782 773 1879 799 ovem,
1916 771 2004 802 quam
2025 760 2187 800 pascalem,

229 804 259 832 in
283 813 354 841 agro
381 802 450 830 Tar.
475 805 529 828 etc.
569 802 609 829 De
632 801 798 829 Tarentinis
822 802 943 837 ovibus,
968 812 1043 840 quae
1066 803 1202 841 pellitae,
1225 802 1320 830 Varro
1345 802 1381 830 de
1404 813 1427 831 r.
1452 807 1524 831 rust.
1548 814 1611 842 cap.
1630 808 1659 836 2.
1691 806 1833 843 Pleraque
1857 804 1994 833 similiter
2016 803 2186 832 faciendum

228 846 259 874 in
283 845 389 872 ovibus
414 843 541 882 pellitis,
568 853 644 881 quae
668 849 790 882 propter
814 845 896 872 lanae
918 845 1099 878 bonitatem,
1132 851 1165 873 ut
1189 850 1258 873 sunt
1280 845 1454 874 Tarentinae
1478 851 1507 873 et
1529 846 1659 884 Atticae,
1690 847 1819 886 pellibus
1841 847 2031 884 integuntur,
2061 856 2097 875 ne
2119 846 2187 874 lana

227 887 419 925 inquinetur,
444 886 604 923 quominus
629 887 676 915 vel
699 886 779 915 infici
802 893 883 916 recte
908 889 1017 925 possit,
1049 888 1094 916 vel
1118 888 1211 916 lavari
1235 897 1269 915 ac
1294 888 1402 925 parari.
1449 887 1520 916 Inde
1544 889 1645 918 Horat.
1670 889 1798 927 (0d.11,
1821 892 1855 925 6,
1881 889 1958 928 10.):
1989 887 2104 918 Pellitis
2126 889 2188 917 ovi-

229 929 281 958 bus
308 928 416 958 Galesi.
459 926 688 968 “·Γποὸιφ”θέρας
716 931 847 969 ποίμνας
876 930 1022 968 eleganter
1049 936 1139 959 vocat
1168 930 1273 959 Strabo
1296 930 1349 958 lib.
1362 930 1412 960 IV.
1459 931 1550 960 Porro
1577 931 1713 971 pascales
1741 943 1812 961 oves
1840 931 1937 961 hirtae
1965 935 2050 960 erant
2079 936 2109 961 et
2137 941 2187 960 So-

227 972 320 1001 loces.
365 971 474 1000 Lucil.·.

787 1015 909 1045 Pascali
928 1027 1033 1056 pecore
1054 1027 1091 1046 ac
1113 1023 1251 1045 montano
1274 1015 1351 1044 lzirto
1373 1023 1460 1055 atque
1481 1015 1588 1046 soloce.

228 1057 313 1086 Unde
337 1057 494 1088 Columell,
518 1056 602 1096 (VH,
626 1056 685 1095 4.):
709 1057 904 1096 Dissimilem,
928 1060 1041 1096 inquit,
1066 1060 1207 1088 rationem
1229 1057 1361 1098 postulat
1384 1058 1492 1087 hirtum
1515 1067 1603 1099 atque
1632 1059 1828 1088 Tarentinum.
1852 1059 1941 1089 Dae.
1981 1058 2056 1087 Vide
2078 1058 2107 1086 in
2132 1057 2187 1087 So-

227 1099 285 1129 ἶσα·
307 1098 387 1129 lana.
415 1098 520 1128 Goth.
561 1099 644 1127 Adde
666 1101 743 1128 infra
769 1100 912 1130 Passales.
957 1100 1069 1131 Idem.

393 1141 556 1171 Peneia.
604 1142 677 1170 Vide
701 1141 875 1172 Manducus
899 1149 927 1173 et
952 1142 1069 1172 Citeria.
1113 1144 1201 1173 Dae.

394 1184 515 1213 Parsi.
561 1185 593 1213 ln
618 1185 716 1213 eadem
742 1186 890 1223 oratione,
928 1196 1030 1224 nempe
1052 1187 1084 1214 in
1107 1187 1241 1215 oratione
1264 1186 1300 1215 ad
1324 1186 1390 1214 lites
1415 1187 1582 1216 Censorias.
1627 1187 1730 1225 Neque
1753 1192 1851 1215 tamen
1874 1186 1924 1214 illa
1945 1187 1976 1214 in
1998 1190 2115 1214 textum
2138 1195 2188 1214 re-

228 1226 381 1266 cipienda,
404 1237 470 1255 nam
493 1228 524 1256 in
547 1226 645 1256 eadem
670 1228 802 1256 oratione
820 1229 924 1257 Festus
947 1230 1084 1267 scripsit,
1108 1230 1177 1267 quia
1200 1229 1314 1258 scilicet
1337 1228 1411 1258 haec
1434 1230 1577 1258 continuo
1601 1230 1802 1268 sequebantur
1826 1233 1896 1268 post
1911 1226 2095 1257 Periculatus
2113 1238 2188 1260 sum,

228 1270 280 1300 ubi
302 1270 465 1298 orationem
489 1270 525 1297 ad
549 1270 616 1298 lites
641 1270 794 1298 Censorias
817 1271 961 1301 laudavit.
1008 1272 1095 1301 Dac.

394 1311 668 1341 praedonulos.
715 1313 804 1349 Lege:
825 1312 1049 1352 praedonculos.
1094 1315 1123 1342 Si
1149 1314 1215 1352 quis
1240 1314 1341 1342 Latine
1364 1314 1435 1350 scit,
1456 1315 1482 1343 is
1506 1326 1565 1343 non
1589 1315 1724 1351 ignorat,
1746 1312 1944 1354 praedonulos
1968 1313 2104 1341 Latinum
2128 1322 2189 1341 non

227 1365 298 1384 esse.
332 1355 398 1383 Hoc
422 1354 452 1384 ἐκ
475 1357 529 1384 τοῦ
552 1351 611 1384 dvc}
634 1352 724 1394 λόγον
746 1356 866 1385 Latinae
890 1357 1005 1393 linguae
1029 1357 1098 1385 satis
1122 1362 1212 1395 patet.
1237 1355 1339 1385 Scal.
1381 1357 1417 1385 Ut
1439 1368 1455 1384 a
1478 1356 1556 1386 latro
1580 1356 1781 1393 latrunculus,
1805 1357 1848 1385 sic
1871 1367 1886 1384 a
1907 1354 2020 1395 praedo
2041 1353 2189 1394 praedan—

228 1397 319 1427 culus.
364 1396 421 1426 Sed
444 1397 623 1434 Scaligerum
648 1398 709 1425 salli
732 1403 813 1436 puto.
858 1399 947 1427 Recte
973 1400 1049 1427 enim
1073 1410 1087 1427 a
1109 1397 1236 1438 praedo,
1263 1397 1447 1436 praeliorum,
1466 1398 1675 1439 praedonulos.
1721 1398 1891 1428 Praedonus
1913 1403 2011 1427 autem
2034 1403 2131 1434 recte,
2157 1403 2188 1425 ut

227 1439 358 1470 centurio
382 1440 582 1477 centurionus,
609 1439 726 1469 decurio
751 1439 939 1476 decuriorum,
965 1440 1049 1480 epulo
1074 1440 1214 1479 epulonus
1237 1446 1293 1471 etc.
1339 1440 1428 1470 Dae.

393 1482 554 1513 Precem.
599 1483 637 1511 Et
659 1483 778 1513 Terent.
804 1483 895 1512 Andr.
915 1484 972 1520 lll,
996 1485 1031 1519 4,
1057 1484 1148 1519 (22.):

721 1524 810 1554 Nih-il
830 1533 870 1554 est
891 1527 973 1565 preci
995 1525 1056 1555 loci
1079 1525 1229 1562 relictum,
1257 1525 1317 1553 iam
1338 1524 1508 1565 perturbavi
1530 1526 1637 1555 omnia.

227 1567 331 1596 Horat.
355 1567 412 1596 Od.
428 1570 459 1599 2,
483 1567 534 1595 lib.
547 1567 569 1595 Ι.
593 1568 686 1604 (26.):

806 1627 848 1632 —
891 1627 934 1632 —-
975 1621 1075 1650 prece,
1100 1619 1157 1650 qua
1174 1608 1307 1650 fatigent

727 1651 865 1692 Virgines
887 1660 1015 1683 sanctae.

230 1693 265 1722 Et
287 1693 343 1722 Od.
360 1693 417 1730 35,
441 1693 516 1731 (5.):

727 1737 769 1766 Te
788 1749 901 1778 pauper
923 1736 1016 1766 ambit
1038 1736 1169 1767 sollicita
1189 1750 1282 1778 prece.

231 1777 267 1807 Et
289 1778 358 1807 alibi
382 1778 448 1817 plus
473 1779 571 1807 semel.
597 1778 684 1809 Dae.
722 1779 839 1809 Precem
863 1781 900 1809 al.
925 1780 1071 1808 Praecem.
1120 1779 1225 1810 Goth.

396 1819 684 1850 pulchralibus.
729 1822 824 1860 Lego:
855 1821 1064 1852 Pulchralibus
1087 1830 1174 1862 atque
1196 1821 1336 1862 cupediis.
1374 1820 1550 1852 Pulchralia
1579 1826 1648 1850 sunt
1674 1819 1808 1851 bellaria.
1849 1818 1948 1857 Idem,
1977 1829 2082 1859 nempe
2105 1820 2190 1857 Cato,

235 1862 301 1899 quia
323 1862 396 1891 haec
419 1864 517 1892 statim
545 1864 748 1901 sequebantur
777 1870 846 1904 post
871 1866 953 1893 aliud
977 1870 1082 1904 caput,
1122 1865 1173 1893 ubi
1198 1866 1269 1894 Cato
1293 1865 1488 1902 laudabatur,
1527 1869 1556 1894 et
1578 1865 1619 1893 ita
1643 1874 1731 1903 saepe
1754 1863 1834 1902 apud
1856 1863 1976 1892 Festum
1997 1861 2031 1894 τὸ
2053 1861 2130 1892 idem
2152 1862 2191 1891 ad

236 1905 388 1942 superiora
413 1907 549 1942 pertinet.
573 1905 662 1937 Dae.
699 1906 840 1946 Cupidiis.
873 1907 1015 1947 Cupidus.
1065 1906 1172 1936 Goth.

237 1984 258 2014 Ι
397 1947 730 2017 Ριινὶειαιοι-ἰοίαε.
774 1951 878 1979 Melius
897 1951 973 1979 utin
988 1950 1047 1979 MS.
1072 1949 1295 1987 Punciariolas,
1319 1961 1459 1990 apungo.
1487 1950 1636 1978 Punctum
1652 1953 1706 1979 etc.
1732 1948 1820 1977 Dac-
1850 1946 2060 1978 Punitariolas.
2086 1945 2190 1978 Goth.

251 1998 311 2025 pse.
336 1988 415 2016 cato.
482 1989 569 2021 dem.

262 2069 268 2077 .
381 2029 446 2098 DPr
454 2042 469 2059 ο
479 2043 496 2060 a
505 2045 518 2060 e
526 2032 545 2062 d
553 2032 605 2075 isi
613 2045 629 2064 c
638 2045 657 2063 a
665 2041 676 2063 t
684 2046 747 2064 um.
791 2034 873 2064 Idem
897 2035 1007 2075 opinor
1029 2044 1106 2072 esse,
1136 2034 1217 2074 quod
1237 2035 1415 2075 proiectum,
1439 2032 1599 2074 provolans
1608 2055 1617 2071 ,
1641 2034 1761 2062 Graecis
1783 2029 1954 2074 πρόφορον.
1997 2031 2072 2062 Vide
2094 2031 2190 2062 Illae-

237 2081 337 2099 mana.
417 2083 435 2099 a
444 2083 468 2100 c.

266 2152 271 2159 .
404 2113 634 2148 prodidisse.
678 2119 801 2148 Prodita
824 2129 872 2148 res
895 2124 924 2148 et
945 2119 1083 2159 prodicta
1108 2130 1163 2158 pro
1187 2118 1291 2148 eodem
1315 2119 1434 2148 dicitur.
1478 2118 1580 2147 Livius
1603 2117 1653 2146 lib.
1665 2118 1834 2146 XXXVIlI.
1858 2117 1987 2155 (c.52.):
2019 2115 2089 2147 Cum
2112 2117 2191 2146 invi-

239 2150 322 2201 diam
341 2159 369 2201 et
391 2158 549 2185 certamina
576 2170 642 2188 cum
671 2161 795 2190 tribunis
822 2163 1015 2202 prospiceret,
1054 2160 1100 2191 die
1122 2160 1255 2200 longiore
1280 2160 1420 2202 prodicta
1444 2161 1475 2190 in
1497 2160 1650 2189 Liternum
1675 2159 1895 2199 [Literninum]
1919 2160 2075 2196 concessit,
2112 2166 2190 2189 certo

240 2193 380 2244 consilto,
411 2207 444 2224 ne
466 2196 507 2225 ad
529 2210 662 2229 caussam
687 2201 841 2232 dicendam
865 2204 985 2233 adesset.
1023 2205 1099 2233 Male
1122 2205 1213 2242 vulgo
1234 2203 1390 2244 producta.
1433 2204 1522 2232 Libro
1538 2203 1588 2233 111.
1612 2204 1720 2240 (e.7.):
1750 2203 1780 2231 in
1804 2213 1948 2232 carcerem
1971 2209 2011 2230 est
2034 2202 2190 2237 coniectus,

239 2248 321 2276 aque
341 2236 474 2267 trtbunus
498 2238 571 2268 diem
592 2242 738 2280 prodixit.
779 2246 829 2274 Et:
861 2246 990 2287 adeoque
1013 2248 1179 2276 constantia
1200 2257 1254 2275 sua
1277 2254 1303 2275 et
1326 2246 1458 2276 tribunos
1480 2245 1673 2286 obstupefecit
1695 2253 1721 2273 et
1742 2243 1870 2284 plebem,
1911 2251 1942 2273 ut
1965 2243 2041 2272 diem
2063 2245 2120 2284 ipsi
2137 2255 2191 2272 sua

239 2277 389 2308 uoluntate
408 2279 607 2319 producerent.
639 2285 728 2322 Lege:
749 2287 941 2324 prodicerent.
974 2291 1066 2318 Paulo
1090 2295 1173 2328 post:
1197 2296 1353 2330 antequam
1374 2288 1523 2328 producta
1544 2287 1605 2316 dies
1626 2288 1749 2325 veniret,
1773 2288 1903 2317 moritur.
1931 2288 2021 2324 Lege:
2042 2284 2190 2326 prodicta.

240 2320 299 2349 Sed
321 2325 349 2349 et
372 2322 452 2360 apud
476 2324 603 2352 Gellium
627 2333 800 2365 corruptum
823 2332 974 2368 invenies,
997 2343 1088 2371 porro
1112 2332 1193 2371 apud
1216 2332 1332 2360 Livium
1357 2337 1386 2360 et
1405 2330 1526 2370 prodita
1549 2329 1597 2359 die
1620 2331 1737 2368 legitur.
1782 2331 1858 2367 Lege
1879 2329 1919 2358 ita
1941 2329 2033 2358 verba
2055 2327 2189 2357 Catonis:

245 2361 341 2412 ΊῙεΙΟ.
367 2362 477 2394 Caecili
498 2365 573 2395 diem
594 2366 760 2407 prodidisse
780 2370 922 2401 militibus
944 2373 1067 2413 legionis
1089 2375 1205 2411 tertiae,
1228 2386 1293 2403 cum
1314 2373 1511 2414 proditionem
1535 2384 1593 2402 non
1615 2372 1743 2401 haberes.
1776 2371 1981 2402 Proditionem
2004 2370 2189 2408 magistratus

241 2405 353 2435 dicitur
374 2406 499 2446 habere,
535 2409 685 2448 quomodo
708 2415 737 2440 et
759 2413 944 2443 vocationem
968 2421 998 2444 et
1019 2416 1266 2455 prehensionem‚
1302 2416 1360 2445 hoc
1382 2421 1427 2446 est
1448 2415 1615 2456 prodendi,
1650 2415 1795 2451 vocandi,
1832 2412 2034 2453 prehendendi
2057 2413 2109 2441 ius.
2153 2412 2188 2441 In
