2263 2668
203 194 278 230 286
741 181 1221 219 PRAEFATIO
1274 182 1634 218 DACERII.

206 286 355 322 Dubitari
383 288 472 318 certe
498 283 607 325 potest
633 290 674 312 an
700 289 755 312 eas
781 284 877 311 autor
904 276 1100 318 absolverit,
1146 277 1200 310 vel
1229 290 1246 311 e
1275 278 1426 311 manibus
1451 277 1515 311 suis
1543 277 1705 319 emiserit,
1742 288 1945 322 quamquam
1972 281 2016 314 ad
2045 293 2161 317 earum

206 338 396 383 exemplum
421 331 617 376 Fulgentius
640 328 814 364 Placiades
840 329 962 363 librum
997 340 1097 361 unum
1131 329 1331 375 inscripsisse
1364 328 1509 363 videtur:
1554 329 1741 375 Expositio
1770 340 1973 365 sermonum.
2001 334 2162 379 antiquo-

209 402 287 424 rum
312 398 391 423 cum
417 382 628 418 testimoniis.

370 452 461 487 Libri
488 451 534 484 de
559 449 745 484 verborum
771 447 1033 495 significatione
1057 449 1179 494 integri
1208 449 1345 482 extitere
1372 459 1475 492 usque
1502 448 1546 481 ad
1573 453 1727 493 tempora
1752 448 1868 482 Caroli
1890 449 2028 496 Magni,
2069 455 2164 498 queis

208 508 328 543 Paulus
353 506 519 538 Diaconus
542 501 808 546 Longobardus,
836 500 941 534 homo
969 500 1266 534 confidentissimus
1295 506 1327 533 et
1353 500 1573 545 ineptissimus
1600 510 1656 533 eos
1683 501 1863 541 mutilavit,
1891 503 2048 548 corrupit.
2101 505 2163 539 Vi-

206 566 260 595 cto
278 558 363 592 enim
382 568 421 590 ac
448 554 628 600 profligato
653 553 827 586 Desiderio
855 553 912 597 qui
938 552 1070 585 ultimus
1091 552 1399 597 Longobardorum
1426 563 1483 585 rex
1510 552 1582 592 suit,
1610 557 1727 597 captus
1750 565 1769 585 a
1792 552 1917 586 carolo
1936 554 2067 600 Magno
2093 557 2163 590 Im—

207 615 379 657 peratore,
426 617 583 652 magnam
618 611 650 638 et
677 617 696 637 a
722 605 847 638 victore
875 609 908 637 et
934 616 953 637 a
980 605 1172 649 posteritate
1204 616 1238 636 se
1271 604 1428 637 initurum
1458 605 1600 649 gratiam
1627 604 1772 649 putavit,
1818 606 1843 638 si
1870 605 1972 638 Sexto
1998 607 2163 653 Pompeio

208 663 307 696 Festo
333 660 459 693 faceret
486 657 578 702 quod
605 658 678 701 ipse
701 657 818 690 Verrio
845 656 984 689 fecisset.
1046 656 1114 689 Sed
1148 655 1253 688 homo
1281 656 1442 688 barbarus
1468 656 1559 689 hunc
1585 657 1781 700 scriptorem
1808 668 1877 700 quo
1904 658 2070 692 utiliorem
2097 660 2162 692 lin-

206 725 274 760 gua
293 712 412 746 Latina
438 721 504 743 non
531 709 651 750 habet,
690 709 735 741 ita
762 708 910 752 accepit,
949 707 1051 741 foede
1078 708 1228 747 laniavit,
1269 713 1302 739 et
1327 707 1508 740 inhonestis
1535 708 1726 741 vulneribus
1751 708 1916 748 confecit,
1957 717 1992 743 ut
2019 710 2163 745 cadaver

207 777 269 811 pro
296 764 451 803 homine,
485 768 636 795 truncum
664 772 726 804 pro
755 770 918 804 corpore,
952 760 1177 792 semianimem
1204 770 1266 803 pro
1293 759 1368 792 vivo
1396 760 1492 792 nobis
1519 759 1696 803 reliquerit.
1750 759 1883 804 Magno
1909 766 2023 794 tamen
2046 763 2163 797 favore

208 822 239 850 et
266 816 384 861 plausu
412 819 569 857 exceptus
598 817 646 846 est
673 812 803 845 barbari
839 811 1035 844 mutilatoris
1068 812 1170 851 liber,
1207 816 1239 844 et
1267 811 1342 844 loco
1366 812 1456 844 Festi
1484 813 1516 844 in
1545 812 1698 844 omnibus
1724 811 1935 845 bibliothecis
1963 814 2161 849 substitutus.

202 868 303 902 Unde
330 867 422 899 brevi
449 866 575 898 factum
604 870 652 897 est
680 871 714 896 ut
741 875 836 896 verus
862 863 950 895 Festi
977 863 1061 896 liber
1089 874 1154 895 non
1183 863 1323 906 amplius
1350 863 1552 907 apparuerit.
1616 863 1708 896 Unus
1734 868 1864 896 tantum
1891 863 2004 899 adhuc
2030 866 2164 899 extabat

204 919 306 953 cladis
333 924 515 962 superstes,
555 916 614 950 sed
642 916 746 959 qualis
774 915 926 948 incendio
955 921 1105 958 ereptus,
1149 915 1350 959 consumptis
1378 915 1541 955 vestibus,
1585 915 1731 948 ustulatis
1758 916 1932 955 membris,
1975 916 2163 951 deformata

204 971 308 1007 facie,
344 970 396 1002 vel
425 969 558 1013 qualem
585 968 648 1000 ille.

701 1071 1086 1077 ——————
1112 1053 1304 1086 Laniutum
1334 1063 1480 1097 corpore
1508 1056 1576 1084 tolo

698 1103 921 1149 Deiphobum
947 1104 1054 1147 vidit,
1107 1108 1168 1138 etc.

53 1192 88 1215 12:1-
103 1191 194 1214 Α”ῑωῐ-
206 1192 285 1225 Eius
312 1191 387 1224 libri
414 1189 545 1224 advecti
573 1199 611 1221 ex
640 1189 773 1233 illyrico
809 1188 928 1221 habuit
960 1189 1085 1232 aliquas
1120 1188 1272 1234 pagellas
1302 1189 1508 1233 Pomponius
1537 1188 1677 1226 Laetus,
1720 1194 1754 1221 ut
1782 1189 1875 1228 Pius,
1919 1195 1953 1222 ut
1982 1188 2163 1222 Politianus

61 1228 171 1250 Auo-nst.

59 1245 186 1283 ῃῇροιῑ-
206 1244 414 1288 scripserunt.
471 1241 637 1274 Maiorem
671 1241 746 1273 libri
780 1246 908 1285 partem
938 1240 1095 1273 Manilius
1123 1241 1251 1274 Rallus.
1305 1241 1359 1273 Ab
1395 1240 1445 1272 his
1473 1240 1624 1284 Angelus
1654 1240 1832 1273 Politianus
1866 1241 1987 1275 librum
2022 1240 2164 1285 accepit,

51 1295 342 1340 &vacet-agnovit
377 1299 408 1327 et
444 1292 623 1337 exscripsit.
685 1293 908 1325 Pei-venerunt
944 1292 1103 1336 reliquiae
1139 1292 1243 1325 libelli
1280 1291 1322 1324 ad
1358 1292 1479 1324 Aldum
1513 1292 1719 1330 Manutium,
1765 1292 1820 1335 qui
1848 1298 1984 1325 conatus
2012 1297 2059 1325 est
2085 1303 2162 1326 cum

50 1332 73 1354 1.
92 1338 146 1362 cap.
160 1330 174 1355 7

177 1330 299 1381 ὁῬειυΙί
328 1346 474 1390 epitome
494 1356 546 1376 exis
575 1344 777 1389 coniungere
805 1350 837 1377 et
864 1355 964 1376 unum
993 1355 1114 1388 corpus
1142 1355 1181 1376 ex
1209 1344 1399 1388 duplicibus
1428 1343 1583 1375 membris
1605 1343 1781 1376 conticere.
1836 1344 1944 1376 Simili
1972 1345 2098 1376 ratione
2122 1353 2162 1376 ex

203 1403 345 1442 utroque
379 1397 464 1429 libro
500 1396 673 1430 confectus
708 1396 791 1428 alter
818 1396 903 1428 liber
931 1397 1064 1428 extabat
1091 1395 1182 1440 apud
1209 1395 1379 1429 Achillem
1405 1395 1556 1427 Mafeum
1581 1394 1777 1427 Bernardini
1801 1393 1987 1428 Cardinalis
2015 1395 2163 1435 fratrem,

204 1451 261 1494 qui
283 1450 409 1483 Aldino
439 1448 648 1492 locupletior.
701 1448 787 1480 Eum
817 1447 986 1491 exscripsit
1014 1448 1061 1479 vir
1088 1447 1322 1480 eruditissimus
1346 1447 1510 1479 Antonius
1534 1446 1738 1491 Augustinus
1759 1446 1949 1491 Episcopus
1976 1445 2162 1486 ilerdensis,

207 1508 239 1536 et
265 1502 334 1534 hoc
362 1500 503 1544 amplius
530 1500 670 1532 lectores
697 1499 888 1539 admonuit,
916 1511 1001 1542 quae
1024 1499 1136 1539 Festi,
1163 1510 1249 1541 quae
1270 1499 1362 1531 Pauli
1386 1504 1499 1531 essent.
1553 1497 1674 1531 Omnia
1701 1509 1837 1541 quoque
1863 1499 2051 1543 fragmenta
2077 1509 2163 1541 quae

205 1553 369 1586 habuerat
398 1563 435 1584 ex
465 1550 672 1584 bibliotheca
697 1551 901 1594 Amplissimi
928 1551 987 1583 viri
1013 1550 1159 1583 Farnesii
1183 1550 1368 1583 Cardinalis
1396 1550 1540 1583 describi
1569 1549 1712 1588 curavit,
1757 1554 1788 1581 et
1815 1549 2061 1582 commentariis
2085 1549 2163 1582 illu-

207 1605 325 1638 stravit.
378 1604 457 1636 Post
492 1614 567 1635 eum
595 1602 784 1636 criticorum
809 1602 967 1646 Princeps
992 1601 1156 1646 Iosephus
1179 1602 1349 1646 Scaliger,
1394 1601 1473 1633 huic
1505 1601 1611 1633 autori
1639 1600 1850 1633 emendando
1878 1600 2164 1645 diligentissimam

208 1668 344 1701 operam
372 1655 552 1699 praestitit,
581 1654 684 1687 multa
712 1654 847 1686 vulnera
875 1654 998 1686 sanavit
1027 1660 1059 1686 et
1085 1664 1194 1697 pauca
1223 1653 1350 1685 alienae
1378 1652 1570 1697 diligentiae
1596 1652 1722 1695 reliqua
1749 1652 1879 1685 fecisset
1905 1652 1929 1685 si
1957 1652 2163 1685 emendatio-

210 1720 276 1740 rem
313 1708 464 1741 codicem
499 1710 612 1739 nactus
644 1712 735 1738 esset.
797 1706 898 1738 Hunc
932 1710 1062 1738 secutus
1090 1704 1227 1737 Illustris
1261 1711 1293 1737 et
1328 1704 1371 1736 de
1405 1704 1505 1736 literis
1539 1704 1666 1748 optime
1699 1704 1832 1736 meritus
1859 1704 1995 1738 Fulvius
2014 1703 2164 1743 Ursinus,

209 1760 265 1802 qui
292 1771 364 1792 cum
394 1759 520 1790 videret
544 1758 724 1790 Antonium
753 1757 994 1802 Augustinum,
1038 1756 1274 1789 Farnesianum
1304 1756 1475 1791 codicem,
1517 1756 1606 1788 unde
1635 1755 1821 1800 fragmenta
1849 1767 1907 1788 sua
1934 1755 2163 1800 descripserat,

213 1812 315 1843 minus
343 1811 519 1854 diligenter
545 1816 700 1841 tractasse
729 1815 760 1841 et
787 1809 818 1841 in
847 1820 886 1841 eo
921 1808 1144 1841 describundo
1180 1808 1283 1840 multa
1317 1809 1541 1852 praeteriisse,
1587 1807 1729 1839 eundem
1759 1811 1790 1839 et
1817 1808 1887 1851 ipse
1912 1808 2075 1852 inspicere
2101 1818 2163 1838 vo·-

213 1861 278 1892 luit.
331 1862 443 1904 ltaque
479 1872 554 1894 cum
590 1872 643 1893 eas
679 1861 832 1904 reliquias
869 1861 897 1893 ei
933 1861 1091 1892 arbitratu
1127 1870 1186 1892 suo
1215 1859 1338 1892 habere
1366 1860 1499 1899 liceret,
1542 1870 1656 1891 omnes
1689 1863 1782 1891 notas
1811 1864 1843 1891 et
1870 1859 1982 1903 apices
2010 1864 2164 1893 accurate

214 1917 356 1952 secutus,
396 1920 427 1944 et
453 1913 523 1944 aliis
551 1924 623 1945 usus
652 1912 795 1953 auxiliis,
838 1923 923 1955 quae
952 1912 1098 1944 divinare
1126 1922 1192 1944 non
1218 1922 1412 1955 possumus,
1449 1911 1542 1943 brevi
1565 1911 1695 1943 Romae
1722 1911 1842 1943 librum
1871 1911 2072 1955 publicavit,
2107 1912 2165 1954 qui

214 1962 345 2005 reliquis
371 1964 519 1996 omnibus
553 1964 681 1997 auctior
709 1970 740 1996 et
773 1964 989 1997 emendatior.
1044 1963 1088 1995 Et
1115 1963 1203 1996 unde
1231 1968 1346 2007 postea
1374 1968 1584 2007 propagatae
1613 1973 1725 1994 omnes
1754 1962 1931 2003 editiones,
1960 1963 2014 1995 ubi
2042 1974 2163 2008 magna

216 2024 254 2046 ex
282 2018 374 2056 parte
402 2015 572 2057 suppletae
599 2016 745 2047 lacunae.

381 2081 488 2122 Atque
514 2082 598 2115 haec
626 2084 668 2116 de
692 2084 782 2117 Festi
804 2084 959 2128 Pompeii
981 2084 1076 2117 variis
1100 2083 1230 2117 casibus
1254 2083 1296 2115 ad
1318 2088 1461 2115 nostram
1485 2088 1625 2115 aetatem
1648 2082 1717 2115 dici
1738 2087 1888 2126 potuere.
1942 2082 2039 2116 Nunc
2058 2094 2163 2126 quae—

217 2132 294 2163 dam
327 2131 527 2164 subiicienda
560 2144 618 2166 cur
651 2140 728 2178 post
756 2140 863 2168 tantos
889 2136 975 2169 viros
1001 2147 1056 2169 me
1083 2135 1269 2180 expugnari
1294 2146 1409 2179 passus
1435 2146 1508 2168 sum
1535 2140 1571 2167 ut
1598 2134 1741 2167 eundem
1767 2134 1919 2168 laborem
1945 2133 2160 2179 aggrederer.

384 2199 470 2231 Sane
497 2199 685 2243 priusquam
713 2214 793 2236 onus
820 2205 980 2245 subirem,
1021 2204 1152 2237 Horatii
1179 2203 1318 2238 consilio
1345 2214 1437 2244 usuS‚
1475 2203 1557 2246 quid
1584 2202 1749 2243 valerent,
1786 2207 1819 2236 et
1844 2202 1926 2246 quid
1951 2202 2040 2236 ferre
2064 2213 2164 2236 recu·

219 2254 326 2282 sarent
354 2249 483 2283 humeri
511 2250 568 2282 diu
595 2252 777 2296 seduloque
804 2256 938 2289 versavi.
992 2255 1062 2289 Sed
1089 2257 1188 2289 etiam
1215 2255 1240 2288 si
1267 2267 1321 2288 me
1348 2256 1513 2300 imparem
1548 2255 1814 2299 cognoscebam,
1859 2265 1925 2287 non
1957 2254 2036 2288 ideo
2061 2265 2161 2298 prae-

219 2306 350 2345 sumpta
376 2301 606 2345 desperatione
633 2304 772 2337 animum
801 2307 934 2340 omnino
962 2307 1137 2352 despondi.
1189 2307 1279 2340 Mihi
1311 2307 1449 2351 quidem
1478 2306 1618 2339 arduum
1644 2306 1746 2339 visum
1775 2310 1822 2339 est
1847 2305 2012 2350 perficere
2035 2309 2161 2338 tantum

221 2363 324 2396 09118,
367 2352 458 2396 qum]
490 2352 571 2385 tanti
596 2352 656 2385 Viri
681 2365 746 2386 non
773 2359 1004 2399 perfecissent,
1046 2359 1105 2392 sed
1133 2369 1174 2392 eo
1200 2358 1275 2403 ipso
1301 2359 1393 2402 quod
1420 2359 1500 2391 tanti
1525 2358 1583 2391 viri
1610 2369 1676 2391 non
1702 2357 1935 2402 perfecissent,
1976 2356 2053 2389 inde
2078 2355 2161 2389 mihi

220 2403 301 2435 illud
336 2404 483 2437 tentandi
515 2404 715 2437 confidentia
748 2411 822 2439 nata
855 2415 911 2442 est.
968 2411 1147 2443 Praeterea
1182 2422 1258 2445 cum
1290 2411 1393 2443 multa
1426 2410 1458 2443 in
1491 2410 1559 2443 hoc
1593 2411 1666 2454 ipso
1701 2421 1804 2453 opere
1837 2409 1967 2440 vidisset
1997 2407 2159 2451 Scaliger,

221 2466 305 2496 quac
334 2467 373 2488 ne
402 2455 534 2498 quidem
563 2456 774 2489 suboluerant
797 2458 939 2491 Antonio
963 2462 1162 2504 Augustino:
1196 2462 1305 2494 Multa
1328 2462 1463 2494 Fulvius
1485 2461 1622 2494 Ursinus
1648 2472 1733 2503 quae
1753 2460 1960 2503 Scaliger-um
1989 2462 2021 2489 et
2041 2459 2159 2503 Augu-
