2263 2668
243 178 317 212 642
669 170 1016 206 COMMENTARII
1041 174 1089 206 ΙΝ
1115 173 1258 207 PAULI
1285 173 1482 207 DIACONI
1508 175 1763 210 EXCERPTA

244 272 300 299 Ubi
325 271 400 299 male
424 267 472 297 alii
495 275 601 294 annuo.
625 262 732 293 Idem.
771 262 978 302 Experiuravi.
1008 266 1190 305 Expurgavi.
1232 267 1316 297 Adde
1340 267 1468 296 Nonium
1492 266 1571 307 (pag.
1587 268 1656 300 164.
1679 268 1782 308 Merc.)
1805 269 1837 298 in
1860 267 1962 299 Ravis.
2000 269 2103 302 Ravis.
2133 273 2190 302 Ra-

242 314 327 350 vius,
353 313 401 341 alii
424 309 530 343 Banu,
555 308 654 335 Rauce
677 307 812 345 loquitur
835 311 863 335 el:
884 306 1048 337 Rausurus.
1096 307 1201 338 Goth.

405 359 527 388 Ratus
549 370 634 387 sum.
680 359 702 386 A
727 369 805 395 reor,
834 364 924 398 puto,
954 360 1101 389 existimo.
1141 362 1213 390 Item
1237 369 1333 397 ratus,
1359 366 1475 397 cel-tm,
1499 361 1578 390 unde
1602 363 1767 400 ratissima,
1792 362 1872 401 quod
1895 362 1971 391 vide.
1994 362 2082 394 Dac.
2125 362 2189 394 Oc-

242 405 377 436 ciduntur
400 401 457 429 ubi.
502 401 627 439 Legebat
649 401 770 439 Scalig.:

778 442 961 473 Occiduntm-
982 444 1054 482 ibei,
1081 446 1193 485 potitur
1214 448 1290 474 ratu'
1314 444 1461 475 Romulus
1482 444 1632 485 praedam.

239 496 297 525 Sed
321 495 425 524 melius
447 495 477 523 in
501 494 687 532 fragmentis,
719 505 794 533 quae
818 495 853 522 ab
879 496 946 525 Gul.
968 497 1125 525 Fornerio:

779 544 962 576 Occiduntur
981 547 1045 576 ibus
1065 549 1177 587 potitur
1199 550 1273 577 ratu⁷
1298 546 1438 576 Romulu’
1460 546 1611 586 praedam.

237 597 437 636 Sequebatur:
461 595 601 634 Disperii!
626 617 866 627 ........
891 598 977 628 Dae.
1015 599 1130 628 Glossis
1152 598 1351 640 λογιζάμενος.
1399 597 1503 627 Goth.

403 646 432 676 R
458 645 607 676 duobus.
633 644 694 686 (Ad
717 646 845 689 p.228.)
868 648 959 678 R.R.
982 654 1101 678 actuum
1125 651 1254 679 solennis
1278 650 1358 688 apud
1381 655 1497 678 veteres
1520 654 1589 678 nota
1614 659 1670 687 qua
1693 649 1820 678 rationes
1843 648 1952 678 relatas
1974 649 2188 688 significabant.

237 691 317 720 Infra
342 701 397 729 pro
421 689 455 717 cle
478 690 552 717 actis
576 688 726 718 disseritur
748 692 834 719 etiam
860 697 944 720 vetus
968 693 1033 720 cod.
1058 692 1092 721 de
1114 694 1189 722 actis
1212 692 1326 721 disserti
1349 694 1430 721 cuius
1453 693 1548 720 eliam.
1596 692 1678 720 Unde
1704 692 1762 720 viri
1785 692 1880 720 docti:
1916 690 1951 720 de
1973 694 2048 722 actis
2071 692 2188 724 disseri-

237 741 284 762 tur
307 734 476 772 cuiuspiam.
515 732 602 760 Forte
626 732 798 770 legendum:
823 732 859 763 de
881 736 956 763 actis
978 735 1147 775 queispiam.
1172 735 1258 765 Dac.
1298 735 1459 763 Disseritur
1479 736 1575 763 etiam.
1614 735 1738 763 Dissecti
1762 735 1846 764 cuius
1870 734 1974 773 etiam,
1999 735 2048 763 alii
2070 737 2189 766 disseri-

236 781 287 805 tur
310 775 484 813 cuiuspiam.
533 772 638 804 Goth.

399 815 592 846 Raviliae.
638 816 787 849 Ravillae.
826 819 983 848 Turnebus
1006 820 1089 858 legit:
1118 818 1362 860 quemadmodum
1387 830 1405 847 a
1429 818 1526 848 colore
1537 819 1633 860 fusco
1657 817 1767 848 Sullae.
1807 819 1836 847 Si
1859 819 1945 848 nobis
1968 820 2086 858 liceret,
2110 831 2186 860 quo-

235 859 411 897 tiescunque
429 859 514 895 libet⁷
539 860 637 888 omnia
660 866 789 898 mutare,
813 861 925 897 delere,
949 868 1136 900 pervertere,
1161 873 1247 891 nemo
1266 867 1355 896 esset,
1381 862 1430 900 qui
1455 862 1561 891 doctus
1585 873 1618 890 eo
1642 862 1761 890 nomine
1785 862 1846 890 dici
1869 871 1927 890 non
1950 868 2060 900 posset.
2091 864 2187 900 Quam

235 902 313 931 enim
336 901 411 930 haec
434 902 551 929 diversa
574 908 642 931 sunt
665 914 679 931 a
703 904 821 941 vulgata
845 904 1013 943 scriptura?
1038 906 1074 933 Et
1091 910 1186 933 tamen
1204 915 1257 933 cur
1275 905 1451 941 offenditur,
1476 916 1552 943 quae
1577 905 1748 943 planissima
1769 904 1834 932 est'?
1867 905 1978 933 Deinde
2000 906 2069 934 vide
2092 917 2188 945 quan—

234 950 297 973 tum
321 945 549 983 periclitaturus
573 951 635 974 erat
658 946 693 974 de
716 947 934 976 existimatione
958 958 1026 984 sua,
1055 948 1110 976 nisi
1134 949 1289 986 aequiores
1312 948 1438 976 lectores
1462 953 1566 976 nactus
1590 953 1679 984 esset,
1705 947 1756 985 qui
1779 947 1870 976 verba
1893 947 2044 976 Plutarchi
2066 949 2186 979 omnino

234 992 338 1016 contra
366 998 396 1016 se
427 987 561 1018 adduxit.
606 989 783 1018 Plutarchus
808 990 873 1026 (vit.
894 990 1010 1026 Sullae,
1036 993 1115 1027 (22.)
1139 992 1178 1019 ait
1201 991 1312 1019 dictum
1336 988 1386 1021 6ιᾶ
1409 988 1441 1020 τὸ
1465 989 1605 1031 ἐρύθημα
1628 987 1719 1029 τραχύ
1741 989 1790 1019 καὶ
1814 987 1971 1029 σποράδην
1992 987 2186 1033 α’ναμεμιγμέ-

233 1042 289 1061 νον
312 1033 348 1071 τῇ
371 1027 534 1068 λευκότητι.
581 1031 617 1060 At
638 1032 667 1059 in
691 1032 777 1060 Festo
799 1033 862 1071 ipse
886 1033 956 1070 legit
980 1033 1077 1062 Sullas
1100 1044 1114 1061 a
1139 1034 1222 1061 fusco
1247 1034 1349 1062 colore
1373 1033 1477 1063 dictos.
1524 1033 1626 1069 Quid'?
1652 1034 1753 1060 fuscus
1777 1032 1859 1061 color
1881 1033 1959 1061 idem
1983 1038 2027 1062 est
2049 1044 2115 1063 cum
2139 1045 2183 1072 eo,

233 1073 284 1111 qui
308 1083 345 1101 ex
367 1073 459 1101 rubro
484 1077 511 1100 et
534 1073 600 1101 albo
625 1074 728 1103 mistus
751 1076 816 1104 est'?
855 1075 940 1103 Dolet
969 1075 1040 1104 mihi
1069 1086 1174 1112 magno
1202 1076 1266 1104 viro
1297 1076 1480 1115 imprudenti
1508 1075 1566 1104 hoc
1595 1076 1752 1104 excidisse.
1797 1075 1966 1112 Praeterea,
2004 1087 2062 1104 non
2087 1077 2186 1116 primo

233 1116 331 1144 Sullae
354 1125 517 1153 cognomen
542 1115 599 1144 hoc
623 1117 739 1153 datum,
765 1122 827 1146 erat
850 1118 928 1146 enim
952 1119 1013 1146 eius
1038 1119 1171 1146 familiae.
1209 1120 1244 1147 At
1267 1129 1321 1148 nos
1345 1120 1494 1155 vulgatam
1517 1119 1690 1153 lectionem,
1715 1118 1784 1156 quia
1808 1117 1883 1146 nihil
1906 1117 2005 1146 mendi
2027 1119 2058 1147 in
2081 1129 2112 1148 se
2133 1119 2186 1148 ha-

231 1158 298 1195 bet,
335 1163 442 1186 sartam
467 1163 574 1187 tectam
597 1159 625 1188 in
650 1170 703 1188 suo
727 1160 794 1188 loco
816 1165 962 1189 tueamur.
1007 1161 1138 1189 Ravillae
1167 1166 1281 1197 autem,
1319 1172 1379 1190 non
1400 1161 1532 1190 Raviliae
1563 1161 1735 1197 legendum,
1773 1160 1853 1198 quod
1884 1170 2048 1198 cognomen
2075 1162 2131 1191 fuit
2151 1163 2184 1192 L.

232 1201 333 1229 Cassio
357 1201 507 1238 Longino,
541 1202 591 1240 qui
615 1213 680 1230 cum
706 1203 756 1232 Cn.
778 1203 904 1232 Servilio
929 1204 1075 1242 Caepione
1099 1205 1212 1232 Censor
1234 1205 1291 1232 suit
1314 1215 1392 1232 anno
1417 1205 1449 1234 V.
1471 1204 1501 1232 C.
1523 1204 1673 1232 DXXVII.
1701 1201 1804 1233 Scal.
1847 1201 2015 1243 Ravaltae‚·
2050 1204 2100 1233 alii
2123 1205 2185 1234 Ra-

231 1244 330 1272 villae.
379 1242 486 1272 Goth.

394 1285 613 1317 Ratumena.
658 1287 747 1326 Lege:
771 1288 801 1317 in
824 1295 1007 1328 conspectum
1031 1288 1253 1329 quadrigarum.
1299 1290 1384 1317 Festo
1410 1300 1469 1317 non
1494 1289 1634 1318 convenit
1658 1299 1725 1317 cum
1748 1288 1908 1317 Plutarcho
1931 1288 1972 1325 (e.
1988 1289 2051 1328 13.)
2073 1290 2104 1318 in
2127 1290 2184 1319 Po-

230 1328 347 1359 blicola.
393 1329 569 1357 Plutarchus
594 1334 697 1368 postea
722 1331 852 1359 redditas
876 1332 1035 1369 quadrigas
1060 1331 1164 1360 fictiles
1188 1333 1237 1361 ait.
1282 1332 1384 1360 Festus
1415 1336 1572 1369 autequam
1602 1331 1675 1360 haec
1703 1331 1888 1368 acciderent,
1925 1330 2004 1359 bello
2033 1333 2183 1371 repetitas.

231 1369 332 1401 Scal,
367 1371 547 1400 Ratumenna
571 1373 671 1410 auriga
694 1374 766 1409 suit,
791 1374 841 1411 qui
864 1384 931 1402 cum
954 1375 984 1402 in
1008 1374 1086 1402 ludis
1110 1374 1298 1402 Circensibus
1323 1384 1464 1402 excussus
1487 1375 1609 1410 suisset,
1634 1374 1699 1411 equi
1723 1374 1786 1402 eius
1809 1383 1877 1402 cum
1900 1383 2011 1402 corona
2035 1380 2064 1404 et
2086 1375 2183 1414 palma

228 1413 260 1440 iu
284 1413 463 1452 Capitolium
488 1421 704 1453 pervenerunt,
727 1415 885 1454 sedemque
908 1421 952 1444 ter
975 1417 1147 1445 lustrarunt,
1182 1417 1226 1444 Ex
1250 1426 1307 1454 quo
1331 1417 1442 1445 sactum
1466 1421 1525 1451 est,
1549 1421 1583 1443 ut
1605 1421 1692 1454 porta
1718 1426 1772 1454 per
1795 1425 1881 1453 quam
1904 1416 2102 1453 intraverant,
2126 1418 2182 1446 Ra-

229 1460 348 1484 tumena
372 1456 531 1485 diceretur.
576 1459 667 1486 Solin.
689 1469 753 1496 cap.
768 1459 836 1489 45.:
861 1457 999 1488 Excusso
1021 1470 1135 1499 quoque
1156 1460 1259 1498 auriga
1283 1471 1365 1499 quem
1386 1458 1585 1487 Ratumenam
1609 1457 1816 1494 nominabant,
1840 1457 1941 1486 relicto
1966 1460 2122 1488 certamine
2143 1459 2184 1488 ad

230 1496 409 1536 Capitolium
433 1498 580 1539 quadriga
600 1499 738 1539 prosiluit
761 1511 812 1529 nec
834 1508 902 1528 ante
922 1500 1065 1537 substitit,
1098 1499 1257 1541 quamlibet
1281 1500 1373 1529 obviis
1396 1499 1620 1529 excursionibus
1642 1498 1798 1539 impedita,
1828 1511 1917 1539 quam
1944 1500 2101 1540 Tarpeium
2125 1501 2182 1531 Ιο-

227 1551 288 1568 vem
318 1548 398 1569 terna
429 1540 616 1570 dextratione
643 1541 787 1571 lustraret.
833 1543 887 1570 Sed
920 1553 979 1571 non
1009 1543 1096 1571 video
1127 1553 1179 1571 cur
1202 1543 1321 1571 Solinus
1352 1543 1600 1581 praetermiserit,
1638 1543 1717 1581 quod
1746 1542 1777 1570 in
1806 1542 1950 1571 miraculo
1975 1544 2180 1582 praecipuum,

227 1593 332 1621 nempe
353 1583 501 1612 ludicrum
525 1584 600 1612 illud
624 1590 771 1614 certamen
794 1585 871 1613 Veiis
896 1590 994 1613 actum
1018 1585 1123 1621 fuisse,
1165 1585 1243 1613 unde
1268 1596 1392 1614 excusso
1421 1586 1539 1621 auriga,
1573 1585 1622 1622 qui
1646 1589 1746 1623 postea
1770 1585 1879 1612 Romae
1902 1585 2006 1623 periit,
2042 1591 2122 1616 recta
2145 1587 2182 1615 ad

228 1626 407 1664 Capitolium
433 1626 574 1664 quadriga
599 1628 741 1666 pervenit.
778 1629 853 1655 Sane
876 1628 951 1655 illud
975 1638 1033 1656 non
1056 1628 1258 1666 praetermisit
1281 1628 1405 1656 Plinius:
1434 1627 1537 1656 Maius
1559 1628 1712 1666 augurium
1735 1625 1816 1665 apud
1835 1628 1965 1664 priscos,
1989 1627 2099 1665 inquit,
2120 1628 2182 1668 ple-

229 1666 272 1696 bis
297 1666 479 1697 Circensibus
503 1680 627 1698 excusso
650 1670 754 1708 auriga
777 1671 807 1698 in
833 1668 1011 1709 Capitolium
1035 1671 1196 1699 cucurrisse
1218 1682 1306 1710 equos
1329 1669 1485 1709 aedemque
1508 1677 1549 1697 ter
1571 1668 1719 1698 lustrasse.
1754 1668 1865 1698 Deinde
1888 1668 1984 1698 addit:
2006 1669 2182 1701 Maximum

228 1720 292 1739 vero
316 1709 414 1739 eodem
436 1712 596 1748 pervenisse
618 1722 637 1739 a
663 1711 745 1740 Veiis
768 1723 833 1741 cum
854 1711 958 1751 palma
982 1720 1008 1740 et
1031 1723 1140 1742 corona
1163 1713 1257 1753 effuso
1280 1712 1468 1741 Ratumenna
1491 1712 1542 1751 qui
1564 1711 1606 1740 ibi
1625 1713 1743 1740 vicerat.
1784 1712 1948 1740 Ratumena
1971 1717 2057 1750 porta
2081 1713 2182 1742 eadem

229 1752 292 1780 aliis
315 1753 483 1781 nominibus
511 1752 721 1790 Carmentalis,
749 1755 892 1794 Tarpeia,
924 1754 1075 1784 Scelerata
1096 1760 1123 1783 et
1150 1755 1313 1784 Veientana
1336 1756 1425 1784 dicta.
1451 1754 1537 1783 Dae.
1584 1752 1831 1793 Conspectamque
1842 1752 1987 1792 fictilium
2011 1754 2182 1796 quadriga-

230 1806 300 1824 rum.
334 1796 406 1831 Lege
430 1804 671 1836 conspectumque
681 1796 826 1836 fictilium
851 1796 1073 1837 quadrigarum.
1109 1797 1220 1826 Harum
1244 1798 1458 1836 quadrigarum
1480 1796 1617 1825 fictilium
1640 1796 1772 1824 meminit
1789 1797 1862 1825 Ptin.
1878 1795 1928 1826 lib.
1940 1797 2076 1827 XXVIII.
2093 1808 2117 1827 e.
2132 1800 2180 1830 11.

230 1834 340 1865 Idem.
371 1838 448 1876 Quia
471 1840 501 1867 in
517 1838 651 1879 fornace
673 1838 746 1868 adeo
771 1847 929 1869 creverant.
960 1840 1042 1868 Idem
1064 1844 1167 1869 narrat
1185 1841 1259 1869 Plin.
1282 1840 1404 1869 ibidem.
1435 1840 1467 1867 ln
1490 1839 1611 1868 ostentis
1635 1843 1731 1867 autem
1754 1843 1783 1867 et
1805 1838 1927 1867 somniis
1950 1840 2046 1868 omnia
2068 1842 2181 1870 maiora

232 1882 260 1905 et
282 1880 412 1908 auctiora
434 1882 537 1910 videre
560 1882 669 1910 laetum
693 1892 727 1910 ac
749 1892 925 1921 prosperum
953 1882 1088 1911 iudicant
1115 1883 1268 1922 aruspices
1299 1887 1328 1911 et
1357 1882 1563 1912 oneirocritae.
1606 1882 1630 1910 E
1654 1886 1757 1910 contra
1780 1881 1864 1910 triste
1888 1886 2038 1911 ostentum
2062 1888 2121 1920 est,
2155 1883 2181 1911 si

232 1929 290 1956 qua
316 1930 362 1950 res
391 1924 479 1951 solito
508 1924 605 1953 minor
634 1928 663 1952 et
691 1926 842 1953 tenuatior
872 1925 1074 1963 desectiorque
1104 1931 1237 1964 apparet.
1280 1925 1330 1954 Sic
1352 1926 1511 1954 Perdiccae
1537 1924 1590 1952 uni
1614 1934 1653 1952 ex
1676 1924 1842 1953 Temenidis
1866 1934 1957 1962 quum
1980 1925 2060 1964 apud
2081 1935 2179 1964 regem

232 1960 419 1993 Macedoniae
441 1967 548 1994 ovibus
572 1967 726 2005 pascendis
749 1978 869 2006 operam
892 1978 975 1996 suam
998 1969 1140 2005 locasset,
1170 1968 1254 2006 panis
1278 1968 1329 2007 qui
1353 1969 1413 1997 eius
1436 1966 1555 1996 nomine
1579 1967 1780 2005 coquebatur,
1804 1967 1835 1994 in
1858 1967 1947 1995 furno
1971 1967 2062 2006 duplo
2085 1968 2181 1997 maior

232 2002 343 2039 sactus,
371 2016 490 2043 regnum
515 2009 707 2038 Macedoniae
731 2011 842 2039 attulit.
888 2011 909 2039 E
932 2015 1053 2048 contra,
1083 2010 1288 2039 Praenestinae
1310 2018 1401 2039 sortes
1423 2017 1598 2039 extenuatae
1620 2010 1698 2048 apud
1722 2009 1785 2038 Liv.
1807 2019 1862 2047 pro
1886 2010 1964 2038 malo
1987 2015 2102 2039 ostento
2125 2010 2180 2039 ha—

231 2044 309 2074 bitae
332 2052 414 2083 sunt,
440 2050 499 2079 Liv,
522 2051 571 2080 lib.
584 2052 685 2088 XXH,
712 2055 739 2083 1.
764 2058 793 2081 et
815 2053 866 2083 lib.
881 2053 969 2089 XXI,
995 2055 1045 2084 62.
1080 2053 1161 2081 Idem
1185 2053 1221 2082 de
1244 2053 1366 2081 somniis
1388 2052 1533 2081 iudicium
1557 2052 1636 2090 apud
1659 2057 1775 2080 veteres
1797 2052 1983 2090 interpretes.
2018 2053 2178 2082 Membrurn

233 2087 354 2125 aliquod
377 2094 425 2116 aut
448 2092 526 2120 aliud
550 2094 759 2132 quodcumque
783 2106 836 2134 per
858 2096 987 2133 quietem
1010 2096 1100 2124 solito
1124 2096 1217 2124 maius
1241 2101 1268 2124 et
1291 2096 1407 2124 auctius
1431 2096 1527 2123 visum
1551 2095 1627 2123 laeta
1650 2094 1807 2132 significat:
1838 2099 2025 2123 contractum
2047 2100 2076 2124 et
2097 2106 2179 2126 ema-

234 2129 342 2158 Cialum
367 2134 520 2163 contraria,
561 2137 667 2164 Eodem
692 2138 843 2175 pertinent
866 2143 977 2177 septem
1002 2139 1118 2176 opimae
1141 2148 1248 2167 vaccae
1270 2143 1299 2166 et
1320 2143 1433 2177 septem
1456 2138 1549 2166 macie
1573 2137 1721 2174 desectae,
1746 2147 1818 2175 quas
1841 2147 1856 2165 e
1877 2136 1997 2166 flumine
2018 2139 2179 2168 ascenden-

232 2176 276 2199 tes
298 2173 374 2201 vidit
397 2183 449 2201 rex
467 2175 635 2214 Aegyptius.
671 2179 742 2207 Vide
757 2180 978 2209 Artemidorum
999 2185 1026 2208 et
1049 2181 1121 2209 alios
1144 2181 1305 2220 scriptores
1328 2180 1570 2209 oneirocriticon.
1606 2180 1767 2208 Salmasius
1789 2180 1818 2208 in
1843 2180 1976 2209 exercitt.
1992 2180 2066 2209 Plin.
2089 2181 2178 2211 Dac-

233 2212 359 2243 Etrusci.
390 2216 528 2244 clarusci.
565 2219 645 2247 Veiis
667 2224 868 2252 consternatis.
898 2223 987 2252 Vehis
1011 2224 1214 2252 consternatis.
1249 2223 1371 2252 Veienti.
1400 2223 1530 2261 Vegenti.
1577 2220 1684 2251 Goth.

397 2256 656 2297 Reciperatio.
700 2263 939 2301 Reciperatores‚
976 2266 1022 2294 vel
1050 2271 1084 2295 ut
1112 2266 1213 2294 dixere
1242 2271 1364 2305 postea,
1401 2270 1626 2304 recuperatores
1653 2264 1780 2303 primum
1809 2263 1884 2292 dicti
1907 2268 1993 2301 sunt,
2028 2265 2080 2303 qui
2101 2265 2177 2294 inter

235 2308 308 2337 pop.
332 2298 496 2328 Romanum
520 2306 547 2329 ct
571 2302 701 2330 civitates
725 2308 892 2343 peregrinas
916 2308 952 2336 de
975 2308 1063 2336 robus
1088 2309 1213 2347 privatis
1236 2308 1396 2336 reddendis
1418 2308 1656 2346 recipiendisque
1680 2306 1907 2345 cognoscebant.
1941 2308 1979 2335 Et
2000 2306 2069 2336 inde
2089 2316 2177 2336 recu·

234 2345 387 2379 peratores
410 2341 482 2370 dicti
504 2348 572 2371 sunt
595 2344 706 2371 iudices
731 2347 779 2383 qui
802 2359 817 2375 a
842 2350 979 2378 praetore
1001 2351 1030 2378 in
1054 2352 1180 2389 privatis
1203 2351 1434 2387 controversiis,
1466 2360 1652 2389 quacumque
1674 2350 1710 2379 de
1733 2360 1764 2378 re
1787 2354 1939 2388 ageretur,
1963 2349 2028 2378 dari
2052 2359 2175 2378 consue-

234 2388 348 2415 verant,
394 2384 488 2413 Plaut.
510 2386 649 2414 Bacchid.
674 2386 738 2414 Act.
754 2388 788 2415 ll.
812 2393 899 2425 sc.3,
923 2394 1016 2428 (96,):

870 2431 1030 2471 Postquam
1050 2440 1168 2471 praetor
1190 2442 1402 2473 recuperatores
1425 2433 1514 2464 dedit.
