2263 2668
536 143 600 177 DE
629 141 1017 177 SIGNIFICATIONE
1046 140 1329 176 VERBORUM.
1391 143 1536 178 LIBER
1559 145 1648 179 XIV.
1996 146 2071 182 589

110 240 229 272 eosdem
259 250 325 268 cum
353 237 400 266 his
431 236 541 265 nostris
565 235 609 265 De
630 235 781 266 verborum
810 235 1033 277 signficatione.
1064 234 1163 265 Scal.
1205 235 1378 278 Prqfanum.
1415 237 1471 266 Hic
1494 238 1579 267 Iocus
1603 238 1727 278 pessime
1749 238 1921 268 distractus.
1965 239 2070 269 Hiatus

110 285 205 321 enim,
237 283 287 321 qui
311 286 378 321 post
399 290 587 320 progenerum
612 283 773 318 apparent,
805 278 864 307 huc
887 277 1083 318 pertinebant.
1130 278 1240 307 Locum
1264 279 1321 309 adi.
1346 279 1509 320 Profanum
1532 282 1655 321 proprie
1677 286 1735 320 est,
1768 281 1849 321 quod
1873 292 1911 311 ex
1932 282 2069 321 religioso

109 332 139 357 et
161 336 247 355 sacro
271 325 300 354 in
325 324 477 353 hominum
501 331 587 350 usum
611 331 787 350 conversum
812 326 864 353 est,
908 321 1030 349 Servius
1053 320 1089 348 ad
1112 321 1188 349 illud
1208 322 1274 352 Xll.
1301 323 1373 351 Aen.
1397 324 1510 361 (779.):

692 363 773 403 Quos
796 371 899 393 contra
920 361 1082 393 Aeneadae
1105 362 1181 392 bello
1194 363 1299 405 fecere
1318 364 1475 406 profanos.

107 412 166 442 Pro
185 423 289 447 anum,
326 408 438 448 inquit,
470 406 590 447 proprie
612 404 737 443 dicitur,
770 405 851 447 quod
872 417 912 435 ex
933 405 1073 444 religiosa
1097 417 1127 434 re
1148 406 1177 434 in
1200 406 1350 436 hominum
1373 419 1456 436 usum
1480 408 1664 438 convertitur.
1708 408 1744 438 Et
1767 415 1798 438 at
1817 416 1920 449 postea
1943 407 2068 438 dicendo

109 453 186 484 bello
199 453 302 495 fecere
321 451 482 492 profanos,
508 448 609 478 docuit
628 448 792 491 profanum
816 460 890 486 esse,
911 447 991 488 quod
1013 458 1031 475 a
1054 447 1193 487 religione
1215 449 1246 477 in
1268 461 1350 478 usum
1374 449 1523 479 hominum
1547 451 1678 488 transiit,
1704 462 1790 480 sacro
1810 449 1971 492 profanum
1995 462 2068 481 con-

107 497 248 533 trarium,
273 503 304 524 ut
318 494 417 535 festo,
439 490 735 533 profestum,sano‚
758 491 914 533 nefastum.
946 489 1025 530 Ergo
1048 501 1106 519 non
1130 502 1227 529 omne,
1249 491 1330 532 quod
1350 504 1465 521 sacrum
1487 504 1545 522 non
1568 493 1620 529 sit,
1640 492 1819 534 profanum,
1842 491 1893 522 sed
1914 492 1995 534 quod
2016 505 2066 523 sa.-

107 550 188 569 crum
208 538 306 579 fuerit
329 544 355 565 ει
378 535 502 565 desierit.
548 533 657 562 Verum
687 534 764 562 illud
786 544 848 563 non
870 543 984 572 semper
1008 544 1022 561 a
1047 533 1198 562 veteribus
1222 534 1430 571 observatum,
1468 536 1519 574 qui
1543 546 1630 574 saepe
1654 536 1812 574 profanum
1835 536 1937 564 dixere
1960 536 1996 565 de
2019 546 2064 572 eo,

105 581 189 619 quod
212 590 363 619 nunquam
387 587 504 607 sacrum
528 576 633 605 fuerat.
663 576 752 606 Dac.
793 575 881 615 Quod
903 586 961 605 non
984 574 1163 617 estfanum.
1205 577 1294 612 Quod
1316 588 1376 606 non
1400 582 1444 606 est
1466 578 1598 607 fandum.
1636 578 1729 607 Varro
1745 578 1796 609 IV.
1820 577 1856 606 de
1880 579 1910 608 L.
1932 579 1963 607 L.
1988 576 2056 618 (VI,

103 633 171 663 pag.
185 626 257 656 230.
276 620 343 663 Sp.)
365 620 495 649 Macrob.
510 619 562 649 ΙΙΙ.
587 629 653 658 cap.
666 620 715 650 3.:
742 618 830 657 Quod
852 626 938 648 extra
951 617 1127 659 fanaticam
1152 630 1287 657 causam,
1311 620 1396 660 quasi
1415 631 1504 659 porro
1528 632 1546 649 a
1561 620 1662 662 fano,
1686 619 1719 649 id
1740 628 1781 650 est
1803 619 1950 659 religione.
1981 621 2065 650 Adde

103 665 125 696 l.
137 668 165 697 6.
186 676 208 694 s.
231 676 343 695 sacrae.
365 663 395 692 ff.
418 663 455 692 ‹le
478 672 579 691 rerum
602 661 690 690 divis.
713 661 732 690 l.
745 663 796 693 83.
821 663 845 699 §.
869 671 993 690 sacram.
1017 660 1046 689 ss'.
1070 660 1106 689 de
1129 661 1249 690 verbor.
1273 662 1361 700 obtig.
1384 662 1402 693 Ι.
1416 665 1446 693 9.
1471 663 1543 692 cod.
1567 664 1603 691 de
1624 663 1777 701 religiosis.
1809 663 1922 692 Glossis
1945 663 2063 701 profani

104 704 251 748 ἀμύητοι,
281 707 418 748 βέβηλοι,
448 702 572 745 οἷνιεροί.
604 702 710 733 Goilz.
749 704 829 733 Pro.
868 703 1098 743 corruptissima
1122 709 1205 732 sunt:
1238 703 1316 733 alias
1338 703 1424 733 aliud
1448 704 1525 742 alio,
1556 712 1587 734 ut
1606 717 1661 745 pro
1681 706 1822 746 pecunia,
1851 716 1906 745 pro
1927 704 2061 745 praedio,

101 762 156 790 pro
179 749 305 781 consule.
350 750 441 787 Lego:
474 747 552 777 alias
573 745 669 787 apud,
700 745 755 783 ab,
780 745 833 775 ob:
859 754 889 775 ui
909 758 964 786 pro
985 746 1128 786 pecunia,
1151 757 1206 785 pro
1226 746 1351 787 praede,
1371 759 1426 787 pro
1450 746 1582 778 consilio.
1608 747 1693 777 Dac.
1737 749 1836 777 Infra:
1868 748 1940 776 Fere
1963 749 2062 776 omnia

102 803 141 822 ex
164 793 292 833 epitome
316 791 450 821 divinare
473 795 568 830 potes.
613 789 680 818 Hoc
709 794 806 818 tamen
837 795 990 828 praeterea
1013 788 1141 817 habebat
1163 789 1282 827 Festus,
1321 789 1400 828 quod
1424 790 1536 818 Attium
1562 791 1590 818 in
1616 790 1784 830 Menalippo
1807 790 1856 819 vel
1880 790 2008 819 Ennium
2031 791 2062 819 in

101 835 287 875 Melanippa,
321 834 391 864 item
416 835 555 863 Plautum
578 833 608 861 in
631 832 776 861 Condalio
801 832 919 862 citabat.
946 830 1048 861 Scal.
1089 830 1124 860 Ῑη
1149 833 1358 871 compositione
1376 833 1505 872 ponitur.
1544 833 1618 861 Male
1640 832 1690 862 hic
1712 834 1795 862 Pauli
1820 838 1848 862 et
1871 833 1948 861 Festi
1971 833 2061 862 verba

101 878 309 908 cohaeserunt.
338 877 499 916 Superiora
523 880 591 904 sunt
614 875 714 912 Pauli,
739 875 816 904 Festi
840 885 915 914 quae
937 878 1120 913 sequuntur,
1143 875 1195 903 sed
1219 875 1259 904 ita
1283 875 1462 914 supplenda.
1493 875 1549 904 Pro
1572 875 1717 913 significat
1739 877 1787 914 in,
1811 880 1843 905 ut
1865 886 1920 914 pro
1943 876 2060 912 rostris,

99 931 157 960 pro
180 921 272 959 aede,
307 930 364 960 pro
387 919 539 948 tribunali.
586 918 616 946 [n
641 918 855 957 compositione
877 918 1002 957 ponitur
1024 921 1080 947 etc.
1126 917 1158 946 In
1180 917 1238 945 illis
1258 929 1312 957 pro
1335 916 1406 946 aede
1427 918 1545 946 fallitur
1567 918 1687 955 Festus,
1724 929 1820 958 neque
1843 919 1920 947 enim
1943 918 1983 946 ibi
2003 930 2059 958 pro

99 963 248 1001 significat
271 964 317 1000 in,
341 962 392 992 sed
415 969 500 1000 ante,
523 966 557 990 ut
578 961 656 989 infra
676 971 732 1000 pro
755 961 839 989 ostio.
872 961 927 989 Sed
951 959 1021 989 vide
1041 960 1170 989 Gellium
1194 960 1292 992 Iib.ll.
1316 971 1381 1000 cap.
1394 963 1423 992 3.
1448 960 1536 990 Dac.
1571 961 1629 989 Csr.
1647 962 1719 990 Gell.
1738 962 1772 990 Il.
1797 972 1860 1000 cap.
1875 964 1925 992 17.
1953 958 2058 991 Goth.

99 1005 159 1035 Pro
190 1006 292 1036 rostris
319 1015 348 1035 v.
371 1005 434 1036 l.2.
459 1007 483 1043 §.
497 1004 526 1035 4.
544 1003 574 1033 ff.
604 1004 640 1032 de
671 1003 784 1042 origine
813 1003 897 1032 iuris.
928 1001 1037 1032 Idem.
1082 1003 1141 1032 Pro
1169 1001 1399 1044 amplificando,
1438 1007 1470 1032 ut
1498 1002 1629 1049 profugi·
1650 1005 1680 1033 in
1709 1004 1728 1035 l.
1743 1007 1772 1036 9.
1789 1004 1818 1032 ss'.
1848 1003 1931 1043 quod
1960 1008 2058 1033 metus

99 1058 199 1078 causa·
242 1047 514 1131 Isstbnsundum.
558 1088 715 1118 Diomedes
737 1087 815 1128 (pag.
828 1089 899 1120 408.
925 1086 969 1127 P.)
994 1088 1090 1127 capite
1113 1087 1150 1116 de
1173 1087 1411 1126 praepositione:
1447 1088 1504 1117 Pro
1524 1089 1704 1128 praepositio
1726 1089 1873 1128 significat
1892 1099 1996 1128 porro,
2027 1095 2057 1116 ut

97 1144 162 1162 cum
178 1131 361 1175 profundum
381 1131 507 1161 dicimus
520 1130 659 1171 pelagus,
682 1138 713 1160 ut
736 1131 785 1161 cui
804 1141 893 1171 porro
907 1129 1029 1173 fundus
1046 1131 1093 1160 sit.
1117 1130 1192 1159 Vide
1206 1129 1323 1159 Altum.
1349 1131 1470 1160 Servius
1487 1131 1524 1160 ad
1542 1131 1616 1160 illud
1632 1132 1652 1161 Ι.
1671 1132 1790 1160 Aeneid.
1809 1132 1872 1167 (Ge.
1886 1131 1935 1167 lV,
1956 1131 2056 1167 222.):

99 1173 275 1216 Caelumque
293 1173 488 1216 profundum.
531 1172 720 1215 Profundum
742 1181 853 1210 autem,
884 1173 998 1212 inquit,
1026 1180 1051 1202 et
1073 1172 1197 1202 sublime
1220 1171 1339 1205 dicitur.
1377 1174 1468 1203 item:
1494 1174 1527 1204 Et
1552 1174 1630 1203 sicut
1652 1173 1702 1203 hic
1724 1173 1908 1214 profundum
1931 1173 1961 1202 in
1985 1173 2055 1202 alti-

95 1218 248 1256 tudinem,
271 1219 314 1247 sic
336 1217 407 1246 alibi
429 1216 548 1255 fastigia
570 1217 601 1245 in
624 1216 725 1245 infima
748 1221 835 1255 parte
858 1216 950 1256 (Virg.
975 1218 1026 1245 Ge.
1041 1216 1083 1254 11,
1107 1218 1207 1256 2820:

636 1266 773 1296 Forsitan
792 1274 818 1296 et
840 1266 993 1296 scrobibus
1014 1279 1089 1308 quae
1109 1268 1167 1297 sint
1179 1266 1315 1309 fastigia
1338 1277 1469 1307 quaeras.

94 1319 184 1351 Dae.
218 1318 304 1349 Adde
325 1318 456 1347 Nonium
480 1316 561 1357 (pag.
573 1317 646 1349 460.
671 1317 776 1357 Merc.)
800 1318 830 1347 iu
854 1317 1050 1360 Profundum.

259 1370 329 1399 Pro
359 1370 432 1398 esti
457 1368 546 1398 dies.
591 1369 708 1398 Afranii
731 1369 919 1409 exemplum,
941 1370 1022 1409 quod
1045 1369 1155 1399 citabat
1176 1364 1282 1399 Festus
1306 1381 1341 1399 ex
1365 1369 1526 1408 Privigno,
1549 1373 1632 1399 extat
1654 1368 1798 1407 integrius
1821 1369 1901 1408 apud
1925 1368 2052 1397 Nouium

93 1410 259 1452 (pag-434.
282 1412 373 1442 Mero.
395 1421 424 1441 v.
446 1410 616 1454 Profesti.):

445 1467 451 1472 ·
633 1453 717 1493 Quae
739 1465 791 1484 nos
812 1453 938 1484 solemus
950 1453 1060 1496 facere
1071 1454 1188 1496 festivo
1211 1453 1267 1493 die,

633 1496 818 1535 Quotidiano
841 1507 924 1536 opere
944 1498 1103 1536 promisce-s
1124 1499 1233 1528 omnia.

630 1539 677 1568 At
698 1550 775 1579 quae
793 1539 944 1580 profesio,
975 1547 1097 1577 contra;
1128 1551 1193 1568 cum
1218 1538 1347 1569 celebras
1360 1538 1482 1580 focum.

90 1580 134 1610 tta
157 1580 235 1610 enim
260 1581 416 1620 legendum
440 1581 522 1620 apud
544 1581 683 1610 Nonium.
706 1580 809 1612 Scal.
854 1582 1059 1620 Opponuntur
1082 1582 1185 1611 diebus
1208 1582 1308 1619 sestis,
1341 1587 1370 1610 et
1393 1582 1463 1610 dicti
1484 1580 1627 1623 profesti,
1658 1581 1740 1619 quod
1760 1591 1831 1621 pro,
1861 1579 1891 1608 id
1914 1583 1959 1608 est
1978 1589 2052 1618 pro-

90 1622 142 1653 cul
163 1634 178 1652 a
202 1624 283 1652 sestis
306 1629 384 1654 sunt.
416 1624 465 1652 Ait
481 1624 639 1653 Afranius:
663 1624 748 1659 Quae
771 1633 825 1652 nos
849 1625 976 1653 facimus
999 1624 1104 1653 diebus
1127 1625 1224 1661 festis,
1248 1629 1281 1653 tu
1305 1624 1410 1653 diebus
1433 1625 1572 1663 profestis
1596 1625 1693 1652 omnia
1718 1623 1885 1662 permisces.
1918 1623 1954 1650 At
1977 1631 2052 1659 quae

89 1675 146 1694 nos
169 1666 310 1705 profestis
333 1667 474 1702 facimus,
499 1671 533 1695 tu
554 1666 586 1695 id
609 1676 695 1695 omne
718 1666 823 1695 diebus
846 1667 943 1703 festis,
976 1677 1042 1696 cum
1067 1668 1200 1696 celebras
1223 1667 1333 1697 focum.
1379 1667 1453 1695 Nam
1477 1667 1580 1695 diebus
1603 1667 1684 1695 sestis
1710 1667 1836 1695 Deorum
1860 1665 1945 1693 focus
1968 1664 2051 1692 cele-

90 1707 245 1737 brabatur.
269 1708 358 1738 Dae.
393 1709 467 1738 Vide
490 1708 622 1738 Macrob.
639 1710 661 1739 I.
686 1710 745 1738 Sat.
766 1712 814 1741 16.
863 1708 967 1741 Goth.

256 1750 454 1793 Prosusus.
500 1752 610 1781 Versus
633 1752 779 1788 Terentii,
810 1756 842 1780 ut
865 1763 881 1780 a
904 1753 996 1781 Paulo
1019 1753 1151 1781 refertur
1173 1752 1202 1781 in
1225 1751 1385 1790 Adelphis,
1416 1751 1497 1790 quod
1521 1751 1598 1780 Festi
1622 1750 1768 1779 dimidiati
1791 1749 1853 1779 dies
1876 1747 2049 1786 significant.

88 1792 212 1822 Pacuvii
235 1798 335 1822 autem
358 1794 445 1822 nimis
469 1794 629 1824 mendosus
652 1799 704 1824 est.
727 1795 815 1824 Ant.
836 1795 932 1834 Aug.
966 1794 1124 1837 Profundo
1148 1800 1193 1824 est
1214 1795 1336 1832 largiter
1360 1795 1471 1830 fundo,
1495 1794 1574 1823 unde
1594 1793 1734 1834 profusus
1758 1790 1944 1830 ὁαπανηρός,
1969 1801 2050 1819 sum-

88 1840 227 1875 ptuosus.
273 1836 370 1866 Gloss.
395 1836 518 1866 Profusa
541 1835 563 1875 ἦ
584 1835 725 1877 δαψιλής.
768 1837 842 1866 Item
864 1838 1036 1877 profundo,
1065 1836 1149 1867 humi
1172 1837 1281 1875 fundo,
1319 1838 1398 1866 unde
1421 1837 1564 1876 profusus
1587 1836 1671 1865 humi
1693 1836 1793 1872 susus,
1824 1835 1967 1864 abiectus.
2016 1833 2047 1861 Ιιι

88 1888 179 1907 versu
203 1879 325 1907 Pacuvii
347 1879 505 1917 legendum
527 1884 616 1919 puto:

670 1921 817 1964 Profusus
835 1923 946 1963 gemitu
969 1934 1115 1951 murmure
1137 1929 1293 1951 occentum
1315 1929 1390 1952 ruat.

89 1971 144 2001 Da
154 1983 178 2001 c.
214 1971 310 2000 Locus
332 1972 463 2001 Terentii
487 1978 531 2002 est
555 1973 682 2013 Adelph.
699 1973 726 2010 1,
750 1976 786 2011 2,
808 1974 861 2006 54.

253 2021 395 2053 Plauti.
443 2024 467 2052 A
491 2025 607 2053 Graeco
630 2021 757 2061 πλατύς,
790 2029 819 2053 et
842 2024 926 2064 prius
949 2024 1062 2053 dictum
1087 2024 1142 2053 suit
1167 2024 1281 2063 plotus,
1319 2029 1424 2064 postea
1452 2025 1584 2064 plautuS.
1629 2023 1725 2052 Plauti
1749 2026 1845 2051 autem
1869 2020 2046 2050 dicebantur

87 2064 222 2093 homines
246 2066 372 2104 pedibus
395 2066 502 2105 planis.
533 2067 609 2097 Vide
633 2066 721 2096 Ploti.
745 2067 834 2097 Dac.
872 2066 992 2097 Plaudi.
1028 2068 1133 2096 Plauti.
1169 2067 1227 2095 Alii
1253 2065 1367 2103 Flami,
1392 2067 1441 2096 alii
1469 2065 1549 2097 Plati
1570 2077 1585 2094 a
1610 2066 1724 2094 Graeco
1746 2062 1874 2101 πλατύς,
1898 2062 1979 2102 quod
2001 2063 2044 2091 la-

86 2112 150 2137 tum
174 2107 335 2146 significat,
358 2108 450 2148 idque
472 2119 544 2138 vero
567 2113 692 2150 propius
715 2114 774 2146 est,
799 2120 866 2138 cum
890 2110 993 2138 Plaudi
1016 2109 1065 2138 hic
1088 2110 1242 2147 dicantur,
1268 2119 1396 2148 quorum
1420 2120 1507 2138 aures
1530 2109 1619 2138 latius
1642 2112 1771 2147 pateant.
1817 2105 1924 2136 Goth.

252 2149 426 2180 Plantae.
472 2152 576 2181 Planta
605 2153 693 2192 pedis
715 2162 731 2181 a
752 2150 862 2192 plano,
904 2163 1009 2191 nempe
1032 2163 1047 2181 a
1074 2153 1181 2181 Dorico
1205 2149 1299 2182 πλάτα
1322 2163 1378 2192 pro
1401 2150 1511 2192 πλάτη,
1547 2152 1656 2180 inserto
1679 2162 1697 2179 n
1718 2148 1834 2190 planta.
1880 2149 1919 2177 At
1938 2146 2042 2187 planta

84 2203 141 2232 pro
164 2192 272 2232 stirpe,
296 2204 311 2222 a
330 2192 466 2232 pulania,
490 2195 571 2233 quod
594 2206 609 2223 a
630 2194 733 2235 palus,
756 2198 791 2223 ut
814 2196 883 2223 olim
904 2193 1009 2234 planta
1034 2195 1124 2224 suerit
1146 2195 1253 2234 stirps,
1278 2205 1353 2233 quae
1375 2200 1571 2234 pangeretur,
1593 2194 1641 2222 vel
1665 2194 1765 2232 potius
1785 2190 1890 2232 planta
1914 2191 1949 2219 ab
1968 2190 2041 2218 Aeo-

83 2236 143 2264 lico
167 2233 290 2275 βλάτῑη,
322 2236 432 2265 inserto
455 2248 483 2266 n.
515 2237 600 2268 Voss.
640 2237 698 2266 Sed
720 2247 825 2266 verum
850 2248 912 2266 esse
935 2238 1047 2277 possit,
1079 2238 1158 2277 quod
1182 2239 1220 2266 ait
1244 2237 1363 2275 Festus,
1398 2239 1505 2277 stirpes
1528 2238 1642 2277 plantas
1666 2240 1789 2264 vocatas
1812 2245 1826 2263 a
1849 2231 2039 2262 similitudine

107 2278 258 2307 tantarum
284 2283 467 2315 nostrarum,
492 2290 584 2318 quum
608 2284 636 2309 et
658 2280 740 2319 ipsae
761 2279 848 2319 pedes
871 2282 956 2309 etiam
981 2280 1129 2309 dieantur.
1173 2281 1247 2309 Nam
1271 2279 1352 2310 betae
1370 2279 1457 2320 pedes
1479 2280 1553 2309 dicit
1577 2279 1671 2308 Varro
1694 2278 1730 2307 de
1754 2288 1778 2306 r.
1797 2287 1821 2308 r.
1845 2275 1887 2315 (Ι,
1910 2274 1967 2314 2.).
1992 2272 2038 2301 b‘·

83 2321 162 2350 tacei
188 2319 275 2360 pedes
299 2321 422 2360 Apicius
446 2322 526 2359 (ΙΙΙ,
550 2323 614 2360 2.).
661 2324 695 2352 Et
725 2323 754 2351 in
779 2323 892 2352 Glossis
919 2323 1028 2362 legitur
1051 2324 1256 2363 pastinaceus,
1292 2322 1439 2360 betaceus,
1476 2332 1583 2362 nempe
1606 2320 1835 2359 subintelligitur
1855 2329 1913 2358 pes.
1949 2315 2036 2343 Dac-

85 2361 215 2395 Olerum.
244 2364 394 2393 Olearum.
442 2362 547 2394 Goth.

251 2405 426 2436 Plancae.
471 2406 624 2437 Palancae
645 2407 730 2447 prius
753 2407 867 2446 dictae,
899 2418 915 2437 a
939 2408 1055 2437 Graeco
1079 2406 1245 2450 φάλαγγες,
1272 2408 1321 2438 vel
1343 2407 1444 2448 potius
1464 2405 1592 2448 plancas
1614 2417 1630 2436 a
1654 2406 1769 2435 Graeco
1792 2400 1904 2437 πλάκας
1927 2400 2035 2428 inserto
