2263 2668
249 129 324 163 236
1022 131 1247 173 ARUSlANI
1273 133 1418 168 MESSI

349 223 445 258 vobis
470 235 542 258 esse
568 225 700 267 idonei,
728 225 772 258 In
798 224 921 270 quibus
946 225 997 259 sic
1023 224 1209 259 illudatis?
1241 226 1365 260 lterum
1397 227 1430 259 in
1459 237 1534 260 eam
1566 238 1647 263 rem.
1676 227 1775 263 Ten:
1820 226 1932 262 Inlasi
1957 229 1991 263 in
2017 230 2124 265 vitam
2140 231 2197 278 fi-

349 275 429 310 liae.
456 277 582 309 Terent
607 277 692 309 Eun.
709 273 737 310 ¹:
764 275 821 310 Ne
847 277 987 321 impune
1013 277 1048 309 in
1073 288 1135 311 nos
1155 278 1310 312 illuserit.

246 327 348 371 Inops
372 328 458 360 itlius
490 328 546 359 rei.
579 327 673 372 Virg.
710 328 793 362 Aen.
828 324 943 361 llll.²:
986 327 1107 361 Saevit
1140 329 1238 374 inops
1273 329 1390 362 ιιηίιηὶ.
1433 328 1553 364 Salust.
1592 329 1714 363 Hister.
1748 325 1821 363 1.³:
1860 329 2041 375 Agitandi
2088 333 2195 379 inops.

347 378 448 422 Inops
475 377 541 411 hac
567 389 613 410 re.
642 379 711 412 Cic.
739 391 802 423 pro
829 380 956 413 Scauro
978 375 1005 412 ⁴:
1039 380 1155 425 Copiis
1180 381 1293 425 inops,
1330 383 1438 425 gente
1454 380 1596 425 fallar.

245 428 386 475 Ignarus
413 428 508 460 huius
534 429 581 461 rei
601 426 623 463 ⁵.
652 431 745 475 Virg.
769 431 851 464 Aen.
874 431 933 463 11.:
970 429 1102 475 Ignari
1131 431 1331 475 (scelerum)
1366 435 1542 465 tantorum
1570 433 1724 477 artisque
1751 431 1942 477 Pelasgae.
1971 429 2075 477 Igna—
2086 432 2193 481 [524]

348 492 402 513 rus
428 480 581 515 faciendi.
604 480 699 514 Idem
726 482 809 515 Aen.
838 481 878 515 V.
900 479 928 514 ⁶:
961 481 1073 514 Haud
1100 483 1235 527 ignara
1262 482 1417 517 nocendi.

248 532 325 564 Iuro
352 542 414 575 per
439 531 532 563 illam
559 543 640 566 rem.
677 533 772 578 Virg.
799 534 882 566 Aen.
908 533 1015 566 VIIII.
1038 530 1067 566 ⁷:
1110 533 1184 567 Per
1217 538 1321 578 eaput
1349 534 1414 566 hoc
1445 533 1540 574 iuro,
1569 544 1639 578 per
1671 535 1764 579 quod
1792 538 1900 580 paler
1933 537 2016 568 ante
2051 535 2196 571 solebat.

352 583 429 615 Iuro
455 583 547 615 illam
574 595 654 617 rem.
682 584 778 618 Idem
801 585 884 617 Aen.
913 584 969 619 vl.
993 582 1022 617 ⁸:
1054 584 1178 618 BIaria
1205 596 1336 629 aspera
1363 586 1449 617 iuro.

251 633 361 666 Insido
388 633 460 666 illis.
489 634 582 678 Virg.
605 637 686 669 Aen.
707 636 762 669 VI.
785 631 813 668 ⁹:
840 635 1003 669 Floribus
1029 635 1180 669 insidunt
1211 637 1330 671 variis,
1358 636 1451 668 Idem
1474 636 1556 668 Aen.
1584 635 1672 668 V111.
1682 632 1722 669 ¹⁰:
1749 636 1853 681 Iugis
1875 636 2001 669 insedit
2025 636 2196 673 Etruscis.

352 685 463 717 Insido
493 686 577 721 illos.
611 687 706 732 Virg.
734 687 817 720 Aen.
845 683 936 722 X.¹¹:
974 686 1055 720 Non
1088 688 1198 721 satius
1224 688 1357 720 cineres
1387 687 1513 719 Troiae
1541 687 1707 720 insedisse
1729 688 1933 732 supremos?
1967 688 2086 721 salust.
2110 689 2195 721 Hist.

357 733 423 769 1.¹²:
449 736 603 771 Armata
623 742 772 772 montem
797 749 939 772 suerum
966 742 1071 783 atque
1090 739 1298 772 Aventinum
1326 739 1462 774 insedit.
1489 738 1584 771 Ideni
1605 739 1638 771 in
1661 739 1798 772 eodem:
1820 739 1960 772 Paucos
1985 740 2116 773 saltum
2142 740 2196 773 in-

357 787 515 821 sidentes.

255 839 399 871 lnsonuit
425 839 481 871 iiia
506 851 552 872 re.
587 839 680 885 Vin-g.
703 841 785 874 Aen.
820 837 911 877 V.¹³:
944 840 1166 886 Insonuitque
1194 840 1358 887 flagello.

361 889 583 936 Verberaque
609 892 763 925 insonuit.

254 940 412 985 Indignus
438 942 504 976 hac
530 954 574 975 re.
597 943 716 977 Salust.
745 944 827 976 Hist.
855 943 879 976 Ι.
889 939 931 975 ¹⁵:
958 942 1007 975 Et
1033 942 1172 987 indigni
1199 942 1389 988 republica.

1416 841 1561 874 Insonuit
1595 840 1688 873 illam
1720 852 1802 876 rem.
1837 841 1933 875 Idem
1958 841 2041 875 Aen.
2070 838 2191 875 V11.¹⁴:

1442 943 1601 989 Indignus
1628 942 1726 977 huius
1752 944 1809 976 rei.
1837 942 1931 988 Virg.
1965 942 2048 977 Aen.
2070 943 2144 976 XII.
2154 939 2195 976 ¹⁶:

357 992 579 1038 Blagnorum
607 995 693 1028 haut
724 1006 875 1040 unquam
899 995 1067 1039 indignus
1094 1005 1248 1027 avorum.

254 1060 375 1105 Ingens
401 1062 486 1095 illius
507 1063 563 1095 rei.
597 1063 663 1096 Sal.
689 1063 772 1096 Hist.
800 1059 906 1096 111.¹⁷:
937 1062 1071 1108 Ingens
1097 1063 1171 1107 ipse
1196 1064 1322 1097 viriam
1349 1067 1454 1109 atque
1486 1063 1603 1096 animi.

356 1111 465 1146 XLffi:
496 1113 528 1148 O
543 1113 658 1159 fitma
678 1114 820 1160 ingens,
852 1115 1028 1159 ingentior
1055 1115 1172 1147 armis.

253 1179 388 1225 Integer
413 1181 499 1215 itlius
524 1182 580 1215 rei.
616 1182 710 1227 Virg.
739 1183 823 1218 Aen.
852 1178 989 1216 VllI.¹⁰:
1025 1181 1141 1228 Atque
1169 1183 1307 1228 integer
1339 1183 1418 1216 aevi
1451 1182 1636 1218 Ascanius.

355 1232 397 1264 11.
405 1229 445 1266 ²⁰:
476 1232 593 1278 Copiis
618 1234 771 1279 integra.

1662 1064 1784 1109 Ingens
1809 1062 1877 1097 hac
1902 1073 1948 1096 re.
1982 1061 2078 1108 Virg.
2111 1062 2196 1096 Aen.

1689 1183 1823 1228 Integer
1848 1182 1906 1216 illa
1932 1193 1978 1216 re.
2013 1181 2082 1215 Sat.
2110 1181 2194 1214 Hist.

255 1299 431 1344 impendet
453 1301 511 1334 tibi
537 1302 595 1335 illa
620 1314 682 1337 res,
713 1302 781 1336 Cic.
808 1302 841 1334 in
869 1301 940 1334 Cat.
968 1297 1039 1334 1.²¹:
1081 1301 1333 1335 Praetermitto
1360 1302 1482 1335 ruinas
1503 1302 1738 1348 fortunarum
1766 1305 1927 1340 tuarum,
1962 1312 2051 1346 quas
2078 1310 2195 1334 omnes

357 1352 560 1396 impendere
582 1354 753 1398 proximis
778 1353 840 1386 libi
862 1353 987 1386 Idibus
1005 1354 1139 1386 senties.
1189 1354 1366 1399 Impendet
1399 1359 1432 1387 te
1465 1355 1558 1387 illud.
1591 1354 1670 1387 Ter.
1698 1350 1848 1387 Phor.²²:
1879 1352 1940 1387 Ita
1965 1364 2056 1386 mine
2076 1352 2194 1397 impa—

361 1407 481 1437 ratam
506 1404 617 1439 subito
643 1409 743 1439 tanta
769 1408 803 1438 te
828 1404 1027 1450 impendent
1052 1405 1160 1438 mala.

345 1494 370 1534 1)
397 1494 480 1524 Idem
501 1496 577 1528 Ειιη,
604 1498 634 1530 5.
656 1500 685 1529 4.
709 1500 760 1530 20.
785 1497 820 1526 A.
846 1497 885 1527 Μ.
911 1498 1068 1526 Inlziserit
1086 1497 1206 1537 scripsit

259 1537 292 1567 A.
316 1537 354 1566 Μ.
376 1540 508 1567 illuserit
526 1541 597 1569 Cod.
623 1540 680 1569 Gu.
701 1541 844 1568 illuseris
871 1540 969 1569 editur
985 1542 1064 1579 apud
1081 1541 1147 1569 Ter.
1164 1556 1206 1561 —

260 1580 290 1616 2)
318 1581 403 1618 Virg.
426 1582 501 1612 Aen.
526 1585 602 1612 IIII.
626 1585 696 1614 300.
722 1584 754 1612 A.
778 1582 816 1611 M.
849 1598 890 1604 ——
918 1583 949 1620 3)
982 1584 1044 1611 Sal.
1070 1585 1154 1612 Ilist.
1182 1584 1205 1611 I.

261 1624 290 1652 6.
314 1622 346 1650 A.
368 1624 406 1653 M.
430 1626 575 1662 Fragmm.
594 1625 644 1654 lib.
663 1625 684 1653 Ι.
705 1627 750 1656 16.
776 1624 855 1653 Gerl.
871 1624 901 1652 in
918 1630 991 1655 orat.
1016 1626 1118 1663 Lepidi
1137 1635 1207 1653 con-

263 1668 310 1690 tra
333 1665 451 1694 Sullam.
474 1684 517 1689 —
538 1669 567 1704 4)
595 1667 656 1697 Cic.
674 1677 732 1705 pro
750 1667 866 1694 Scauro
890 1667 961 1698 994,
984 1668 1019 1695 A.
1045 1668 1083 1696 M.
1105 1667 1135 1706 β’.
1158 1667 1207 1698 45.

262 1704 345 1734 b.ed.
369 1706 460 1737 Orell.
482 1725 524 1730 —
546 1708 575 1749 5)
600 1709 678 1737 Haec
701 1709 796 1737 omnis
811 1709 963 1747 eloquutio
982 1720 1050 1738 cum
1073 1710 1208 1748 exemplo

263 1756 316 1774 suo
340 1749 443 1777 omissa
467 1755 510 1777 est
534 1751 568 1777 ab
591 1753 623 1780 Α.
650 1752 686 1779 Μ.
711 1752 804 1779 Locus
828 1756 870 1779 est
893 1752 971 1789 Virg.
992 1752 1062 1781 Aen.
1085 1753 1119 1781 11.
1141 1755 1209 1783 106.

264 1789 406 1817 scelerum
432 1802 488 1820 oni.
510 1792 581 1820 cod.
606 1793 661 1820 Gu.
678 1793 759 1821 haud
780 1793 869 1821 dubie
889 1794 1079 1833 descriptoris
1097 1804 1208 1824 errore.

263 1846 305 1851 —
325 1833 353 1864 6)
380 1834 464 1871 lvi-g.
483 1833 558 1862 Aen.
583 1835 618 1862 V
633 1837 704 1867 618.
719 1836 752 1864 A.
777 1835 813 1863 M.
830 1853 869 1858 —
885 1839 912 1871 7)
923 1836 1004 1866 Idem
1020 1837 1126 1866 VIIII.
1138 1839 1210 1869 300.

264 1872 298 1901 A.
324 1873 361 1903 M.
392 1875 487 1903 Verba
508 1887 563 1913 per
600 1876 683 1914 qnod
710 1883 799 1915 pater
828 1884 896 1906 ante
923 1879 1037 1907 solebat
1068 1879 1167 1907 addidi
1198 1889 1213 1907 e

265 1915 336 1944 Cod.
354 1917 408 1945 Gu.
432 1935 470 1938 —
494 1918 523 1954 8)
548 1917 630 1946 Idem
653 1920 706 1948 VI.
724 1922 794 1951 351.
810 1920 842 1950 A.
862 1921 900 1949 Μ.
923 1937 964 1942 --
986 1924 1019 1958 9)
1042 1921 1126 1950 Idem
1153 1920 1207 1950 VI.

264 1960 335 1989 708.
360 1959 392 1986 A.
414 1959 450 1987 M.
475 1961 559 1997 I'L'rg.
579 1961 653 1990 Am.
684 1963 771 1991 VIII.
796 1963 866 1992 Cod.
893 1963 949 1991 Gu.
979 1981 1011 1985 —
1050 1968 1093 2001 10)
1123 1963 1208 1991 Idem

270 1999 355 2028 l'lll.
378 2004 449 2033 480.
473 2003 504 2029 A.
522 2003 559 2030 M.
583 2004 680 2041 Fugis
695 2003 804 2032 incedit
821 2005 892 2033 Cod.
916 2006 971 2033 Gu.
994 2022 1035 2027 ——
1060 2005 1102 2044 11)
1128 2006 1209 2034 Idem

265 2042 306 2070 X.
324 2042 372 2074 59.
397 2044 429 2073 A.
452 2044 490 2072 Μ.
519 2045 622 2072 Troiae
640 2047 709 2077 cod.
727 2051 860 2085 uterque.
876 2046 998 2075 Pati-me
1012 2048 1110 2078 editur
1129 2049 1208 2087 apud

264 2083 344 2121 Virg.
365 2101 407 2106 ——
431 2090 472 2119 12)
497 2087 560 2114 Sal.
578 2088 661 2116 [list.
678 2091 700 2117 I.
719 2092 747 2120 2.
772 2089 804 2118 A.
828 2090 866 2118 M.
891 2090 1036 2126 Fragmni.
1058 2091 1109 2119 lib.
1130 2091 1153 2120 l.
1176 2094 1205 2124 8.

266 2125 344 2156 Gerl.
371 2127 402 2155 in
435 2128 539 2156 maiori
565 2129 616 2157 illo
647 2131 810 2168 fragmento
842 2142 878 2160 ex
910 2132 1074 2168 Augustino
1104 2133 1206 2171 petito.

265 2167 359 2197 Verba
375 2169 455 2198 Idem
478 2172 509 2198 in
530 2170 629 2198 eodem,
647 2188 689 2193 —
702 2189 744 2194 --
760 2173 920 2201 insidentes
935 2184 970 2201 ex
991 2174 1061 2204 cod.
1078 2176 1132 2204 Gu.
1151 2176 1207 2204 ad—

265 2210 343 2248 didi,
366 2222 439 2249 quae
458 2214 651 2250 fragmentum
675 2215 827 2243 continent
848 2216 967 2244 Salustii
985 2217 1108 2245 antehac
1129 2228 1206 2245 non-

263 2252 333 2280 duin
359 2255 516 2292 cognitum.
545 2256 679 2284 Ceterum
703 2259 735 2284 in
759 2257 870 2285 eadem
891 2258 962 2286 Cod.
985 2274 1025 2279 —
1049 2262 1091 2293 13)
1121 2260 1206 2298 Viiug.

263 2295 337 2324 Acti.
359 2297 392 2325 Is.
412 2300 484 2328 579.
504 2297 537 2325 A.
562 2298 602 2328 M.
622 2314 664 2319 —-
687 2300 732 2335 14)
755 2298 836 2326 Idem
864 2302 934 2329 VH.
956 2302 1028 2331 451.
1049 2301 1082 2328 Α.
1108 2301 1145 2330 Μ.
1165 2319 1205 2324 —

268 2340 313 2373 15)
337 2339 398 2368 Sal.
417 2341 500 2368 JIi‘st.
528 2342 550 2369 I.
574 2344 620 2372 12.
649 2340 684 2369 A.
710 2341 748 2370 M.
768 2341 911 2378 Fragnnn.
937 2342 986 2370 lib.
1010 2342 1032 2372 I.
1058 2345 1104 2374 19.
1127 2344 1205 2372 Gerl.

262 2379 294 2407 iu
316 2381 447 2411 oratione
470 2381 600 2421 Philippi
622 2383 762 2412 adversus
787 2384 948 2423 Lepidum,
984 2384 1034 2413 ubi
1059 2390 1117 2413 est:
1141 2386 1204 2414 luzo

1249 1495 1377 1534 despecti
1397 1503 1423 1525 ct
1440 1496 1562 1535 indigni
1576 1498 1733 1537 republica
1751 1497 1858 1528 habiti.
1882 1512 1922 1519 —-
1946 1495 1992 1536 16)
2020 1494 2194 1534 Virg.Aen.

1249 1540 1324 1569 Xll.
1349 1542 1418 1571 649.
1441 1542 1474 1569 A.
1500 1541 1537 1569 M.
1560 1542 1646 1580 Viig.
1669 1541 1743 1569 Aen.
1766 1542 1805 1571 H.
1830 1539 1899 1569 cod.
1921 1539 1978 1568 Gu.
2001 1539 2097 1567 Verba
2117 1537 2197 1566 liant

1250 1593 1385 1620 utiquam
1410 1593 1425 1611 e
1445 1583 1516 1611 cod.
1543 1584 1599 1612 Gu.
1624 1584 1742 1620 addidi,
1772 1582 1824 1611 ubi
1845 1586 1903 1611 est:
1926 1582 2110 1620 fllagnorzim
2140 1585 2197 1608 aiat

1250 1636 1416 1662 nunquam.
1440 1642 1479 1646 —-
1506 1624 1548 1665 17)
1573 1626 1651 1654 Haec
1675 1626 1803 1654 elocutio
1825 1635 1892 1653 cum
1915 1624 2051 1663 exemplo
2079 1633 2131 1651 suo
2152 1632 2196 1652 se·

1251 1667 1353 1705 quenti
1377 1668 1567 1706 postponitur
1588 1669 1619 1697 in
1639 1668 1710 1697 cod.
1733 1670 1790 1696 Gu.
1811 1668 1876 1697 Sal.
1897 1668 1981 1696 Hist.
2005 1667 2063 1696 III.
2086 1667 2133 1696 13.
2162 1665 2195 1693 Α.

1251 1710 1290 1738 Μ.
1318 1710 1404 1748 Via-g.
1427 1711 1501 1738 Aen.
1529 1713 1607 1748 HL,
1628 1711 1702 1739 miro
1732 1720 1846 1745 errore,
1875 1709 1947 1739 cod.
1968 1709 2025 1737 Gu.
2048 1708 2193 1745 Fragmin.

1250 1752 1300 1780 lib.
1322 1752 1371 1782 lli.
1395 1755 1447 1784 28.
1476 1753 1555 1781 Gerl.
1584 1770 1626 1776 —
1659 1754 1702 1791 18)
1731 1754 1816 1791 Virg.
1836 1752 1911 1781 Aen.
1934 1749 1992 1780 .ΧῙ.
2014 1753 2082 1782 124.
2108 1750 2139 1779 A.
2157 1748 2194 1779 Μ.

1255 1811 1290 1815 -
1317 1795 1361 1831 19)
1387 1794 1466 1822 Idem
1487 1794 1575 1824 VIII.
1594 1797 1664 1828 255.
1681 1796 1714 1824 A.
1733 1796 1769 1824 M.
1786 1795 1886 1833 Alqzce
1898 1793 1999 1822 addidi
2019 1803 2033 1821 e
2050 1792 2120 1820 cod.
2138 1791 2194 1820 Gu.

1254 1853 1292 1858 -
1306 1837 1352 1873 90)
1363 1838 1515 1867 Sul-llis!-
1527 1840 1566 1867 II.
1585 1842 1615 1869 2.
1639 1839 1673 1866 A.
1684 1837 1721 1866 M.
1735 1838 1880 1875 Fragnnn.
1895 1835 1989 1864 lib.II.
2009 1837 2055 1867 10.
2067 1834 2195 1863 Gen-l.—

1253 1880 1299 1917 21)
1313 1879 1374 1908 Cio.
1390 1881 1420 1907 ιἰι
1440 1879 1505 1908 Cat.
1516 1882 1577 1912 L6.
1593 1881 1625 1908 A.
1636 1881 1673 1908 Μ.
1685 1880 1739 1908 Pro
1749 1890 1777 1908 v.
1788 1881 1908 1915 ruinas,
1918 1877 1997 1916 quod
2013 1878 2046 1906 A.
2057 1877 2095 1906 M.
2109 1875 2194 1905 uncis

1253 1921 1384 1958 inclusit,
1393 1922 1488 1949 miras
1504 1927 1547 1950 est
1560 1923 1592 1950 in
1601 1923 1671 1952 Cod.
1688 1923 1744 1951 Gu.
1763 1922 1834 1950 Tibi·
1843 1921 1993 1960 proximis
2009 1918 2195 1948 diebus-Cod-

1249 1965 1282 1994 A.
1293 1964 1480 2002 Myr-oximis
1496 1965 1552 1992 tibi
1569 1964 1676 1994 Icl1'lmfs
1696 1965 1769 1993 cod.
1781 1965 1838 1994 Gu.
1856 1974 1923 1992 cum
1936 1963 2089 1998 Cicerone,
2113 1961 2195 2000 quod

1248 2006 1397 2045 rescripsi.
1419 2023 1461 2028 —-
1481 2007 1527 2046 22)
1553 2008 1619 2036 Ter.
1639 2008 1730 2036 Phor.
1749 2010 1772 2037 I.
1787 2009 1816 2038 4.
1832 2010 1861 2039 2.
1880 2007 1914 2036 A.
1932 2005 1970 2034 Μ.
1988 2005 2193 2034 Τειέηί.Ειιι-ι.

1251 2049 1323 2078 Cod.
1346 2051 1401 2078 Gu.
1424 2049 1528 2077 Subli.)
1556 2055 1644 2078 tanta
1673 2049 1859 2088 impendent,
1887 2047 2002 2077 omissis
2027 2057 2077 2075 vv.
2107 2052 2136 2075 te
2164 2050 2194 2074 et

1249 2092 1334 2119 mula
1363 2092 1432 2120 Cod.
1457 2092 1513 2122 Gu.
1537 2108 1572 2113 —
1607 2095 1653 2127 23)
1680 2093 1742 2121 Cic.
1764 2092 1847 2121 l’lzil.
1870 2093 1892 2121 I.
1911 2092 1939 2121 9.
1962 2089 1998 2118 A.
2019 2089 2059 2118 M.
2083 2106 2125 2111 --
2145 2089 2193 2124 24)

1253 2134 1318 2162 Ter.
1341 2133 1428 2164 Adel.
1452 2137 1478 2165 3.
1498 2137 1525 2166 2.
1542 2137 1591 2166 22.
1614 2135 1649 2162 A.
1673 2135 1710 2164 Μ.
1733 2136 1877 2172 Ilerum,
1907 2137 1940 2161 ut
1963 2132 2099 2167 videtur,
2123 2130 2192 2159 Cod.

1252 2177 1308 2205 Gn.
1329 2193 1371 2198 —
1392 2174 1437 2214 25)
1462 2176 1542 2205 ltlcm
1569 2178 1652 2207 Eun.
1683 2181 1712 2209 2.
1734 2180 1762 2208 2.
1785 2179 1838 2208 39.
1875 2176 1908 2207 A.
1935 2174 1972 2204 M.
2006 2174 2094 2212 Apud
2124 2173 2190 2202 Ter.

1248 2219 1355 2256 legitur
1381 2229 1534 2247 szciiimzim
1559 2230 1664 2256 suzim,
1698 2220 1749 2248 sed
1777 2229 1870 2247 suam
1898 2217 1979 2247 abest
2003 2217 2039 2244 ab
2066 2220 2192 2253 utroque

1250 2261 1337 2297 Cod.,
1361 2261 1532 2300 absorptum
1550 2262 1687 2290 videlicet
1703 2273 1717 2289 a
1739 2261 1884 2301 superiori
1901 2258 2056 2288 vocabulo.
2083 2274 2121 2279 —
2142 2254 2189 2292 26)

1252 2303 1381 2341 Ciapro
1399 2305 1489 2332 Rosc.
1510 2306 1539 2336 4.
1562 2305 1595 2335 A.
1616 2304 1654 2333 M.
1677 2304 1711 2332 Iu
1726 2305 1784 2332 Cic.
1805 2304 1870 2333 edd.
1892 2303 1998 2340 legitur
2025 2305 2052 2328 et
2075 2296 2188 2338 populo

1247 2346 1386 2373 Romano
1408 2348 1478 2385 imp.
1503 2363 1542 2369 --
1565 2346 1612 2382 27)
1641 2347 1726 2386 Virg.
1754 2347 1829 2376 Aen.
1853 2348 1876 2376 I.
1894 2347 1964 2377 637.
1986 2342 2020 2370 A.
2042 2341 2080 2370 M.
2113 2339 2189 2386 {rum

1247 2389 1359 2416 interea
1381 2389 1452 2417 Cod.
1479 2388 1513 2418 A.
1533 2389 1572 2420 M.
1595 2389 1722 2419 Interior
1743 2394 1841 2427 recte,
1864 2392 1897 2417 ut
1918 2391 1962 2415 est
1990 2382 2068 2422 apud
2088 2381 2189 2420 Virgq
