2263 2668
500 154 565 188 DE
591 150 980 187 SIGNIFICATIONE
1008 152 1291 189 VERBORUM.
1344 153 1489 187 LIBER
1515 152 1606 188 XVI.
1953 157 2028 192 649

81 255 162 285 sunt,
186 254 363 276 revertantur
383 247 537 286 resignatis
558 245 758 286 vectigalibus.
790 245 869 274 Haec
892 245 1002 273 citabat
1024 246 1144 284 Festus,
1170 257 1244 286 quae
1267 257 1321 275 nos
1343 247 1509 286 reperimus
1533 247 1563 275 in
1586 246 1758 285 fragmentis
1782 247 1878 277 Servii
1900 248 2027 288 (p.339.

83 289 183 329 Dan.)‚
218 290 270 328 qui
292 294 337 318 est
358 299 448 328 penes
473 289 622 318 Danielem
646 294 789 317 nostrum.
834 288 892 323 Qui
916 289 1004 316 etiam
1028 289 1109 317 aliud
1132 290 1246 328 profert
1269 300 1306 318 ex
1330 290 1432 318 eodem
1456 291 1584 326 Catone,
1621 289 1753 319 oratione
1773 290 1804 319 in
1827 291 1949 320 Lucium
1973 294 2029 321 Fu-

82 334 173 362 rium:
204 332 249 360 De
271 342 366 372 aqua,
395 330 474 371 quod
496 332 599 360 attinet
622 330 662 359 ad
684 330 859 360 salinatores
879 332 1023 367 aerarios,
1053 333 1100 360 cui
1123 343 1192 361 cura
1216 331 1418 371 vectigalium,
1447 333 1582 371 resignat.
1613 330 1713 363 Scal.
1760 332 1819 362 Pro
1841 333 2028 364 subscribere.

83 375 166 404 Adde
188 375 264 403 infra
288 374 478 413 Resignatum
503 379 530 402 et
553 373 686 413 Signare.
735 372 838 404 Goth.

246 415 456 446 Resultare.
501 415 594 455 Saepe
617 415 733 447 resilire.
779 416 837 444 Sed
859 415 936 444 infra
960 415 990 443 in
1013 415 1147 454 reliquiis
1171 416 1251 445 Festi
1274 422 1410 455 apparet,
1446 414 1478 448 τὸ
1500 415 1640 445 resultare
1663 417 1939 456 interpretationem
1965 424 2028 449 tan-

82 464 145 487 tum
168 459 260 488 fuisse
282 461 336 489 τοῦ
357 457 502 487 residiare.
542 459 680 487 Libenter
702 459 792 496 igitur
813 459 937 496 legerem
960 456 1105 495 resillare,
1128 470 1211 498 saepe
1231 458 1349 488 resilire.
1390 459 1448 497 lta,
1476 464 1510 488 ut
1533 459 1646 487 dictum
1669 460 1759 488 suerit
1783 459 1882 489 resillo
1906 466 1933 490 et
1956 463 2029 491 resi-

82 500 133 530 lio.
163 502 237 530 Nam
260 502 338 530 inter
361 506 493 539 quartam
518 505 547 529 et
570 501 694 540 primam
719 501 956 539 coniugationem
980 510 1082 537 magna
1106 502 1162 530 suit
1185 501 1253 530 olim
1277 501 1414 531 affinitas.
1449 502 1501 531 Vel
1524 502 1600 530 forte
1622 502 1781 540 legendum
1804 502 1961 541 resilitare,
1985 516 2030 533 re-

82 542 208 580 sultare,
231 555 315 583 saepe
339 542 456 573 resilire.
491 543 588 572 Gloss.
612 543 749 579 Resulto,
774 540 970 582 ἆναθρώσκω.
1014 542 1103 572 Dae.

248 584 465 614 Restibilis.
509 586 648 614 Glossae:
685 585 853 623 Restibilis,
889 582 982 626 ἀγρὸς
1011 586 1055 621 δὶς
1084 588 1138 616 τοῦ
1160 586 1244 622 ἔτους
1266 582 1497 624 ἥροτριωμένος.
1529 584 1629 617 Scal.
1676 585 1828 615 Restihilis
1850 597 1928 625 ager.
1969 588 2029 623 Qui

83 628 242 666 quotannis
265 629 382 657 seritur.
427 628 511 657 Varr.
533 629 584 659 lib.
598 629 645 658 IV.
671 629 708 657 de
731 629 761 657 L.
781 629 810 657 L.
836 629 882 668 (V.
906 638 969 667 pag.
983 630 1033 659 39.
1059 629 1137 667 Sp.);
1175 628 1258 667 Ager
1281 628 1432 665 restibilis,
1468 630 1518 669 qui
1540 629 1701 658 restituitur
1721 639 1758 658 ao
1781 630 1914 657 reseritur
1935 637 2029 669 quot-

82 677 153 710 quot
174 671 274 708 annis,
298 677 419 707 contra,
442 672 493 711 qui
514 671 728 707 intermittitur,
752 683 770 700 a
792 670 928 700 novando
952 669 1065 699 novalis
1088 682 1165 710 ager.
1200 671 1324 700 Videtur
1348 683 1362 699 a
1386 671 1569 700 restituendo
1594 681 1659 700 eum
1683 671 1795 700 dictum
1818 676 1937 710 putare,
1961 682 2030 700 cum

83 713 120 741 sit
142 723 157 740 a
181 711 334 750 restando,
369 713 480 752 quippe
504 713 554 752 qui
577 714 607 742 in
629 714 752 742 alterum
777 724 884 742 aunum
907 718 1013 749 restat,
1051 712 1109 741 hoc
1133 718 1176 741 est
1199 713 1314 742 resistit.
1361 714 1480 742 Restare
1503 714 1578 742 enim
1602 719 1646 742 est
1668 713 1793 750 durare,
1828 724 2030 752 perseverare,

83 757 230 786 resistere.
262 756 393 793 Propert.
417 756 485 794 (III,
509 759 542 792 6,
566 756 644 795 31.):
668 773 708 778 ——
733 756 809 785 Dum
834 764 921 785 restat
938 755 1091 784 Barbarus
1109 754 1229 785 Hector.
1268 756 1355 792 Quod
1372 756 1466 785 Varro
1490 757 1563 785 dicit
1585 763 1727 797 quotquot
1748 756 1849 792 annis,
1874 756 1949 785 illud
1973 756 2030 785 Fe-

83 803 146 826 stus
176 798 318 826 contiuuo
346 797 481 835 biennio,
522 799 601 837 quod
631 799 666 827 de
697 800 813 828 duobus
843 799 927 828 annis
955 799 1104 827 continuis
1128 798 1367 837 intelligendum,
1406 809 1501 837 neque
1525 799 1598 827 enim
1623 804 1666 827 est
1689 798 1828 827 restibilis
1852 808 1935 836 ager,
1972 799 2030 827 nisi

83 841 241 879 quotannis
255 845 379 869 seratur.
417 841 516 877 Quare
540 841 699 870 restibilem
724 852 825 879 agrum
849 846 1016 881 exponunt:
1041 838 1135 881 ἀγρὸν
1158 841 1203 877 ὁὶς
1225 844 1279 872 τοῦ
1303 841 1386 878 ἔτους
1408 837 1646 881 ἠροτριωμένον,
1670 850 1772 879 agrum
1788 840 1835 869 bis
1852 851 1905 880 per
1921 851 2030 870 annum

83 883 204 912 sementi
227 888 453 922 praeparatum,
478 885 545 923 quia
570 885 683 913 scilicet
704 885 782 913 inter
805 890 960 923 utramque
983 894 1105 912 messem
1128 894 1222 912 annus
1247 884 1390 920 vertitur,
1413 889 1446 912 ut
1469 885 1496 912 in
1520 884 1618 912 novali
1641 884 1791 912 biennium
1813 883 1963 921 integrum
1982 884 2031 912 in-

84 925 209 954 tercedit
231 927 308 954 inter
329 931 490 965 utrumque
515 928 655 955 fructum.
700 927 839 956 Farreum
864 929 978 966 spicum
1002 926 1150 955 vocabant
1174 927 1338 956 saiivorum
1363 937 1476 955 omnem
1500 927 1645 963 fructum,
1668 926 1717 965 qui
1741 925 1828 964 spicis
1849 927 2029 963 continetur,

83 978 118 996 ac
141 968 220 996 vallo
244 969 400 997 aristarum
423 970 572 1006 munitur,
596 980 655 1008 quo
679 970 708 998 in
731 980 836 1008 genere
859 981 918 999 non
940 970 1037 999 solum
1060 970 1120 1005 far,
1143 969 1245 1007 siligo,
1268 970 1416 1006 triticum,
1448 969 1499 998 sed
1523 969 1608 998 etiam
1630 968 1786 999 hordeum.
1831 968 1911 997 Haec
1933 970 2031 998 omnia

82 1011 224 1040 frumenti
245 1012 363 1040 nomine
385 1012 685 1051 comprehendebant.
731 1013 881 1042 Hordeum
905 1013 986 1052 apud
1009 1018 1122 1042 veteres
1148 1013 1295 1041 Romanos
1319 1013 1396 1041 inter
1418 1014 1596 1050 sementiva,
1634 1022 1688 1040 nec
1710 1011 1821 1040 satione
1845 1021 1950 1048 verna,
1978 1016 2031 1040 aut

81 1054 224 1082 trimestri
246 1054 414 1092 serebatur,
438 1060 471 1084 ut
494 1056 574 1095 apud
598 1067 665 1092 nos>
690 1055 741 1084 sed
765 1056 905 1093 hiberna,
934 1056 1037 1085 eodem
1061 1065 1184 1094 prorsus
1208 1055 1314 1093 modo,
1339 1066 1397 1094 quo
1421 1055 1562 1084 triticum.
1608 1054 1758 1083 Cavebunt
1780 1053 1870 1092 igitur
1892 1053 2031 1092 praedio-

81 1106 150 1125 rum
171 1096 335 1134 locatores,
360 1107 395 1126 ne
419 1098 469 1136 qui
492 1108 525 1127 ea
549 1098 771 1135 conducebant,
795 1099 954 1127 restibilem
978 1109 1078 1136 agrum
1103 1098 1201 1126 sai-reo
1225 1098 1307 1136 spico
1332 1099 1477 1135 lucerent,
1501 1097 1529 1126 h.
1548 1108 1572 1128 e.
1592 1102 1624 1126 ut
1649 1108 1684 1126 ne
1707 1096 1824 1125 duobus
1848 1096 1932 1125 annis
1955 1106 2029 1125 con-

81 1139 173 1167 tinuis
195 1139 279 1178 fruge
303 1140 422 1168 aristata
445 1151 547 1179 agrum
571 1142 749 1171 obsererent.
790 1142 865 1179 Ergo
888 1142 1029 1170 restibilis
1052 1151 1121 1179 ager
1144 1140 1286 1169 dicendus
1311 1146 1444 1178 tantum,
1468 1141 1519 1178 qui
1543 1140 1663 1169 aristato
1687 1149 1792 1178 genere
1816 1138 1933 1168 duobus
1956 1149 2031 1167 con-

83 1181 174 1210 tinuis
204 1183 286 1211 aunis
315 1183 491 1212 conseritur.
537 1185 608 1213 Nam
638 1184 777 1213 restibilis
806 1195 866 1213 non
893 1190 951 1220 est,
992 1194 1082 1223 quum
1105 1184 1135 1212 in
1160 1183 1296 1212 novalem
1320 1184 1448 1212 mittitur
1472 1183 1555 1218 saba,
1592 1193 1667 1222 quae
1690 1182 1804 1211 novalis
1826 1192 1902 1210 anno
1926 1181 2030 1210 eodem

82 1223 205 1253 hiberna
227 1225 340 1254 satione
362 1232 520 1264 acceptura
544 1232 587 1255 est
610 1227 797 1255 frumentum.
843 1226 1066 1266 Theophrastus
1093 1231 1191 1262 notat,
1230 1226 1348 1264 placere
1378 1226 1554 1264 quibusdam
1579 1226 1664 1254 fabae
1687 1235 1784 1254 semen
1809 1224 1943 1253 mandari
1967 1234 2030 1252 no-

81 1267 207 1297 vatibus.
238 1268 327 1303 Quod
350 1279 403 1297 nec
424 1269 487 1307 ipse
510 1270 675 1308 improbat,
699 1269 787 1297 modo
813 1269 841 1297 id
866 1270 1009 1298 maturius
1032 1269 1098 1304 fiat,
1122 1273 1154 1297 ut
1178 1279 1214 1297 ne
1237 1269 1346 1297 aestiva
1364 1268 1463 1304 νέασις
1479 1268 1668 1307 impediatur.
1704 1267 1789 1296 Haud
1813 1267 1898 1295 video
1922 1271 2030 1303 tamen,

81 1311 233 1348 quomodo
256 1311 374 1340 biennio
397 1311 537 1340 continuo
560 1312 695 1349 frugibus
719 1312 845 1340 aris-tatis
870 1312 967 1340 obseri
990 1312 1083 1351 possit
1106 1322 1188 1349 ager,
1218 1311 1379 1340 observatis
1402 1311 1498 1340 tribus
1521 1311 1594 1348 illis,
1620 1316 1670 1340 aut
1693 1310 1778 1339 etiam
1801 1308 1939 1349 pluribus
1963 1319 2031 1337 ara-

82 1353 211 1381 tionibus
235 1353 271 1381 de
292 1354 399 1391 quibus
423 1364 511 1392 supra
536 1354 675 1383 diximus.
718 1354 752 1382 In
776 1359 875 1383 tenera
900 1355 1025 1383 fortasse
1049 1359 1125 1383 terra
1150 1354 1180 1382 id
1204 1354 1302 1382 locum
1326 1353 1478 1389 imbuerit,
1513 1354 1560 1382 cui
1583 1354 1651 1382 satis
1674 1357 1719 1382 est
1742 1352 1833 1389 arari,
1865 1351 1935 1380 dum
1959 1351 2030 1380 seri-

82 1400 144 1433 tur3
174 1400 224 1424 aut
246 1396 270 1424 si
294 1396 416 1425 secundi
439 1399 509 1424 anni
531 1398 675 1425 sationem
699 1407 735 1424 ex
759 1397 903 1425 trimestri
926 1398 1036 1426 semine
1060 1398 1166 1433 facias,
1197 1402 1229 1424 ut
1253 1407 1305 1425 nos
1330 1397 1539 1425 consuevimus
1562 1396 1591 1424 in
1615 1395 1732 1424 hordeo
1756 1399 1785 1424 et
1807 1405 1909 1423 avena.
1955 1395 2031 1422 Sane

82 1443 111 1468 et
132 1448 223 1476 genus
246 1439 384 1467 frumenti
413 1439 470 1468 suit
497 1440 648 1468 aristatum
680 1441 824 1468 trimestre
848 1440 996 1468 veteribus
1021 1440 1270 1477 cognitissimum3
1311 1440 1416 1468 Graeci
1441 1439 1582 1478 τρίμηνον
1606 1438 1766 1478 appellant.
1810 1436 1921 1465 Hordei
1944 1437 2031 1465 etiam

81 1491 171 1519 genus
194 1481 224 1509 in
247 1482 369 1510 aristato
391 1492 495 1519 genere
518 1483 666 1511 trimestre
690 1483 821 1519 exstitit,
859 1483 945 1520 quale
974 1482 1064 1510 hodie
1093 1493 1178 1510 omne
1204 1487 1320 1510 nostras
1344 1487 1396 1510 est.
1441 1483 1490 1510 Sic
1514 1481 1628 1510 dnobus
1652 1481 1736 1509 annis
1760 1479 1910 1508 continuis
1932 1479 2030 1508 farreo

81 1525 163 1563 spico
185 1529 304 1562 poterat
326 1534 394 1563 ager
417 1525 556 1553 restibilis
579 1525 659 1561 fieri,
698 1524 778 1563 quod
810 1525 998 1563 excipiebant
1028 1524 1175 1553 locatores
1204 1524 1394 1563 praediorum
1421 1535 1456 1553 ne
1480 1524 1570 1553 fleret.
1615 1524 1651 1552 Et
1672 1533 1741 1552 sane
1762 1523 1793 1551 id
1816 1522 1919 1551 sedulo
1943 1531 2032 1550 cave-

81 1566 154 1595 bant
176 1571 291 1595 veteres
314 1567 474 1604 agricolae,
499 1578 533 1595 ne
557 1568 738 1595 frumentum
762 1567 880 1595 biennio
904 1568 1045 1594 continuo
1069 1567 1156 1595 terris
1180 1567 1362 1604 ingererent,
1387 1567 1439 1595 sed
1460 1566 1672 1605 leguminibus,
1696 1570 1747 1594 aut
1770 1565 1850 1593 milio
1869 1568 1897 1592 et
1912 1564 2031 1603 panico,

82 1615 133 1639 aut
156 1609 243 1638 etiam
266 1609 343 1648 rapis
368 1610 530 1638 restibilem
554 1619 656 1647 agrum
679 1609 845 1645 faciebant,
877 1610 899 1636 si
924 1608 1011 1637 modo
1036 1609 1176 1636 restibilis
1199 1619 1267 1646 ager
1291 1609 1389 1637 dicius
1413 1614 1473 1643 est,
1497 1610 1546 1647 qui
1570 1609 1679 1638 diversi
1702 1608 1816 1647 generis
1840 1607 1922 1644 fruge
1945 1606 2034 1635 semi-

82 1657 204 1682 naretur
225 1652 394 1689 quotannis.
426 1652 563 1680 Profecto
587 1651 748 1679 restibilem
766 1652 860 1679 Varro
884 1662 946 1679 eain
969 1656 1058 1679 vocat
1081 1656 1206 1687 terram,
1231 1661 1305 1689 quae
1330 1651 1489 1690 quotannis
1514 1652 1607 1680 obsita
1631 1652 1685 1688 sit,
1710 1661 1764 1680 nec
1786 1648 1948 1689 expressit,
1972 1658 2032 1688 quo

81 1704 187 1733 genere
209 1694 337 1731 frugum.
380 1694 504 1723 Salmas.
527 1694 557 1722 in
579 1694 685 1722 Solium:
723 1694 864 1722 Putabam
889 1694 957 1722 olim
983 1693 1072 1721 verba
1096 1693 1174 1722 Festi
1196 1694 1314 1722 inversa
1337 1704 1413 1729 esse,
1451 1699 1479 1722 et
1501 1704 1567 1722 eum
1591 1694 1756 1733 scripsisse:
1792 1690 1945 1721 Restibilis
1965 1701 2033 1731 ager

82 1735 206 1773 dicitur,
230 1737 281 1776 qui
303 1736 418 1765 biennio
442 1737 579 1765 continuo
602 1737 725 1774 seritur5
755 1735 834 1776 quod
857 1748 890 1764 ne
907 1737 965 1775 fiat
978 1735 1087 1777 farreo
1110 1737 1208 1774 spico,
1237 1735 1270 1764 id
1291 1743 1332 1764 est
1354 1737 1495 1772 aristam,
1519 1735 1611 1765 solent
1633 1737 1685 1776 qui
1702 1733 1827 1775 praedia
1851 1733 1952 1763 locant
1975 1743 2033 1762 ex-

82 1781 183 1819 cipere.
228 1779 317 1807 Plano
347 1785 374 1808 et
402 1779 514 1818 optimo
540 1789 636 1808 sensu.
682 1779 782 1816 Neque
806 1778 881 1807 enim
905 1778 1093 1817 excipiebant
1116 1779 1277 1815 locatores,
1316 1789 1351 1807 ne
1375 1779 1496 1817 praedia
1521 1779 1679 1815 quotannis
1703 1782 1885 1813 sererentur,
1922 1775 1974 1804 sed
1998 1785 2033 1804 ne

82 1823 179 1851 farreo
202 1822 295 1861 spico.
321 1821 411 1852 Dac.
457 1823 585 1850 Glossis:
609 1818 700 1861 α’γρὸς
723 1821 766 1855 dig
788 1823 842 1851 τοῦ
864 1821 948 1857 ἔτους
970 1818 1141 1860 η’ρωμένος,
1165 1821 1214 1849 cui
1238 1821 1401 1860 opponitur
1424 1821 1561 1856 Nemus,
1586 1821 1622 1850 de
1646 1831 1706 1860 quo
1727 1821 1757 1849 in
1780 1820 1798 1848 l.
1812 1821 1862 1851 30.
1888 1820 1911 1856 §.
1935 1818 2034 1846 Nova-

82 1865 118 1894 lis
141 1865 171 1894 ff.
191 1865 226 1893 de
251 1864 331 1893 verb.
351 1864 448 1902 signis.
484 1865 634 1892 Restibilis
658 1873 728 1901 ager
744 1864 925 1892 Columellae
950 1865 1084 1902 pinguis,
1108 1863 1233 1892 eundem
1257 1869 1398 1892 vervacto
1422 1863 1549 1902 opponit
1567 1863 1603 1892 ll.
1624 1874 1649 1893 c,
1665 1866 1710 1894 10.
1736 1862 1784 1892 tv.
1806 1872 1831 1892 e.
1847 1862 1895 1893 13.
1925 1858 2032 1890 Goth.

247 1907 369 1936 Reses.
414 1907 511 1935 Infra:
536 1908 636 1942 Reses‚
659 1906 796 1945 ignavus,
821 1907 872 1946 qui
888 1905 999 1935 residet.
1028 1906 1132 1935 Attius
1149 1907 1178 1934 in
1203 1928 1377 1935 ......
1403 1905 1492 1934 residi
1508 1917 1559 1935 vos
1574 1917 1687 1936 sumno.
1715 1904 1867 1946 Afranius
1890 1903 1919 1931 in
1932 1901 2032 1931 Rosa:

80 1956 228 1989 praeterea
252 1971 259 1978 .
286 1972 292 1977 .
318 1972 325 1979 .
351 1972 358 1979 .
382 1948 527 1978 Pacuvius
550 1950 579 1977 in
601 1959 748 1977 armorum
772 1947 902 1978 iudicio:
944 1949 1045 1988 Tuque
1073 1956 1098 1976 te
1124 1947 1252 1976 desidere
1275 1949 1368 1977 mavis
1391 1947 1527 1986 residem3
1564 1959 1616 1977 nos
1638 1947 1687 1977 hic
1709 1958 1768 1976 esse
1789 1947 1818 1975 in
1842 1943 1951 1974 labore.
1996 1941 2033 1972 Ῐη

82 1991 164 2021 Attii
184 1990 277 2020 verbis
299 1990 376 2020 deest
398 1991 456 2021 tale
478 1990 565 2031 quid,
589 1989 719 2027 deditos,
742 1989 831 2019 residi
847 2002 949 2020 sumno
966 1989 1087 2019 deditos.
1121 1991 1274 2029 Scriptura
1299 1991 1418 2029 antiqua
1443 2000 1546 2019 sumno
1569 2000 1624 2029 pro
1647 2001 1757 2020 somno.
1783 1985 1883 2018 Sca'l.
1920 1986 2031 2015 Closs-2

83 2034 187 2071 Rem,
213 2030 395 2071 καθήμενος.
432 2033 573 2070 Resideo,
603 2031 766 2069 καθιζάνω.
810 2034 849 2061 De
873 2032 987 2062 residuo
1011 2033 1148 2061 Placidus
1171 2033 1200 2061 in
1225 2033 1354 2061 Glossis:
1386 2031 1532 2062 Residuus
1554 2034 1640 2073 quasi
1663 2031 1774 2061 tardus.
1810 2030 1885 2059 Item
1908 2026 2031 2067 Papias:

83 2074 243 2112 Residuus,
266 2075 408 2116 reliquus,
422 2076 593 2117 fatigatus,
617 2074 745 2104 ultimus.
784 2076 872 2104 Item:
897 2074 1033 2113 Resides,
1057 2076 1157 2112 otiosi,
1179 2076 1273 2115 pigri,
1296 2076 1394 2116 quieti.
1436 2074 1557 2104 Resides
1575 2075 1696 2115 proprie
1716 2080 1797 2110 sunt,
1820 2072 1871 2112 qui
1893 2070 2031 2100 militiam

83 2118 243 2148 detrectant
265 2129 359 2157 agere.
405 2119 509 2156 virgil.
533 2118 698 2154 Aeneid.1‚
722 2120 834 2155 (726.);

638 2159 702 2188 Iam
722 2158 837 2199 pridem
859 2158 966 2188 resides
988 2160 1116 2195 animos,
1147 2157 1319 2199 desuetaque
1341 2158 1442 2189 corda.

85 2204 136 2232 Ubi
155 2203 290 2231 Servius:
314 2201 451 2239 Resides,
471 2203 572 2242 pigros
595 2201 635 2230 ad
656 2201 833 2238 amandum,
858 2203 968 2231 inertes.
1000 2200 1152 2230 Iuraverat
1174 2203 1248 2230 enim
1272 2202 1372 2240 (Dido)
1396 2200 1471 2230 nulli
1492 2213 1521 2230 se
1542 2212 1600 2230 esse
1621 2207 1786 2239 nupturam.
1819 2197 1940 2227 Resides
1961 2206 2029 2224 sane

82 2245 188 2275 milites
210 2245 316 2282 otiosi‚·
338 2251 369 2272 ut
391 2244 516 2273 Aeneia,
536 2243 599 2280 VI,
622 2246 731 2281 (813.):
754 2261 796 2266 —
818 2243 993 2284 Residesque
1015 2243 1139 2272 movebit
1165 2243 1272 2272 Tullus
1294 2245 1323 2273 in
1346 2255 1431 2273 arma
1453 2244 1538 2275 viros.
1588 2241 1671 2272 Unde
1695 2249 1797 2272 contra
1820 2242 1958 2270 instantes
1981 2236 2027 2265 di-

83 2290 174 2317 cimus
196 2285 365 2316 industrios.
390 2287 476 2316 Dae.
516 2287 611 2315 Reses.
642 2285 778 2326 Jgnavus.
816 2287 922 2315 Eadem
947 2287 1040 2314 forma
1066 2286 1153 2314 Deses
1176 2287 1297 2316 dicitur.
1344 2285 1452 2317 Goth.
1961 2321 1990 2326 Η
2018 2294 2019 2297 ’

246 2329 460 2358 Resecrare.
505 2330 641 2358 Relatum
669 2339 787 2357 carmen
812 2330 906 2358 Plauti
930 2329 1059 2368 reperies
1081 2329 1112 2357 in
1136 2329 1298 2359 Aulularia.
1327 2329 1416 2358 Ant.
1436 2329 1531 2367 Aug.
1576 2327 1655 2357 Haec
1677 2327 1859 2367 praeclaram
1883 2325 2026 2369 cugffllw-

82 2383 148 2403 nem
171 2372 208 2400 de
231 2372 445 2400 obsecrationis
467 2372 609 2410 religione
634 2372 804 2407 continent,
839 2372 890 2400 sed
914 2372 1020 2400 melior
1040 2382 1108 2410 pars
1131 2371 1265 2400 adhaesit
1287 2377 1354 2411 post
1376 2372 1480 2411 respici
1500 2371 1580 2407 avis,
1617 2376 1651 2399 ut
1673 2371 1746 2399 olim*
1765 2373 1793 2397 et
1812 2370 1925 2394 monuit
1949 2363 2025 2391 Scal-

84 2417 120 2446 Et
140 2416 171 2444 in
194 2415 256 2443 eius
277 2415 375 2443 locum
399 2414 456 2443 alia
479 2415 623 2453 quaedam
646 2415 777 2451 intrusa,
804 2425 879 2453 quae
902 2425 972 2444 mox
996 2414 1173 2443 videbimus.
1218 2415 1315 2444 Locus
1336 2414 1427 2453 igitur
1449 2413 1563 2451 integer
1585 2413 1627 2442 sie
1650 2408 1867 2442 resarciendas:
1899 2404 2026 2445 Cumque

130 2466 298 2493 Gnmum.
318 2474 386 2493 Lar.
410 2464 443 2492 ΙΙ.
1494 2467 1525 2498 N
1540 2478 1560 2499 n
1575 2477 1594 2498 n
1610 2477 1629 2497 n
