2263 2668
443 154 507 189 DE
532 152 807 189 VERBORUM
832 152 1218 189 SIGNIFICATIONE
1246 153 1559 190 FRAGMENTA.
1815 157 1890 192 239

277 251 414 285 Semis
447 249 635 289 semodius,
670 249 868 283 semuncia:
905 260 976 295 qua
1009 248 1146 282 ratione
1174 259 1214 282 ex
1241 248 1374 282 Graeco
1401 249 1591 283 trahuntur
1616 251 1712 289 alia;
1737 262 1844 297 quae,
1872 264 1890 287 s

111 303 253 336 litteram
281 314 344 347 pro
373 301 588 347 aspiratione
619 312 740 334 eorum
774 301 918 343 habent,
954 305 989 334 ut
1016 297 1109 336 ἑπτοέ
1141 304 1292 346 septem,
1326 300 1408 336 ὕλαι
1437 302 1558 344 silvae,
1595 303 1641 337 sic
1669 303 1737 336 ista
1765 302 1810 336 ab
1838 315 1888 344 eo,

110 354 205 399 quod
231 355 284 388 illi
311 353 421 401 ἥμισυ
449 353 581 395 dicunt,
609 353 790 386 declinata
810 353 981 386 videntur.

275 402 548 439 Sublicium2
583 408 723 448 pontem
749 405 895 449 quidam
922 407 1051 450 putant
1080 403 1290 448 appellatum
1323 415 1392 438 esse
1419 417 1443 438 α
1469 404 1674 446 sublicibus,
1711 406 1890 451 peculiari

110 457 276 491 vocabulo
304 457 527 496 Volscorum,
555 467 647 500 quae
672 460 751 489 sunt
777 457 880 502 tigna
906 456 939 490 in
960 455 1169 489 latitudinem
1196 459 1356 497 extensa,
1384 468 1475 501 quae
1500 468 1566 491 non
1594 458 1695 490 aliter
1719 458 1890 491 Formiani

110 513 250 549 vocent,
279 520 385 553 quam
413 520 436 541 a
458 507 594 540 nomine
620 508 801 541 librorum:
830 512 862 541 et
889 519 980 553 quae
1006 506 1052 540 ab
1080 507 1160 540 aliis
1187 507 1389 541 auctoribus
1415 509 1557 544 sublices
1584 512 1768 551 vocantur,
1796 509 1891 554 quod

110 560 173 593 sub
198 560 247 593 eis
273 572 358 603 aqua
386 560 514 603 liquens
541 558 739 600 laberetur,
776 559 904 593 dictae.
932 560 965 592 in
991 571 1058 602 qua
1090 559 1251 603 opinione
1273 558 1351 604 suit
1405 585 1717 593 ......
1771 561 1831 605 qui
1857 566 1889 594 et

111 611 258 644 meminit
284 611 417 645 Sublici
446 611 582 655 pontis:
610 614 641 643 et
672 610 845 651 Naevius,
883 612 939 655 qui
966 611 1010 643 ait
1041 611 1075 643 in
1107 610 1188 643 belli
1215 610 1341 644 Punici
1367 610 1456 644 libro
1510 637 1887 646 .......

110 674 210 706 quam
238 662 403 706 liquidum
433 661 588 695 Sublicio
615 666 737 695 tranat
756 666 863 707 ponte
893 674 1039 705 amnem,
1067 666 1100 695 et
1126 662 1195 694 ali*
1229 663 1354 695 tabulis
1385 663 1443 708 qui
1466 663 1586 697 adhuc
1618 674 1738 697 nomen
1770 663 1889 697 retinet
1934 669 1969 693 ⁸t.
1989 670 2020 694 ab

110 738 611 748 .........
666 714 841 748 Sallustius
867 714 954 748 libro
981 717 1102 758 quarto
1129 714 1375 747 historiarum:
1415 725 1465 747 ne
1491 715 1747 748 inrumiendi
1780 726 1888 759 pon-

108 765 167 798 tis
206 764 317 798 Subl
327 766 387 798 ici
440 791 882 800 ........
936 766 1116 800 sublicibus
1155 770 1270 799 cavata
1325 791 1887 801 ..........

109 822 225 851 essent.

273 867 672 912 Supervacaneum:
707 872 742 900 ut
768 868 926 912 videtur,
967 868 1112 903 secludit
1134 868 1269 902 Verrius
1296 868 1339 901 ab
1366 879 1495 910 vacuo,
1531 869 1624 913 quod
1649 865 1670 917 Η
1691 880 1754 902 υα-
1784 867 1888 914 [103]

109 929 211 952 cuum
238 919 379 963 quidem
407 919 550 952 dicutur
569 919 608 952 id
634 920 886 963 tantummodo,
914 922 1008 966 quod
1042 919 1222 967 sufficiat,
1256 921 1410 964 satisque
1437 921 1476 953 sit
1503 920 1673 953 familiae:
1701 921 1794 965 quod
1822 931 1888 953 au—

108 974 177 1003 tem
199 971 366 1016 supersit,
393 982 682 1016 supervacaneum
710 972 749 1004 id
776 972 915 1005 dicitur.

275 1021 563 1068 Strasertari
572 1034 615 1056 os
642 1023 874 1068 appellabant
902 1024 1046 1068 antiqui,
1070 1027 1108 1056 ut
1134 1023 1201 1064 ait,
1228 1023 1379 1055 homines
1406 1023 1597 1057 conductos
1621 1022 1802 1063 mercede,
1830 1024 1888 1067 qui

108 1072 159 1105 ad
195 1073 330 1107 arbores
364 1074 559 1119 fulguritas
596 1075 839 1119 piacularium
874 1076 1121 1109 commissarum
1157 1085 1285 1117 causa,
1323 1074 1506 1120 sacrificia
1540 1074 1718 1119 quaedam
1753 1076 1886 1107 struae*
1915 1077 1951 1103 Ὗ.
1970 1081 2039 1103 strue

109 1129 141 1157 et
156 1123 259 1169 serto
285 1125 508 1159 sollemnibus
534 1126 649 1159 verbis
679 1126 820 1160 faciunt:

272 1176 391 1210 PRE
404 1177 522 1211 COR
567 1177 640 1211 TE
695 1177 999 1212 IUPPITER
1043 1177 1141 1212 UTI
1188 1175 1297 1210 MIHI
1357 1176 1561 1211 VOLENS
1606 1176 1892 1210 PROPITIUS

109 1226 240 1269 SOES,
267 1228 362 1273 quod
387 1234 420 1262 et
445 1229 538 1262 nullo
573 1229 671 1262 etiam
700 1229 822 1276 fiebat
849 1230 1009 1263 adhibito
1040 1229 1264 1264 strufertario.

272 1279 486 1313 Suberies
498 1278 525 1321 3,
564 1280 705 1314 arboris
736 1292 868 1327 genus,
913 1292 953 1314 ex
995 1294 1061 1325 qua
1095 1287 1211 1316 cortex
1244 1281 1442 1314 natatorius
1476 1279 1688 1313 detrahitur.
1741 1278 1888 1313 Lucilius

107 1357 114 1363 .
169 1359 175 1364 .
230 1355 238 1360 -
292 1357 546 1366 .....
599 1332 624 1365 ti
650 1332 870 1367 hibernaculi.
925 1330 1252 1367 Silicernium4
1283 1333 1415 1366 dicitur
1441 1343 1555 1366 caena
1579 1330 1758 1377 funebris,
1786 1341 1887 1374 quam

105 1381 177 1414 alio
209 1382 346 1416 nomine
385 1383 587 1428 exsequium
619 1385 808 1430 scriptores
843 1391 974 1419 vocant.
1010 1386 1069 1419 sed
1123 1408 1626 1418 .........
1681 1386 1715 1416 et
1753 1382 1887 1415 Verrius

106 1433 297 1467 existimant
321 1435 535 1468 silicernium
562 1436 652 1478 dici,
679 1437 772 1480 quod
800 1448 860 1470 nos
887 1437 1051 1471 farcimen
1077 1437 1244 1479 dicimus,
1273 1448 1339 1482 quo
1366 1436 1482 1470 fletum
1499 1437 1512 1451 *
1542 1434 1670 1468 familia
1692 1433 1886 1479 purgaba—
1912 1438 1949 1463 Ὗ.
1968 1436 2029 1463 fletu

105 1487 180 1518 tur:
219 1486 304 1530 quia
338 1487 435 1520 cuius
467 1487 602 1521 nomine
635 1499 674 1521 ea
710 1500 762 1522 res
795 1488 1060 1531 instituebatur,
1107 1490 1134 1522 is
1166 1490 1234 1522 iam
1271 1489 1435 1522 silentium
1472 1490 1640 1521 cerneret.
1713 1485 1888 1520 Caecilius

105 1535 323 1570 obolostate:

205 1587 395 1622 Credidi
420 1589 709 1624 silicernium
737 1593 833 1625 eius
858 1589 1030 1625 messe⁵
1062 1602 1244 1626 esurum.

269 1639 436 1673 sadum
467 1640 611 1675 Verrius
636 1642 688 1675 ait
711 1643 901 1688 significare
928 1643 1114 1678 subudum.
1140 1644 1206 1677 sed
1238 1646 1419 1676 auctorum
1446 1641 1594 1674 omnium
1621 1640 1693 1673 fere
1721 1640 1885 1684 exempla

106 1689 241 1731 volunt,
267 1694 306 1723 ut
330 1691 440 1724 sudus
465 1692 588 1726 siccum
615 1693 789 1738 significet.
815 1695 945 1728 sudum
972 1695 1063 1728 enim
1089 1696 1191 1740 quasi
1216 1695 1381 1735 seudum,
1409 1693 1449 1727 id
1468 1697 1531 1733 est,
1559 1692 1627 1725 sine
1654 1691 1741 1733 udo,
1768 1695 1805 1724 ut
1831 1702 1884 1724 se—

106 1750 227 1779 curus,
254 1741 328 1775 sine
354 1753 443 1776 cura
468 1744 602 1778 dictum
630 1749 689 1778 est.

270 1792 378 1827 Subl
387 1798 502 1836 esta,
530 1796 663 1841 antiqui
684 1797 841 1831 dicebant
865 1798 1019 1841 infirma,
1044 1802 1077 1831 et
1102 1797 1230 1831 tenuia.
1284 1797 1420 1829 Plautus
1446 1795 1478 1827 in
1505 1795 1623 1827 Persa:

205 1843 268 1876 Ad
289 1840 309 1892 ΙΙ
336 1852 637 1890 paupertatem
671 1850 702 1882 si
739 1850 990 1894 immigrant
1024 1849 1245 1889 infamiae,
1287 1847 1466 1893 gravior
1499 1850 1736 1891 paupertas
1774 1843 1880 1890 [104]

310 1896 379 1936 fit,
407 1898 516 1931 fides
544 1900 798 1942 sublestior,

103 1944 136 1976 id
161 1951 227 1985 est,
254 1946 422 1982 infirmior.
484 1950 578 1984 ldem
613 1951 645 1984 in
681 1953 894 1993 Nervolaria,
938 1952 1092 1991 vinum,
1128 1951 1173 1983 ait
1204 1949 1590 1989 sublestissimum,
1624 1947 1704 1991 quia
1733 1946 1881 1980 infirmos

102 1995 203 2030 faciat
229 1997 283 2030 vel
310 2009 471 2043 corpore,
496 2002 551 2034 vel
577 2004 698 2036 animo.

266 2048 408 2093 Satur,
439 2057 471 2085 et
497 2053 562 2095 vir,
595 2059 628 2087 et
654 2065 733 2088 caro
763 2066 829 2087 non
857 2052 1014 2087 habentss
1069 2080 1075 2086 .
1131 2078 1138 2084 .
1193 2078 1201 2086 .
1255 2051 1571 2096 Supellectil-is
1606 2054 1699 2084 recto
1733 2059 1810 2083 casu
1844 2053 1877 2081 et

101 2099 231 2139 senis,
263 2101 391 2135 ratione
424 2103 638 2146 dicebantur,
676 2117 763 2149 quae
794 2117 882 2140 nunc
915 2105 1080 2139 contraria
1106 2103 1261 2137 videntur
1293 2114 1363 2137 esse
1397 2103 1535 2136 finitioni
1569 2100 1769 2147 portionis*:
1796 2099 1921 2143 quia·f.
1940 2111 2049 2144 propor-

101 2150 212 2182 omnia
238 2153 422 2196 vocabula,
456 2155 487 2188 X
520 2156 626 2189 littera
652 2157 763 2197 finita,
809 2169 872 2202 per
899 2157 1137 2190 declinationes
1169 2155 1383 2199 obliquorum
1426 2165 1559 2189 casuum
1592 2152 1756 2197 syllabam
1783 2152 1874 2186 acci·
1931 2142 2007 2164 ²¹⁰⁰¹⁸

99 2259 194 2288 torius
212 2260 389 2291 extrahitur.
435 2262 509 2292 Vide
533 2264 564 2293 in
587 2265 689 2295 Suber.
726 2266 805 2294 Urs.
849 2265 966 2294 Hiber·
1009 2264 1174 2304 exsequiati
1206 2264 1287 2293 laute
1325 2263 1363 2293 ad
1398 2262 1590 2304 sepulchrum
1629 2262 1752 2301 antiquo
1792 2269 1875 2290 more

98 2303 194 2330 nac-ul
214 2324 222 2332 .
244 2326 250 2333 .
274 2314 331 2333 om.
349 2304 453 2334 ultima
473 2306 573 2343 litui,
597 2307 671 2338 Ven.
692 2309 740 2337 Sc.
765 2324 806 2330 —--
833 2309 865 2347 4)
888 2309 965 2337 Sili·
1009 2307 1191 2337 silicernium
1228 2307 1419 2336 confecimus.
1475 2308 1556 2337 Urs.
1599 2320 1638 2328 ——
1683 2304 1712 2343 5)
1746 2305 1797 2333 Me
1826 2315 1873 2332 es·-

98 2345 255 2385 cernium.]
279 2347 418 2376 Placidus
439 2349 470 2377 in
494 2350 617 2379 Glossis.
640 2351 846 2389 Silicernium,
874 2351 965 2380 Exse-
1007 2361 1038 2379 ee
1060 2350 1135 2380 Ven.
1159 2350 1235 2380 Scal.
1264 2366 1307 2373 —
1345 2349 1375 2390 6)
1401 2349 1492 2389 Marg.
1513 2349 1587 2378 Ven.
1615 2353 1645 2378 et
1673 2348 1749 2379 Scal.
1774 2346 1871 2376 addit:

98 2387 207 2425 quium.
272 2389 370 2419 Varro
401 2390 555 2431 Meleagria
589 2393 668 2433 apud
701 2394 830 2423 Nonium
862 2394 964 2423 Funus
1007 2393 1140 2433 obliqua.
