2263 2668
519 144 582 177 DE
609 140 1001 178 SIGNIFICATIONE
1029 142 1315 178 VERBORUM.
1373 144 1520 178 LIBER
1544 143 1636 178 XVI.
1976 146 2052 181 629

94 238 214 269 suerint.
259 236 416 266 Consualia
439 236 515 265 enim
540 241 568 265 et
591 237 678 265 Troia
702 242 730 265 et
753 236 777 264 si
801 234 851 273 qui
875 234 924 262 alii
954 234 1018 262 ludi
1045 236 1108 264 sive
1138 237 1316 266 certationes
1345 237 1480 266 ludicrae
1510 237 1572 266 sine
1600 236 1712 266 artifice
1740 237 1964 276 peragebantur.
2007 240 2048 269 De

94 282 201 311 Troiae
223 280 298 308 ludo
322 279 389 308 vide
407 278 487 316 Virg.
512 279 561 307 lib.
576 279 609 308 V.
634 280 717 318 (545,
733 277 837 317 seqq).
861 277 950 305 Duc.
985 276 1184 316 Megalenses,
1208 279 1241 308 id
1262 288 1302 309 esi
1325 281 1427 308 matris
1449 290 1575 319 magnae
1594 291 1631 309 ac
1651 278 1807 319 populares
1824 278 1941 312 Cereris.
1970 281 2049 311 Hinc

94 324 191 354 refelli
214 328 327 362 potest,
366 321 445 360 quod
471 322 648 360 quibusdam
672 322 768 350 visum
793 326 852 355 est,
889 319 976 348 ludos
1001 320 1178 356 Megalenses
1201 333 1259 351 non
1282 324 1367 351 matri
1391 332 1529 361 magnae,
1564 322 1617 350 sed
1640 324 1752 359 magnis
1775 322 1831 351 diis
1853 333 1953 352 sacros
1976 334 2049 354 esse.

96 364 263 405 Megalesia
287 375 357 393 vero
381 370 497 393 tantum
520 367 605 392 matri
630 375 759 401 magnae.
796 364 877 391 Infra
899 362 1011 400 aliquid
1036 362 1136 392 deesse
1158 365 1286 394 videtur.
1325 366 1403 404 Lego
1426 371 1454 394 et
1476 365 1641 402 distinguo:
1670 363 1709 393 Id
1731 372 1772 394 est
1793 366 1896 394 matris
1917 377 2050 406 magnae,

95 420 132 439 ac
152 407 319 448 populares.
355 406 424 435 Alii
449 405 565 436 Cereris.
605 407 705 445 Neque
728 408 804 435 enim
829 405 961 433 Cereales
985 405 1048 433 ludi
1069 407 1228 445 populares
1252 408 1311 436 dici
1334 414 1487 447 poterant,
1515 408 1567 436 sed
1590 407 1786 446 Megalenses,
1809 407 1840 436 id
1863 413 1923 444 est,
1946 409 2049 438 matris

95 461 234 489 magnae,
259 450 308 488 qui
332 460 384 488 pro
408 450 518 488 populo
542 449 665 484 fiebant,
690 450 768 478 unde
792 448 969 477 sacrificium
993 447 1105 477 dictum
1129 448 1275 488 damiam,
1298 451 1317 480 i.
1335 450 1499 491 Populum,
1523 455 1553 480 et
1575 450 1640 489 ipsa
1664 449 1717 478 dea
1730 450 1859 487 Damia‚
1882 452 2050 490 popularis,

96 499 126 523 et
149 494 211 523 eius
235 494 376 521 sacerdos
400 492 586 522 Damiatrioe.
616 492 689 520 Vide
714 492 861 520 Dumium.
906 489 1018 519 Idem.

259 533 440 565 Rubidus.
485 535 580 563 Plaut.
604 535 633 562 in
659 536 761 563 Casina
786 533 846 574 (ll,
871 536 898 565 5.
923 532 1018 574 init.):
1064 532 1130 562 Una
1159 533 1283 573 aedepol
1306 545 1393 574 opera
1414 536 1446 564 in
1465 534 1595 576 furnum
1618 532 1751 564 calidum
1774 533 1912 571 condito,
1947 535 2050 576 Atque

95 578 138 608 ibi
159 585 266 606 torreto
289 589 334 605 me
353 588 407 616 pro
428 588 505 615 pane
528 576 632 606 rubido
655 577 733 606 hera.
763 577 849 606 Ant.
868 576 962 615 Aug.
1007 575 1104 605 Infra:
1141 575 1280 605 Rubitlus
1306 578 1394 616 panis
1422 576 1589 617 appellatur
1613 588 1719 618 parum
1747 583 1848 606 coctus
1871 588 1938 606 cum
1962 577 2050 607 rubro

95 620 202 650 colore.
249 620 369 648 Plautus
397 620 426 648 in
454 620 556 648 Casina
581 621 622 659 (l.
642 622 700 659 c.).
738 620 828 658 Apud
859 619 985 647 eundem
1015 624 1148 648 scorteae
1178 619 1325 659 ampullae
1354 624 1409 649 etc.
1452 620 1592 659 Intelligit
1621 624 1720 649 autem
1749 619 1850 648 locum
1881 629 1918 649 ex
1946 619 2050 648 Sticho

94 662 140 704 (Ι,
164 665 198 699 3³
222 661 302 703 77.):

631 705 849 746 Rubiginosam
872 703 1030 745 strigilem,
1054 704 1217 745 ampullam
1242 704 1386 735 rubidum.

96 755 198 787 Scal.
236 756 344 785 Versus
367 756 464 784 Plauti
488 766 503 785 e
527 757 633 786 Casina
658 764 713 788 act.
732 758 766 786 11.
790 768 870 786 scen.
884 758 915 790 5.
955 757 1014 786 Sed
1036 757 1142 794 laceri,
1166 763 1236 786 sunt
1258 758 1350 786 enim:

638 808 704 837 Una
728 808 843 848 Edepol
864 820 950 849 opera
973 810 1003 838 in
1016 808 1146 850 furnum
1171 807 1301 837 calidum
1324 805 1444 837 condito

633 851 735 892 Atque
757 852 799 880 ibi
822 859 927 881 torreto
949 863 993 880 me
1012 862 1067 891 pro
1088 862 1164 890 pane
1187 849 1292 879 rubido
1315 850 1394 880 Jzera.

94 902 220 932 Eosdem
244 902 346 930 laudat
369 902 471 931 Festus
496 902 527 930 in
550 912 624 930 voce
649 909 768 931 torrens.
806 903 836 930 ln
861 902 917 931 fine
941 912 1007 931 cum
1031 903 1086 938 ait,
1111 900 1182 930 Item
1205 909 1335 931 scorteae
1356 899 1505 939 ampullae
1528 904 1584 929 etc.
1607 899 1737 929 eiusdem
1761 899 1858 929 Plauti
1879 909 1984 929 versus
2004 910 2051 929 re-

94 945 185 985 spicit
208 955 244 973 ex
268 944 361 974 Stich.
376 944 405 981 Ι,
429 948 463 980 3,
487 946 570 981 (77.).
618 945 710 973 Porro
734 946 764 974 in
787 945 885 974 verbis
910 945 984 973 Festi
1008 945 1091 974 Fulv.
1116 945 1238 973 Ursinus
1262 955 1318 983 pro
1338 954 1442 983 parum
1467 950 1566 972 coctus
1589 943 1703 981 legebat
1723 950 1882 981 percoctus.
1918 942 1977 972 Sed
1998 953 2051 982 pa-

92 998 161 1017 rum
184 992 304 1016 coctum
328 988 431 1015 Festus
455 988 532 1015 dixit
555 998 660 1026 panem
685 988 743 1016 cito
768 993 895 1016 coctum.
939 988 1025 1016 Panis
1049 988 1126 1015 enim
1150 987 1271 1015 nimium
1295 990 1473 1025 properatus
1497 985 1584 1014 rubet
1607 990 1635 1013 et
1657 990 1798 1014 torretur.
1842 985 1930 1015 Dac.

258 1028 431 1059 Romana
458 1037 579 1069 porta.
623 1029 792 1059 Romanam
815 1038 941 1070 portam.
974 1030 1062 1070 (Vide
1085 1041 1114 1069 p.
1128 1029 1212 1069 225.)
1242 1030 1339 1058 Locus
1362 1028 1414 1057 ubi
1438 1029 1520 1057 suere
1541 1033 1655 1056 statuae
1679 1028 1813 1063 Cinciae,
1846 1027 1946 1056 Cincia
1967 1027 2052 1056 dice-

92 1073 193 1101 batur.
232 1071 307 1101 Vide
333 1070 445 1102 Cincia.
487 1074 584 1108 Quam
614 1082 687 1101 vero
712 1074 871 1102 Romanam
903 1078 1020 1112 portam
1050 1072 1080 1101 in
1109 1071 1210 1101 infimo
1235 1072 1313 1101 clivo
1336 1071 1481 1100 victoriae
1504 1082 1519 1099 a
1543 1070 1670 1098 Romulo
1694 1069 1820 1109 positam
1845 1069 1918 1098 dicit
1941 1069 2051 1107 Festus,

94 1115 218 1143 eandem
244 1124 308 1143 esse
331 1120 404 1153 puto
429 1126 516 1153 quain
540 1116 735 1144 Romanulam
760 1121 847 1145 vocat
872 1116 965 1145 Varro
990 1115 1040 1146 lib.
1053 1115 1103 1144 IV.
1126 1113 1176 1155 (V.
1200 1125 1267 1154 pag.
1283 1114 1353 1146 164.
1378 1112 1459 1154 Sp.);
1482 1112 1635 1142 Praeterea
1658 1114 1735 1142 intra
1758 1123 1857 1141 muros
1879 1111 1963 1141 video
1981 1123 2052 1151 por-

93 1165 139 1186 tas
162 1156 240 1193 clici,
274 1158 304 1185 in
331 1155 452 1196 palacio
477 1157 630 1187 Mucionis
653 1170 671 1186 a
695 1160 824 1198 mugitu,
861 1157 941 1199 quod
963 1170 995 1187 ea
1016 1169 1105 1198 pecus
1127 1158 1157 1186 in
1181 1156 1343 1186 bucitatum
1371 1157 1523 1197 antiquum
1552 1154 1692 1195 oppidum
1719 1153 1893 1194 exigebant,
1928 1152 2052 1184 alteram

92 1198 312 1235 Romanulam,
337 1211 410 1239 quae
432 1208 472 1229 est
496 1199 578 1229 dicta
600 1200 638 1229 ab
663 1200 779 1237 Roma,
802 1213 875 1241 quae
898 1200 983 1229 habet
1005 1199 1117 1241 gradus
1139 1201 1169 1229 in
1192 1198 1313 1228 navalia
1335 1198 1376 1228 ad
1395 1198 1543 1238 Volupiae
1565 1197 1717 1227 sacellum.
1740 1197 1828 1227 Dac.
1867 1195 2000 1234 Cinciae,
2022 1202 2053 1226 et

93 1248 163 1281 post
175 1241 330 1285 familiae.
379 1243 419 1271 De
444 1243 614 1271 cinniorum
638 1243 748 1272 familia
772 1244 916 1282 quaedam
940 1243 1048 1282 scripsi
1071 1243 1109 1271 ad
1132 1243 1151 1272 l.
1167 1245 1195 1274 3.
1210 1242 1239 1271 ff.
1264 1242 1287 1270 si
1310 1252 1378 1281 pars
1401 1241 1576 1270 haereditat.
1623 1239 1728 1269 Goth.

257 1283 505 1314 Rutabulum.
552 1285 680 1314 Verbum
710 1294 830 1314 utuntur
857 1297 916 1314 non
945 1291 989 1314 est
1017 1287 1047 1314 in
1077 1287 1172 1314 veteri
1198 1285 1284 1314 libro.
1328 1285 1385 1313 Sed
1407 1295 1460 1312 nos
1483 1288 1516 1312 ut
1538 1283 1738 1312 necessarium
1762 1281 1933 1321 recipimus.
1960 1280 2051 1310 Ant.

91 1328 188 1366 Aug.
219 1326 358 1354 Glossae:
381 1326 583 1363 Romanam,
607 1326 760 1365 ἐνσκάλης.
784 1327 886 1357 Scal.
922 1329 1077 1356 Martinius
1101 1327 1240 1357 rescribit
1263 1327 1407 1367 ἐγσκαλίς.
1437 1327 1490 1355 Est
1512 1326 1588 1354 enim
1611 1326 1777 1361 sarculum,
1801 1335 1861 1363 quo
1883 1324 1960 1362 ignis
1983 1333 2053 1354 σκα-

91 1367 223 1404 λεύεται,
247 1369 378 1404 foditur,
403 1370 561 1399 excitatur.
594 1370 709 1399 Gallice
723 1370 870 1412 saurgan.
895 1370 983 1401 Dac.
1016 1370 1153 1401 Naevius.
1188 1371 1222 1399 In
1242 1370 1340 1399 verbis
1363 1369 1467 1399 Naevii
1489 1368 1645 1405 legendum
1669 1376 1789 1408 nuptum
1812 1368 1859 1396 iri.
1889 1366 1952 1395 Nisi
1974 1366 2053 1404 legas

91 1422 161 1441 cum
184 1411 262 1440 aliis:
289 1410 456 1449 Nupturam
480 1413 542 1441 viro
565 1411 784 1442 adulescentulo
806 1418 861 1441 etc.
899 1414 1031 1443 Puellam
1053 1413 1175 1442 desribit
1194 1413 1338 1449 Naevius,
1363 1423 1437 1451 quae
1460 1411 1522 1440 seni
1546 1412 1609 1440 viro
1633 1410 1790 1439 coniuncta
1812 1408 1943 1438 taedium
1966 1418 2054 1437 suum

91 1455 238 1491 oblectat,
260 1463 383 1492 sperans
405 1465 435 1483 se
458 1460 584 1493 nuptum
607 1456 644 1484 iri
666 1455 901 1488 adolescentulo,
927 1453 1040 1486 Idem.
1085 1455 1280 1485 Rutabulum.
1308 1455 1368 1484 Alii
1392 1454 1581 1484 Rotabulum.
1617 1452 1723 1482 Otiose.
1753 1452 1884 1481 Otiosus.
1915 1450 2052 1482 Naevius.

90 1498 219 1533 Navius,
243 1497 292 1524 atii
316 1497 441 1527 Novius.
474 1496 527 1527 Iri.
558 1498 636 1534 Viri3
661 1499 708 1527 alii
733 1499 809 1527 viro.
836 1497 941 1528 Goth.
989 1499 1021 1527 ln
1045 1499 1158 1527 Glossis
1176 1498 1303 1526 Labbaei
1327 1498 1435 1536 legitur
1449 1495 1649 1532 Rotabulum,
1674 1492 1839 1533 εὗσκάδης,
1862 1495 1925 1532 lege
1948 1493 2053 1524 ἐνσκα-

90 1543 152 1577 λίς,
176 1539 257 1579 quod
281 1538 362 1568 haud
386 1540 475 1569 dubie
499 1540 597 1568 voluit
619 1541 783 1569 Martinius.
828 1540 916 1579 Apud
941 1541 1084 1569 Naevium
1107 1541 1266 1578 legendum
1291 1550 1413 1570 censeo:
1438 1546 1594 1579 nupturam
1616 1539 1672 1567 via:
1693 1539 1755 1567 viro
1778 1534 2005 1567 adolescentulo.

254 1580 357 1611 Ruta
386 1593 502 1612 caesa.
536 1580 597 1622 (Ad
621 1594 649 1621 p.
663 1581 748 1622 222.)
780 1583 874 1611 Nimis
904 1585 1021 1611 concisa
1052 1587 1122 1611 sunt
1152 1582 1242 1611 verba
1264 1583 1343 1611 Festi
1366 1587 1393 1611 et
1416 1581 1557 1610 mendum
1579 1591 1641 1610 esse
1664 1581 1785 1609 videtur
1806 1580 1838 1608 in
1859 1578 1953 1609 verbo
1976 1589 2052 1609 con-

90 1626 197 1655 traxit.
242 1624 316 1652 Cu1n
340 1624 527 1653 vendebatur
551 1628 697 1663 possessio
719 1625 782 1654 sive
805 1625 934 1661 fundus,
963 1625 1105 1654 venditor
1126 1625 1296 1664 excipiebat
1318 1632 1385 1654 ruta
1407 1635 1510 1660 caesa,
1536 1623 1593 1652 hoc
1615 1628 1659 1652 est
1682 1622 1829 1661 quidquid
1849 1631 1967 1651 caesum
1988 1625 2052 1650 erat

90 1673 144 1697 aut
167 1671 286 1696 erutum
310 1667 416 1702 (veluti
439 1677 574 1704 arenam,
600 1668 728 1706 lapidea,
757 1668 877 1696 arbores
900 1672 956 1697 etc.
979 1667 1088 1705 Dae).
1123 1668 1182 1696 Cic.
1207 1668 1256 1696 lib.
1270 1667 1308 1696 11.
1332 1668 1368 1696 de
1388 1667 1516 1695 Oratore
1540 1667 1631 1703 (55.):
1664 1665 1705 1694 Te
1727 1677 1791 1695 cum
1814 1663 1899 1694 aedes
1919 1661 2052 1693 venderes

91 1722 128 1740 ne
150 1711 182 1739 in
205 1709 278 1738 rutis
301 1708 417 1749 quidem
441 1716 467 1737 et
491 1711 597 1746 caesis,
621 1709 727 1739 solium
751 1710 806 1739 tibi
826 1717 979 1749 paternum
1004 1711 1149 1750 recepisse.
1188 1710 1224 1739 Et
1243 1711 1273 1738 in
1293 1710 1351 1739 fine
1373 1710 1476 1748 Topic.
1500 1709 1596 1746 (26.):
1626 1707 1751 1748 Fecique
1772 1705 1852 1748 quod
1874 1718 1958 1746 saepe
1978 1704 2052 1735 libe-

89 1752 168 1782 rales
186 1749 350 1780 venditores
370 1750 480 1787 solent,
504 1759 534 1780 ut
552 1764 617 1781 cum
632 1751 717 1781 aedes
729 1751 901 1794 fundumve
915 1751 1114 1789 vendiderint,
1138 1753 1211 1781 rutis
1225 1753 1317 1782 caesis
1333 1753 1468 1792 receptis,
1491 1749 1655 1780 concedant
1677 1757 1772 1779 tamen
1788 1748 1906 1790 aliquid
1919 1748 2051 1788 emptori,

91 1793 175 1836 quod
198 1792 328 1823 ornandi
350 1805 440 1823 causa
464 1801 531 1833 apte
553 1802 579 1823 et
602 1794 668 1824 loco
689 1796 817 1834 positum
840 1806 899 1824 esse
920 1793 1063 1824 videatur.
1092 1795 1182 1824 Ant.
1205 1794 1301 1834 Aug.
1345 1795 1385 1823 Ea
1409 1794 1526 1832 saepius
1549 1792 1690 1822 venditor
1712 1792 1881 1832 excipiebat
1902 1801 1953 1820 seu
1975 1790 2051 1819 reci-

88 1838 201 1878 piebat.
235 1836 417 1876 Plerumque
441 1836 612 1866 disiunctim
637 1837 799 1866 efferebant
820 1843 888 1866 ruta
912 1842 941 1866 et
966 1847 1059 1867 caesa.
1092 1837 1165 1866 Vide
1187 1838 1361 1866 Ciceronem
1386 1836 1418 1876 (l.
1441 1835 1529 1875 citt),
1554 1835 1682 1864 Nonium
1705 1834 1785 1874 (pag.
1800 1835 1871 1866 164.
1892 1831 1995 1870 Mero.)
2017 1832 2049 1860 in

88 1879 183 1910 Ruta.
215 1879 301 1908 Adde
324 1880 343 1908 l.
356 1882 384 1911 5.
403 1881 425 1917 §.
439 1882 468 1911 7.
484 1879 512 1908 ff.
537 1880 573 1908 ad
598 1879 698 1908 exhib.
722 1881 741 1910 l.
755 1883 806 1912 66.
830 1880 860 1909 in
883 1880 934 1911 fin.
954 1880 984 1910 ff.
1009 1880 1045 1908 de
1068 1885 1212 1909 contract.
1235 1885 1326 1919 empt.
1349 1880 1369 1911 1.
1384 1883 1434 1911 17.
1458 1880 1482 1917 §.
1495 1881 1525 1910 6.
1548 1878 1568 1907 1.
1580 1880 1632 1910 38.
1656 1877 1687 1906 in
1709 1877 1759 1907 fin.
1775 1877 1805 1906 ff.
1824 1877 1862 1906 de
1885 1881 1942 1906 act.
1958 1879 2048 1914 empt.

89 1922 239 1956 l.241.ff.
263 1921 300 1951 de
323 1922 485 1950 verborum
507 1923 663 1960 significat.
687 1923 707 1951 l.
720 1926 750 1955 2.
775 1923 849 1951 Cod.
873 1923 910 1952 de
933 1927 1079 1951 contract.
1104 1928 1193 1962 empt.
1241 1921 1346 1952 Goth.

253 1963 457 1993 Rutilium.
492 1963 640 1995 Rutilum.
672 1966 762 1994 Cato:
783 1964 927 1995 Mulieres
950 1972 1067 1994 nostrae
1083 1967 1177 1995 cinere
1192 1964 1334 2005 capillum
1352 1962 1540 2004 unguebant,
1563 1970 1595 1992 ut
1611 1962 1717 1992 rutilus
1733 1968 1804 1991 esset
1819 1960 1919 1991 crinis.
1943 1957 2046 1989 Scal.

89 2005 193 2049 Rufus
216 2011 245 2035 et
266 2005 389 2035 Rutilus
409 2007 487 2036 idem
511 2013 589 2045 erat,
612 2008 662 2037 vel
684 2014 763 2037 corte
787 2019 891 2046 parum
915 2008 1066 2037 intererat.
1099 2008 1192 2038 Varro
1217 2008 1266 2037 lib.
1281 2007 1329 2039 VI.
1351 2007 1386 2035 de
1410 2007 1441 2035 L.
1462 2006 1493 2035 L.
1515 2004 1592 2045 (Vll.
1615 2008 1731 2046 p-361.
1754 2002 1832 2044 Sp.):
1853 2002 1950 2033 Aurei
1971 2001 2046 2031 enim

89 2049 184 2079 rutili.
217 2047 255 2078 Et
277 2047 346 2077 inde
366 2050 454 2078 etiam
477 2049 610 2079 mulieres
631 2049 718 2080 valde
740 2050 842 2092 rufae,
866 2049 980 2080 rutilae.
1012 2051 1048 2079 Et
1069 2051 1142 2080 Cato
1165 2050 1201 2090 (l.
1221 2048 1272 2091 c.).
1300 2050 1384 2079 Unde
1407 2050 1550 2078 Serenus:

668 2100 725 2131 Ad
747 2100 867 2130 rutilam
890 2102 1013 2140 speciem
1036 2102 1136 2140 nigros
1147 2103 1311 2142 flavescere
1334 2100 1427 2130 crines

675 2143 828 2183 Unguento
852 2144 956 2174 cineris
976 2143 1132 2183 praedixit
1159 2143 1275 2173 Tullius
1297 2150 1412 2173 auctor.

87 2194 178 2223 Dac.
204 2192 263 2222 Alii
286 2193 431 2229 Rutilius,
455 2193 502 2221 alii
528 2193 655 2222 Rutilus.
682 2192 787 2223 Goth.
816 2193 935 2234 Rufum
958 2195 1116 2234 significat.
1146 2195 1221 2224 Vide
1244 2195 1381 2231 Gell.11,
1403 2197 1455 2226 26.
1486 2192 1571 2222 Adde
1592 2192 1672 2222 infra
1694 2188 1800 2220 rutilae
1821 2200 1915 2220 canes.
1938 2185 2041 2217 Idem.

88 2235 232 2266 Rutilias.
268 2235 326 2264 Alii
348 2236 475 2264 Rutiliae
498 2236 545 2264 vel
570 2236 696 2265 Rutilae.
736 2236 818 2265 Adde
841 2237 958 2278 Rufum
982 2243 1011 2266 et
1036 2237 1197 2267 Varronem
1214 2238 1261 2266 VI.
1286 2238 1323 2267 de
1348 2238 1379 2267 L.
1422 2235 1536 2266 Idem.
2033 2269 2039 2275 ⁶

252 2277 421 2307 Rutrum.
455 2279 503 2307 Sic
520 2278 614 2307 Vari-0
632 2279 681 2308 lib.
696 2279 743 2308 lV.
759 2279 795 2308 de
809 2280 840 2308 L.
854 2281 884 2308 L.
904 2279 953 2317 (V.
971 2289 1000 2318 p.
1016 2282 1085 2311 137.
1104 2281 1186 2319 Sp.):
1209 2280 1353 2318 Rutrum,
1378 2287 1409 2308 ut
1426 2279 1532 2308 ruitum
1545 2289 1564 2306 a
1578 2274 1697 2306 ruendo.
1730 2275 1768 2304 Et
1791 2275 1866 2304 male
1889 2271 1945 2301 viri
1960 2269 2041 2319 docti

88 2327 199 2350 rutrum
222 2330 290 2349 cum
314 2328 409 2350 rastro
433 2320 632 2352 confundunt.
663 2321 739 2351 lllud
763 2333 778 2350 a
802 2320 926 2358 ruendo,
949 2322 1028 2351 istud
1047 2333 1061 2350 a
1078 2321 1220 2352 radendo.
1243 2323 1333 2354 Dae,
1364 2321 1492 2351 Rutrum
1514 2320 1643 2350 tenentis.
1676 2318 1786 2348 Graeci
1810 2315 1896 2356 pueri
1909 2313 2041 2362 ltprlsssv'-

89 2374 172 2399 οντες
194 2362 251 2391 hoc
275 2363 417 2392 exercitio
440 2364 611 2393 utebantur.
637 2363 739 2395 Scal.
775 2364 901 2394 Theocr.
926 2364 963 2393 de
985 2364 1095 2394 athleta
1119 2366 1182 2405 (tv,
1209 2364 1287 2405 10.):
1312 2361 1399 2407 ᾤχετ’
1420 2364 1493 2404 ἔχων
1515 2361 1683 2401 σκαπάνην.
1715 2361 1770 2390 Ubi
1793 2358 1905 2388 SchoL:
1928 2365 2041 2407 anquu-

88 2418 145 2437 ναν
167 2404 262 2446 ἤγουν
286 2407 422 2437 δίκελλαν
439 2404 461 2446 ἢ
475 2405 631 2447 λισγάριον
648 2404 668 2446 ἢ
686 2408 834 2447 σκαφίον,
858 2405 876 2439 ὃ
893 2408 925 2438 οἷ
934 2403 1060 2439 Ἀττικοὶ
1084 2405 1165 2448 ἄμην
1187 2408 1341 2449 λέγουσιν·
1367 2408 1399 2440 οἱ
1417 2406 1474 2448 γὰρ
1498 2405 1664 2447 γυμνασταὶ
1685 2401 1802 2437 τούτοις
1823 2401 1950 2439 ἐχρῶντο
1966 2409 2040 2437 υηερ
