2263 2668
200 161 277 196 344
634 153 979 190 COMMENTARH
1003 153 1052 186 ΙΝ
1077 154 1221 188 PAULI
1246 156 1444 190 DIACONI
1469 156 1723 191 EXCERPTA

198 256 236 285 de
259 253 374 282 verbor.
400 251 518 286 obligat.
564 247 642 276 Hinc
665 247 729 275 viae
752 245 908 282 basilicae,
935 245 1042 283 regiae.
1065 246 1084 276 1.
1098 249 1127 278 2.
1153 248 1220 285 §.fil
1243 248 1279 277 de
1302 248 1383 277 verb.
1406 248 1526 286 obligat.
1564 248 1723 288 Theophil.
1749 252 1772 289 §.
1797 251 1865 280 item
1889 254 1922 281 si.
1946 256 2014 286 lust,
2038 256 2073 284 de
2095 256 2152 294 leg.

197 296 323 335 Aquilia.
372 292 475 322 Goilz-

358 335 582 364 Bovinatur.
631 330 813 367 ssovinator,
850 329 1071 368 tergiversator.
1116 331 1192 361 Gell.
1216 333 1267 361 lib.
1281 332 1342 369 XI,
1373 332 1476 361 0.V11.
1505 332 1590 363 Ant.
1609 333 1703 373 Aug.
1755 335 1909 374 Nusquam
1937 339 2067 378 reperies
2095 339 2153 369 hoc

197 382 321 412 verbum
345 388 398 416 pro
422 373 596 403 conviciari.
633 373 775 402 Bovinari
799 372 875 401 enim
899 377 941 401 est
965 374 1162 411 tergiversari.
1198 376 1237 403 De
1263 385 1322 413 quo
1347 375 1416 403 satis
1439 375 1520 406 alibi.
1560 376 1759 406 Glossarium:
1781 377 1991 417 Bovinatores,
2014 384 2152 422 θορυβο-

196 424 296 459 nomi,
318 417 450 457 θρύλλον
474 418 646 452 ποιοῦντες,
670 413 689 454 ἢ
710 413 852 455 ταραχήν.
891 415 1013 444 Glossae
1034 416 1150 445 Isodori
1172 419 1292 446 melius:
1316 416 1525 454 Bovinatores‚
1549 418 1755 448 inconstantes.
1779 420 1882 450 Scal.
1920 422 2151 454 vocabularium

196 471 294 496 vetus:
321 461 501 495 Bovinator,
532 459 723 495 convitiator,
754 459 934 487 inconstans.
977 457 1135 497 Bovinari,
1164 460 1336 497 convitiari,
1361 459 1516 497 damnare,
1540 459 1678 490 clamare.
1722 463 1863 492 Bovinari
1888 469 1932 494 est
1952 466 2150 504 tergiversari.

195 508 342 537 Lucilius:

730 541 827 572 Hicce
848 543 994 582 strigosu’,
1026 542 1235 584 bovinatorque
1258 556 1306 573 ore
1329 543 1473 583 improbu’
1498 543 1582 575 duro.

195 593 218 620 A
241 591 316 620 bove
339 589 368 618 in
392 586 505 615 arando
529 585 681 624 strigante.
718 585 792 614 Vide
816 585 945 613 Gellium
968 585 1019 615 lib.
1032 585 1091 624 XI,
1116 597 1140 617 c.
1154 590 1185 620 7.
1206 588 1298 616 Dac.
1336 587 1410 616 Vide
1431 587 1562 616 Nouium
1585 587 1789 618 Bovinatores.
1836 589 1941 622 Goth.

361 629 475 659 Bova.
518 627 595 658 Boa.
633 629 761 657 Cruruin
785 633 894 657 tumor.
940 627 1098 658 Lucillins:

730 669 841 710 Inguen
864 682 897 698 ne
919 672 1056 708 exsistat,
1086 669 1229 711 papulae,
1253 678 1351 708 tama,
1377 683 1410 700 ne
1434 670 1490 700 boa
1513 673 1610 701 noxit.

196 718 392 748 Glossarium:
416 712 494 750 Bor,
518 710 535 743 ὅ
557 710 626 748 τούς
648 709 745 749 πόδας
768 713 967 753 φλεγμαίνων.
1007 715 1079 742 Puto
1101 713 1178 743 Boa.
1213 714 1285 742 Nam
1311 719 1339 742 et
1360 725 1377 742 a
1400 714 1503 743 morbo
1527 720 1684 752 aegrotans
1707 717 1771 756 ipse
1795 717 1854 746 dici
1877 716 1994 757 potuit,
2018 723 2051 746 ut
2076 716 2151 747 Car-

196 773 258 796 oer,
288 760 340 797 qui
363 759 392 786 in
416 765 535 784 carcere
557 759 616 793 est,
646 760 675 784 et
696 754 888 795 Ergastulus‚
920 756 972 794 qui
994 756 1025 784 in
1047 757 1202 795 Ergastulo
1225 757 1383 785 Lucillius:
1413 773 1450 778 —
1481 774 1522 779 —
1548 757 1617 786 Non
1640 759 1804 798 ergastulus
1827 772 1900 789 unus
1923 767 1948 788 et
1972 758 2049 789 alius
2072 759 2151 789 iudi-

195 815 255 834 cem
280 799 433 841 Opposuit.
476 799 574 827 Idem:
603 805 634 826 ut
657 810 739 827 nemo
762 799 933 826 sententiam
957 797 1061 836 libere,
1091 800 1176 840 quasi
1198 798 1377 839 ergastulus‚
1405 801 1497 839 possit
1521 798 1624 830 (licere.
1670 802 1718 830 Sic
1741 813 1846 831 servus
1869 802 1965 831 Noxa
1987 802 2150 839 dicebatur,

195 846 247 885 qui
268 854 378 873 noxam
401 842 520 870 fecerat.
562 840 647 869 Unde
670 839 771 869 dedere
794 851 907 869 noxam
930 841 1068 870 dicebant
1091 847 1215 871 veteres.
1260 843 1311 870 Est
1334 842 1420 871 etiam
1444 842 1510 871 Boa
1533 843 1655 872 morbus
1677 844 1767 873 boum
1791 845 1966 874 auctoribus
1989 845 2034 873 rei
2056 846 2152 874 rusti-

194 898 253 917 cae.
285 885 436 915 Glossario
461 893 578 922 quoque
602 882 690 921 bova,
715 880 803 918 νόσος
826 885 916 922 βοῶν.
950 885 1018 913 Sive
1032 883 1129 913 Boam
1152 885 1214 912 sive
1238 883 1341 913 bovam
1365 885 1497 923 scribas,
1520 885 1594 914 nihil
1614 887 1747 917 interest.
1773 885 1873 918 Scal.
1911 887 1978 917 Boa
1993 887 2041 916 vel
2054 887 2151 925 Bova,

195 931 238 959 sic
261 930 339 958 dicta
363 927 444 966 quod
467 927 580 955 bubulo
603 926 680 954 lacte
703 927 870 963 nutriatur,
892 930 926 954 ut
948 928 987 954 ait
1010 927 1123 955 Plinius
1147 927 1198 955 lib.
1216 926 1299 963 VIII,
1326 926 1375 957 14.
1400 927 1528 956 Faciunt
1551 927 1596 956 liis
1607 928 1704 969 fidem
1727 931 1757 958 in
1776 929 1867 959 Italia
1891 929 2058 970 appellatae
2080 929 2152 959 boae

196 975 226 1002 in
249 979 360 1001 tantam
385 967 607 1009 amplitudinem
631 976 784 1004 excuntes,
808 976 839 997 nt
864 968 900 998 D.
925 967 1051 999 Claudio
1072 970 1205 1009 principe
1227 970 1343 998 occisae
1364 971 1394 998 in
1421 969 1571 999 Vaticano
1595 970 1709 1000 solidus
1731 974 1761 1001 in
1787 972 1854 1002 alvo
1877 979 2023 1012 spectatus
2045 973 2083 1001 sit
2103 973 2152 1001 in-

193 1015 271 1050 fans,
306 1012 440 1043 Aluntur
459 1013 556 1053 primo
581 1010 683 1040 bubuli
706 1010 793 1040 lactis
815 1022 921 1048 succo,
949 1011 1025 1040 unde
1047 1023 1148 1040 nomen
1173 1019 1299 1040 traxere.
1336 1012 1409 1041 Mihi
1431 1013 1522 1050 magis
1546 1013 1646 1052 placet
1668 1025 1683 1042 a
1708 1015 1910 1053 magnitudine
1934 1013 2005 1043 boas
2027 1015 2076 1043 vel
2099 1013 2150 1043 bo-

183 1050 244 1086 „vas
268 1058 372 1086 dictas.
418 1055 579 1083 Salmasius
608 1064 679 1082 vero
708 1054 794 1082 boam
823 1059 988 1092 serpentem
1019 1055 1131 1083 dictum
1155 1060 1237 1093 putat
1262 1065 1277 1082 a
1302 1055 1417 1084 Graeco
1442 1053 1530 1094 δύης,
1570 1056 1649 1094 quod
1673 1057 1751 1086 idem
1776 1063 1819 1087 est
1842 1068 1875 1086 ac
1899 1054 2000 1095 δύτης.
2046 1057 2151 1085 Aeoles

194 1100 309 1129 Boeotii
333 1098 472 1127 dicebant
495 1096 606 1137 βύτης,
628 1096 697 1125 inde
716 1095 788 1133 boa,
814 1101 846 1124 ut
863 1095 967 1135 φὺηης
983 1107 1070 1136 popa.
1100 1095 1183 1135 Λύης
1207 1102 1234 1126 et
1257 1094 1348 1135 δύτης
1370 1098 1449 1126 idem
1473 1103 1516 1127 est
1540 1099 1620 1136 quod
1645 1098 1841 1139 κολυμβητής.
1874 1099 2052 1138 Hesychius:
2077 1097 2152 1130 δύπ-

193 1155 270 1181 πης,
300 1139 506 1180 κολυμβητής,
543 1137 642 1178 δύτης.
686 1139 846 1167 Dicebatur
869 1145 896 1168 et
919 1137 994 1178 δύης
1015 1151 1071 1179 pro
1096 1140 1215 1176 eodem,
1252 1139 1293 1168 sic
1318 1138 1474 1179 ἆμμοδύης
1498 1146 1526 1169 et
1549 1138 1737 1181 ἅμμοδύτης,
1775 1143 1871 1180 idem,
1909 1144 2036 1172 alterum
2059 1151 2152 1180 genus

194 1185 350 1223 serpentis».
396 1183 455 1218 Qui
480 1184 591 1211 Graece
615 1182 727 1218 sciunt,
759 1187 873 1210 norunt
895 1192 941 1211 me
965 1193 1069 1211 verum
1093 1183 1187 1221 loqui.
1230 1182 1379 1212 Nutricem
1403 1183 1525 1212 eandem
1552 1194 1618 1212 cum
1644 1184 1699 1213 boa
1724 1186 1837 1214 faciunt
1855 1186 1990 1214 Glossae:
2026 1183 2150 1221 Natriae,

193 1228 271 1268 ἕχιος
293 1225 381 1262 εἶδος.
411 1226 454 1254 lta
471 1225 670 1255 scribendum.
701 1225 763 1252 Boa
787 1234 856 1253 vero
880 1235 936 1264 pro
959 1230 1090 1262 tumore,
1115 1227 1166 1264 qui
1189 1236 1226 1254 ex
1248 1225 1349 1254 labore
1372 1228 1436 1255 viae
1460 1226 1490 1254 in
1515 1227 1654 1256 ciuribus
1678 1229 1843 1266 colligitur,
1867 1229 1956 1257 aliam
1981 1226 2070 1256 habet
2093 1226 2153 1255 ori-

192 1271 304 1308 ginem,
334 1269 385 1298 sed
408 1278 499 1307 aeque
520 1268 680 1296 Graecam:
718 1263 787 1306 Δύη
811 1272 853 1296 est
873 1266 1079 1304 κακοπάθεια,
1110 1265 1222 1305 πόνος,
1251 1270 1451 1308 ταλαιπωρία,
1482 1269 1600 1298 Aeolice
1622 1268 1698 1309 βὺη,
1734 1272 1834 1299 Latine
1855 1269 1920 1300 boa.
1965 1271 2013 1298 Sic
2036 1267 2151 1310 δερτύρ,

194 1311 322 1353 βερβύρ,
345 1311 468 1349 veiber3
499 1309 627 1348 ὅελφὺς,
650 1310 780 1350 βέλφυς,
803 1310 910 1346 vulva3
941 1308 1052 1348 κλάδα,
1075 1309 1190 1349 κλάβα,
1220 1311 1313 1339 clava.
1354 1312 1436 1340 Idem
1459 1316 1487 1340 et
1510 1309 1628 1351 βὺπτην
1649 1314 1812 1351 vocabant,
1839 1323 1914 1352 quae
1936 1313 2003 1341 aliis
2027 1310 2150 1351 δύπτης.

195 1355 281 1385 Dac.
316 1353 437 1384 Crurum
462 1365 575 1394 quoque
596 1360 701 1381 tumor.
733 1352 816 1381 Adde
839 1353 916 1381 infra
942 1353 1037 1381 Tama
1061 1358 1089 1381 et
1110 1352 1253 1382 Flemina.
1303 1352 1408 1385 Goth.

358 1395 485 1424 Batus.
532 1396 732 1425 Glossarium:
756 1393 860 1433 Baiis,
884 1393 961 1430 εἶδος
985 1392 1128 1434 α’κᾶνθης
1148 1393 1289 1436 βοτάνης.
1325 1395 1453 1434 Battum
1476 1393 1604 1435 πράσον.
1642 1397 1748 1426 Isidori
1771 1398 1907 1426 Glussae:
1933 1396 2034 1433 Baris,
2057 1406 2149 1434 genus

194 1439 292 1470 oleris.
316 1437 417 1468 Scal.
454 1437 566 1475 Batus,
588 1438 699 1475 rubus,
723 1438 844 1466 Graecis
867 1436 968 1478 βάτος.
997 1437 1146 1467 Theocrit.
1170 1439 1257 1477 Idyll.
1268 1439 1290 1467 Ι.
1315 1438 1411 1478 (32.):

732 1482 802 1510 Νῦν
826 1481 856 1510 ὶά
878 1480 930 1519 μὲν
953 1481 1092 1521 φορέοιτε
1114 1479 1218 1521 βάτοι,
1251 1482 1390 1519 φορέοιτε
1412 1478 1440 1511 δ’
1462 1479 1604 1512 ἄκανθαι.

195 1523 247 1552 Da
258 1535 281 1554 c.

357 1565 595 1595 Bacrionem.
638 1566 747 1594 Bacrio
774 1571 871 1595 tamen
901 1570 929 1595 et
958 1567 1048 1595 trulla
1077 1577 1110 1596 eo
1138 1566 1296 1603 differunt,
1332 1566 1413 1604 quod
1442 1566 1491 1594 ille
1519 1576 1572 1594 vas
1594 1567 1765 1604 aquarium,
1801 1567 1875 1596 haec
1897 1577 1968 1596 vcro
1992 1567 2148 1597 vinarium.

198 1608 298 1639 Horat.
323 1609 408 1638 satir.
430 1609 482 1638 lib„
499 1608 534 1636 Il.
560 1608 606 1647 (3,
635 1608 738 1649 144.):

776 1649 834 1688 Qui
859 1650 1051 1679 Veientanum
1065 1649 1159 1692 festis
1179 1658 1297 1690 portare
1320 1649 1420 1679 diebus

777 1692 930 1732 Campana.
952 1692 1056 1722 solitus
1079 1691 1186 1730 trulla,
1217 1704 1399 1733 vappamque
1419 1692 1567 1734 profestis.

199 1736 286 1766 Dae.
325 1737 516 1773 Baccionein,
539 1735 589 1764 alii
613 1734 803 1771 Barrionem,
828 1736 877 1764 alii
899 1736 1077 1765 Batrionem.
1118 1735 1245 1765 Romi-io
1270 1737 1381 1764 Glossis
1404 1733 1654 1775 πορνοδιάκονος.
1704 1734 1812 1764 Goth.

362 1778 494 1807 Bucar.
541 1778 741 1807 Glossarium:
768 1777 885 1815 Βαυαν,
909 1777 989 1815 εἶδος
1011 1777 1143 1819 ἀγγείου.
1183 1779 1273 1816 Lege:
1296 1778 1425 1807 Baccar.
1462 1779 1568 1806 Isidori
1593 1778 1728 1806 Glossae:
1754 1778 1951 1815 Baccarium,
1974 1788 2026 1806 vas
2048 1787 2150 1818 aqua·-

200 1821 288 1857 rium;
311 1821 389 1859 quod
411 1821 460 1849 hic
484 1821 611 1857 dicitur,
636 1820 770 1849 bacrioni
793 1831 845 1850 vas
868 1821 971 1852 simile.
1015 1821 1097 1849 Idem
1120 1826 1164 1850 est
1187 1820 1294 1857 bacar,
1321 1820 1489 1858 bacarium,
1515 1826 1544 1849 et
1567 1819 1687 1849 bacario
1711 1831 1763 1849 seu
1787 1820 1896 1850 bacrio.
1925 1820 2032 1849 Isidori
2057 1820 2151 1848 Glos-

201 1872 260 1889 sae:
283 1862 429 1900 Bucar-io,
452 1862 562 1893 orceoli
581 1875 679 1902 genus.
710 1864 908 1892 Glossarium:
932 1863 1096 1899 Baccario,
1120 1862 1376 1903 πορνοδιάκονος,
1400 1863 1606 1892 meretricibus
1630 1874 1735 1901 aquam
1758 1863 1928 1892 infundens.
1953 1864 2052 1891 Recte.
2075 1862 2148 1892 Nam

202 1914 217 1930 a
239 1913 305 1931 vase
326 1906 452 1934 ministri
475 1907 560 1935 etiam
585 1906 657 1934 dicti
682 1905 886 1944 haccariones,
909 1907 1042 1946 aquarii3
1071 1917 1137 1934 nam
1159 1907 1274 1945 aquarii
1295 1916 1346 1934 seu
1370 1906 1516 1944 aquaiioli
1540 1904 1776 1944 πορνοὸιάκονοι
1799 1917 1813 1934 a
1838 1906 1987 1935 veteribus
2011 1904 2150 1933 diceban-

202 1950 265 1981 tur,
289 1951 321 1973 ut
342 1949 476 1985 superius
497 1949 649 1977 annotavit
666 1949 768 1978 Festus
792 1949 863 1988 ipse.
896 1949 994 1977 Utitur
1016 1954 1045 1977 et
1066 1950 1279 1986 Tertullianus,
1301 1949 1372 1977 item
1395 1949 1539 1987 Apuleius
1563 1954 1593 1977 et
1615 1949 1673 1980 alii,
1698 1948 1800 1978 Scal.
1833 1948 1932 1977 Bavar
1955 1951 2097 1986 corrupte
2116 1948 2150 1976 in

203 1988 324 2018 Glossis.
354 1988 503 2019 Bacrioni.
535 1991 692 2027 Bacchmi,
716 1991 765 2020 alii
787 1991 925 2022 batrioni.
964 1991 1245 2022 Vide-Bacr-ionem.
1279 1991 1338 2020 Alii
1357 1990 1500 2031 botryoni.
1547 1989 1655 2020 Goth.

365 2029 600 2063 Barathrum.
644 2035 780 2063 Fortasse
802 2034 923 2073 scripsit
947 2032 1055 2074 βαρύς,
1087 2045 1146 2062 non
1169 2032 1277 2073 βαθύς.
1303 2033 1404 2063 Scal.
1449 2034 1544 2062 Locus
1568 2033 1690 2061 Athenis
1714 2033 1745 2061 in
1767 2033 1937 2061 immensam
1962 2031 2149 2061 altitudinem

203 2072 377 2111 depressus,
399 2072 428 2099 in
452 2083 535 2109 quem
558 2076 682 2104 malefici
705 2078 994 2116 praecipitabantur,
1026 2082 1057 2105 ut
1081 2078 1205 2116 Spartae
1227 2078 1256 2105 in
1282 2075 1419 2107 Caiadas.
1464 2076 1512 2104 Sic
1535 2076 1633 2104 dictus
1656 2087 1671 2104 a
1696 2075 1814 2115 βαθύς,
1837 2076 2022 2114 Ρνοῑυηιὶιιε,
2044 2075 2093 2104 vel
2114 2079 2149 2103 ut

203 2114 274 2152 tegit
295 2113 423 2149 Scaliger
447 2125 460 2141 a
485 2115 591 2154 βαρύς,
622 2120 737 2156 gravis,
768 2120 918 2149 molestus.
963 2119 1020 2148 Sed
1046 2120 1155 2148 durum
1178 2125 1346 2158 utrumque.
1392 2119 1493 2154 Quare
1516 2119 1615 2157 potius
1637 2119 1807 2147 Martinium
1831 2129 1954 2157 sequor,
1988 2117 2040 2156 qui
2063 2117 2148 2146 docet

203 2167 264 2185 esse
287 2167 303 2184 a
326 2155 485 2184 Chaldaico
508 2157 555 2185 ber
577 2165 700 2197 puteus,
725 2166 754 2190 et
771 2162 849 2191 ’aliar
870 2163 963 2192 lacus.
990 2163 1065 2191 Nam
1088 2168 1118 2191 et
1138 2162 1328 2197 berathrum,
1353 2166 1381 2190 et
1403 2161 1573 2190 berethrum
1599 2161 1746 2192 dicebant.
1771 2161 1859 2191 Dac.
1890 2161 2036 2189 Cohaeret
2058 2169 2147 2188 voca-

203 2199 308 2227 bulum
332 2208 399 2226 ‘lum
422 2199 545 2226 vocibus
568 2198 699 2238 βάθρον,
728 2204 857 2243 βὲθροιι,
893 2204 1025 2244 βόθρος,·
1057 2210 1145 2243 atque
1168 2206 1223 2234 ista
1246 2205 1345 2233 onmia
1368 2214 1434 2233 cum
1458 2215 1486 2234 v.
1504 2202 1612 2244 βαθύς.

368 2239 562 2269 Balaenae
590 2253 700 2272 nomen.
743 2246 823 2275 Haec
851 2248 946 2285 glossa
976 2258 1043 2276 cum
1070 2248 1217 2286 superiori
1238 2247 1404 2276 Balaenarn
1428 2246 1554 2276 belluam
1578 2247 1608 2275 in
1632 2246 1784 2285 prioribus
1807 2245 1988 2275 editionibus
2009 2244 2049 2273 ita
2072 2253 2145 2272 can-

204 2284 303 2312 iuncta
326 2287 386 2319 est,
409 2288 443 2311 ut
464 2293 554 2311 unum
577 2284 705 2314 efficiant
726 2289 893 2319 articulum,
937 2291 979 2318 De
1001 2291 1162 2319 mutatione
1182 2290 1224 2331 ph
1246 2295 1275 2319 et
1299 2290 1315 2318 b
1339 2290 1441 2318 confer
1464 2290 1552 2318 etiam
1574 2289 1682 2318 similia
1705 2289 1777 2326 alia,
1799 2293 1832 2317 ut
1853 2287 1966 2327 Bruges
1987 2297 2040 2326 pro
2066 2284 2143 2324 Φρύ-

205 2337 263 2367 γες,
304 2325 348 2355 Cf.
370 2325 514 2360 Quinctil.
532 2326 559 2362 l,
586 2327 614 2356 5.

368 2366 536 2397 Burrum.
580 2368 734 2405 Eleganter
760 2369 892 2401 homines
920 2384 957 2401 ex
987 2375 1108 2412 potione
1132 2375 1274 2404 rubentes
1296 2375 1337 2404 ait
1359 2374 1472 2404 Burros
1495 2386 1511 2403 a
1534 2374 1684 2403 veteribus
1708 2374 1814 2403 dictos.
1857 2371 1946 2408 Quod
1968 2369 2090 2400 verbum
2112 2368 2142 2397 in

207 2409 310 2439 e⁰de¹¹²
331 2419 418 2438 semu
440 2411 546 2440 retinet
568 2410 728 2450 Hispanica
749 2412 856 2449 lingua.
900 2414 1064 2446 Burraceos
1088 2418 1166 2446 enim
1189 2422 1299 2446 vocant
1320 2416 1461 2454 ebriosos,
1495 2422 1523 2446 et
1545 2427 1596 2445 vas
1619 2416 1766 2446 vinarium
1789 2414 1976 2444 Burroceam.
2021 2411 2143 2440 Glossa-
