2263 2668
489 152 553 186 DE
579 148 965 185 SIGNIFICATIONE
991 149 1276 187 VERBORUM.
1334 154 1479 188 LIBER
1504 153 1613 188 XVII.
1947 159 2020 195 671

75 244 136 282 vel,
167 249 222 276 etc.
247 243 330 283 quasi
354 248 430 273 esset
454 254 469 272 a
492 246 567 281 σαῖς,
605 249 634 273 et
656 256 734 283 spes,
770 242 851 281 quod
879 241 1050 273 ridiculum.
1093 245 1245 284 Sospitare
1273 250 1317 275 est
1339 258 1355 276 a
1377 257 1480 287 sospes
1503 252 1532 277 et
1555 246 1700 286 significat
1727 258 1861 287 servare,
1898 251 2022 283 salvare.

77 288 183 318 Catull.
208 288 238 316 in
261 287 392 316 carmine
415 287 542 315 seculari
565 286 721 325 (XXXIV,
745 288 795 318 23.
809 284 899 324 seq.):

795 328 950 367 Ancique,
974 334 1004 355 ut
1027 327 1116 357 solita
1139 342 1184 367 es,
1208 329 1285 360 bona

798 369 924 409 Sospites
948 379 1000 408 ope
1018 378 1140 408 gentem.

75 413 165 445 Dae.
193 414 278 443 Adde
301 413 426 442 Nonium
451 412 530 452 (pag.
546 415 615 444 176.
641 411 743 452 Merc.)
766 413 797 441 in
820 412 976 451 Sospitent.
1001 410 1104 444 Goth.
1150 415 1265 453 Virgilii
1286 416 1371 445 locus
1395 421 1440 445 est
1464 416 1534 446 Aen.
1550 416 1634 453 VIII,
1658 417 1731 449 470.

240 454 499 487 Succrotilla.
546 455 669 483 Difficile
693 460 736 483 est
758 455 905 494 reperire,
932 454 1003 492 quid
1026 455 1129 485 Festus
1153 458 1290 487 voluerit.
1335 460 1516 497 Agnoscitur
1537 464 1636 488 tamen
1657 469 1760 488 versus
1783 460 1894 490 Plauti:

635 496 705 526 Cum
728 498 854 526 extortis
875 495 961 532 talis,
986 508 1051 526 cum
1074 498 1190 529 todillis
1212 500 1362 531 crusculis.

75 540 150 570 Vide
175 539 263 572 Tudi.
286 541 375 571 Ant.
392 541 489 580 Aug.
528 538 710 570 Succrotilla
731 550 794 568 vox
815 539 906 568 tenuis
928 537 1080 569 dicebatur
1102 549 1127 570 et
1147 542 1221 572 alta.
1264 545 1409 573 Titinnius
1432 544 1462 572 in
1486 566 1491 572 .
1516 565 1522 572 .

630 581 782 610 Feminina
800 580 939 622 fabulare
960 582 1134 612 succrotilla
1156 584 1272 615 vocula.

73 623 226 667 Afranius
246 627 278 655 in
299 623 454 666 Epistula:
477 646 484 653 .
508 647 516 653 .
539 645 546 653 .
570 646 576 652 .
598 623 768 653 succrotilla
792 635 861 653 voce
882 624 965 652 serio.
1009 623 1134 654 Plautus
1156 628 1187 656 in
1210 627 1407 657 describendis
1428 627 1579 657 mulierum
1602 628 1681 657 vitiis
1702 628 1733 657 in
1754 628 1849 669 Syro:

633 665 703 695 Cum
725 667 850 695 extortis
872 665 956 700 talis,
981 677 1045 695 cum
1070 667 1187 698 todellis
1212 669 1366 700 crusculis.

73 710 178 739 Cetera
200 720 263 739 non
284 710 378 749 potui.
398 707 500 738 Scal.
533 709 593 737 Cur
616 709 710 737 Plauti
732 718 852 738 versum
873 708 923 737 hic
944 709 1073 737 adducat
1094 710 1215 749 Festus,
1236 714 1352 749 nescio,
1375 713 1430 741 nisi
1454 713 1478 741 si
1501 712 1655 751 scripserit
1678 724 1743 742 cum
1766 710 1932 743 suom-oritis
1955 723 2019 742 cru.

73 751 171 783 sculis.
204 752 278 782 Vide
300 762 375 792 quae
397 752 429 780 in
453 749 634 780 Crocotilum
658 752 736 780 dicta
759 756 835 780 sunt.
868 751 977 780 Versus
1001 752 1138 781 Titinnii:

629 793 761 823 Feminea
776 792 919 835 fabella,
944 794 1106 823 succrotila
1127 795 1242 825 vocula.

73 837 142 866 Vel:

628 878 747 907 Femina
761 878 911 920 fabulare
932 878 1091 908 succrotila
1114 880 1228 910 vocula.

72 922 110 951 Et
133 932 200 950 cum
223 921 282 950 hoc
305 921 406 949 Titinii
429 931 517 950 versu
541 921 783 960 componendum
808 922 933 950 alterum
955 927 1044 960 puto,
1077 922 1128 959 qui
1150 923 1259 960 legitur
1280 922 1311 951 in
1336 921 1521 952 Vibrissare:

630 963 770 992 Foemina
782 963 930 1003 fabulare
951 963 1110 993 succrotila
1133 964 1248 994 vocula.

628 1005 664 1034 Si
686 1007 737 1034 erit
761 1006 815 1035 tibi
838 1005 1016 1035 cantandum
1030 1005 1136 1047 facito
1159 1019 1247 1047 usque
1269 1006 1452 1036 exvibrisses.

70 1049 158 1078 Duc.
192 1049 287 1077 Varro
310 1048 360 1077 lib.
375 1048 420 1076 Vl.
445 1049 480 1076 de
503 1050 534 1077 L.
553 1049 584 1079 L.
608 1049 658 1085 (cf.
678 1049 756 1078 scal.
781 1049 827 1079 ad.
852 1049 976 1077 Varron.
1000 1049 1037 1077 de
1061 1049 1090 1077 L.
1110 1049 1141 1080 L.
1166 1050 1297 1078 Coniect.
1319 1059 1382 1087 pag.
1397 1049 1466 1080 134.
1492 1049 1536 1077 ed.
1556 1051 1620 1085 bt).
1649 1047 1752 1078 Goth.
1789 1049 1832 1077 Cf.
1854 1048 1956 1080 Krehl.
1980 1050 2019 1079 ad

69 1091 213 1121 Priscian.
230 1091 286 1127 111,
310 1094 339 1122 5.
365 1093 513 1129 pag.125.
538 1096 610 1120 tom.
624 1092 644 1121 1.
668 1091 718 1129 qui
741 1101 801 1119 rem
825 1091 986 1120 confecisse
1008 1091 1128 1120 videtur
1150 1092 1187 1121 de
1209 1093 1274 1121 loco
1299 1091 1410 1127 Plauti,
1448 1091 1636 1120 scribendum
1666 1091 1786 1119 iubens:
1822 1102 1887 1121 cum
1910 1090 2019 1121 tudinis

68 1132 220 1164 crusculis,
265 1134 357 1162 Prava
389 1134 478 1162 lectio
508 1134 672 1162 inveterata
702 1138 731 1161 et
760 1138 824 1162 orta
854 1134 973 1163 videtur
1001 1144 1037 1162 ex
1066 1144 1125 1162 non
1155 1135 1303 1164 intellecta
1331 1135 1479 1172 scriptura
1503 1134 1640 1162 vocabuli
1663 1132 1788 1168 testinis,
1827 1133 1909 1172 quod
1932 1134 2019 1163 facile

70 1176 223 1215 corrumpi
247 1177 344 1214 potuit
366 1176 395 1204 in
421 1175 538 1205 todellis
562 1175 674 1204 crotilis
697 1180 752 1204 cet.

235 1217 389 1247 Sucula.
434 1217 545 1247 Sucula
568 1224 611 1247 est
634 1218 787 1247 machinae
811 1227 916 1255 geum,
949 1218 1049 1247 teretis
1072 1219 1211 1249 materiae
1234 1225 1262 1248 et
1285 1219 1398 1247 foratae
1420 1228 1454 1245 ac
1476 1228 1606 1255 crassae,
1636 1223 1774 1256 tanquam
1799 1218 1872 1248 uber
1893 1219 2017 1247 scrofae.

68 1261 193 1299 Reliqua
217 1261 372 1299 deplorata
397 1265 480 1296 sunt,
504 1271 579 1298 quae
603 1260 639 1289 de
662 1261 817 1299 Hyadibus
841 1265 957 1290 tractat.
993 1261 1192 1291 Glossarium:
1216 1260 1356 1298 Suculae,
1379 1257 1470 1296 ὗάόες
1492 1260 1542 1290 καὶ
1564 1261 1690 1296 ὃοκίδες.
1713 1259 1812 1290 Scal.
1846 1261 1904 1289 Pro
1926 1261 2018 1290 ruint-

68 1315 123 1344 que
146 1303 256 1342 optime
281 1304 403 1332 Ursinus
426 1304 559 1343 quinque.
605 1302 754 1343 Loquenti
775 1307 872 1331 autem
897 1303 1018 1340 antiqua
1041 1304 1258 1333 consuetudine
1283 1310 1316 1332 ut
1339 1313 1429 1342 supra
1452 1310 1492 1331 set
1515 1314 1570 1341 pro
1593 1302 1642 1331 sed
1666 1309 1720 1331 etc.
1768 1303 1806 1330 De
1829 1303 1931 1331 sucula
1953 1314 2017 1331 ma—

68 1345 155 1374 china
177 1345 251 1374 haec
276 1346 426 1374 Budaeus:
465 1344 592 1380 Sucula,
629 1345 742 1383 inquit,
777 1344 916 1373 machina
945 1352 985 1373 est
1014 1347 1182 1375 tractator-ii
1204 1346 1332 1386 generis,
1370 1352 1485 1374 constat
1507 1353 1602 1374 autem
1625 1346 1705 1374 tereti
1725 1343 1806 1383 ligno
1830 1344 1943 1374 duobus
1966 1353 2017 1375 aut

65 1387 200 1427 pluribus
221 1387 349 1416 vectibus
371 1388 508 1423 traiecto,
538 1388 672 1427 utrinque
693 1398 787 1427 aequa
809 1386 980 1415 extantibus
1003 1386 1200 1427 longitudine,
1232 1388 1303 1417 haec
1324 1386 1393 1416 dum
1415 1395 1560 1423 versatur,
1580 1387 1672 1428 funis
1693 1388 1744 1426 qui
1766 1386 1916 1416 ductarius
1938 1386 2016 1416 dici-

67 1437 129 1468 tur,
154 1431 235 1459 circa
257 1440 320 1458 eam
344 1429 517 1459 obvolvitur.
551 1430 649 1458 lnnuit
671 1434 768 1457 autem
788 1430 891 1457 Festus
914 1430 1047 1458 suculam
1071 1430 1108 1458 ob
1131 1431 1356 1461 similitudinem
1377 1430 1515 1464 suculae,
1537 1430 1569 1458 id
1593 1435 1636 1458 est
1658 1429 1773 1458 scrofae
1796 1430 1921 1466 dictam,
1945 1431 2015 1469 quia

66 1477 99 1501 ut
121 1473 237 1502 scrofae
259 1472 335 1501 uber
357 1472 442 1511 porci
467 1472 677 1507 circumstant,
713 1472 755 1500 ita
777 1472 912 1500 suculam
935 1472 1062 1510 porculi.
1106 1473 1181 1502 Nam
1210 1474 1355 1512 porculus
1384 1482 1477 1501 uncus
1506 1472 1617 1501 dicitur
1638 1472 1669 1500 in
1691 1471 1786 1501 media
1809 1473 1930 1509 sucula,
1964 1472 2016 1511 qui

65 1515 164 1544 sunem
187 1519 283 1552 tenet,
320 1525 413 1553 eoque
437 1514 645 1551 convolvitur,
683 1515 754 1542 dum
785 1514 886 1541 sucula
912 1519 1058 1543 versatur.
1104 1515 1145 1543 De
1167 1515 1314 1554 hyadibus
1338 1516 1419 1554 quod
1441 1515 1579 1553 imperite
1600 1525 1615 1543 a
1640 1514 1750 1543 Latinis
1773 1515 1894 1543 suculae
1916 1515 2015 1544 dictae

65 1558 139 1595 sint,
162 1557 247 1596 quasi
272 1561 370 1586 essent
392 1568 406 1584 a
430 1557 550 1590 suibus,
583 1557 686 1585 Cicero
709 1556 757 1585 lib.
773 1556 805 1584 ll.
832 1555 868 1583 de
891 1556 954 1584 Nat.
981 1557 1063 1585 Deor.
1088 1557 1215 1594 (c.83.):
1251 1558 1343 1586 Tauri
1365 1564 1453 1596 caput
1474 1556 1567 1586 stellis
1589 1568 1770 1596 conspersum
1794 1564 1834 1585 est
1852 1556 2015 1597 frequenti-

65 1599 127 1631 bus.
173 1599 241 1628 Has
266 1598 372 1628 Graeci
391 1598 494 1628 stellas
517 1596 611 1633 ὑάδας
632 1599 761 1627 vocitare
782 1605 897 1626 suerunt
919 1609 938 1626 a
958 1597 1102 1636 pluendo,
1126 1596 1191 1629 ὕειν
1213 1601 1288 1628 enim
1310 1606 1351 1627 est
1370 1598 1487 1637 pluere‚·
1510 1600 1603 1628 nostri
1623 1599 1752 1638 imperite
1773 1598 1906 1636 suculas,
1930 1600 2015 1638 quasi

63 1654 82 1671 a
103 1641 204 1672 suibus
232 1649 340 1679 essent,
377 1652 435 1670 non
462 1640 501 1669 ab
529 1640 671 1669 imbribus
699 1640 875 1668 nominatae.
918 1640 1001 1668 Idem
1024 1641 1098 1669 Plin.
1121 1640 1171 1669 lib.
1185 1642 1291 1671 XVIII.
1314 1651 1379 1679 cap.
1394 1644 1446 1673 26.
1477 1645 1507 1670 et
1536 1641 1614 1680 apud
1645 1641 1772 1670 Gellium
1801 1641 1917 1671 Tullius
1942 1641 2013 1671 Tiro

64 1685 113 1714 lib.
125 1684 208 1713 XIII.
231 1694 295 1722 cap.
309 1686 338 1715 9.
371 1684 461 1712 Daci
509 1684 549 1712 De
574 1683 709 1711 succulis
732 1682 813 1720 loqui
836 1682 956 1710 Festum
979 1693 1038 1711 non
1062 1683 1185 1720 dubito,
1222 1694 1294 1723 quas
1318 1683 1425 1711 Graeci
1445 1683 1558 1720 hyadas
1580 1684 1743 1722 appellant,
1775 1684 1846 1712 licet
1868 1683 2013 1722 quaedam

64 1727 205 1756 mendosa
228 1727 288 1755 sint
311 1726 340 1753 in
363 1725 409 1754 his
433 1725 594 1754 dimidiatis
618 1725 725 1753 verbis.
755 1725 858 1753 Cicero
880 1724 958 1753 libro
975 1726 1010 1753 11.
1036 1725 1072 1753 de
1095 1730 1155 1755 nat.
1179 1726 1261 1755 deor.
1285 1727 1323 1763 (e.
1339 1726 1413 1762 83.).
1446 1726 1519 1754 Vide
1537 1726 1613 1754 Geli.
1636 1726 1686 1756 lib.
1699 1726 1778 1755 X111.
1799 1736 1862 1764 cap.
1875 1728 1904 1757 9.
1925 1726 2012 1756 Ant.

63 1770 156 1810 Aug.
189 1768 265 1798 Vide
289 1768 428 1805 Virgil.1.
452 1769 557 1806 Georg.
579 1769 618 1803 (v.
634 1770 726 1804 138).
764 1767 893 1795 Glossis:
918 1766 1079 1803 Succulae,
1101 1765 1201 1804 ὖοῖδες.
1252 1767 1358 1798 Goth.

228 1809 513 1850 Succingulum.
556 1810 652 1839 Plaut.
676 1811 705 1838 in
728 1809 894 1839 Menneu:
931 1808 984 1838 Ab
1007 1809 1174 1850 Hippolyta
1205 1808 1407 1850 succingulum
1435 1808 1516 1839 haud
1538 1809 1682 1840 Hercules
1709 1821 1797 1850 aeque
1821 1821 1928 1849 magno
1951 1821 2012 1839 un—

63 1865 149 1895 quam
174 1852 296 1883 abstulit
315 1851 455 1893 periculo.
481 1852 568 1883 Ant.
592 1852 688 1892 Aug.
731 1852 766 1880 In
790 1852 877 1881 editis
900 1852 996 1880 Plauti
1017 1852 1117 1882 libris:

556 1919 592 1925 -·
639 1901 678 1931 ab
701 1901 867 1943 Hippolyta
888 1901 1090 1942 succingulum

553 1943 697 1974 Hercules
718 1944 800 1974 haud
821 1956 911 1985 aeque
932 1955 1040 1984 niagno
1062 1955 1191 1985 unquam
1212 1943 1334 1973 abstulit
1354 1943 1497 1983 periculo.

63 2000 158 2028 Locus
181 2003 226 2027 est
248 1998 279 2025 iu
301 1996 454 2027 Menaech„
478 1998 541 2025 Act.
556 1996 578 2025 1.
601 2006 642 2024 sc.
656 1998 692 2033 3,
715 1998 798 2032 (17.).
843 1995 933 2025 Dac.

224 2046 408 2077 Sucerda.
453 2047 487 2076 In
510 2047 659 2086 principio
683 2047 829 2075 Lucilium
851 2046 959 2075 videor
981 2057 1148 2084 agnoscere.
1191 2045 1338 2084 Suppleo:
1363 2043 1514 2074 succerda
1537 2052 1577 2073 est
1598 2052 1706 2074 stercus
1728 2043 1863 2081 suillum,
1887 2050 1918 2072 ut
1941 2054 2007 2073 cum

61 2091 142 2123 dixit
161 2089 380 2131 Luciliusfimo
396 2098 483 2130 atque
497 2089 635 2119 sucerdis.
659 2089 727 2118 Vel:
743 2090 874 2130 fimoque
889 2087 1027 2119 succulis.
1063 2089 1211 2118 Titinnius
1226 2092 1281 2116 etc.
1304 2087 1419 2125 Integer
1441 2097 1545 2116 versus
1560 2086 1667 2116 Lucilii
1691 2090 1734 2116 est
1757 2087 1806 2115 lib.
1818 2087 1914 2115 XXX.
1931 2086 2004 2115 san:

571 2140 635 2170 Hic
657 2141 687 2170 in
709 2147 834 2170 stercore
855 2139 937 2169 humi
948 2138 1128 2182 fabulisque
1138 2141 1218 2180 fimo
1241 2146 1328 2179 atque
1349 2136 1487 2169 sucerdis.

61 2194 134 2224 Vide
157 2193 285 2222 Nonium
309 2191 386 2230 (pag.
400 2193 469 2224 175.
494 2190 597 2229 merc.)
620 2191 650 2219 in
673 2190 814 2220 Sacerda.
849 2191 929 2220 lnsra
954 2191 1070 2220 fallitur
1091 2191 1210 2227 Festus,
1234 2190 1286 2228 qui
1308 2194 1394 2229 putat
1416 2187 1567 2219 sucerdam
1590 2188 1648 2219 alio
1670 2188 1790 2217 nomine
1813 2187 1872 2217 dici
1895 2186 2002 2225 opicer-

60 2236 139 2266 dam.
175 2236 248 2264 Nam
271 2233 410 2274 opicerda
432 2238 476 2263 est
497 2238 610 2263 stercus
633 2233 756 2262 ovillum
780 2239 814 2262 ut
835 2232 959 2262 succi-(Ia
982 2234 1115 2263 suillum.
1160 2234 1273 2262 Glonsa
1297 2230 1430 2263 Suenda
1451 2232 1564 2271 χοίρεια
1586 2228 1708 2269 κόπρος.
1743 2230 1816 2261 Vide
1832 2224 2002 2260 Muscerdfl-

59 2281 142 2315 Quae
165 2281 330 2316 sequuntur
351 2287 410 2305 non
433 2286 592 2316 assequor,
628 2286 724 2313 neque
751 2276 828 2305 unde
857 2277 948 2315 petita
977 2281 1053 2306 sunt.
1096 2275 1184 2306 Hunc
1209 2280 1325 2305 tantum
1354 2275 1445 2304 fuisse
1472 2283 1594 2302 sensum
1623 2277 1714 2312 puto:
1751 2272 1837 2303 homo
1865 2266 2002 2309 opicerda

58 2322 184 2352 omnium
213 2320 376 2356 hominum,
412 2330 484 2359 quos
511 2318 558 2348 sol
583 2319 614 2348 in
643 2317 787 2358 opicerdis
807 2319 929 2358 aspicit,
962 2318 1006 2347 ita
1029 2323 1063 2348 ut
1084 2317 1174 2348 homo
1197 2318 1351 2348 hominum
1372 2315 1510 2356 opicerda
1534 2316 1653 2347 dicatur
1675 2315 1779 2346 eodem
1801 2311 1904 2346 modo,
1941 2319 2000 2348 quo

58 2374 110 2393 nos
132 2363 282 2392 bominem
304 2359 419 2399 κόπρον
439 2364 496 2392 τοῦ
517 2364 606 2398 λαοῦ,
629 2366 745 2390 stercus
768 2360 888 2390 humaui
910 2361 1038 2397 generis,
1063 2361 1090 2389 la
1111 2361 1242 2392 halieurc
1263 2361 1304 2391 du
1328 2360 1443 2399 peuple‚
1487 2358 1578 2389 Dae.

222 2403 457 2434 Suburanam
486 2403 636 2434 tribum.
668 2403 727 2443 (Ad
751 2403 875 2443 p.243.)
905 2404 961 2434 Sed
991 2413 1044 2442 ego
1069 2403 1203 2434 Verrium
1223 2404 1371 2440 demiror,
1405 2401 1458 2440 qui
1481 2410 1542 2430 non
1565 2401 1708 2435 attendit,
1746 2397 1928 2427 Suburanam
1951 2394 1998 2423 vel
