2263 2668
535 153 600 187 DE
625 150 1011 189 SlGNlFchTIONE
1037 149 1323 187 VERBORUM.
1371 152 1519 188 LIBER
1544 154 1636 189 vm.
1984 160 2058 196 451

119 248 198 287 (pag.
213 249 293 285 121.)
316 246 348 275 in
370 244 599 276 Hostimentum.
643 246 686 275 De
712 246 869 285 peregrino
891 243 956 274 dixi
975 243 1016 272 sd
1037 243 1056 273 l.
1071 245 1099 274 1.
1123 242 1197 274 Cod.
1221 243 1258 273 de
1279 243 1380 275 hered.
1401 246 1496 276 instit.
1522 245 1628 276 Goth.
1673 245 1779 276 Hostis
1807 255 1963 287 cognatum
1992 263 2060 283 cum

119 289 247 339 Gothico
268 296 363 329 gasts,
396 288 514 317 Slavico
538 288 624 324 ἧοεκ,
649 289 830 318 Graecorum
853 287 948 324 ἑστία,
971 286 1188 315 Germanorum
1208 294 1286 326 gast.
1329 288 1374 318 Cf.
1397 289 1612 328 Wackernagel
1634 289 1665 317 in
1687 289 1770 318 Jahn.
1794 290 1932 324 Annam.
1956 295 2060 336 Suppl,

118 333 219 362 sasem-
239 335 267 365 1.
282 333 432 404 Ildaogst4i9a.
477 372 566 401 Ovid.
588 372 639 401 lib.
651 373 675 402 Ι.
698 373 775 402 Fast.
796 370 913 412 (336.):
944 369 1095 407 Victima,
1119 381 1194 410 quae
1215 369 1324 399 dextra
1346 371 1452 401 cecidit
1472 374 1607 410 victrice,
1629 380 1772 412 vocatur,-
1796 374 1940 406 Hostibus
1962 388 1981 406 a
2004 377 2061 409 do-

119 417 199 446 mitis
221 415 317 445 hostia
340 427 442 445 nomen
464 414 558 443 habet.
579 416 667 444 Ant.
689 415 782 454 Aug.
827 414 946 451 Corrige
969 412 1176 460 Glossarium:
1192 412 1303 441 Hostia
1325 416 1426 452 θῦμα,
1450 416 1577 454 ἱερεῖον,
1599 417 1711 453 θυσία,
1733 414 1845 456 τόμιον.
1874 419 1947 448 Nem
1969 422 2060 460 vulgo

119 460 231 496 &volas
252 455 366 499 τόμιαν,
389 456 485 487 scal,
530 457 573 486 Ab
597 458 718 496 antiquo
740 457 833 486 verbo
856 456 962 487 hostire
983 456 1083 485 ferire.
1119 455 1179 483 Alu
1201 455 1236 484 ab
1259 454 1404 485 hostibus.
1441 459 1529 490 Ovid.
1553 458 1643 497 (Fast.
1660 459 1689 496 Ι,
1712 460 1811 497 336-);

530 507 676 537 Hostibus
696 519 716 537 a
737 508 822 538 victis
843 507 939 537 hostia
960 517 1062 536 nomen
1086 504 1182 536 habet.

120 561 180 590 Sed
202 559 315 597 obstat,
353 560 435 598 quod
455 559 569 588 hostiae
591 559 679 587 etiam
702 569 752 587 eae
774 558 887 596 dietae,
924 566 998 596 quae
1022 555 1282 593 sacrificabantur,
1320 561 1477 596 antequam
1500 559 1531 586 in
1552 558 1652 587 hostes
1681 565 1847 598 pergerent.
1891 561 2003 592 Hostia
2023 563 2060 594 de

121 603 220 642 parvis
243 603 431 640 animalibus,
460 606 494 631 ut
516 601 637 639 ovibus,
660 601 848 638 volueribus3
877 600 996 630 victima
1018 599 1054 627 de
1077 599 1202 636 magnis,
1228 603 1259 627 ut
1283 600 1384 630 tauris.
1411 601 1502 630 Plaut.
1524 601 1661 630 Pseudol.
1685 602 1730 641 (I,
1754 604 1788 639 3,
1813 602 1897 641 95.):

531 651 612 681 Nolo
632 652 782 689 victimas,
804 652 921 691 agninis
941 648 1006 679 med
1022 650 1100 678 extis
1122 648 1223 688 (Legez
1253 661 1297 679 me
1319 649 1410 691 extis)
1429 650 1550 692 placari
1572 651 1649 681 volo.

121 703 207 731 Dac.
238 703 317 739 Quid
340 704 435 742 prima
458 702 556 732 hostia
579 708 608 732 et
630 703 776 742 prodigua
797 702 866 732 vide
887 701 964 731 infra
990 699 1111 741 Opimae
1133 705 1162 730 et
1183 699 1337 740 Prodigae.
1364 700 1467 730 Goth..
1502 701 1631 731 Hostire.
1669 702 1753 730 Adde
1774 702 1853 731 infra
1876 703 2059 734 Redhosrin.

121 745 250 774 Nonium
274 746 303 774 in
326 745 448 775 Hostire
470 744 568 786 (121.)
592 750 621 774 et
638 745 856 774 Hostimentum
880 745 921 783 (p.
933 746 964 776 3.
981 744 1045 781 BL).
1068 741 1179 772 Idem.
1210 742 1335 781 Hostia,
1358 743 1481 781 hostire,
1496 743 1610 785 fustis,
1635 743 1748 784 (Germ.
1770 745 1858 783 Fust,
1879 746 1982 785 Faust)
2006 748 2061 777 de-

122 788 269 817 scendunt
291 799 306 816 a
329 798 402 817 voce
415 787 527 830 ferire,
556 788 597 816 ita
620 793 654 817 ut
675 788 786 816 similes
808 787 968 817 habeamus
991 785 1205 816 demutationes
1227 786 1375 816 vocalium
1397 785 1590 823 radicalium‚
1619 792 1707 825 atque
1729 797 1816 826 saepe
1835 789 1894 818 iam
1919 789 2061 819 observa-

122 831 227 861 vimus.
272 831 312 860 Ut
335 831 412 860 enim
436 830 505 860 alibi
527 842 562 867 a,
585 842 614 867 e,
637 841 654 859 o
677 835 806 867 mutant,
835 830 877 859 sic
899 829 928 858 h.
948 830 966 861 l.
991 829 1144 858 demutant
1163 839 1194 865 e,
1224 839 1258 865 ο,
1286 840 1324 866 ιι;
1347 828 1444 869 fin-io,
1472 828 1586 864 hostia,
1607 829 1713 870 fustis.
1757 830 1801 859 Cs.
1826 831 1993 860 Doederlin.
2008 833 2059 870 111,

121 882 187 911 pag.
199 875 271 904 263.
316 873 360 902 Ex
382 872 551 902 Doederlini
574 873 714 902 sententia
736 871 797 902 huc
817 872 975 902 referenda
996 875 1067 900 sunt
1089 870 1175 900 etiam
1198 871 1288 899 verba
1310 870 1424 908 verber,
1453 876 1480 899 ct
1493 870 1608 912 ferula.

286 914 537 944 Hordiarium.
582 915 764 944 Hordeaiiae
794 916 880 944 etiam
910 914 1069 954 quadrigae
1098 912 1292 949 dicebantur,
1330 915 1399 951 quia
1431 913 1539 942 victori
1568 914 1701 951 agitatori
1730 913 1875 943 hordeum
1897 916 2060 954 praemium

122 956 257 986 dabatur.
301 960 445 986 Auctores
474 963 585 986 veteres
610 958 722 995 Virgilii
750 959 942 997 interpretes,
981 957 1031 995 qui
1060 961 1129 984 sunt
1158 956 1188 984 in
1212 954 1395 985 Bibliotheca
1418 956 1449 985 P.
1473 956 1609 984 Danielis.
1633 954 1735 984 Scal.
1780 957 1888 986 Romae
1916 958 2060 988 hordeum

122 999 270 1037 equitibus
293 1001 410 1038 publice
438 1000 578 1035 dabatur,
615 1010 673 1038 quo
702 1002 830 1029 iumenta
860 1010 912 1028 sua
941 1000 1070 1036 alerent,
1106 1009 1202 1037 neque
1232 999 1308 1027 enim
1337 1008 1428 1026 avena
1450 998 1617 1027 utebantur.
1661 999 1733 1026 Cum
1757 998 1847 1036 igitur
1870 1011 1925 1039 pro
1947 1000 2060 1033 hordeo

122 1052 170 1071 aes
192 1041 336 1079 dabatur,
368 1042 444 1071 illud
465 1042 648 1071 hor-diarium
671 1042 784 1071 dictum
808 1048 858 1073 est.
901 1042 955 1071 Da
965 1053 989 1071 c.
1147 1043 1151 1047 ”

286 1083 572 1115 Hostimentum.
617 1085 774 1125 Aequatio.
807 1086 877 1114 Nam
900 1084 1007 1114 hostire
1028 1094 1162 1123 aequare.
1196 1083 1289 1113 Plaut.
1314 1083 1394 1112 Asin.
1411 1083 1469 1119 Ill,
1494 1086 1525 1116 ὃ.
1550 1082 1591 1121 (Ι,
1614 1085 1648 1120 3,
1670 1081 1750 1122 20.):

613 1126 673 1156 Par
693 1128 761 1168 pari
783 1126 884 1156 datum
907 1126 1109 1156 hostimentum
1133 1133 1188 1162 est,
1213 1136 1301 1165 opera
1321 1137 1376 1165 pro
1396 1127 1530 1165 pecunia.

124 1167 199 1197 Vide
220 1166 403 1198 Redhostire.
428 1169 514 1199 Dae.
548 1169 633 1198 Adde
657 1180 746 1209 supra
769 1169 889 1199 Hostia.
926 1170 1055 1198 Nonium
1078 1171 1155 1208 (pag.
1168 1170 1198 1199 3.
1221 1169 1325 1206 Mero.)
1348 1168 1378 1196 in
1401 1167 1628 1198 Hostimentum.
1657 1168 1773 1197 Livium
1789 1167 1822 1198 V.
1848 1165 1954 1198 Goth.
1990 1168 2061 1200 Ho-

123 1211 286 1239 stimentum
308 1212 431 1250 propria
455 1222 490 1240 ac
512 1213 611 1241 nativa
633 1212 843 1250 significatione
865 1212 938 1240 nihil
962 1216 1006 1240 est
1027 1211 1083 1239 nisi
1104 1212 1136 1240 id
1160 1210 1240 1249 quod
1263 1210 1353 1239 alicui
1376 1210 1497 1247 feritur,
1528 1210 1557 1239 h.
1579 1221 1603 1240 e.
1627 1211 1755 1239 secando
1778 1209 1967 1248 attribuitur,
1998 1211 2060 1240 dis-

123 1253 280 1282 tribuendo
309 1259 434 1285 secatur.
481 1254 580 1289 Quare
609 1255 771 1290 tributum,
812 1255 1001 1289 attributum,
1037 1254 1213 1282 beneficium
1242 1253 1379 1292 denotat,
1416 1258 1444 1281 et
1473 1252 1580 1282 hostire
1608 1253 1777 1281 attribuere.
1821 1252 1882 1280 Nisi
1905 1253 1980 1282 forte
2001 1253 2061 1283 Ῐιο-

123 1296 192 1324 stire
218 1295 253 1324 ab
281 1295 377 1325 hostia
406 1296 524 1326 demum
554 1296 731 1334 deductum,
767 1297 805 1325 sit
832 1297 999 1335 generatim
1021 1296 1133 1325 dictum
1163 1305 1218 1336 pro
1247 1295 1367 1337 ffrre3
1405 1305 1498 1334 quare
1525 1295 1737 1325 hostimentum
1767 1305 1823 1333 pro
1853 1295 1931 1323 omni
1960 1295 2061 1326 oblato

123 1336 252 1367 dicatur.

286 1379 441 1420 Hortus.
482 1381 662 1410 Duriuscula
686 1381 807 1420 originis
830 1381 922 1419 ratio,
947 1391 1022 1420 quae
1041 1381 1065 1410 si
1088 1392 1156 1410 vera
1174 1386 1234 1418 est,
1260 1388 1340 1409 ortus
1362 1379 1549 1409 scribendum
1573 1384 1633 1418 est,
1656 1390 1714 1409 non
1732 1379 1839 1409 hortus.
1861 1379 1950 1410 Ant.
1966 1380 2060 1420 Aug.

123 1421 211 1461 Apud
233 1426 349 1452 veteres
372 1425 520 1452 Romanos
542 1425 664 1461 rustici,
695 1435 754 1453 non
777 1424 900 1461 urbani,
931 1425 1035 1453 milites
1057 1424 1245 1462 legebantur,
1277 1424 1326 1462 qui
1351 1433 1442 1463 quun]
1465 1423 1495 1452 in
1517 1422 1598 1452 villis
1621 1423 1785 1460 orirentur,
1808 1421 1827 1451 ii
1850 1428 1978 1451 ortorum
2000 1422 2064 1455 sine

123 1464 304 1504 aspiratione
334 1477 440 1495 nomen
464 1467 620 1496 dederunt.
664 1467 751 1496 Horti
774 1467 894 1506 quidem
919 1467 1007 1495 villae
1032 1477 1148 1505 semper
1173 1466 1271 1494 dictae
1295 1471 1379 1502 sunt,
1411 1471 1443 1494 ut
1465 1467 1495 1494 in
1518 1465 1585 1494 XII.
1603 1466 1663 1496 tab.
1701 1465 1776 1495 Plin.
1801 1474 1865 1503 cap.
1880 1464 1907 1496 4.
1930 1464 2062 1499 lib.19,;

124 1505 161 1535 1n
184 1505 336 1537 duodecim
360 1508 468 1538 tabulis
489 1508 584 1548 legum
606 1517 769 1538 nostrarum
793 1520 936 1550 nusquam
959 1510 1126 1538 nominatur
1147 1507 1238 1544 villa,
1274 1519 1383 1547 semper
1405 1509 1434 1536 in
1457 1508 1671 1547 significatione
1692 1518 1726 1537 ea
1751 1506 1900 1542 hortus,
1937 1507 1966 1535 in
1986 1506 2065 1539 horti

124 1559 192 1578 vero
213 1548 368 1582 heredium.
411 1552 469 1580 Sed
491 1551 571 1580 Festi
592 1557 711 1589 etymon
735 1551 821 1590 plane
843 1551 987 1588 ineptum.
1032 1549 1147 1579 Hortus
1170 1561 1185 1578 a
1212 1551 1326 1578 Graeco
1350 1548 1453 1592 ὄρχος,
1483 1549 1565 1590 quod
1588 1549 1715 1590 Hesych.
1737 1549 1949 1588 interpretatur
1971 1551 2066 1588 κῆπος

126 1591 146 1619 i.
169 1601 194 1620 e.
216 1590 332 1629 hortus,
362 1594 410 1621 vel
432 1593 531 1631 potius
554 1604 569 1621 a
591 1592 696 1632 χόρτος
717 1602 852 1630 gramen,
884 1591 993 1628 herba,
1024 1598 1112 1630 atque
1135 1592 1222 1620 etiam
1246 1596 1370 1629 septum.
1400 1591 1487 1622 Dac.
1531 1592 1614 1621 Adde
1638 1603 1712 1631 quae
1735 1592 1771 1620 de
1794 1590 1888 1619 hortis
1911 1590 2005 1619 dicam
2029 1591 2067 1620 ad

126 1633 219 1670 legem
247 1635 360 1672 penult.
384 1637 408 1672 §.
436 1635 551 1673 Virgini
581 1635 611 1663 in
643 1635 745 1664 hortos
774 1635 803 1662 ff.
833 1635 869 1662 de
898 1634 1107 1662 donationibus
1138 1635 1182 1662 vir
1212 1638 1240 1662 et
1267 1644 1355 1664 uxor.
1385 1631 1489 1662 Goth.
1535 1633 1650 1663 Hortus
1678 1639 1721 1663 est
1745 1635 1956 1661 Germanorum
1983 1632 2065 1671 Gan,

132 1672 232 1711 Θου-ἅ,
267 1677 345 1705 unde
367 1677 549 1706 Francorum
575 1676 699 1717 garder,
735 1681 763 1706 et
784 1677 926 1705 Italorum
951 1675 1101 1716 guardare
1123 1676 1316 1706 descendunt.
1360 1676 1414 1704 Est
1436 1675 1527 1714 igitur
1549 1675 1648 1705 hortus
1672 1687 1716 1716 pr.
1741 1675 1814 1704 nihil
1837 1675 1892 1704 nisi
1916 1676 1999 1704 locus
2021 1686 2066 1707 se-

128 1720 197 1754 ptus
219 1723 249 1747 et
271 1719 449 1750 custoditus.

291 1760 484 1793 Horetum.
530 1762 603 1799 Lege
624 1761 750 1791 lior-atem
774 1766 801 1789 et
821 1760 956 1801 for-ciem.
987 1761 1061 1789 Vide
1080 1771 1169 1799 supra
1189 1759 1311 1791 Forctis.
1335 1758 1437 1788 Scal.
1470 1760 1525 1788 Pro
1544 1758 1636 1799 fortis
1656 1765 1771 1788 veteres
1792 1759 1930 1788 dicebant
1949 1758 2082 1799 sorotis„

130 1808 158 1832 et
179 1802 199 1831 h
220 1813 276 1842 pro
295 1802 321 1843 f
335 1803 461 1841 horctis‚·
483 1804 551 1833 vide
570 1803 686 1844 foedus.
716 1803 831 1833 Forctis
852 1804 965 1838 bonus,
987 1803 1019 1832 id
1042 1809 1086 1832 est
1108 1803 1234 1832 validus.
1260 1804 1326 1840 Leg.
1340 1801 1405 1830 XII.
1423 1801 1498 1830 tab.:
1523 1801 1683 1831 Sanatibus
1706 1800 1797 1837 idem,
1821 1800 1901 1841 quod
1918 1801 2067 1842 forctibus

129 1846 175 1874 ius
195 1853 263 1875 esto.
308 1844 461 1876 Forctibus
484 1847 566 1876 bonis
590 1851 619 1875 et
642 1847 692 1885 qui
714 1856 775 1875 non
798 1845 966 1875 defecerant
989 1856 1004 1874 a
1029 1846 1141 1885 populo
1164 1847 1216 1875 Ro.
1263 1843 1440 1880 Sanatibus,
1480 1845 1530 1882 qui
1560 1845 1629 1874 oliui
1653 1843 1768 1879 hostes,
1802 1844 1851 1873 sed
1875 1853 1954 1872 nunc
1976 1843 2065 1872 cives.

131 1888 274 1924 Quamvis
297 1888 333 1917 de
356 1889 391 1917 iis
413 1889 529 1918 variant
551 1890 728 1925 sententiae,
758 1893 792 1917 ut
814 1889 890 1918 infra
912 1889 941 1916 in
963 1899 992 1918 v,
1016 1887 1147 1919 Sanates.
1171 1888 1259 1918 Dac.
1305 1887 1346 1916 Cf.
1371 1896 1445 1925 quae
1467 1897 1557 1925 supra
1578 1887 1710 1917 diximus
1735 1886 1770 1918 ad
1794 1896 1822 1917 v,
1843 1884 2012 1916 Forcus.
2038 1890 2042 1894 ¹

294 1929 554 1972 Hosticapaoe.
601 1932 761 1971 [inpensius
786 1931 881 1970 placet
903 1929 1111 1970 Hostirapax,
1142 1930 1266 1961 hostium
1290 1937 1399 1968 raptor.
1443 1929 1532 1959 Dac.

296 1972 613 2004 Hamotralzones.
659 1975 824 2003 Piscatores
847 1979 874 2002 et
898 1973 947 2011 qui
972 1983 1049 2001 unco
1073 1974 1157 2012 quasi
1180 1973 1266 2001 hamo
1291 1972 1436 2001 cadavera
1459 1971 1625 2001 trahebant.
1665 1971 1722 2001 Hic
1746 1975 1840 2001 autem
1864 1968 2066 1999 Romanorum

131 2016 243 2044 moreni
266 2015 392 2051 alludit,
422 2017 502 2056 apud
529 2027 603 2055 quos
626 2017 832 2046 damnatorum
856 2016 999 2045 cadavera
1023 2025 1100 2044 unco
1123 2016 1152 2045 in
1178 2015 1335 2045 Gemonias
1358 2015 1406 2044 vel
1427 2015 1457 2043 in
1480 2014 1536 2042 alia
1559 2014 1624 2043 loca
1646 2012 1850 2042 trahebantur.
1892 2009 1981 2040 Dac-

296 2056 439 2088 Horda.
483 2059 558 2089 Vide
579 2058 768 2088 Fordicidiis.
812 2059 845 2087 In
870 2058 961 2087 Fastis
977 2058 1042 2087 ΧΗ.
1066 2058 1125 2087 kal.
1146 2058 1213 2088 Mai.
1248 2056 1336 2087 Ford.
1359 2057 1505 2096 scriptum
1528 2061 1588 2091 est,
1626 2066 1686 2086 non
1708 2052 1807 2085 Hord.
1851 2053 1945 2084 Varro
1968 2058 2066 2082 tamen

132 2100 232 2128 1ib.11.
255 2110 278 2128 c.
292 2103 322 2132 5.
346 2101 381 2129 de
404 2111 435 2129 re
458 2107 529 2130 rust.
561 2100 742 2130 Hordicalia
764 2111 825 2130 esse
848 2102 877 2129 in
901 2101 996 2129 Fastis
1019 2100 1100 2131 dicit.
1123 2100 1211 2130 Ant.
1232 2100 1331 2139 Aug.
1372 2100 1467 2128 Locus
1491 2104 1549 2130 est:
1574 2097 1656 2136 Quae
1676 2094 1782 2127 sterilis
1803 2103 1844 2126 est
1867 2107 1958 2126 vacca
1981 2103 2067 2124 mura

132 2142 299 2182 appellata3
326 2154 399 2183 quae
418 2154 584 2182 praegnans
606 2142 710 2173 horda.
755 2143 799 2171 Ab
823 2154 856 2172 eo
880 2143 909 2170 in
933 2143 1026 2170 Fastis
1050 2142 1111 2170 dies
1135 2142 1307 2171 Hordicalia
1331 2143 1540 2176 nominantur,
1565 2139 1646 2180 quod
1669 2143 1741 2167 tunc
1764 2138 1876 2167 bordae
1900 2138 1991 2166 boves
2014 2138 2067 2166 im-

133 2185 291 2214 molantur.
335 2185 459 2221 Horda,
482 2184 631 2215 hordicidi
653 2196 707 2225 pro
730 2196 745 2213 a
760 2184 859 2224 forda
882 2190 910 2213 et
921 2184 1105 2225 for-dicitlia.
1144 2185 1240 2213 Forda
1265 2190 1362 2214 autem
1385 2195 1401 2212 a
1424 2184 1555 2214 ferendo.
1593 2181 1680 2210 Ovid.
1703 2181 1792 2222 (Fast.
1808 2181 1859 2219 lV,
1883 2182 1983 2218 630.):

667 2226 883 2269 Fo1·‹lafircns
906 2227 956 2255 bos
978 2234 1018 2255 est
1031 2226 1243 2268 foecundaque
1264 2225 1345 2256 dicta
1357 2225 1495 2267 ferendo.
1980 2262 1984 2267 ¹
2009 2261 2013 2265 ¹

133 2270 201 2299 sive
230 2269 329 2309 potius
352 2280 368 2298 a
392 2270 506 2300 Graeco
538 2267 635 2310 φοράς
663 2270 799 2308 gravida,
835 2281 850 2298 a
874 2269 966 2308 φέρω.
1013 2271 1036 2298 Α
1058 2269 1152 2299 sordis
1176 2269 1335 2300 caedendis
1358 2268 1513 2300 sordicidia
1536 2267 1614 2296 dicta
1635 2265 1701 2297 XV.
1717 2265 1827 2305 April„
1865 2274 1926 2303 quo
1950 2265 2064 2298 triginta

131 2312 272 2350 gravidae
295 2312 386 2343 boves
409 2313 520 2343 Telluri
543 2313 775 2342 immolabantur
797 2323 852 2350 pro
876 2322 999 2341 numero
1022 2312 1183 2342 curiarum.
1223 2312 1310 2341 Ovid.
1335 2312 1428 2347 (fast.
1441 2311 1498 2348 IV,
1521 2311 1593 2342 629.
1607 2310 1720 2347 seqq.):

667 2364 767 2392 Tertia
786 2371 851 2402 post
875 2362 995 2391 Veneris
1017 2375 1081 2392 cum
1105 2362 1164 2392 lux
1184 2364 1342 2392 surrexerit
1364 2361 1430 2391 idus

706 2404 860 2445 Pontifices
882 2404 975 2445 forda
998 2417 1084 2434 sacra
1107 2404 1189 2434 litate
1211 2405 1288 2435 bove.

1534 2454 1663 2487 Lll*
