2263 2668
241 120 291 154 3⁰

662 115 804 149 PAULI
829 116 952 151 DIAC.
981 118 1234 154 EXCERPTA
1260 121 1323 154 EX
1349 121 1437 154 LIB.
1465 122 1609 157 POMP.
1637 125 1774 159 FESTI

244 213 373 247 Boz'cus
400 221 481 255 ager
509 208 645 249 dicitur,
687 209 745 251 qui
771 209 834 242 fuit
859 210 1022 245 Boiorum
1047 213 1233 248 Gallorum.
1285 214 1315 246 Is
1342 219 1451 247 autem
1479 221 1527 249 est
1552 217 1584 250 in
1611 218 1726 252 Gallia
1752 219 1833 252 citra
1858 221 1980 265 Alpes,
2017 233 2104 267 quae
2128 227 2184 256 to-

344 267 423 308 gata
449 260 567 293 dicitur
578 256 597 291 ¹.

242 315 443 349 Barranzca
464 311 562 356 potio
587 310 777 354 appellatur
803 312 891 347 lacte
917 313 1078 349 mixtum²
1101 328 1184 361 sapa
1210 329 1229 349 a
1256 317 1331 350 rufo
1359 318 1490 359 colore,
1527 331 1628 363 quem
1655 318 1813 355 burrum³
1836 327 1964 357 vocant.

964 453 1268 496 LIBER
1343 455 1448 497 ΙΙΙ.

247 538 384 571 Corona
411 545 514 577 quum
544 533 692 566 videatur
719 546 737 567 a
765 535 871 569 choro
900 537 985 578 dici,
1030 545 1120 573 caret
1151 545 1260 573 tamen
1293 541 1500 585 aspiratione.

340 582 528 619 honorent⁵
556 596 631 627 eos,
669 586 787 629 quibus
815 588 1037 632 imponuntur.

244 634 433 674 Coturnixss
460 633 672 680 appellatur-'¹
693 649 712 670 a
739 649 820 671 sono
847 640 945 674 vocis.

1567 543 1644 576 Sive
1677 554 1821 578 coronae
1855 545 2007 580 dicuntur
2067 549 2181 592 quodi

244 691 385 725 Cornua
410 689 523 722 Liberi
552 688 652 732 patris
677 689 853 724 simulacro
881 692 1096 733 adiiciuntur,
1141 704 1240 735 quein
1267 694 1472 727 inventorem
1499 695 1565 728 vini
1591 695 1720 739 dicunt,
1763 709 1803 731 eo
1830 699 1924 742 quod
1951 700 2103 734 homines
2129 702 2179 734 ni—

342 742 408 774 mio
435 740 510 772 vino
538 745 646 773 truces
674 739 786 774 fiuntfl.

243 794 362 838 Coi-go
389 791 480 836 apud
509 791 658 834 antiquos
685 804 747 836 pro
776 794 952 835 adverbio,
980 795 1073 838 quod
1099 795 1253 838 profecto
1265 791 1287 835 ⁰,
1315 797 1510 840 ponebatur.

245 844 408 879 Coi-bitae
441 843 594 876 dicuntur
626 855 724 876 naves
751 846 936 887 onerariae,
988 846 1079 889 quod
1107 847 1139 878 in
1168 847 1256 879 malo
1285 859 1397 881 earum
1424 860 1553 882 summo
1580 861 1644 894 pro
1671 851 1767 896 signo
1794 852 1914 885 corbes
1941 853 2085 886 solerent
2109 864 2179 888 sus-

339 895 452 939 pendi.

242 948 396 982 Colarna
408 943 432 963 ¹⁰
454 945 585 978 hastilia
612 957 652 977 ex
680 957 783 979 corno
811 949 930 981 arbore
957 946 1089 981 facian.

241 994 445 1033 ΕὀῙΙιοηως12
469 997 681 1041 appellantur
709 1006 822 1042 portus
850 999 881 1031 in
909 1001 991 1032 inari
1018 1000 1186 1032 interiores

1248 1006 1317 1032 arte
1345 1006 1377 1033 et
1404 1013 1501 1034 mauu
1529 1001 1617 1034 facti.

243 1050 397 1085 Collatia
423 1049 586 1093 oppidum
614 1049 676 1081 fuit
702 1061 810 1093 prope
833 1051 996 1091 Romam,
1040 1063 1079 1084 eo
1100 1050 1258 1094 quodibi
1285 1064 1366 1096 opes
1393 1053 1530 1086 aliarum
1558 1054 1725 1087 civitatum
1752 1052 1907 1089 fuerint¹⁴
1934 1054 2119 1098 collatae¹⁵,
2160 1070 2177 1090 a

337 1112 404 1144 qua
430 1104 527 1144 porta
553 1100 684 1132 Romae
695 1097 718 1117 ¹⁰
745 1101 909 1135 Collatino
937 1103 1025 1137 dicta
1052 1108 1108 1136 est.

240 1148 460 1186 Collucare¹⁷
483 1151 653 1191 dicebant,
695 1164 797 1195 quum
824 1154 986 1198 profanae
1013 1155 1113 1187 silvae
1138 1155 1221 1186 rami
1248 1154 1479 1188 deciderentur
1506 1156 1689 1190 officientes
1716 1156 1839 1190 lumini.

242 1199 487 1238 Collativumffl
509 1203 704 1236 sacrificium
733 1204 868 1247 dicitur,
909 1206 1001 1248 quod
1029 1218 1067 1238 ex
1095 1202 1306 1239 collatione19
1329 1206 1478 1242 offertur.

239 1251 452 1300 Colophon²⁰
475 1254 641 1295 dixerunt,
685 1267 788 1298 quum
816 1257 941 1300 aliquid
969 1258 1095 1289 finitum
1120 1257 1369 1301 significaretur.

239 1306 457 1340 concinnare
485 1310 532 1338 est
559 1311 637 1350 apte
665 1318 876 1350 componere.

931 1308 1115 1342 Concinere
1143 1310 1229 1341 enim
1257 1309 1432 1341 convenire
1460 1305 1549 1341 estffl.

239 1357 430 1392 Concilium
458 1357 577 1391 dicitur
605 1369 623 1389 a
650 1360 769 1402 populi
797 1370 972 1399 consensu3
1015 1362 1080 1393 sive
1108 1361 1286 1393 concilium
1314 1361 1435 1394 dicitur
1462 1372 1480 1392 a
1508 1360 1716 1394 concalando
1728 1358 1763 1402 ²²,
1802 1361 1835 1393 id
1859 1367 1905 1394 est
1928 1358 2124 1395 vocando²³.

238 1407 516 1443 conciliabulum
542 1408 650 1450 locus,
692 1411 750 1443 ubi
775 1408 842 1443 ἱιιἩ
865 1412 1043 1445 concilium
1070 1412 1270 1445 convenitur.

238 1459 364 1495 concio
374 1456 399 1477 ²5
421 1460 584 1505 significat
609 1468 826 1502 conventum,
865 1474 929 1495 non
951 1469 1060 1495 tamen
1083 1464 1200 1504 alium,
1243 1475 1342 1506 quam
1371 1474 1463 1503 eum.
1506 1463 1563 1506 qui
1591 1460 1645 1495 21²⁶
1667 1464 1861 1508 magistratu
1888 1464 1941 1496 vel
1965 1474 1984 1496 a
2004 1463 2176 1497 sacerdote

335 1511 474 1556 publico
501 1523 562 1556 per
587 1523 789 1556 praeconem
816 1520 1027 1547 convocatur.

239 1563 510 1597 Contubernalcs
538 1563 690 1598 dicuntur
717 1578 735 1597 a
762 1566 923 1604 tabernis,
967 1578 1052 1609 quae
1078 1566 1203 1599 fiebant
1230 1576 1269 1598 ex
1297 1565 1424 1598 tabulis.

335 1615 415 1649 licet
438 1626 477 1647 ex
503 1615 649 1648 tentoriis
675 1617 820 1661 pellibus
831 1614 856 1634 ²⁹
877 1618 966 1650 fiant.

321 1749 350 1786 1)
367 1747 493 1786 dicitur]
510 1751 541 1776 m
556 1751 666 1787 quibus
683 1758 753 1778 sunt
768 1751 1008 1780 stkcliolanenses
1024 1751 1091 1780 add.
1108 1751 1137 1780 L.
1148 1751 1185 1779 M.

239 1790 293 1818 Gu.
309 1793 335 1821 1.
353 1801 398 1829 pr.
411 1793 438 1819 S.
454 1792 520 1821 Dae.
543 1807 585 1814 ——·
608 1793 637 1831 2)
660 1794 737 1821 lacte
751 1794 896 1832 mixtum]
921 1794 969 1822 Sic
984 1793 1020 1822 M.
1039 1795 1095 1824 Gu.
1113 1797 1139 1824 1.
1156 1797 1185 1826 2.

240 1841 283 1868 pr.
325 1832 400 1860 lacte
425 1835 547 1862 misnam
571 1835 600 1863 L.
620 1836 652 1867 B.
698 1837 745 1864 lac
771 1839 962 1865 commis-lam.
985 1837 1065 1874 vulg.
1110 1836 1187 1864 lacte

241 1875 428 1902 commixtum
447 1877 474 1904 S.
498 1893 538 1898 —
559 1877 587 1915 3)
612 1878 751 1919 burrum]
770 1880 818 1908 Sic
832 1881 863 1908 B.
883 1880 920 1908 M.
937 1880 992 1910 Gu.
1008 1883 1033 1910 l.
1049 1881 1076 1909 S.
1113 1879 1187 1907 hm·-

241 1914 327 1941 rhum
342 1917 420 1953 vulg.
446 1934 480 1938 —
504 1917 532 1958 4)
557 1920 649 1960 quod]
667 1932 726 1959 quo
742 1923 780 1950 M.
799 1923 855 1950 Gu.
870 1924 898 1954 2.
921 1938 963 1944 ——-
985 1921 1013 1961 5)
1030 1921 1186 1960 honorent]

241 1956 418 1984 colzonorent
434 1959 463 1986 Β.
480 1961 507 1988 S.
531 1977 569 1983 —-
593 1962 621 2002 6)
648 1964 805 2003 Colurnis]
831 1966 974 1993 Color-nix
987 1965 1025 1993 M.
1040 1966 1096 1993 Gu.
1107 1967 1133 1995 1.
1145 1980 1187 1986 —

239 1996 271 2034 7)
294 1999 483 2038 appellatur]
506 2011 632 2033 vocatur
647 2007 678 2036 L.
706 2023 740 2028 —-—
767 2007 794 2046 ὃ)
809 2008 910 2046 siunt]
934 2008 981 2035 Sic
994 2008 1025 2035 B.
1042 2008 1097 2035 Gu.
1115 2010 1142 2038 1.
1158 2010 1186 2038 2.

241 2050 286 2080 pl'·
303 2042 331 2069 3·
366 2040 449 2078 fiant
466 2043 543 2080 vulg-
563 2062 595 2067 —
618 2049 648 2084 9)
671 2049 753 2086 quod
764 2050 863 2088 prtyl]
887 2051 935 2078 Sic
954 2051 1008 2078 Gu.
1025 2053 1053 2082 2.
1096 2049 1185 2078 inter-

240 2087 361 2122 ponitur
377 2084 466 2130 Vll-¹53⁰
482 2090 531 2112 ‘St-
554 2102 594 2107 -
619 2089 659 2127 10)
687 2092 829 2128 Columba]
857 2093 1005 2120 Calarnea
1019 2093 1050 2120 B.
1072 2108 1114 2113 —-
1141 2096 1183 2125 11)

236 2124 337 2164 facta]
352 2131 456 2163 potius
473 2137 565 2163 qnam
581 2139 611 2155 ex
626 2134 723 2167 corylo
742 2136 824 2173 vulg.
844 2135 979 2171 additur,
1004 2134 1084 2173 quod
1102 2143 1186 2172 prae-

239 2172 284 2196 ter
299 2167 331 2198 Β.
353 2168 383 2196 in
407 2177 466 2206 quo
486 2172 529 2196 est
542 2173 640 2207 magi-s·
657 2184 688 2200 ex
704 2178 796 2204 corilo
810 2184 903 2214 pulo,
935 2188 1036 2206 onmes
1053 2177 1140 2205 codd.
1157 2181 1186 2205 et

241 2209 325 2239 editt.
347 2210 441 2249 prino.
465 2210 540 2238 Scal.
556 2211 698 2249 ignorant.
722 2232 759 2237 ——
786 2222 826 2255 12)
853 2220 1015 2255 Collwnffi]
1038 2221 1084 2249 Sic
1100 2221 1132 2248 B,
1148 2219 1185 2247 M.

241 2252 296 2281 Gu.
315 2254 343 2284 2.
391 2252 515 2281 Gotones
536 2254 616 2292 vulg.
661 2256 724 2283 Om-
748 2263 843 2287 totum
871 2263 1026 2290 articulum
1056 2263 1132 2290 Scal.
1157 2267 1185 2290 et

1488 1563 1589 1598 Unde
1616 1562 1682 1598 et²⁷
1705 1566 1917 1600 tabernacula
1944 1570 2016 1599 sunt
2043 1565 2132 1599 dicta
2143 1562 2176 1607 ²⁶,

1229 1751 1387 1778 conlucare
1410 1750 1448 1780 M.
1473 1749 1529 1779 Gu.
1549 1751 1586 1782 23
1601 1761 1648 1789 pr.
1670 1752 1696 1780 S.
1744 1750 1909 1779 collucrare
1925 1750 1958 1778 B.
2003 1750 2179 1778 conculcare

1229 1793 1309 1831 vulg.
1335 1809 1369 1813 —
1399 1796 1441 1828 18)
1460 1791 1657 1829 Collatinum]
1677 1792 1831 1823 Collatum
1845 1793 1875 1821 L.
1894 1793 1949 1821 Gu.
1962 1795 1988 1824 1.
2000 1808 2041 1814 ——
2057 1795 2100 1827 19)
2119 1793 2178 1820 col-

1229 1834 1354 1874 latione]
1374 1834 1422 1863 Sic
1438 1836 1494 1866 Gu.
1506 1838 1532 1866 1.
1576 1837 1687 1866 conlat.
1702 1837 1782 1875 vulg.
1804 1851 1845 1857 —-
1866 1838 1914 1870 20)
1940 1834 2105 1874 Colophon]
2124 1835 2177 1864 Co-

1229 1879 1314 1915 lofon
1328 1878 1359 1905 B.
1382 1895 1420 1898 »-
1443 1881 1488 1913 21)
1516 1876 1673 1907 Com-inere
1687 1881 1766 1907 enim,
1781 1879 1935 1906 convenire
1949 1880 2002 1913 est]
2026 1888 2082 1908 om.
2096 1877 2126 1906 L.
2136 1893 2177 1899 -

1229 1924 1273 1957 22)
1293 1919 1491 1956 concammio]
1509 1921 1557 1948 Sic
1570 1921 1601 1949 B.
1617 1921 1655 1950 M.
1672 1922 1727 1953 Gu.
1747 1925 1772 1953 1.
1787 1925 1817 1954 2.
1834 1921 1861 1949 S.
1902 1919 2083 1948 concalemlo
2097 1920 2175 1958 vulg.

1229 1980 1270 1986 --
1286 1962 1331 1999 23)
1351 1962 1386 1990 id
1400 1968 1441 1990 est
1457 1963 1604 2002 vocando]
1623 1975 1679 1994 om.
1693 1965 1726 1993 B.
1757 1981 1789 1985 -
1816 1963 1863 2001 24)
1881 1964 1912 1991 in
1928 1961 2099 2001 concillum]
2116 1972 2174 1990 om.

1230 2007 1262 2034 Β.
1295 2007 1327 2033 in
1342 2016 1399 2034 om.
1414 2006 1443 2035 L.
1461 2005 1498 2033 M.
1517 2006 1572 2035 Gu.
1584 2010 1609 2037 1.
1625 2009 1655 2038 2.
1698 2007 1878 2046 Absorptum
1893 2011 1936 2034 est
1953 2005 2090 2034 nimirum
2104 2014 2175 2043 pro—

1229 2054 1296 2087 pter
1312 2048 1518 2086 compendium
1536 2049 1571 2076 ab
1587 2050 1717 2078 anteced.
1733 2050 1794 2086 ulai,
1819 2058 1910 2087 quum
1924 2047 1981 2077 hoc
1996 2046 2084 2077 modo
2099 2045 2175 2075 scri—

1229 2096 1311 2130 ptum
1332 2095 1422 2120 esset:
1456 2091 1508 2118 ubl?
1527 2094 1541 2118 ἴ
1565 2102 1644 2120 conc.
1667 2092 1850 2131 Praepositio
1876 2091 1976 2119 abesse
1995 2089 2107 2128 nequit.
2133 2105 2174 2109 —-

1228 2133 1275 2172 25)
1302 2133 1428 2172 Corneio]
1455 2133 1562 2161 Contio
1583 2135 1615 2162 Β.
1637 2135 1674 2163 Μ.
1698 2136 1753 2163 Gu.
1771 2138 1799 2167 2.
1849 2134 1983 2163 Concitio
2005 2133 2060 2162 Gu.
2081 2133 2109 2163 1.
2132 2145 2174 2153 -··

1228 2177 1276 2214 26)
1300 2176 1336 2214 α]
1360 2187 1417 2205 om.
1431 2176 1469 2204 M.
1488 2176 1544 2206 Gu.
1560 2179 1589 2208 2.
1612 2193 1653 2198 —-
1674 2180 1718 2211 27)
1743 2176 1786 2215 ει]
1811 2187 1859 2206 om
1875 2176 1904 2205 L.
1918 2176 1951 2205 B.
1972 2191 2015 2197 —
2036 2176 2081 2212 28)
2102 2177 2173 2201 sunt

1229 2217 1328 2257 dc'cta]
1353 2218 1436 2246 (licta
1455 2224 1536 2248 sunt.
1551 2218 1589 2247 M.
1611 2236 1652 2240 —
1674 2223 1721 2255 29)
1744 2231 1776 2247 ex
1799 2220 1935 2247 tentorii-s·
1951 2215 2102 2257 pellibus]
2125 2214 2170 2242 Sic

1228 2261 1336 2300 scripsi
1351 2272 1366 2290 e
1383 2261 1566 2297 coniectura,
1597 2272 1688 2299 quum
1709 2263 1799 2300 vulgo
1824 2262 1939 2299 legatur
1954 2270 1986 2288 ex
2001 2257 2133 2287 tentoriis
2144 2261 2170 2283 et

241 2295 310 2323 Dae.
332 2309 374 2317 -—
398 2297 441 2330 13)
458 2296 623 2335 interiores]
639 2298 776 2325 interiore
791 2300 827 2329 M,
845 2318 882 2323 —
905 2305 947 2337 14)
961 2306 1095 2340 fiam-int]
1113 2306 1184 2341 fue·
1222 2304 1372 2341 ΡοΗίὸιι-ς,
1402 2314 1457 2342 pro
1475 2314 1534 2342 quo
1549 2304 1583 2334 L.
1598 2304 1636 2333 M.
1653 2305 1708 2334 Gu.
1725 2307 1752 2336 1.
1765 2308 1793 2337 2.
1809 2305 1837 2334 S.
1859 2303 1968 2332 habent
1987 2311 2020 2328 ex
2035 2298 2170 2328 tentoriis

239 2344 309 2365 runt
324 2334 355 2366 Β.
371 2347 415 2377 pr.
440 2352 475 2359 -·—
501 2340 532 2366 15
571 2340 711 2378 collatae]
728 2342 864 2369 collectae
878 2344 909 2370 B.
934 2360 972 2366 —
998 2347 1042 2382 16)
1060 2348 1183 2382 Romae]
1227 2352 1252 2373 et
1269 2346 1453 2384 expellllms.
1482 2347 1648 2385 Utrumque
1661 2348 1768 2375 salsum
1782 2356 1844 2376 esse
1860 2342 2063 2380 viditScalig·‚
2085 2340 2168 2368 essius

241 2389 296 2408 om.
311 2379 343 2408 L.
389 2382 505 2408 ratione
550 2391 578 2410 u.
595 2385 620 2412 1.
643 2399 683 2403 —
707 2384 751 2419 17)
779 2382 947 2422 Callae-are]
971 2386 1019 2413 Sic
1037 2388 1065 2415 L.
1083 2390 1138 2416 Gu.
1158 2392 1183 2419 1.

1227 2395 1327 2417 notam
1354 2388 1428 2420 vide.
1481 2389 1553 2417 Vult
1575 2389 1651 2417 enim
1674 2389 1778 2417 Festus
1801 2388 1898 2416 dicere
1919 2385 2053 2414 tabernas
2076 2382 2168 2411 factas
