2263 2668
272 161 320 195 76

503 252 580 300 Quo
597 250 706 297 sugis
735 244 909 281 Aenea¹?

276 312 324 340 et:

504 354 585 400 Qua
610 350 737 385 victrix
761 349 856 383 redit
881 348 983 389 illa23

278 412 325 440 et:

499 454 582 487 Huc
608 453 674 486 iter
698 452 859 496 Elysium
885 449 1008 485 nobis³.

790 152 934 188 PROBI
961 154 1273 192 INSTITUTION
1276 156 1309 192 U
1310 157 1351 191 M
1378 158 1819 197 GRAMMATICARUM

277 510 361 542 Item
389 507 546 540 adverbia
572 505 707 544 localia,
735 516 820 548 quac
846 505 906 537 sub
933 503 1079 548 imagine
1105 505 1276 539 nominum
1302 505 1420 550 latent,
1449 521 1527 543 cum
1554 511 1743 555 inciderint,
1780 512 1822 546 ad
1851 513 2011 546 rationem
2037 510 2209 544 nominum

277 561 471 593 referuntur.
517 558 602 590 Item
628 556 776 589 Emiuus
802 560 834 589 et
864 552 1081 590 θοηιηιίηιιε4
1109 556 1243 602 dactylo
1272 564 1433 603 constant,
1461 567 1512 595 ut:

501 609 609 642 Illum
635 603 806 648 enzinus⁵3

279 668 329 696 et:

507 710 629 743 Totum
655 709 711 743 cui
737 710 925 743 comminus
951 705 1096 744 ensem‘f.

279 763 410 798 Procul
439 762 630 795 adverbium
657 761 853 806 pyrrhichio
881 766 1024 803 constat,
1050 766 1102 793 ut:

505 814 572 846 Ant
593 813 722 858 procul
748 813 827 845 hinc
852 824 940 846 saro
950 810 971 846 ⁷.

281 866 403 911 Nuper
430 865 625 898 adverbium
653 865 811 907 temporis
837 870 870 897 et
894 865 1017 897 Donec
1042 860 1262 908 pyrrhichi0⁸
1288 868 1458 909 constant,
1486 871 1521 900 ut
1549 867 1725 901 Horatius:

502 916 628 961 Nuper
657 916 841 949 sollicitum
867 927 956 961 quae
983 915 1067 948 mihi
1094 911 1290 954 taedium⁰3

281 974 325 1001 et:

501 1018 624 1052 Donec
649 1022 687 1051 ut
713 1018 852 1051 aestivis
878 1016 1010 1066 effizsus
1035 1016 1182 1050 nubibus
1208 1015 1366 1053 imber-¹⁰.

440 1069 475 1102 4.
527 1070 695 1103 Adverbia
721 1071 866 1112 numeri,
899 1081 986 1114 quae
1013 1069 1043 1111 l,
1069 1069 1124 1102 vel
1149 1079 1187 1111 r,
1220 1070 1273 1102 vel
1298 1081 1331 1112 s,
1358 1070 1475 1104 litteris
1501 1071 1732 1115 terminantur,
1766 1072 1884 1105 breves
1910 1070 2054 1115 syllabas
2081 1068 2212 1103 ultimas

279 1121 456 1166 recipiunt,
483 1125 520 1154 ut
546 1121 579 1154 in
604 1121 759 1155 Lucano:

956 1170 1074 1205 Semel
1101 1171 1218 1206 omnia
1242 1171 1353 1206 victor

506 1222 651 1256 Iusserit
662 1219 704 1263 ¹¹,-

282 1278 329 1306 et:

502 1323 646 1357 ,Moenia
672 1322 943 1365 Dardanidum,
971 1327 1097 1368 quater
1123 1324 1198 1369 ipso
1225 1325 1260 1357 in
1287 1325 1404 1358 limine
1425 1321 1599 1370 portaeff.

280 1375 318 1407 In
352 1375 537 1419 dissyllabis
569 1381 679 1408 autem
707 1376 805 1408 etiam
832 1375 959 1419 primae
980 1375 1128 1418 syllabae
1154 1377 1272 1410 breves
1300 1381 1384 1410 sunt.

281 1427 454 1469 finiuntur,
480 1427 609 1460 ultimas
636 1427 778 1470 syllabas
804 1427 923 1471 longas
949 1426 1094 1468 habent,
1122 1433 1174 1460 ut:

505 1478 657 1511 Noviens
684 1473 815 1521 Styxm.

283 1528 417 1562 Constat
442 1534 553 1563 autem
584 1534 773 1573 anapaesto.

505 1580 672 1615 Sublimis
699 1580 852 1621 (mimas,
879 1580 1070 1624 iterumque
1097 1580 1148 1612 ad
1174 1584 1316 1613 tartara
1349 1608 1357 1616 .

918 1631 1043 1664 Denuo
1070 1636 1197 1664 constat
1223 1633 1358 1667 cretico.

445 1630 479 1663 5.
532 1632 701 1664 Advcrbia
728 1631 867 1663 ordinis:

505 1683 646 1715 Deinde
670 1683 756 1715 salis
769 1681 925 1728 fluvium
950 1679 1124 1719 inducitffi.

286 1728 422 1764 Rursus
447 1738 573 1765 constat
598 1733 778 1773 trochaeo,
806 1738 857 1766 ut:

507 1784 647 1817 Rursus
674 1784 879 1817 abundabat
887 1781 921 1816 ¹⁷.

443 1833 614 1867 Adverbia
639 1836 800 1880 negandi:
850 1835 930 1868 Non
957 1839 988 1867 et
1017 1831 1147 1868 Ηιιιιί18
1172 1835 1281 1881 longis
1308 1835 1442 1879 syllabis
1470 1840 1638 1878 constant,
1669 1841 1718 1869 ut:

501 1886 580 1919 Non
607 1898 674 1931 ego
701 1882 1014 1930 ‚fllfflvnidommzffl

288 1936 334 1964 et:

372 1998 398 2039 1)
422 2000 501 2039 Virg.
525 2002 595 2033 Aen.
618 2004 656 2040 X,
679 2004 748 2035 649,
763 2020 805 2026 --
847 2004 878 2042 2)
895 2003 974 2038 Virss.
997 2001 1068 2031 Aen.
1089 2003 1140 2039 XI,
1157 2003 1228 2035 764.

291 2057 328 2062 —
351 2041 379 2081 3)
405 2043 576 2081 Vi1·g.Ae11.
605 2045 660 2082 Vl,
685 2047 754 2078 542.
786 2062 826 2067 —
878 2048 905 2084 4)
938 2044 1119 2074 Comminus
1149 2052 1229 2074 recte

289 2084 360 2112 Cod.
407 2084 557 2116 Cominus
585 2087 652 2116 Asc.
674 2089 704 2118 P.
726 2104 768 2109 -—
810 2088 838 2127 5)
863 2089 942 2126 Virg.
973 2087 1044 2115 Aen.
1066 2087 1137 2123 XII,
1159 2089 1230 2120 343.

288 2126 363 2155 Add.
386 2128 415 2155 1¹.
438 2130 546 2157 eminus
568 2129 683 2163 ambos,
710 2130 790 2168 quod
817 2141 877 2159 non
901 2135 944 2158 est
966 2130 998 2157 in
1019 2129 1089 2156 cod.
1115 2134 1143 2157 ct
1164 2131 1229 2159 Asc.

287 2185 328 2190 ——-
350 2166 379 2208 6)
403 2169 482 2208 Virg.
504 2172 575 2200 Aen.
599 2172 648 2207 IX,
671 2172 742 2203 347.
790 2171 965 2202 Comminus
991 2171 1062 2199 Cod.
1087 2173 1230 2201 cominus

289 2211 357 2239 Asc.
383 2212 409 2239 P.
432 2229 474 2234 ——-
523 2215 550 2245 7)
582 2214 693 2241 Locum
722 2214 804 2241 hunc
833 2215 968 2243 invenire
991 2224 1051 2241 non
1074 2213 1168 2250 potui.
1192 2231 1229 2236 -

288 2256 315 2288 8)
338 2253 506 2290 Pyr-rlziclzio
530 2255 559 2283 P.
586 2255 739 2293 pyri-Iziclzo
763 2256 832 2285 Cod.
866 2256 1000 2285 trochaeo
1030 2256 1095 2284 Asc.
1140 2255 1231 2285 Erra-

287 2295 331 2323 vit
352 2295 433 2324 haud
455 2297 541 2325 dubie
564 2297 787 2327 Grammaticus.
831 2299 864 2326 In
884 2299 955 2326 cod.
979 2298 1120 2326 scribitur·
1142 2298 1231 2327 otiam

286 2335 425 2367 donlzaec.
450 2355 492 2361 —
543 2340 570 2375 9)
595 2339 696 2367 Horat.
718 2340 775 2371 O(³
796 2340 822 2376 l,
855 2342 902 2377 14,
928 2343 974 2371 17.
996 2355 1039 2362 —-
1083 2342 1128 2375 10)
1151 2340 1230 2378 Virg.

287 2380 390 2418 Georg.
414 2380 468 2418 IV,
495 2382 566 2412 312.
618 2382 704 2410 Cod.:
728 2380 858 2411 clonlzaec
880 2390 909 2410 ui
931 2381 1075 2411 lmesiivis.
1102 2395 1138 2403 -·
1184 2383 1229 2420 11)

285 2422 355 2451 Luc.
381 2422 479 2452 thirs.
502 2423 545 2460 11,
578 2425 649 2456 143,

700 2424 808 2453 Editur
837 2425 959 2453 iusserat
988 2424 1068 2463 apud
1096 2424 1166 2452 Luc.
1188 2441 1229 2446 —

1437 1378 1500 1410 llla
1527 1382 1656 1420 autem,
1691 1388 1777 1420 quae
1805 1387 1879 1419 eus,
1913 1376 1968 1409 vel
1995 1386 2049 1417 es,
2076 1373 2211 1419 syllabis

824 1528 959 1561 Iterum
985 1528 1180 1561 adverbium
1206 1530 1333 1562 numeri
1360 1529 1463 1564 tribus
1488 1531 1644 1564 brevibus
1671 1534 1816 1571 constat,
1843 1534 1897 1563 ut:

1325 1577 1347 1598 u

1411 1633 1552 1666 Deinde
1578 1637 1705 1666 constat
1729 1627 2017 1677 palinbacchio¹⁵,
2046 1632 2097 1662 ut:

2080 1829 2212 1877 [1421]

1272 2000 1317 2043 12)
1338 2003 1416 2041 Vir-g.
1435 2003 1505 2033 Aen.
1522 2003 1557 2039 Π,
1581 2003 1651 2035 242.
1673 2018 1715 2024 -
1760 2005 1805 2038 13)
1827 2001 1906 2039 Virg.
1929 2001 2034 2040 Georg.
2061 2000 2117 2037 IV,
2144 2001 2213 2032 480.

1271 2046 1343 2075 Aen.
1357 2047 1405 2082 Vl,
1423 2046 1494 2077 439.
1539 2046 1611 2075 Cod.
1636 2044 1762 2074 nobis-ns.
1792 2045 1858 2073 Asc.
1874 2049 1903 2072 et
1918 2044 1950 2073 P.
1974 2044 2080 2072 novies.
2104 2059 2145 2065 —-
2168 2042 2212 2079 14)

1273 2087 1414 2117 Sublimis
1442 2088 1512 2116 Cod.
1539 2089 1605 2118 Asc.
1628 2086 1775 2116 sublimeis
1799 2088 1826 2117 P.
1852 2087 1947 2114 Locus
1971 2091 2014 2114 est
2041 2086 2118 2123 Virg.
2142 2085 2214 2114 Aen.

1273 2131 1321 2167 vl,
1345 2134 1414 2162 720.
1437 2131 1488 2159 ubi
1511 2131 1617 2167 legitur
1638 2131 1675 2158 in
1698 2128 1786 2158 tarda
1813 2129 1913 2157 reverti
1939 2127 2080 2166 Cot-pora.
2102 2143 2144 2148 —
2168 2127 2213 2164 15)

1274 2173 1344 2201 Cod.
1365 2171 1607 2212 palimbacchio,
1637 2177 1670 2200 ut
1692 2182 1820 2210 semper3
1849 2169 2068 2210 palimbacchio
2092 2169 2158 2198 Asc.
2180 2169 2214 2198 P.

1276 2232 1311 2236 —
1338 2216 1380 2253 16)
1408 2215 1488 2253 Virg.
1512 2216 1618 2253 Georg.
1641 2215 1667 2250 Ι,
1693 2217 1761 2245 106.
1786 2231 1821 2235 —
1870 2213 1915 2250 17)
1939 2213 2018 2250 Virg.
2043 2212 2146 2249 Georg.
2162 2211 2213 2247 Ill,

1273 2257 1344 2288 484.
1367 2273 1408 2278 ·—-
1452 2256 1496 2296 18)
1528 2256 1618 2285 IIaut
1645 2257 1750 2295 scripsi
1774 2267 1788 2284 e
1812 2255 1882 2283 cod.
1910 2253 1989 2283 haud
2022 2254 2086 2283 Asc.
2118 2255 2146 2283 P.
2173 2270 2215 2275 —

1275 2299 1320 2336 19)
1344 2299 1423 2337 Virg.
1448 2300 1518 2327 Aen.
1542 2299 1578 2335 11,
1602 2300 1672 2331 785.
1692 2316 1730 2320 --
1775 2298 1821 2337 510)
1846 2297 1923 2335 Virg.
1942 2297 2046 2334 Georg.
2069 2296 2119 2332 IV,
2142 2296 2213 2328 415.

1272 2356 1313 2362 --
1341 2340 1387 2380 21)
1416 2341 1600 2381 Nequiquam
1631 2342 1672 2369 Ita
1699 2340 1729 2369 h.
1759 2341 1778 2369 l.
1802 2344 1831 2368 et
1859 2339 1961 2379 paullo
1990 2344 2058 2377 post
2086 2338 2119 2366 in
2143 2338 2214 2368 eod.

1272 2393 1357 2420 quam
1387 2384 1565 2422 scripturam
1592 2393 1692 2412 veram
1721 2383 1857 2412 arbitror.
1919 2380 2041 2410 Videtur
2070 2380 2148 2409 enim
2177 2390 2215 2408 ax

1272 2436 1306 2453 ne
1327 2425 1391 2465 qui
1410 2436 1498 2465 quam
1521 2426 1717 2464 compositum
1749 2431 1778 2454 et
1797 2423 1934 2463 primitus
1955 2422 2134 2460 significasse
2157 2433 2214 2452 non
