2263 2668
202 196 276 230 284
725 193 1204 229 PRAEFATIO
1256 193 1614 229 DACERII.

202 302 270 326 ms.
330 289 456 322 serum
484 291 515 321 et
543 288 606 321 illa
633 288 712 333 ipsa
739 300 806 322 non
833 289 979 333 ingenia
1000 288 1174 333 puerilia,
1200 289 1265 322 sed
1292 288 1499 322 altissimam
1527 298 1693 322 exercere
1719 288 1948 323 eruditionem
1974 302 2019 325 ac
2040 293 2151 325 scien-

201 343 285 374 tiam
307 343 460 385 possunt.
514 339 728 381 Praeterea,
770 344 806 373 ut
831 339 935 373 Fabii
960 339 1076 373 verbis
1103 344 1202 381 utar,
1244 340 1569 373 Grammaticorum
1597 341 1681 373 illae
1708 344 1804 373 artes
1830 352 1896 373 non
1923 341 2059 376 obstant
2082 355 2151 389 per

201 405 262 426 cas
295 391 465 431 euntibus,
509 390 573 423 sed
607 391 640 423 in
674 392 716 425 iis
750 391 982 425 haerentibus.
1036 390 1158 436 Neque
1185 392 1275 424 enim
1307 392 1386 426 Caii
1413 391 1582 425 Caesaris
1603 392 1902 436 praestantissimi
1929 393 2152 438 imperatoris

201 444 411 488 dignitatem
438 441 652 483 minuerunt,
680 443 735 476 vel
761 444 830 476 vim
847 443 1046 489 fregerunt
1074 443 1158 476 editi
1185 443 1231 476 de
1258 443 1432 488 analogia
1460 443 1550 476 libri.
1610 443 1701 476 liris
1722 443 1959 488 principibus,
1994 456 2059 478 non
2086 447 2151 480 mi-

200 506 286 527 nora
313 493 495 533 didicisse,
528 494 591 526 sed
616 495 755 527 maiora
782 496 997 540 negle.risse,
1017 493 1208 540 flagitium
1237 499 1295 527 est.
1354 494 1404 527 Tu
1431 495 1560 539 igitur,
1593 494 1782 527 DEhPfflNE
1810 495 2065 539 Senemssxam,
2093 499 2151 543 qui

200 546 374 578 mamimus
400 545 516 577 animo
542 545 748 590 disciplinas
775 547 961 591 ampleoeus
987 557 1039 587 es,
1077 558 1119 579 ne
1147 557 1253 590 quam
1280 547 1423 579 laudem
1454 547 1508 579 vel
1545 546 1759 580 Caesaribus
1784 546 1868 591 ipsis
1894 548 2073 592 reliquisse
2099 550 2149 582 vi—

198 597 334 636 ‹Icaris,
362 599 460 628 utere
483 596 585 630 Festo
609 597 795 642 Pompeio,
822 609 898 638 seu,
932 602 967 630 ut
995 598 1110 630 verius
1134 598 1272 634 dicam,
1305 597 1426 630 Verrio
1448 597 1589 631 Flacco.
1623 598 1750 644 ‚Illum
1777 598 1858 630 olim
1880 599 2067 644 Augustus
2091 611 2151 634 ne-

194 647 335 693 potibus
360 648 431 680 suis
451 653 724 693 praeceptorem
754 650 879 694 elegit,
908 653 939 682 et
967 649 1063 682 illum
1091 649 1196 681 hodie
1217 649 1464 694 sapientissimi
1489 650 1633 682 Lodoici
1652 649 1785 694 Magni
1806 650 1900 683 iussu
1922 650 1984 684 tibi
2007 655 2039 684 et
2063 652 2152 685 notis

199 703 230 732 ct
256 699 554 733 emendationibus
581 701 764 734 illustravi.
820 701 943 746 Neque
976 704 1050 733 tam
1076 700 1267 746 infelicem,
1303 701 1332 733 si
1353 701 1431 733 Deo
1454 701 1594 745 placet,
1628 701 1659 734 ei
1691 712 1838 746 operum
1865 703 2086 744 contulerim,
2114 707 2151 736 ut

198 762 261 783 non
290 751 484 795 aliquando
509 752 543 784 in
570 753 734 786 masimis
766 751 1038 799 difficultatibus
1066 756 1096 784 et
1125 752 1337 785 densissimis
1368 751 1518 785 tenebris
1548 763 1637 797 quae
1665 753 1810 797 nigrore
1835 764 1897 786 suo
1922 764 2001 787 eum
2027 766 2151 788 occae-

198 806 296 841 cant,
323 802 385 834 tibi
401 801 528 846 facem
548 804 788 848 praeluceant.
842 805 920 837 Hoc
942 805 972 837 si
994 803 1079 836 mihi
1106 804 1304 848 contingat,
1332 804 1521 836 DELPfflNE
1550 805 1803 845 SennsissmE,
1831 808 1938 837 totum
1965 806 2055 839 illud
2069 805 2149 851 fla-

196 854 425 898 grantissimo
470 855 590 887 studia
633 859 694 888 tua
729 857 874 889 iuvandi
923 855 1050 900 tibique
1083 859 1207 888 memet
1237 855 1419 900 probandi
1451 856 1627 888 desiderio
1662 859 1710 888 est
1744 856 2000 900 imputandum.
2064 857 2150 890 Cum

198 906 286 937 enim
320 916 429 949 neque
462 917 525 938 usu
558 907 662 947 satis,
704 908 866 940 doctrina
899 911 930 940 et
963 907 1103 952 ingenio
1134 918 1265 951 parum
1298 907 1444 952 possim,
1486 918 1529 940 ex
1555 907 1732 940 desiderio
1760 907 1819 940 illo
1847 908 1932 941 mihi
1958 908 2149 942 subsidium

194 957 321 1001 petivi,
350 957 439 989 illud
466 958 552 990 mihi
578 959 612 990 in
639 963 738 992 nocte
764 960 819 992 vel
845 963 928 991 atra
955 959 1069 991 lumen
1093 958 1180 1003 suit,
1209 963 1240 991 et
1266 959 1357 992 haec
1380 959 1513 999 omnia,
1541 959 1811 1003 qualiacumque
1831 960 1914 1002 sint,
1942 960 2150 1003 doctrinam,

198 1008 396 1052 ingenium,
438 1009 649 1042 industriam
691 1015 723 1043 et
758 1010 1042 1044 exercitationem
1074 1010 1324 1054 suppeditavit.
1384 1010 1487 1049 Tale,
1534 1010 1722 1043 DELPHHOE
1760 1011 2018 1052 Sannmssmn,
2062 1015 2094 1045 et
2121 1013 2150 1046 si

199 1059 352 1103 aliquos,
399 1060 455 1093 vel
481 1061 658 1102 utilitatis,
703 1063 759 1095 vel
785 1062 973 1107 voluptatis
989 1061 1136 1107 smctus
1163 1072 1206 1094 ex
1233 1061 1544 1095 lucubratiunculis
1569 1062 1694 1095 nostris
1715 1067 1950 1107 percepturus
1978 1074 2030 1104 es,
2065 1063 2150 1096 milti

197 1111 318 1148 crede,
364 1122 421 1144 eos
454 1123 564 1145 annos
596 1117 730 1146 tantum
765 1125 820 1147 me
853 1125 935 1147 vere
968 1114 1095 1146 vixisse
1129 1113 1352 1153 existimabo,
1396 1125 1480 1158 quos
1514 1114 1548 1146 in
1582 1112 1763 1147 laboribus
1796 1114 1869 1148 istis
1896 1125 2148 1159 consumpsero.

203 1161 289 1195 Γαῖα
318 1163 398 1205 diu,
435 1163 624 1197 DEhPfflNE
647 1165 904 1206 Senes-issum,
940 1165 1091 1209 miliique
1117 1164 1178 1197 tibi
1205 1176 1295 1199 nova
1320 1164 1468 1199 subinde
1487 1165 1637 1210 paranti
1652 1164 1756 1210 fiwe.

480 1410 1223 1468 PRAEFATIO
1323 1411 1870 1467 DACERII.

197 1512 400 1575 Postquam
446 1533 684 1567 lllustrissimus
726 1541 757 1568 et
800 1536 945 1568 omnium
991 1536 1144 1569 virtutum
1188 1536 1401 1569 emendatum
1447 1537 1640 1581 exemplar,
1694 1535 1836 1569 Carolus
1875 1535 1997 1569 Sancta
2013 1555 2027 1560 —
2044 1535 2148 1569 Mau-

196 1594 288 1615 raeus
343 1583 565 1618 Montauzerii
622 1586 697 1619 Dux
750 1587 1049 1619 Saum-mmm
1104 1588 1334 1620 Damnum
1389 1588 1633 1621 adolescentiae
1684 1587 1879 1620 moderator
1930 1587 2035 1621 factus
2089 1593 2147 1625 est,

196 1634 417 1678 Divinumque
443 1636 537 1669 illum
565 1643 598 1670 et
624 1639 714 1670 omni
743 1650 800 1671 sua
828 1649 907 1671 cura
934 1638 1074 1683 (lignum
1101 1639 1259 1672 infantem
1287 1640 1417 1684 gremio
1451 1651 1510 1672 suo
1543 1639 1735 1684 impositum
1770 1639 1931 1682 suscepit,
1975 1650 2016 1671 eo
2043 1638 2148 1671 studia

198 1687 305 1718 onmia
332 1688 472 1720 contulit
498 1694 534 1721 ut
560 1689 597 1721 iis
624 1690 796 1722 virtutibus
824 1691 991 1722 alumnum
1018 1701 1111 1722 suum
1139 1692 1323 1731 imbueret,
1351 1703 1437 1734 quae
1463 1691 1634 1724 robustum
1663 1701 1814 1733 quoque,
1841 1695 1874 1722 et
1899 1690 1963 1722 iam
1989 1700 2148 1734 magnum

198 1737 397 1781 principem,
428 1740 509 1772 olim
536 1741 654 1783 etiam,
689 1741 747 1774 sed
776 1747 852 1786 post
880 1742 1001 1774 multos
1028 1753 1148 1782 annos,
1184 1743 1207 1775 si
1233 1743 1306 1775 l)eo
1334 1743 1465 1787 placet,
1492 1744 1672 1775 maximum
1696 1742 1847 1786 Regem,
1876 1742 1918 1774 ab
1945 1741 2001 1774 illa
2030 1741 2149 1786 puerili

198 1788 395 1822 institutione
421 1798 708 1834 prosequerentur.
762 1793 849 1825 Eum
877 1793 979 1837 igitur
1006 1795 1159 1827 omuibus
1184 1795 1381 1839 disciplinis,
1417 1800 1450 1827 et
1475 1794 1724 1827 humanioribus
1750 1794 1943 1837 praesertim
1970 1793 2071 1826 literis
2097 1793 2148 1825 in·-

199 1839 394 1872 stituendnm
427 1844 560 1876 curavit.
616 1845 733 1888 anue
760 1845 884 1876 semina
911 1850 945 1876 ut
971 1845 1206 1889 profundiores
1232 1846 1362 1879 radices
1395 1852 1550 1890 agerent,
1596 1845 1813 1878 Invictissinio
1841 1851 1874 1877 et
1899 1844 2148 1889 Sapientissimo

201 1889 396 1932 Regiautor
420 1893 492 1934 fuit,
519 1900 553 1927 ut
580 1895 656 1928 viris
685 1895 822 1928 eruditis
848 1907 963 1928 omnes
986 1897 1121 1929 Latinos
1149 1903 1301 1931 auctores
1326 1897 1359 1929 in
1383 1909 1476 1930 usum
1501 1897 1793 1930 SER1-:N1ssuv11
1816 1897 2056 1940 Damnum,
2085 1907 2144 1929 no·

201 1940 238 1971 tis
267 1945 297 1971 et
321 1942 642 1987 interpretationibus
666 1947 878 1980 illustrandos
906 1948 1088 1981 mandaret.

363 1994 453 2026 Nihil
480 1997 631 2039 quidem,
660 1999 968 2032 Sl-:nsslwssmw
992 2000 1248 2043 Demunxo,
1281 1999 1398 2033 deerat
1424 2000 1466 2033 ad
1495 2012 1606 2032 veram
1635 2004 1666 2032 et
1693 1998 1835 2032 solidam
1863 1998 2047 2032 doctrinam
2075 1998 2147 2031 adi-

201 2041 401 2084 piscendam.
454 2046 732 2083 Praestantissimo
763 2051 988 2096 Praeceptore
1023 2053 1177 2084 utebatur
1202 2052 1421 2084 Illustrissimo
1455 2063 1494 2086 ac
1521 2051 1812 2084 Reverendissimo
1839 2050 1966 2084 Iacobo
1993 2049 2147 2094 Benigno

203 2093 392 2132 BOSSUffllQ
426 2096 596 2142 Episcopo
618 2101 860 2143 Condoinensi,
897 2103 948 2136 cui
977 2103 1075 2136 etiam
1102 2104 1134 2135 in
1163 2109 1292 2147 partem
1320 2115 1472 2137 curarum
1501 2104 1617 2137 ascitus
1645 2102 1782 2135 lllustris
1810 2108 1842 2135 et
1869 2102 2052 2135 admodum
2075 2102 2145 2134 Re-

201 2144 363 2176 verendus
391 2145 426 2177 P.
450 2147 566 2180 Daniel
590 2152 727 2185 Huetius
749 2155 863 2187 Abbas
885 2155 1085 2193 Alnetanus,
1128 2156 1276 2187 omnium
1304 2155 1422 2187 artium
1450 2155 1493 2187 ad
1522 2155 1717 2187 miraculum
1745 2153 1901 2188 eruditus.
1954 2153 2024 2186 Sed
2050 2164 2146 2186 vere-

201 2195 297 2226 batur
323 2195 558 2231 illustrissimus
578 2200 797 2237 Montauzerii
820 2205 913 2247 Dux,
941 2218 982 2238 ne
1009 2217 1085 2240 cum
1113 2206 1194 2239 olim
1221 2207 1496 2251 praeceptoribus
1518 2212 1690 2250 exemptus
1713 2211 1796 2238 esset
1818 2205 2144 2238 Smuzmssxmus

200 2245 472 2289 DELPflixus,
500 2254 680 2294 togamque
700 2261 862 2296 mutasset,
890 2257 993 2290 multa
1021 2258 1232 2291 elaberentur
1258 2270 1346 2302 quae
1371 2259 1419 2291 illi
1446 2258 1609 2303 sapienter
1636 2256 1756 2290 tradita
1783 2257 1922 2289 fuerant.
1975 2256 2087 2297 Quare
2111 2254 2143 2287 in

200 2304 437 2341 consequentes
463 2312 563 2333 annos
589 2301 658 2335 hoc
684 2304 714 2336 ei
739 2307 919 2340 subsidium
946 2310 1082 2352 paravit.

364 2350 537 2385 Praeterea
571 2363 648 2385 cum
680 2355 877 2400 intelligeret
906 2360 978 2392 Rex
998 2361 1263 2404 Sapientissimus
1298 2371 1364 2393 non
1391 2361 1497 2393 minus
1523 2360 1682 2404 politicae
1707 2371 1808 2402 quam
1836 2358 1918 2392 belli
1942 2358 2063 2391 artibus
2087 2367 2141 2388 re-

201 2409 267 2442 gna
295 2406 460 2442 constare,
504 2414 598 2436 suum
626 2415 694 2437 esse
721 2405 829 2448 duxit,
874 2415 1031 2451 quantum
1060 2412 1194 2455 Imperii
1221 2412 1269 2444 sui
1296 2413 1452 2444 terminos
1479 2412 1683 2456 protulisset,
1726 2416 1853 2443 tantum
1878 2409 1974 2443 etiam
2003 2417 2137 2451 promo-

201 2461 276 2483 vere
303 2455 387 2485 artes
419 2454 581 2497 politicas.
632 2456 791 2500 llludque
823 2458 865 2491 ab
893 2471 933 2492 eo
960 2461 1003 2494 ita
1030 2463 1221 2506 praestitum
1249 2467 1296 2496 est
1323 2468 1358 2495 ut
1384 2463 1527 2496 dubitari
1553 2462 1657 2506 possit
1682 2462 1799 2505 plusne
1825 2460 2000 2493 industriae
2026 2458 2054 2490 ei
2080 2468 2136 2492 co-
