2263 2668
537 135 603 170 DE
628 132 1015 169 SIGNIFIGA'HONE
1047 129 1332 165 VERBORUM.
1390 130 1536 163 LIBER
1561 129 1620 163 111.
1976 128 2051 163 367

102 233 164 273 psit
184 232 227 260 ita
250 230 364 259 amicus
387 234 490 259 noster
511 228 606 258 Aldus
628 227 778 258 Manutius
802 226 886 255 Pauli
907 226 939 256 F.
962 223 1078 253 iuvenis
1102 223 1306 252 doctissimus:
1345 223 1384 251 L.
1408 221 1573 251 Betclienus
1595 222 1633 252 L.
1656 221 1689 251 F.
1716 220 1835 250 Vaarus
1858 220 1943 257 haec,
1977 232 2052 261 quae

102 276 186 313 infra
208 274 318 314 scripta
340 280 425 308 sont,
460 270 495 300 cle
516 279 617 301 senatu
639 271 778 300 sententia
792 267 947 311 faciunda
971 267 1111 296 coiravit:
1149 267 1266 295 semitas
1289 267 1319 294 in
1343 264 1452 304 oppido
1475 266 1586 295 omnis:
1621 265 1784 305 porticum,
1819 270 1880 304 qud
1902 264 1933 292 in
1955 270 2052 302 arcem

103 318 192 347 citur:
217 327 370 355 campum,
393 314 458 344 ubei
481 312 606 343 ludunt.-
632 312 831 352 horologium,
855 309 1025 346 mdcdlum,
1050 307 1204 337 basilicam
1225 307 1433 338 caleo-andam:
1463 307 1574 343 seecles,
1598 306 1694 337 lacum
1719 306 1930 344 balinearium5
1953 305 2052 335 lacum

103 358 145 388 ad
165 366 284 399 portam
307 364 364 389 etc.
388 356 490 387 Scal.
535 357 560 385 A
583 358 698 386 Graeco
720 353 820 395 χάλιξ,
851 364 903 392 per
924 362 1075 391 syncopen
1100 350 1190 387 calx,
1214 349 1301 380 calix
1324 351 1493 386 dicebatur,
1517 351 1596 379 unde
1619 349 1763 385 calicare,
1788 348 1952 378 decalicare
1972 348 2052 377 inl-'ra

103 402 223 431 Festus:
245 399 466 437 Decalicatum,
490 398 572 429 calce
596 397 689 429 litum.
728 397 857 426 Tectorii
883 396 980 435 operis
1002 395 1159 434 proprium
1183 392 1271 422 linere
1293 398 1321 422 et
1342 392 1451 433 polire,
1475 398 1508 421 ut
1530 392 1639 422 albarii
1661 393 1697 422 de
1718 392 1824 421 albere.
1863 391 1942 420 illud
1964 390 2054 419 fiebat

107 449 226 473 arenata
249 444 344 480 calce,
367 443 417 471 vel
439 447 631 477 marmorato3
654 440 734 469 istud
758 441 838 469 calce
861 439 955 475 nuda,
978 438 1009 466 id
1032 438 1089 472 est,
1115 437 1161 465 cui
1185 437 1266 464 nulla
1290 446 1376 464 arena
1401 436 1541 464 admixta.
1577 435 1647 464 Inde
1670 436 1700 464 in
1724 435 1819 464 veteri
1839 434 2051 473 inscriptione:

103 486 221 527 Easque
246 487 370 525 parietes
398 485 598 525 marginesque
625 495 740 519 omnes,
777 494 851 523 quae
881 481 935 511 lita
964 491 1022 509 non
1049 487 1131 508 erunt
1163 477 1245 508 calce
1276 483 1413 515 ανεηαίως
1451 477 1503 507 lito
1528 477 1679 519 politoque
1707 485 1733 506 ct
1757 476 1839 507 calce
1861 475 1943 506 nuda
1965 473 2052 505 deal-

107 528 186 560 bato.
232 529 318 557 Dac-

272 568 462 610 Calypira.
509 567 650 608 Caliptra.
672 568 761 606 Lege:
787 565 934 606 Calypira.
960 561 1125 603 Kainimpoc
1142 566 1278 602 κεφαλῆς
1293 561 1466 602 καλύμματα
1484 562 1611 602 Hesych.
1635 562 1726 592 Daue.
1753 562 1777 590 A
1792 559 1945 597 καλύπτει),
1970 559 2053 599 quod.

107 617 151 642 est
173 614 259 650 velo,
283 617 367 649 tego,
392 612 509 651 operio3
531 611 612 640 uude
634 608 772 650 κάλυμμα
795 615 891 647 teges,
914 613 1138 643 tectamentum,
1162 607 1351 643 tegimentum
1375 617 1426 635 seu
1448 611 1645 644 tegmentum3
1668 603 1895 645 καλυπτηριᾶζω
1911 603 2052 632 imbrico:

110 652 261 694 καλύπτης
283 655 402 684 imbrix.
448 654 528 690 Quid
552 650 754 691 καλυπτήρια,
778 653 841 681 dixi
863 652 900 680 ad
923 651 1013 680 Titui.
1034 650 1104 678 cod.
1128 650 1165 678 de
1189 649 1396 677 donationibus
1421 654 1487 677 ante
1510 649 1640 687 nuptias.
1689 646 1792 677 Goth.

275 696 466 727 calathos.
512 697 623 725 Graece
644 694 793 732 κάλαθος,
817 696 867 723 ubi
891 695 1027 723 mulieres
1050 694 1148 729 fusos,
1170 692 1237 720 lana
1261 697 1288 720 et
1310 702 1402 731 pensa
1424 692 1616 730 reponebant.
1641 690 1744 728 virgil.
1760 689 1844 729 (Aen.
1859 688 1928 724 VII,
1952 687 2052 724 805.);

107 755 148 760 -
169 755 211 760 —-
233 738 303 768 Non
325 738 381 768 illa
405 737 469 768 colo
493 738 674 778 calathisque
696 737 850 768 Minervae
868 737 1018 777 femineas
1047 742 1160 765 assueta
1189 746 1302 763 manus.
1349 735 1450 762 Latine
1475 733 1618 774 quasillus
1641 733 1760 761 dicitur.
1805 730 1943 760 calathus·
1966 730 2054 759 etiam

108 782 188 821 apud
210 786 324 810 veteres
348 792 402 819 pro
426 781 560 820 quolibet
581 791 651 810 vase
674 781 721 809 vel
744 781 863 819 poculo.
886 779 975 809 Dae.
1016 777 1175 817 Quasillos.
1215 777 1288 806 Vide
1318 775 1527 805 Talassionem.
1574 774 1677 805 Goth..

276 822 565 854 eaduceatores.
611 823 778 852 caduceum
803 824 949 852 Graecum
969 827 1011 851 est
1033 832 1088 860 pro
1113 821 1285 849 Caruceum.
1332 817 1491 859 Καρύκεον
1514 820 1695 856 Syracusane
1718 822 1747 847 et
1769 816 1943 851 Tarentine,
1974 814 2055 853 quod

108 866 172 895 aliis
194 863 369 905 κηρύκειον,
400 878 414 895 r
435 866 466 895 in
489 865 524 904 ἆ,
553 871 586 895 ut
611 871 715 895 contra
739 876 826 905 saepe
851 864 870 893 d
892 867 922 894 in
947 877 969 894 r.
994 863 1093 894 scal.
1138 863 1254 901 Legati,
1285 872 1463 901 praecones,
1495 862 1627 897 feciales,
1658 861 1707 899 qui
1732 859 1894 888 caduceum
1917 857 2055 896 gerebant

110 910 141 937 iu
164 908 280 946 signum
303 909 404 948 pacis3
442 910 554 938 Graece
583 907 745 948 κηρύκειον
768 909 849 947 apud
872 908 1034 936 Lucianum
1058 911 1086 935 et
1107 907 1136 934 in
1159 907 1328 945 epigramm.
1352 904 1517 933 Tarentinis
1540 909 1568 932 et
1590 903 1781 941 Syracusanis
1803 899 1970 942 καρύκειον.
2015 900 2055 927 De

110 951 240 980 caduceo
265 951 373 990 Hygia.
396 951 447 981 lib.
460 954 491 982 2.
517 953 635 981 Astron.
658 962 723 990 cap.
736 954 765 983 8.
799 950 852 980 Ab
875 950 1019 991 Apolline
1040 947 1185 988 virgulam
1209 947 1359 989 quandam
1382 948 1493 976 muneri
1515 947 1627 985 accepit
1650 945 1831 981 Mercurius,
1855 954 1942 984 quam
1964 952 2055 970 manu

107 1001 204 1022 tenens
235 1005 298 1022 cum
328 995 560 1034 proficisceretur
587 996 618 1023 in
640 993 827 1029 Arcadiam,
865 1001 890 1022 et
918 992 1035 1022 vidisset
1065 991 1137 1020 duos
1166 990 1308 1020 dracones
1334 991 1407 1018 inter
1431 1002 1460 1018 se
1485 990 1638 1019 coniuncto
1662 999 1780 1027 corpore
1801 986 1894 1016 alium
1915 992 2055 1025 appetere,

107 1044 140 1065 ut
162 1037 215 1076 qui
237 1035 378 1065 dimicare
400 1038 474 1065 inter
495 1048 523 1066 se
544 1036 704 1075 videretur,
734 1035 881 1076 virgulam
903 1036 976 1064 inter
998 1042 1150 1074 utrumque
1168 1034 1311 1074 proiecit‚·
1344 1033 1443 1073 itaque
1465 1030 1662 1060 discesserunt.
1707 1030 1770 1069 Quo
1791 1029 1883 1072 facio
1906 1039 1968 1057 eam
1990 1027 2055 1055 vir—

105 1076 209 1118 gulam
230 1079 316 1118 pacis
339 1090 429 1107 causa
453 1077 526 1108 dicit
548 1091 606 1108 esse
629 1080 835 1115 constitutam5
865 1076 1002 1107 nonnulli
1024 1078 1110 1106 etiam
1134 1088 1198 1106 cum
1212 1076 1339 1118 faciunt
1363 1074 1519 1111 caduceos,
1544 1072 1617 1102 duos
1640 1070 1779 1102 dracones
1801 1070 1969 1111 implicatos
1990 1069 2056 1098 vir·-

106 1118 180 1159 gula
197 1120 340 1162 faciunt,
379 1120 459 1161 quocl
487 1122 601 1151 initium
626 1122 775 1151 Mercurio
801 1120 902 1162 fuerat
929 1121 1022 1160 pacis.
1069 1120 1173 1148 Graeci
1202 1124 1317 1148 tantum
1343 1118 1489 1146 caduceos
1518 1116 1675 1153 gerebant,
1712 1115 1835 1144 Romani
1857 1124 1928 1143 vero
1950 1111 2056 1141 herbas

109 1164 255 1202 quasdam
278 1173 353 1200 quae
375 1163 506 1201 sagmina
528 1164 682 1195 vocabant.
709 1164 762 1192 Da
772 1174 797 1193 c.
842 1163 1014 1203 Κηρύκειον
1035 1163 1055 1192 1.
1067 1165 1097 1194 8.
1122 1163 1145 1202 ξ.
1162 1165 1188 1193 1.
1203 1162 1232 1191 ff.
1254 1161 1291 1189 de
1314 1171 1415 1192 rerum
1439 1160 1594 1189 divisione.
1645 1158 1752 1188 Goth.

275 1204 523 1237 Carinantes..
568 1207 766 1235 Glossariu1112
800 1205 939 1234 Carinari
958 1206 1200 1244 χαριεντίζεσθαι.
1245 1204 1393 1233 Isidorus:
1420 1201 1607 1239 Carinames,
1629 1199 1791 1231 illudentes.
1834 1198 1961 1228 Ennius:

645 1249 756 1278 Contra
779 1249 945 1278 carinantes
966 1247 1054 1276 verba
1075 1255 1162 1288 atque
1183 1246 1309 1277 obscena
1328 1244 1487 1287 profatus,-

110 1295 258 1320 ettamen
281 1290 406 1330 corripit
427 1290 458 1319 in
482 1292 616 1330 sequenti
638 1291 784 1320 mediam:

645 1337 658 1352 *
681 1333 782 1374 Neque
803 1340 848 1362 me
870 1331 949 1362 (lecet
971 1331 1053 1361 lianc
1072 1331 1274 1362 carinam'ibus
1297 1330 1378 1360 edere
1400 1329 1519 1359 chartis.

109 1375 168 1411 Qui
192 1384 295 1403 versus
318 1375 452 1403 nondum
475 1376 578 1404 excusi
601 1376 732 1405 cita-ntur
748 1388 763 1404 a
777 1376 928 1405 Servianis
950 1375 1069 1404 schedis
1091 1375 1253 1403 doctissimi
1268 1374 1397 1403 Danielis
1421 1373 1525 1401 nostri.
1563 1371 1606 1399 lta
1628 1371 1737 1399 factum
1761 1367 1887 1397 carinari
1910 1377 1926 1395 a
1949 1364 2058 1402 casina,

108 1422 141 1445 ut
164 1419 244 1456 apud
270 1418 400 1446 Graecos
424 1420 594 1458 γεφυρὶζειν
619 1430 634 1447 a
657 1419 791 1460 γέφυρα,
827 1419 965 1456 idemque
988 1419 1067 1446 valet
1090 1428 1124 1446 ac
1147 1417 1284 1448 carinari.
1316 1415 1414 1446 Scal.
1458 1415 1531 1444 Inde
1561 1414 1646 1442 etiam
1675 1413 1738 1441 ludi
1768 1411 1841 1440 dicti
1867 1407 2057 1451 γεφυρισμοί.

109 1459 234 1489 Vossius
256 1460 360 1499 potius
382 1465 470 1499 putat
493 1460 586 1501 (quod
608 1462 697 1492 unice
719 1460 839 1501 placet‚)
864 1473 879 1489 a
903 1471 1016 1498 carere,
1046 1461 1080 1489 id
1103 1465 1146 1489 est
1168 1461 1290 1497 radere,
1322 1469 1460 1498 carpere,
1490 1469 1505 1486 a
1529 1467 1599 1486 caro
1621 1457 1737 1492 carino,
1760 1459 1794 1482 ut
1816 1465 1832 1481 a
1855 1459 1924 1481 notio
1947 1451 2058 1479 natine.

109 1501 210 1539 Iuvat,
248 1503 345 1541 quod,
384 1507 418 1532 ut
446 1515 543 1533 carere
564 1505 675 1533 Latinis
705 1505 741 1533 de
762 1509 844 1533 veste
868 1508 894 1532 et
919 1503 1006 1532 dictis
1029 1503 1217 1532 mordacibus
1240 1503 1366 1538 dicitur,
1404 1502 1446 1530 sic
1471 1500 1593 1529 Graecis
1615 1495 1737 1529 πλύνειν
1758 1501 1855 1525 vestes
1877 1496 1994 1530 lavare,
2029 1496 2060 1521 et

111 1545 255 1574 conviciis
277 1550 306 1574 et
328 1545 492 1574 maledictis
519 1547 681 1584 lacessere,
717 1547 868 1585 quomodo
891 1550 920 1574 et
945 1546 1038 1574 Gallis
1066 1556 1126 1574 vox
1153 1544 1242 1576 laver.
1287 1545 1419 1574 Primum
1442 1544 1527 1572 Ennii
1549 1551 1670 1571 versum
1692 1541 1734 1569 ita
1757 1538 1922 1568 emendavit
1944 1536 2059 1565 Salma-

111 1587 187 1616 sius;
206 1587 258 1618 Ac
280 1595 384 1617 contra.
406 1588 542 1617 carinam
562 1599 618 1627 pro
641 1596 745 1619 contra
768 1590 941 1618 carinarzies.
967 1588 1054 1618 Dae.
1103 1586 1287 1616 Obiectanres
1310 1588 1493 1616 obiicientes.
1543 1583 1645 1614 Goth.

278 1627 442 1659 Cadmea
465 1637 574 1660 terra.
621 1632 654 1659 ln
677 1641 724 1659 aes
747 1631 897 1667 inficitur,
922 1635 955 1658 ut
977 1630 1096 1658 facilius
1119 1630 1272 1658 fundatur.
1303 1630 1378 1658 Plin.
1403 1628 1452 1669 (H.
1474 1627 1519 1667 N.)
1544 1628 1594 1657 lib.
1608 1624 1746 1654 XXXIV.
1771 1625 1896 1662 cap-10.
1919 1622 1986 1660 lpse
2007 1618 2060 1648 Ia·-

110 1672 174 1710 pis,
197 1682 237 1700 ex
258 1681 315 1710 quo
329 1672 372 1710 fit
395 1683 457 1708 aes,
485 1671 614 1701 Cadmea
635 1680 775 1709 vocatur,
791 1673 912 1715 fusuris
935 1674 1128 1709 necessarius,
1152 1671 1314 1701 medicinae
1337 1670 1427 1700 utilis.
1474 1670 1614 1708 Lapidem
1637 1667 1843 1696 calaminarem
1867 1667 1974 1694 vocant
1997 1661 2061 1690 offi-

114 1713 204 1744 cinae.
242 1714 327 1741 Dicta
351 1718 448 1742 autem
473 1715 598 1744 Cadmea
623 1727 638 1743 a
662 1715 791 1754 Cadmo,
815 1716 868 1754 qui
890 1716 1075 1744 metallorum
1101 1716 1233 1743 fusuram
1256 1714 1403 1743 invenisse
1426 1713 1547 1743 dicitur.
1587 1711 1645 1740 Alii
1669 1710 1764 1739 aliter.
1788 1709 1875 1737 Dac.
1917 1702 2061 1736 Oriclzal-

114 1766 188 1785 cum.
232 1755 307 1784 Vide
327 1755 555 1787 Auriclzalcum.
603 1756 706 1788 Goth.

145 1839 150 1844 ι
278 1798 378 1828 Casa.
423 1799 524 1828 Potius
547 1811 563 1828 a
586 1811 673 1838 caso,
710 1801 740 1829 id
765 1805 809 1829 est
832 1798 929 1835 caclo,
962 1799 1045 1838 quod
1075 1799 1162 1828 cadat
1184 1799 1280 1828 facile.
1325 1797 1385 1827 Alii
1407 1809 1423 1826 a
1446 1797 1521 1827 καίω
1544 1806 1616 1833 ur0‚
1657 1794 1738 1833 quod.
1759 1793 1845 1822 facile
1866 1790 2059 1820 incendatur:

113 1839 164 1868 ahi
188 1839 280 1869 aliter.
309 1840 399 1869 Dae.
443 1841 506 1870 Hoc
535 1842 659 1871 verbum
689 1843 760 1872 satis
790 1843 930 1880 frequens
960 1843 990 1871 in
1018 1843 1092 1872 iure.
1117 1843 1183 1881 §.5.
1207 1842 1278 1870 Inst.
1301 1841 1338 1870 de
1365 1850 1466 1870 rerum
1493 1839 1578 1869 divis.
1602 1839 1621 1866 l.
1643 1837 1757 1876 penult.
1780 1836 1810 1865 ff.
1835 1834 1871 1863 de
1893 1843 1950 1862 usu
1970 1833 2059 1860 fruct.

114 1882 196 1914 l.41.
221 1884 244 1920 ξ.
257 1885 286 1913 3.
300 1883 329 1912 ss',
355 1883 390 1911 de
412 1884 498 1922 legat.
513 1887 542 1915 3.
567 1885 628 1917 l.5.
650 1886 670 1914 l.
685 1888 714 1917 6.
740 1886 776 1914 (le
800 1886 917 1923 adquir.
939 1895 1041 1914 rerum
1065 1885 1206 1913 dominio.
1242 1883 1348 1913 Goth.
1393 1883 1502 1911 Subest
1524 1886 1645 1920 etymon
1668 1880 1763 1916 idem,
1800 1877 1881 1917 quod
1904 1872 2060 1905 Germani-

115 1925 157 1953 cis
180 1925 334 1954 vocabulis
356 1923 462 1963 Hans,
483 1925 564 1964 huis,
586 1927 680 1965 lu’itle,
709 1927 728 1956 Ῐι
751 1933 863 1956 mutato
886 1928 917 1955 in
941 1926 974 1964 k,
997 1932 1031 1956 ut
1053 1937 1149 1966 saepe.

280 1967 442 1996 Cascam.
485 1968 581 1998 Varro
603 1971 655 1998 lib.
669 1970 717 1999 Vl.
740 1971 778 1999 de
801 1971 875 2000 [1.L.
900 1970 978 2007 (VH,
1003 1972 1075 2001 316.
1090 1970 1167 2008 Sp.).
1202 1969 1323 1997 Cascam
1348 1968 1496 2008 significat
1517 1973 1606 1996 velus.
1635 1965 1710 1994 Eius
1731 1963 1814 2003 origo
1834 1959 1963 1996 Sabina,
1984 1968 2059 1999 quae

113 2020 203 2050 usque
225 2008 339 2039 raclices
361 2010 391 2038 in
417 2009 524 2040 Oscum
549 2011 678 2052 linguam
703 2015 767 2051 egil.
815 2013 935 2041 Cascam
959 2020 1038 2040 vetus
1060 2023 1118 2041 esse
1139 2012 1290 2051 signficat
1310 2010 1438 2046 Ennius,
1469 2021 1541 2039 cuma
1557 2010 1619 2038 aii:

693 2054 788 2093 Quam
809 2055 935 2094 primum
957 2055 1042 2083 Casei
1060 2053 1164 2094 populi
1182 2065 1303 2093 genuere
1326 2053 1440 2081 Latini.

113 2094 244 2132 Scaliger
266 2094 332 2123 vult
354 2104 417 2123 esse
440 2095 476 2123 ab
500 2095 576 2124 Osca
599 2106 673 2125 voce
697 2109 781 2126 casus
802 2094 944 2133 παλαιός,
975 2097 1054 2125 unde
1078 2102 1104 2125 et
1128 2107 1248 2132 casnar,
1280 2105 1380 2124 senex.
1426 2095 1480 2123 Da
1491 2106 1514 2125 c.

279 2137 429 2166 Casuar.
474 2139 577 2167 Senem
601 2140 755 2168 Casum-em
779 2140 857 2168 Osce
878 2140 994 2168 dictum
1017 2144 1142 2168 testatur
1165 2139 1251 2168 etiam
1266 2138 1359 2167 Varro
1381 2138 1435 2174 (De
1459 2138 1489 2167 L.
1509 2137 1540 2165 L.
1563 2135 1633 2171 VII,
1657 2135 1728 2166 318.
1752 2132 1827 2170 Sp.).
1858 2129 1986 2166 Scaliger
2009 2128 2058 2156 de-

114 2179 199 2208 ducit
221 2190 235 2207 a
261 2191 344 2208 casus
367 2179 515 2218 antiquus.
547 2181 621 2210 Vide
643 2192 730 2220 supra
755 2183 887 2210 Cascam.
918 2182 993 2210 Vide
1016 2182 1143 2210 Nonium
1166 2181 1234 2219 (pag
1256 2183 1307 2213 86.
1333 2181 1421 2209 Mcrc.
1445 2190 1467 2210 s.
1491 2189 1518 2208 v.
1543 2175 1699 2214 Carnales).
1732 2173 1900 2204 Verisimile
1924 2181 2059 2201 casnares

114 2222 150 2251 ab
174 2222 260 2250 Oscis
284 2222 398 2257 dictos,
421 2223 470 2260 qui
493 2224 604 2253 Latinis
628 2226 697 2253 cani
719 2235 735 2253 a
758 2224 934 2252 cnnitudine.
978 2224 1064 2252 Ratio
1087 2229 1147 2259 est,
1173 2223 1255 2261 qnod
1277 2223 1306 2252 in
1329 2222 1454 2252 vocibus
1476 2221 1537 2250 suis
1558 2220 1645 2257 Osci,
1667 2223 1703 2247 ut
1725 2222 1754 2246 et
1775 2215 1877 2246 Sabini
1900 2215 1959 2243 sere
1982 2222 2058 2258 sem-

112 2275 184 2304 per,
207 2265 323 2293 sibilum
347 2266 476 2302 addunt,
500 2267 561 2294 sive
585 2267 699 2294 literam
722 2279 752 2303 s,
775 2277 862 2304 quam
886 2277 901 2294 a
926 2267 1047 2295 Graccis
1070 2266 1259 2295 Doriensibus
1283 2269 1469 2305 acceperunt.
1511 2263 1603 2292 Iidem
1627 2271 1745 2291 cascum
1768 2269 1824 2299 pro
1850 2258 1988 2295 antiquo,
2011 2263 2056 2282 11¹-

114 2307 222 2336 mirum
247 2319 261 2336 a
287 2308 402 2336 Graeco
427 2307 519 2343 κακός
542 2307 655 2337 debilis.
692 2310 798 2345 Cumis,
827 2320 929 2345 cacus,
960 2319 1071 2338 caseus.
1110 2310 1159 2337 Sic
1182 2319 1333 2338 casmenas
1354 2309 1497 2337 dixerunt
1518 2316 1574 2345 pro
1598 2304 1734 2335 camenis.
1766 2303 1852 2333 Dac.
1898 2300 1972 2329 Vide
1993 2298 2051 2326 No-

113 2351 195 2380 nium
218 2351 249 2379 in
272 2350 417 2379 carnales.
463 2352 605 2386 Quinctil.
624 2352 649 2387 l,
673 2353 702 2383 5.
728 2361 789 2380 vox
811 2357 840 2380 et
864 2352 988 2380 Gallica.
1036 2350 1139 2380 Goth.

280 2392 524 2423 CassicuZum.
570 2394 693 2422 Glossae
715 2393 837 2423 Isidori:
862 2392 1060 2431 cassiculum,
1083 2401 1153 2431 rete,
1176 2392 1312 2423 iaculum.
1339 2391 1440 2422 Scal.
1472 2393 1495 2420 A
1519 2391 1609 2420 cassis
1634 2388 1798 2419 cassiculus
1820 2391 1848 2414 et
1870 2380 2052 2412 cassiculum,
