2263 2668
261 140 310 174 16
679 130 821 165 PAULI
848 130 969 164 DIAC.
997 130 1252 165 EXCERPTA
1277 129 1340 164 EX
1367 130 1454 163 LlB.
1481 129 1623 166 POMP.
1652 132 1790 167 FESTI

265 234 426 268 Alumelo
448 227 456 247 ¹
482 238 546 272 pro
573 223 805 258 Laumedonte
827 220 840 241 ²
865 236 885 257 a
910 224 1075 257 veteribus
1100 224 1259 257 Romanis
1293 223 1437 257 necdum
1470 226 1605 258 assuetis
1633 225 1785 261 Graecae
1814 225 1947 271 linguae
1983 227 2109 262 dictum
2142 233 2199 263 est,

368 284 423 317 Sic
449 279 544 312 Melo
571 287 633 322 pro
661 276 758 316 Nilo,
785 275 966 310 Catamitus
992 287 1056 320 pro
1084 275 1299 320 Ganymede,
1326 274 1473 319 Alphius
1499 287 1563 321 pro
1588 277 1727 321 Alpheo
1755 278 1936 312 dicebatur.

270 334 414 371 Accensi
434 329 446 348 ³
473 329 684 369 dicebantur,
720 327 778 370 qui
810 327 843 360 in
875 327 989 361 locum
1016 333 1221 360 mortuorum
1247 327 1391 359 militum
1417 329 1675 373 surrogabantur
1697 326 1725 371 4,
1753 329 1832 365 dicti
1858 329 1918 371 ita,
1946 329 2023 372 quia
2050 329 2093 363 ad
2120 341 2201 364 ceu-

367 394 437 417 sum
465 381 704 414 adiiciebantur
724 375 746 411 5.

268 439 406 474 Acerra
433 445 507 473 ara,
532 443 617 475 quae
644 435 719 463 ante
746 433 911 463 mortuum
939 429 1019 474 poni
1045 429 1192 469 solebat,
1218 428 1251 461 in
1277 439 1344 471 qua
1370 428 1491 462 odores
1516 429 1737 465 incendebant
1758 429 1780 465 θ.
1832 432 1901 466 Alii
1927 430 2041 465 dicunt
2057 432 2201 465 arculam

370 497 439 520 esse
465 483 665 523 thurariam,
692 482 817 515 scilicet
835 478 847 498 ⁷
873 480 928 513 ubi
954 481 1030 513 thus
1055 482 1261 526 reponebant
1280 477 1302 514 ⁸.

270 541 390 586 Apcx,
417 536 473 580 qui
500 540 547 568 est
573 533 783 568 sacerdotum
809 533 955 576 insigne,
989 532 1095 566 dictus
1129 538 1176 566 est
1209 532 1251 564 ab
1287 542 1328 564 eo
1347 527 1378 573 ⁹,
1413 531 1504 574 quod
1539 533 1831 577 comprehendere
1865 533 1991 577 antiqui
2023 533 2156 567 vinculo
2179 530 2203 551 ¹⁰

372 599 479 634 apere
507 587 671 620 dicebant.
724 584 823 618 Unde
851 589 946 628 aptus
972 585 1015 626 is,
1041 584 1098 627 qui
1125 583 1357 617 convenienter
1383 583 1480 616 alicui
1506 584 1632 617 iunctus
1659 591 1715 620 est.

271 641 483 677 ..filtannvimn
508 635 529 654 ¹¹
558 642 605 670 est
632 637 745 681 poculi
770 636 878 669 fictilis
896 643 1024 680 genus,
1051 646 1118 678 quo
1145 636 1178 667 in
1205 634 1371 668 sacrificiis
1397 635 1573 668 utebantur
1599 636 1788 669 sacerdotes
1814 635 1958 668 Romani
1981 632 2014 669 ¹².

275 696 418 729 atroces
444 690 657 734 appellantur
683 699 723 720 ex
749 688 903 728 Graeco,
931 688 1009 730 quia
1035 687 1082 719 ilii
1109 683 1267 732 οἷτρώγια
1291 682 1315 702 ¹³
1341 687 1529 730 appeliant,
1563 699 1648 730 quae
1675 688 1778 721 cruda
1811 692 1900 726 sunt;
1932 687 1999 720 sive
2032 691 2125 720 atrox
2151 685 2203 719 di—

373 744 456 776 citur
483 743 525 774 ab
551 751 591 774 eo
615 737 658 782 ¹⁴,
685 739 776 782 quod
803 738 884 771 nihil
912 739 1025 771 timeat
1048 735 1085 776 ¹⁵3
1112 738 1236 784 τρέσαι
1258 733 1282 754 ¹⁶
1309 737 1395 769 enim
1420 734 1443 754 ¹⁷
1471 738 1591 772 Graeci
1619 739 1731 772 dicunt
1757 739 1883 772 timere.

277 793 544 842 Auguraculnm
573 791 789 836 appellabant
815 790 956 833 antiqui,
983 801 1082 833 quam
1106 785 1129 806 ¹⁹
1155 800 1214 821 nos
1241 799 1352 822 arcem
1380 789 1537 831 dicimus,
1571 790 1663 834 quod
1689 791 1735 823 ibi
1761 801 1904 836 augures
1929 788 2066 834 publice
2093 788 2203 832 auspi—

371 849 532 879 curentur.

272 900 461 934 Arseverse
480 893 504 913 ¹⁹
534 898 645 929 averte
670 893 783 937 ignem
810 891 983 936 significat.
1035 891 1223 924 Tuscorum
1250 891 1336 924 enim
1364 891 1478 936 lingua
1506 902 1589 925 arse
1614 896 1726 925 averte
1747 889 1783 935 ²⁰,
1809 902 1908 926 verse
1932 892 2046 937 ignem
2080 895 2205 924 constat

372 947 545 993 appellari.
598 944 700 979 Unde
724 943 877 977 Afranius
903 942 947 975 ait
968 939 1009 975 ²¹:

731 1002 907 1035 Inscribat
925 999 949 1020 ²²
976 1002 1102 1047 aliquis
1118 998 1144 1018 ²³
1169 1002 1204 1035 in
1228 1001 1313 1035 ostio
1340 1013 1421 1035 arse
1446 1013 1555 1037 verse.

274 1067 487 1113 Aborigines
514 1063 672 1110 appellati
699 1068 788 1103 sunt,
824 1062 916 1106 quod
941 1058 965 1078 ²⁴
1002 1067 1144 1094 errantes
1179 1063 1393 1096 convenerint
1414 1059 1438 1080 ²⁵
1472 1063 1505 1096 in
1538 1074 1656 1108 agrum
1676 1059 1719 1107 ²⁵,
1750 1063 1807 1107 qui
1839 1073 1926 1098 nunc
1960 1066 2006 1095 est
2028 1057 2053 1078 ²⁷
2086 1061 2205 1106 populi

376 1118 528 1152 Romani.
581 1115 660 1148 Fuit
686 1115 772 1147 enim
794 1110 819 1130 ²⁸
845 1125 927 1158 gens
952 1114 1175 1156 antiquissima
1200 1115 1323 1148 Italiae.

276 1172 428 1207 Aboloes
448 1166 472 1186 ²³
499 1168 654 1201 dicebant
680 1177 743 1210 pro
774 1165 817 1197 ab
844 1165 925 1204 illis3
952 1165 1075 1208 antiqui
1102 1165 1188 1197 enim
1215 1166 1356 1198 litteram
1383 1177 1450 1198 non
1476 1166 1690 1210 geminabant
1710 1162 1744 1197 ³⁰.

276 1223 466 1258 Aventinus
492 1231 585 1253 mons
610 1218 694 1250 intra
720 1218 835 1250 urbem
863 1216 968 1250 dictus
994 1223 1058 1257 est,
1085 1216 1177 1260 quod
1202 1217 1250 1250 ibi
1276 1227 1333 1250 rex
1358 1217 1566 1250 Albanorum
1593 1216 1774 1251 Aventinus
1800 1215 1891 1250 bello
1913 1214 2013 1248 fuerit
2033 1211 2056 1232 ³¹
2086 1214 2207 1248 exstin-

372 1279 442 1306 ctus
467 1278 566 1314 atque
592 1269 751 1313 sepultus.

277 1325 441 1359 Adorare
467 1322 557 1366 apud
585 1321 736 1364 antiquos
763 1319 972 1364 significabat
996 1314 1021 1335 ³²
1048 1330 1167 1363 agere3
1200 1318 1289 1352 unde
1315 1323 1347 1351 et
1367 1316 1392 1337 ³³
1426 1319 1529 1364 legati
1564 1323 1711 1352 oratores
1738 1318 1909 1361 dicuntur,
1950 1317 2027 1361 quia
2053 1316 2208 1350 mandata

374 1374 493 1419 populi
519 1378 631 1418 agunt.

274 1425 535 1462 Armilustrium
556 1421 581 1441 ³¹
607 1424 726 1456 festum
749 1425 818 1454 erat
845 1420 936 1465 apud
963 1421 1152 1463 Romanos,
1187 1432 1255 1465 quo
1289 1433 1339 1455 res
1372 1421 1498 1454 divinas
1525 1421 1641 1454 armati
1668 1420 1852 1462 faciebant,
1885 1431 1941 1461 ac,
1969 1419 2049 1452 dum
2077 1419 2203 1452 sacrifi-

373 1482 486 1511 carent
503 1473 546 1518 ³⁵‚
571 1476 657 1507 tubis
685 1474 856 1507 canebant.

275 1539 378 1574 Adeo
403 1538 485 1570 duas
511 1535 615 1568 habet
639 1533 904 1579 significationes.

375 1588 441 1630 do,
467 1591 502 1621 ut
521 1584 546 1605 ³⁷
572 1597 674 1630 quum
702 1584 840 1618 dicimus
866 1582 957 1616 adeo
978 1586 1194 1627 praetorem.

957 1531 1044 1563 Nam
1070 1542 1171 1574 quum
1198 1531 1306 1575 prima
1332 1535 1428 1564 acuta
1455 1530 1592 1564 effertur
1614 1528 1649 1572 ³⁶,
1676 1531 1765 1565 idem
1791 1530 1965 1576 significat,
1991 1528 2084 1573 quod
2102 1538 2203 1561 acce—

1256 1582 1370 1624 Quum
1403 1588 1513 1615 autem
1546 1583 1708 1625 secunda,
1741 1582 1831 1616 idem
1852 1578 1878 1600 ³⁸
1903 1581 1996 1625 quod
2022 1590 2129 1626 usque
2155 1590 2204 1620 ev,

361 1722 391 1760 1)
409 1719 562 1759 Alameto]
592 1719 640 1748 Sic
665 1718 721 1749 Gu.
746 1720 772 1748 1.
815 1716 977 1746 Alumento
996 1714 1083 1753 Vulg.
1112 1732 1155 1739 —
1190 1714 1218 1748 2)

278 1763 437 1802 Laumed.]
461 1764 510 1791 Sic
525 1763 558 1792 B.
579 1762 617 1791 M.
641 1761 697 1790 Gu.
716 1762 742 1791 1.
760 1762 789 1791 2.
814 1770 859 1798 pr.
883 1759 910 1786 S.
963 1757 1048 1795 Vulg.
1073 1757 1220 1788 Laomed.

278 1807 353 1836 Vide
370 1806 474 1844 Scalig.
489 1810 553 1835 not.
579 1821 615 1826 —
639 1802 669 1843 3)
686 1802 825 1840 Accensa]
849 1801 897 1829 Sic
914 1801 947 1831 L.
964 1800 1001 1828 M.
1017 1801 1074 1829 Gu.
1090 1803 1118 1831 2.
1153 1800 1220 1828 Ad..

281 1851 359 1876 censi
377 1849 463 1886 Vulg.
494 1864 536 1870 —
571 1848 599 1881 4)
620 1845 753 1884 surrog]
776 1845 824 1873 Sic
843 1845 873 1872 L.
894 1844 933 1872 M.
977 1842 1072 1881 Vulgo
1096 1843 1218 1881 subrog.

284 1906 318 1912 --
350 1888 380 1930 5)
397 1890 545 1928 adiicieb]
568 1888 694 1917 adicieb.
713 1888 750 1918 M.
774 1888 830 1915 Gu.
848 1889 877 1917 2.
898 1902 941 1908 —·
968 1883 998 1924 6)
1014 1885 1221 1925 incendebant]

283 1931 511 1960 incendebantur
532 1933 564 1963 L.
583 1933 612 1960 S.
636 1947 678 1953 —-
698 1933 728 1966 7)
743 1928 869 1967 scilicet]
894 1938 950 1958 om.
966 1928 999 1958 B.
1023 1945 1066 1950 —
1093 1928 1123 1966 8)
1139 1939 1221 1967 repo-

281 1973 410 2011 nebant]
436 1975 630 2011 reponebatur
650 1974 682 2002 B.
712 1989 754 1994 —
792 1971 820 2012 9)
843 1971 945 1999 dictus
970 1976 1012 1998 est
1033 1970 1071 1999 ab
1091 1970 1141 2010 eo]
1172 1971 1221 1999 Sic

282 2017 340 2045 Gu.
354 2018 383 2047 2.
405 2025 450 2054 pr.
494 2016 578 2053 Vulg.
600 2027 659 2045 om.
681 2021 732 2044 est.
761 2030 803 2038 -—
838 2015 882 2052 10)
903 2012 1143 2052 comprehendere
1157 2019 1220 2043 ant.

280 2056 371 2095 vina]
394 2067 502 2094 compr.
517 2059 591 2087 vinc.
608 2064 668 2088 ant.
690 2057 721 2089 L,
741 2072 779 2079 —
802 2057 846 2094 11)
864 2055 1070 2094 Atanmrium]
1087 2056 1135 2085 Sic
1149 2057 1222 2084 scri-

281 2101 328 2140 psi
355 2104 473 2127 secutus
495 2099 570 2129 Scal.
618 2100 713 2137 Vulgo
736 2100 892 2129 Atlzanzw.
950 2099 1164 2127 Atlzanavc'um
1186 2099 1218 2127 B.

281 2143 451 2172 Atlzavizcm
472 2150 519 2179 pr.
554 2140 716 2169 Attanium
729 2142 759 2171 L.
773 2157 816 2165 -—-
838 2144 881 2175 12)
898 2141 976 2170 uteb.
988 2140 1103 2170 sacerd.
1118 2140 1218 2179 Rom]

282 2185 332 2213 Sic
353 2184 411 2214 Gu.
427 2185 455 2213 2.
500 2183 632 2209 Romam·
655 2193 710 2210 om.
727 2183 758 2211 L.
774 2184 808 2213 B.
831 2183 887 2213 Gu.
910 2187 936 2215 1.
981 2184 1078 2221 Vulgo
1097 2183 1219 2212 additur

283 2231 352 2266 post
368 2227 455 2255 Rom.
479 2222 627 2253 Potitii
649 2234 703 2262 pro
723 2234 780 2261 quo
799 2227 951 2254 Pontiani
971 2226 1002 2255 L.
1046 2227 1172 2254 Ponam·
1187 2227 1217 2254 B.

284 2269 342 2298 Gu.
367 2271 393 2299 1.
416 2277 461 2306 pr.
512 2266 579 2295 Om.
605 2275 727 2305 prorsus
755 2265 791 2294 M.
815 2267 872 2296 Gu.
888 2271 916 2299 2.
970 2269 1056 2306 Vulg⁴
1086 2269 1219 2297 Romani

282 2310 358 2340 utel).
378 2320 440 2338 sac.
460 2309 578 2337 Potitii.
610 2325 645 2331 -—
679 2310 721 2340 13)
749 2303 893 2345 ἄτρώγια]
923 2310 971 2337 Sic
994 2311 1030 2338 ad
1049 2321 1140 2348 marg.
1160 2321 1218 2340 no-

282 2358 363 2382 tatur
374 2352 404 2380 in
427 2352 484 2380 Gu.
501 2353 526 2382 1.
570 2350 692 2388 atrogia
707 2348 741 2377 B.
786 2348 881 2385 Vulgo
899 2353 1027 2385 atrocia,
1050 2353 1102 2380 sed
1115 2353 1219 2382 Graeci

281 2405 343 2425 non
357 2393 494 2424 dicebant
510 2394 642 2428 atrociu3
663 2393 774 2420 Graeca
788 2389 876 2428 igitur
894 2400 965 2420 voce
981 2403 1055 2430 opus
1068 2399 1118 2422 est.
1154 2395 1218 2424 Hoc

1263 1720 1359 1744 autem
1379 1726 1444 1745 voc.
1462 1726 1637 1755 quamquam
1652 1715 1683 1744 in
1699 1716 1813 1745 Lexicis
1830 1725 1889 1745 non
1902 1713 2084 1754 reperiatur,
2106 1717 2204 1741 tamen

1262 1768 1277 1786 u
1299 1758 1504 1787 Grammaticis
1527 1759 1678 1787 inventum
1699 1769 1761 1787 esse
1782 1759 1812 1787 in
1832 1758 1917 1786 libris
1934 1761 2015 1796 puto.
2060 1756 2110 1783 Est
2126 1754 2203 1783 enim

1263 1811 1279 1828 a
1293 1798 1408 1841 τρώγω,
1432 1801 1512 1830 unde
1532 1802 1619 1830 multi
1640 1801 1698 1830 hoc
1720 1802 1823 1830 vocab.
1850 1801 1995 1829 derivant.
2039 1798 2113 1826 Vide
2131 1797 2203 1826 Due-

1263 1842 1375 1871 derlein
1402 1845 1512 1875 Latein,
1539 1845 1612 1882 Syn.
1642 1845 1674 1872 T.
1690 1844 1714 1873 I.
1739 1854 1768 1882 p.
1788 1845 1838 1875 38.
1869 1859 1908 1865 —-
1948 1840 1990 1881 14)
2017 1840 2054 1869 ab
2074 1839 2124 1878 eo]
2148 1849 2203 1868 orn.

1265 1886 1321 1914 Gu.
1339 1889 1365 1917 1.
1388 1903 1429 1908 —
1464 1888 1513 1923 15)
1536 1885 1658 1925 timeat]
1683 1885 1719 1913 de
1737 1896 1768 1913 se
1790 1885 1859 1915 add.
1879 1886 1912 1915 L.
1944 1900 1983 1907 -—
2016 1883 2063 1922 16)
2086 1880 2200 1922 τρέσαι]

1264 1929 1312 1956 Sic
1335 1929 1389 1957 Gu.
1412 1931 1439 1960 1.
1464 1929 1491 1956 S.
1535 1934 1609 1957 trese
1631 1929 1663 1957 Β.
1686 1928 1725 1959 Μ.
1749 1928 1806 1958 Gu.
1822 1930 1850 1959 2.
1902 1928 1976 1955 trein
1996 1926 2027 1955 L.
2075 1935 2134 1953 om.
2156 1933 2201 1962 pr.

1263 1970 1347 2009 Vulg.
1370 1970 1450 2011 τρέω.
1472 1987 1514 1993 --
1544 1973 1589 2008 17)
1609 1972 1686 1999 enim
1709 1981 1763 2000 om.
1786 1971 1818 2000 L.
1842 1970 1899 2001 Gu.
1915 1972 1943 2001 1.
1965 1983 2008 1991 —·
2035 1965 2081 2008 18)
2098 1967 2200 2005 quam]

1263 2012 1347 2052 quod
1361 2013 1390 2042 L.
1414 2029 1454 2034 —
1479 2014 1524 2050 19)
1539 2014 1617 2041 Arse
1629 2012 1719 2052 werse]
1743 2024 1844 2042 averse
1856 2017 1954 2040 averte
1971 2011 2003 2040 L.
2025 2025 2064 2033 -—
2085 2011 2131 2045 20)
2149 2018 2202 2036 ar-

1262 2067 1291 2084 se
1308 2055 1415 2095 auerte]
1433 2061 1497 2083 arte
1511 2066 1590 2083 verse
1608 2057 1642 2085 B.
1664 2073 1707 2077 —
1728 2055 1773 2095 21)
1789 2054 1845 2094 ait]
1861 2055 1961 2094 inquit
1978 2053 2008 2083 L.
2029 2068 2072 2074 ·-
2092 2052 2137 2087 22)
2154 2050 2201 2079 ln-

1261 2097 1392 2137 scribat]
1425 2099 1474 2126 Sic
1500 2098 1531 2127 L.
1558 2099 1591 2126 B.
1616 2099 1670 2127 Gu.
1691 2101 1718 2131 1.
1735 2101 1764 2129 2,
1795 2108 1841 2137 pr.
1888 2095 2025 2125 inscribit
2046 2093 2130 2131 Vulg.
2157 2107 2200 2114 —-

1262 2142 1308 2177 23)
1323 2140 1448 2179 aliquis]
1462 2140 1587 2179 aliquid
1598 2141 1629 2169 L.
1652 2157 1696 2163 —-
1715 2139 1761 2179 24)
1777 2138 1872 2180 qaod]
1889 2140 1943 2178 qui
1955 2139 1989 2168 L.
2008 2152 2051 2160 -
2069 2137 2115 2169 25)
2131 2143 2199 2162 0οη·

1261 2183 1407 2222 venerint]
1431 2189 1624 2212 convenerunt
1645 2184 1676 2212 L.
1697 2199 1741 2205 —
1769 2186 1814 2218 26)
1840 2181 1967 2221 agrum]
1992 2179 2076 2218 agris
2099 2176 2130 2206 L.
2155 2190 2198 2198 -

1259 2228 1304 2264 27)
1320 2237 1400 2254 nunc
1420 2227 1471 2264 est]
1495 2236 1552 2254 om.
1576 2226 1607 2255 L.
1632 2242 1671 2247 --
1693 2224 1739 2265 28)
1757 2224 1845 2263 enim]
1870 2234 1925 2253 om.
1943 2223 1975 2251 L.
1998 2237 2037 2244 —-
2058 2217 2103 2258 29)
2117 2216 2195 2246 Αὖθ-

1260 2268 1333 2308 loes]
1355 2268 1464 2297 Abolis
1486 2268 1517 2297 L.
1559 2268 1693 2297 Aboloos
1715 2268 1771 2297 Gu.
1789 2270 1814 2299 1.
1835 2283 1878 2289 —
1897 2267 1943 2302 30)
1964 2265 2022 2293 litt.
2036 2271 2094 2290 non
2105 2256 2194 2306 gemf]

1260 2322 1319 2339 non
1332 2322 1410 2349 gem.
1427 2311 1485 2339 litt.
1508 2310 1540 2341 L.
1562 2327 1602 2333 -
1631 2312 1677 2348 31)
1696 2309 1804 2348 fuerit]
1817 2309 1889 2347 fuit
1910 2308 1943 2337 L.
1966 2321 2008 2328 —-
2034 2304 2079 2338 32)
2097 2310 2195 2339 “87¹¹‘'

1256 2353 1382 2392 ficabat]
1402 2354 1557 2392 signficat
1570 2352 1600 2382 L.
1618 2353 1650 2383 Β.
1678 2369 1714 2375 -
1738 2353 1786 2389 33)
1801 2351 1838 2390 et]
1861 2351 1951 2378 eliam
1972 2347 2002 2375 Β.
2023 2360 2056 2368 -
2077 2342 2122 2380 34)
2135 2341 2195 2370 ΛΓ-

1260 2395 1458 2434 milam-ium]
1480 2396 1702 2424 Armilustrum
1722 2395 1753 2423 L,
1774 2394 1814 2423 M.
1843 2408 1884 2414 --
1915 2392 1960 2424 35)
1979 2383 2193 2424 sacrficarent]
