2263 2668
521 137 592 171 DE*
617 135 1003 172 SIGNIFICATIONE
1030 133 1314 170 VERBORUM.
1372 137 1517 172 LIBER
1540 138 1598 173 Vl.
1954 140 2026 175 431

85 242 245 265 extremum
260 231 341 271 fibra
363 230 432 260 hinc
447 229 523 269 fiber
546 228 650 259 dictus.
687 230 742 258 Ubi
758 230 903 267 Scaliger:
931 228 969 257 Ut
990 239 1009 256 a
1032 238 1117 256 cerno
1138 228 1285 268 cribrum5
1307 240 1326 258 a
1343 230 1430 268 facio
1449 230 1556 270 sabee-5
1579 241 1598 259 a
1620 229 1668 260 luo
1692 229 1782 270 liber,·
1802 241 1823 260 a
1846 242 1942 261 cresco
1964 244 2027 263 cre-

84 278 149 313 ber-5
173 288 191 305 a
211 274 302 315 glubo
323 272 446 313 ,ςῖαὸεῃι
470 284 488 301 a
509 283 626 302 scari-eo
648 272 768 311 scaber,·
791 284 809 301 a
830 284 882 302 suo
904 271 988 301 suber
1009 275 1064 301 etc.
1087 270 1129 298 sie
1151 282 1170 300 a
1184 272 1260 309 finio
1274 272 1360 311 fiber.
1406 273 1517 302 Verum
1540 273 1700 303 Salmasius
1715 273 1836 312 fimbria
1858 274 1920 303 sive
1934 275 2026 314 fibria

82 325 112 348 et
127 318 205 358 fiber
226 329 281 357 pro
306 318 428 344 Castore
450 317 485 343 ab
509 316 610 343 Aeolio
633 313 745 354 φιβρός
767 326 822 354 pro
845 311 968 354 θιβρός,
991 312 1071 351 quod
1096 313 1238 350 significat
1260 314 1362 351 molle,
1384 315 1568 354 pulchrum,
1600 321 1736 345 ornatum
1757 326 1868 345 amana.
1897 317 2025 356 Heeych.

82 363 156 391 Nam
177 360 307 400 fimbriis
328 359 395 388 villi
417 363 576 386 assuuntur
598 357 636 386 ad
657 358 810 386 mollitiem
833 361 862 386 et
885 361 1030 386 ornatum.
1073 356 1162 384 Fibro
1184 362 1281 385 autem
1310 358 1429 386 mollior
1451 359 1552 397 pluma
1574 359 1653 398 pilus
1677 360 1751 388 Plin.
1774 359 1824 388 hb.
1837 359 1913 389 VIII.
1938 370 1963 389 c.
1975 363 2024 392 30.

83 404 156 434 Mihi
178 407 311 432 veterum
334 401 476 430 sententia
498 400 588 438 magis
611 401 715 438 placet.
739 400 831 430 Dac.
876 400 971 427 Locus
995 399 1090 427 Plauti
1112 399 1143 427 in
1165 399 1217 435 iis,
1249 409 1324 438 quae
1348 405 1465 437 extant,
1496 411 1556 430 non
1580 407 1632 431 est.

247 443 410 473 Fratria.
452 443 567 472 Nonius
591 443 669 481 (pag.
683 442 754 474 557.
775 443 898 479 Merc.):
935 440 1069 469 Fratriae
1092 440 1278 480 appellantur
1300 443 1431 481 fratrum
1453 445 1527 472 inter
1548 455 1578 472 se
1599 455 1715 473 uxores.
1760 444 1869 472 Gloss.:
1911 442 2026 474 Freiria

83 485 250 527 εἶνατήρ.
297 485 502 514 Andromache
523 490 553 514 et
577 485 688 514 Helena
711 490 794 514 erant
816 485 945 513 fratriae.
989 483 1080 512 Dac.

246 526 414 558 Frivola.
460 528 484 556 A
501 528 566 566 frio
589 533 726 566 contero,
766 529 919 556 imminuo.
960 526 1098 555 Budaeus
1128 530 1226 555 annot.
1255 527 1285 555 in
1313 527 1451 556 Pandect.
1494 529 1628 557 Sumitur
1648 539 1704 567 pro
1727 528 1924 566 suppellectili
1946 530 2026 559 tenui

83 573 149 611 Ulp.
172 573 227 609 leg.
244 574 290 602 11.
313 573 336 608 §
349 572 377 602 4.
401 571 435 599 D.
459 571 495 599 de
518 570 629 608 pigner.
653 576 725 598 act.:
762 570 832 599 Non.
853 571 926 598 enim
950 566 1087 598 credibile
1108 576 1164 604 est,
1198 568 1254 598 lzoc
1277 571 1459 605 conuenisse,
1489 578 1520 600 ut
1543 570 1583 600 ad
1605 572 1766 600 universam
1788 572 1953 608 pensionem
1977 573 2025 600 in-

80 614 162 644 sulae
176 612 289 653 frivola
312 625 374 641 mea
398 620 556 642 teneamur.
588 614 685 643 Senec.
709 612 759 641 lib.
776 614 915 641 Controv.
931 612 998 641 HL:
1020 610 1083 650 Ego
1106 609 1175 639 illos
1195 612 1226 639 in
1242 610 1355 650 frivola
1378 613 1499 641 invitavi
1521 621 1629 643 nostra.
1655 613 1742 643 Dae.
1778 612 1893 642 Glossis
1916 611 2025 644 σκευά-

81 669 145 696 ρια,
168 657 273 685 iisdem
297 653 459 693 σκευάριον
482 655 652 686 vasconum.
688 656 772 684 Adde
795 656 813 684 l.
829 658 876 686 11.
899 657 923 693 ᾗ.
946 655 1075 685 solutam
1095 655 1123 685 5.
1144 653 1174 682 ff.
1198 654 1235 682 de
1257 654 1457 693 pignoratitia.
1486 653 1589 685 Goth.
1629 656 1673 685 Cf.
1695 655 1914 693 Laurembergii
1938 656 2024 685 Anti-

81 710 166 738 quar.
190 710 213 728 ⁵.
235 709 265 726 v.
289 697 400 727 Friare.

246 739 390 770 Frater.
434 740 619 768 Postremum
643 745 762 778 etymon
787 750 824 768 ex
843 739 963 777 Nigidio
986 739 1076 768 refert
1098 738 1213 767 Gellius
1237 739 1378 767 lib.X111.
1401 749 1428 770 c.
1443 742 1507 770 10.:
1530 738 1644 768 Fratris
1666 747 1778 776 autem,
1800 739 1911 777 inquit,
1935 750 2024 769 voca-

82 782 181 812 bulum
204 782 237 812 P.
257 782 412 822 Nigidius,
442 781 528 810 Jzomo
552 782 676 822 impense
698 781 819 818 doctus,
850 793 908 810 non
930 784 1024 811 minus
1047 788 1152 819 arguto
1175 780 1331 821 subtilique
1352 789 1447 820 etymo
1470 783 1688 820 interpretatur,
1711 782 1824 819 frater,
1853 782 1960 822 inquit,
1984 789 2025 810 est

81 825 179 855 dictus
201 826 288 865 quasi
304 825 368 863 fere
389 824 471 854 alter.
509 824 582 852 Vide
605 826 740 854 Nonium.
780 826 816 853 Et
837 824 895 853 hoe
918 825 1027 853 firmari
1050 824 1170 852 videtur
1194 829 1390 862 cognomento
1413 825 1550 860 Romuli,
1576 825 1626 862 qui
1650 823 1767 853 altellus
1791 824 1887 853 dietus
1909 828 1971 860 est,
1993 824 2024 853 id

81 873 125 898 est
148 868 289 906 gemellus
312 867 348 895 ab
372 866 454 896 alter.
499 867 610 895 Tamen
633 869 724 906 magis
746 868 843 906 placet
864 868 957 896 frater
980 877 1041 895 esse
1064 877 1079 894 a
1102 864 1244 905 φρᾶτωρ,
1276 868 1338 895 sive
1361 868 1462 905 potius
1485 866 1520 895 ab
1545 866 1664 896 Aeolico
1686 864 1815 906 φράτηρ.
1862 863 2025 905 Φράτωρας

81 911 159 939 enim
181 910 320 938 dicebant
340 909 471 946 sodaleS,
496 910 545 948 qui
570 916 652 939 erant
675 910 804 939 eiusdem
828 910 923 939 tribus
946 911 996 939 vel
1019 910 1104 939 etiam
1128 909 1264 938 familiae.
1307 910 1380 937 Nam
1404 906 1535 948 φρατριά
1560 914 1604 937 est
1628 910 1708 947 quasi
1731 906 1839 948 πατριά
1862 909 1972 939 inserto
1996 920 2024 947 ρ,

81 954 149 982 inde
172 958 201 981 et
224 953 351 990 collegae
375 953 565 991 appellantur
587 954 760 992 confratres.
783 952 836 981 Da
846 964 869 982 c.
908 952 1011 982 Frater
1034 957 1078 981 est
1101 963 1116 980 a
1139 962 1211 980 voce
1232 953 1374 981 Sanscrit.
1398 951 1527 989 librani,
1560 957 1593 979 ut
1615 952 1703 980 matri
1725 952 1741 981 i.
1767 962 1789 982 e.
1814 958 1920 988 mater,
1941 951 2022 990 pitri,

78 1001 156 1034 puer
176 1006 194 1024 L
218 1001 429 1066 θἘἓΤιξῖ-ιεγη.
474 1037 547 1065 Vide
573 1035 674 1066 Curius
707 1037 792 1066 Ant.
816 1037 909 1077 Aug.
943 1037 1017 1066 Vide
1041 1043 1118 1066 recto
1136 1036 1246 1076 fronte.
1272 1036 1326 1065 Da
1336 1047 1360 1067 c.
1395 1036 1479 1065 Adde
1502 1034 1674 1066 Masculino
1699 1040 1726 1065 et
1750 1035 1874 1064 Nonium
1899 1035 1939 1074 (p.
1952 1037 2022 1067 204.

79 1078 182 1121 Mero.)
204 1079 235 1108 in
258 1078 403 1108 Frontem.
449 1077 553 1108 Goth.

242 1121 456 1150 Fremitum.
498 1122 561 1150 Imo
585 1121 727 1160 afremo,
757 1122 840 1160 quod
862 1122 1010 1162 ε’βρέμω.
1053 1122 1141 1152 Βαο.

238 1163 410 1193 Fratilli.
454 1165 479 1193 A
501 1161 623 1203 φράττω
647 1164 758 1195 munio.
804 1165 841 1193 Et
862 1165 901 1193 ita
926 1165 1065 1194 videntur
1088 1175 1149 1196 esse
1170 1164 1237 1193 villi
1258 1164 1318 1201 illi,
1362 1164 1414 1203 qui
1435 1164 1467 1192 in
1490 1163 1551 1192 oris
1574 1168 1603 1192 et
1625 1162 1856 1192 extremitatibus
1880 1162 2022 1201 tapetium

78 1208 305 1245 relinquuntur,
345 1217 434 1245 quare
458 1207 567 1245 optime
591 1206 737 1245 fimbriae.
784 1208 906 1236 Glossae
933 1214 1048 1238 veteres
1071 1206 1192 1237 Fratilli
1218 1207 1390 1247 κροσσοί.
1434 1207 1508 1236 Nam
1533 1205 1631 1236 Crossi
1652 1210 1720 1235 sunt
1745 1205 1857 1245 λέγναι,
1894 1203 2021 1244 lainam,

70 1249 215 1288 fimbriae.
258 1249 346 1278 Dae.

242 1290 471 1328 Fra-sebum,
504 1290 588 1330 disp
600 1290 781 1322 licebant.
824 1291 947 1321 Frocem
972 1298 1086 1322 veteres
1109 1293 1250 1321 dicebant
1272 1292 1364 1320 secem
1388 1301 1556 1330 expressam
1581 1300 1617 1318 ex
1641 1290 1723 1320 oleis.
1767 1289 1839 1318 Inde
1854 1289 1971 1327 fracere
1994 1294 2023 1319 et

71 1334 248 1372 fracescere,
280 1334 470 1373 mollescere,
500 1333 654 1372 putrefieri
678 1339 706 1363 et
730 1336 890 1373 corrumpi.
930 1336 1026 1364 Gloss.
1051 1335 1237 1371 Fracescer-e,
1268 1335 1456 1372 ἐξίστασθαι,
1480 1333 1643 1368 demutari,
1666 1333 1826 1371 eorrumpi.
1866 1332 1936 1360 Item
1954 1331 2022 1370 fra-

77 1375 162 1405 cidus
182 1374 355 1414 iine'9w903‚
386 1377 529 1405 exoletus.
572 1373 615 1405 Εἴ
629 1376 698 1414 quia
722 1387 797 1415 quae
820 1378 934 1406 fracida
957 1383 986 1407 et
1009 1383 1167 1417 corrupta,
1205 1389 1238 1407 ea
1261 1378 1358 1406 minus
1381 1381 1465 1415 grata
1489 1381 1572 1412 sunt,
1610 1375 1680 1404 inde
1703 1376 1828 1410 factum,
1860 1379 1893 1404 ut
1909 1374 2023 1411 fracere

77 1428 132 1457 pro
154 1417 307 1458 displicere
329 1424 444 1448 veteres
466 1419 653 1458 usurparint.
698 1419 787 1450 Dae.

238 1460 394 1501 Forago.
437 1463 469 1490 L.
492 1473 530 1490 m.
550 1461 641 1491 habet
662 1472 682 1491 a
699 1461 832 1500 furando
853 1472 911 1500 pro
924 1461 1066 1500 furando.
1090 1461 1191 1494 Fulv.
1219 1462 1297 1492 Urs.
1342 1463 1405 1491 Iino
1430 1473 1445 1491 a
1462 1459 1595 1500 furando
1619 1461 1733 1499 potius,
1758 1459 1826 1498 quia
1850 1468 1883 1487 eo
1905 1458 1954 1487 filo
1976 1458 2021 1487 fo-

75 1502 184 1531 rabant
205 1504 310 1539 telam,
353 1509 386 1532 ut
408 1515 498 1542 pensa
522 1505 745 1541 distinguerent.
791 1505 893 1539 Quare
916 1505 963 1533 vel
986 1506 1026 1533 ita
1048 1505 1223 1543 legendum,
1261 1505 1307 1534 vel
1331 1505 1491 1534 dicendum
1515 1508 1559 1534 est
1581 1503 1670 1532 haec:
1704 1513 1724 1531 α
1749 1500 1882 1540 furando
1912 1500 2022 1530 dicium

76 1545 112 1574 ab
135 1546 192 1574 alio
215 1556 276 1575 esse
297 1546 422 1574 adiecta.
460 1549 536 1575 Sane
557 1557 573 1575 a
595 1547 654 1575 Ms.
677 1547 761 1575 Pauli
785 1547 888 1575 codice
910 1547 1033 1583 absunt,
1062 1553 1095 1575 ut
1116 1548 1231 1576 monuit
1256 1548 1339 1576 Voss.
1381 1547 1415 1576 In
1438 1547 1579 1585 glossario
1602 1545 1709 1575 Isidori
1731 1545 1840 1583 forago
1864 1543 2022 1582 exponitur

76 1595 181 1617 trames
204 1585 310 1617 diversi
331 1587 448 1617 coloris.
477 1589 562 1617 Duc.
607 1590 646 1617 Ut
668 1600 776 1628 vorago
799 1599 816 1617 a
838 1588 986 1625 vorando,
1021 1600 1153 1629 propago
1175 1601 1191 1618 a
1214 1589 1423 1628 propagando,
1458 1588 1602 1629 plantago
1625 1599 1641 1618 a
1662 1586 1842 1627 plantando,
1882 1591 1910 1615 et
1931 1587 2021 1615 innu-

76 1639 156 1659 mera
178 1630 244 1659 alia.

241 1670 425 1702 Frutinal.
471 1672 500 1700 Si
521 1672 625 1701 liceret
647 1673 677 1701 in
700 1673 795 1711 prima
819 1673 902 1701 litera
927 1678 1057 1701 erratum
1081 1673 1194 1702 librarii
1218 1673 1387 1702 existimare
1409 1673 1440 1702 in
1461 1673 1520 1702 hoc
1542 1673 1678 1708 nomine,
1706 1676 1738 1700 ut
1760 1671 1789 1699 in
1813 1670 1876 1699 aliis
1898 1670 2021 1709 quibua-

76 1713 160 1749 dam,
192 1712 334 1742 Erucinal
354 1715 455 1753 potius
477 1715 634 1743 scriberem
659 1717 801 1754 templum
827 1715 947 1744 Veneris
971 1716 1125 1747 Erucinae.
1169 1716 1204 1745 Id
1233 1717 1323 1744 fuisse
1352 1716 1466 1754 duplex
1489 1717 1596 1744 Ruinae
1618 1716 1650 1743 in
1672 1713 1816 1752 Capitolio
1840 1719 1868 1742 et
1890 1713 1927 1742 ad
1949 1723 2022 1751 por-

76 1761 136 1785 tam
161 1756 320 1792 Collinam,
359 1761 487 1785 testatur
511 1758 610 1785 Livius
639 1758 688 1788 lib.
712 1759 806 1786 XXII.
830 1757 941 1786 XXIII.
965 1759 1064 1787 XXX.
1090 1759 1151 1788 XL.
1193 1759 1298 1787 Exstat
1325 1758 1412 1787 etiam
1439 1758 1576 1787 denarius
1599 1757 1629 1786 C.
1651 1756 1782 1785 Cousidii
1803 1756 1931 1784 Noniani
1953 1765 2021 1785 cum

76 1798 204 1837 templo,
241 1798 272 1827 in
303 1808 362 1837 quo
385 1799 471 1828 Erue.
495 1800 639 1839 scriptum
664 1805 716 1830 eet.
761 1801 839 1828 Illud
870 1810 955 1837 vero,
994 1801 1075 1839 quod
1105 1802 1134 1829 in
1159 1801 1259 1829 Sicilia
1280 1801 1426 1839 Erycinae
1450 1800 1557 1829 Veneri
1585 1804 1648 1828 erat
1670 1798 1815 1836 dicatum,
1852 1798 2020 1827 laudatores

75 1851 137 1869 non
161 1841 314 1869 desiderat.
359 1841 417 1870 Sed
440 1842 481 1870 nil
506 1847 613 1871 temere
635 1843 842 1871 affirmandum
867 1853 928 1871 esse
951 1853 1027 1872 reor.
1052 1844 1141 1873 Ani.
1159 1844 1251 1882 Aug.
1298 1843 1421 1872 Veneris
1443 1843 1528 1872 Fruti
1550 1842 1747 1872 meminerunt
1770 1840 1904 1869 Solinus:
1931 1840 2018 1876 Dum,

75 1883 187 1921 inquit,
212 1881 398 1911 simulacrum
423 1883 539 1913 dedicat
565 1884 672 1914 Veneri
693 1886 796 1922 matri,
821 1896 896 1926 quoe
918 1884 1001 1914 Fruti
1024 1885 1140 1915 dicitur.
1181 1887 1252 1914 Item
1276 1885 1430 1922 Augustin.
1454 1886 1503 1914 lib.
1516 1885 1565 1914 IV.
1590 1887 1718 1923 cap-21.
1744 1884 1781 1912 de
1805 1883 1907 1918 Civit.,
1930 1892 2018 1920 quam

73 1925 181 1955 Divom
204 1924 289 1953 ,Fruti
311 1924 407 1955 Seiam
433 1932 530 1956 vocat.
576 1928 679 1956 Trium
701 1927 808 1956 horum
832 1928 1026 1962 testimoniis,
1049 1929 1159 1964 solini,
1182 1929 1279 1964 Festi,
1303 1928 1458 1964 Augustini
1480 1937 1535 1957 cur
1557 1927 1644 1956 fidem
1669 1926 1830 1962 elevemus,
1861 1925 2018 1962 quominus

74 1967 208 1997 Frutinal
232 1968 378 2004 legamus,
415 1979 518 1998 causae
541 1980 600 1998 non
624 1976 677 2001 est.
724 1971 760 1999 At
782 1971 926 2000 Erucinae
949 1971 1070 1999 Veneris
1101 1971 1240 2009 templum
1265 1971 1322 2000 fuit
1347 1972 1462 2000 Romae.
1507 1969 1609 2006 Quid'?
1649 1970 1806 2008 Propterea
1828 1977 1888 1996 non
1909 1967 1967 2003 erit
1989 1971 2018 1996 et

76 2010 196 2039 Veneris
219 2010 320 2046 Fruti,
355 2013 524 2049 praesertim
549 2023 640 2050 quun]
665 2018 779 2041 constet
801 2014 890 2042 fuisse
914 2013 1054 2042 Venerem
1087 2015 1260 2052 cognomine
1284 2013 1390 2042 Fruti'?
1430 2013 1532 2051 Neque
1555 2022 1609 2041 nos
1632 2022 1690 2040 non
1715 2011 1841 2039 vidimus
1864 2017 2014 2037 numinum

74 2052 203 2081 Considii
227 2052 360 2082 Noniani.
407 2054 474 2082 Eius
504 2054 580 2083 enim
609 2056 725 2093 copiam
754 2061 782 2084 et
811 2056 937 2084 alioium
966 2057 1119 2084 vetustatis
1145 2063 1400 2085 monumentorum
1422 2055 1509 2084 nobis
1532 2055 1603 2083 fecit
1626 2051 1857 2091 Christophorus
1880 2052 2014 2090 Neytter,

73 2098 273 2132 Augustanus.
308 2098 346 2123 At
369 2095 548 2124 Glossarium
574 2098 747 2131 Erucium,
772 2109 828 2126 non
854 2098 1011 2134 Venerem,
1035 2098 1085 2126 sed
1110 2098 1176 2127 Isim
1201 2104 1298 2138 putat:
1324 2097 1485 2133 Erucinae,
1502 2096 1616 2132 Ἴσιδος.
1652 2095 1726 2124 Male
1747 2092 1837 2122 hodie
1860 2091 2014 2131 Erudnae3

73 2148 88 2164 a
112 2138 225 2166 Venere
249 2138 333 2165 Fruti
362 2137 440 2166 dicta
467 2145 509 2167 est
532 2138 676 2176 Frutilla,
708 2141 788 2179 ἴυγξ,
819 2140 886 2179 quia
914 2140 1019 2169 Veneri
1043 2141 1138 2169 dicata
1163 2146 1213 2169 est.
1253 2141 1383 2169 Glossae.
1421 2141 1487 2168 Sine
1516 2140 1607 2168 dubio
1629 2138 1712 2166 Fruti
1740 2136 1947 2165 detruncatum
1976 2146 2014 2165 ex

69 2177 241 2219 Ἀφροδίτη.
286 2181 358 2208 ham
389 2191 455 2209 cum
486 2187 555 2220 post
585 2187 716 2220 tempora
741 2182 852 2210 Numae
875 2183 903 2210 in
929 2183 1029 2211 urbem
1057 2182 1153 2211 Venus
1176 2187 1294 2221 recepta
1319 2183 1370 2217 sit,
1408 2193 1467 2211 non
1490 2182 1588 2221 potuit
1610 2180 1716 2209 habere
1741 2189 1844 2208 nomen
1869 2179 2012 2214 Latinum,

71 2222 122 2250 sed
154 2225 299 2251 (haecum
331 2223 481 2257 Afrodite,
521 2223 601 2262 quod
631 2225 791 2253 distortum
821 2225 850 2253 in
880 2224 971 2253 Frula
1002 2235 1053 2253 seu
1076 2224 1169 2254 Fruiz‘.
1213 2226 1261 2254 Sic
1290 2225 1377 2254 etium
1406 2223 1560 2254 dicebatur
1585 2222 1684 2252 Venus
1706 2222 1818 2257 Marti,
1855 2226 1889 2249 ut
1915 2220 2012 2249 Venus

48 2263 163 2294 .Fru1i.
211 2265 303 2293 varro
334 2266 394 2302 (lle
419 2267 448 2294 L.
475 2267 503 2295 [ι.
529 2267 569 2301 V,
595 2267 663 2298 154.
689 2268 776 2305 Sp.):
818 2266 941 2295 Intimus·
970 2268 1066 2297 circus
1092 2267 1188 2298 dicius
1215 2267 1257 2296 od
1280 2267 1414 2297 Munim.
1461 2267 1622 2305 Utrumque
1652 2270 1748 2295 autem
1777 2268 1875 2304 potest
1902 2263 1960 2291 dici
1983 2266 2011 2289 et

71 2305 155 2336 Fruri
178 2312 206 2336 et
228 2306 340 2344 Fruiia,
366 2308 433 2336 item
458 2308 557 2338 Illurti
579 2314 608 2337 et
631 2309 751 2338 Iilurtis.
775 2308 875 2339 Scal.
920 2310 1011 2347 Atqui
1035 2310 1058 2338 ai
1081 2310 1120 2338 ita
1145 2314 1206 2346 est,
1233 2310 1332 2339 Venus
1355 2315 1383 2338 et
1406 2309 1504 2338 Frutis
1522 2309 1602 2339 idem
1626 2313 1677 2339 est.
1715 2308 1781 2337 Non
1806 2311 1901 2345 potest
1923 2305 2009 2341 igitur

71 2347 169 2378 Frutis
190 2359 253 2378 esse
276 2350 397 2378 Veneris
420 2356 657 2388 cognomentum.
704 2353 803 2387 Quare
825 2353 924 2390 potius
952 2352 1123 2388 legendum:
1161 2351 1318 2388 Frucinal,
1354 2350 1489 2392 templum
1514 2350 1635 2381 Veneris
1657 2351 1748 2390 frugi.
1793 2344 1934 2392 Frucinal
1950 2353 2006 2383 ΡΆὋ

71 2390 224 2432 Fruginal.
267 2393 305 2421 Et
325 2393 364 2421 ita
385 2393 485 2422 Venus
506 2394 591 2433 frugi
619 2394 751 2423 caelestis
774 2394 825 2423 illa
848 2395 946 2424 venus
968 2395 1015 2425 ait.
1059 2395 1115 2424 Sed
1145 2394 1217 2424 mihi
1246 2396 1374 2425 maxime
1405 2395 1518 2434 placet,
1557 2399 1595 2424 ut
1613 2392 1712 2423 Frutis
1740 2392 1854 2422 dicatur
1877 2399 1890 2416 a
1909 2390 2005 2424 fluor,
