2263 2668
367 149 441 182 248
988 144 1127 178 SEXTI
1153 145 1352 180 POMPElI
1380 148 1517 181 FESTI

366 244 427 283 ita,
457 246 491 273 ut
518 239 740 282 opprobrium
767 237 958 271 mulieribus
984 238 1063 271 inde
1088 244 1231 273 tractum
1258 240 1315 280 sit,
1343 250 1420 273 cum
1447 241 1598 273 subare
1625 246 1658 273 et
1685 241 1826 274 subire
1853 242 2015 276 dicuntur.
2067 243 2142 277 Sus

366 293 598 326 Minervam
633 290 666 322 in
697 290 878 334 proverbio
907 294 975 332 est,
1019 290 1076 323 ubi
1103 292 1177 334 quis
1204 291 1237 323 id
1265 291 1367 324 docet
1392 293 1551 333 alterum,
1598 293 1689 324 cuius
1714 292 1787 335 ipse
1812 293 1930 327 inscius
1958 301 2013 327 est.
2041 307 2143 338 quam

364 355 434 377 rem
460 342 492 374 in
520 341 652 382 medio,
679 341 773 385 quod
801 341 907 382 aiunt,
934 341 1079 385 positam
1102 343 1209 375 Varro
1237 348 1269 375 et
1289 342 1499 376 Euhemerus
1526 343 1645 387 ineptis
1671 344 1794 386 mythis
1819 344 1987 379 involvere
2013 347 2143 381 malue-

365 400 456 432 runt,
499 404 599 434 quam
632 393 827 437 simpliciter
861 393 994 425 referre.
1048 393 1194 427 Strues
1220 405 1345 438 genera
1372 394 1519 427 liborum
1547 399 1639 435 sunt,
1682 395 1866 439 digitorum
1893 397 2144 433 coniunctorum

365 456 432 478 non
458 443 644 485 dissimilia,
684 445 759 488 qui,
800 444 986 488 superiecta
1009 445 1166 489 panicula
1192 445 1224 477 in
1250 451 1487 487 transversum,
1532 446 1748 480 continentur.
1801 447 1992 481 Struices
2019 450 2143 494 antiqui

366 496 521 529 dicebant
548 496 767 529 extructiones
795 496 943 529 omnium
969 507 1089 530 rerum.
1142 498 1293 529 Plautus:

469 554 655 588 Cerialis
682 567 838 590 caenas
865 556 945 590 dat.
977 556 1035 588 ita
1062 568 1222 589 mensas
1249 557 1424 596 extruit,

468 612 607 639 tantas
634 608 816 642 struices
843 607 1074 642 concinnat
1100 607 1345 653 patinarias.

368 677 412 709 Et
434 675 565 709 Livius:

470 746 550 778 quo
578 735 789 778 Castalia,
827 747 904 780 per
930 736 1106 770 struices
1133 748 1278 770 saxeas
1305 737 1430 780 lapsu
1457 737 1626 770 accidit.

368 801 583 845 struere¹‚
617 816 657 837 an
674 801 791 853 ntiqui
819 804 976 839 dicebant
1001 816 1064 849 pro
1090 805 1242 846 adicere,
1276 816 1419 849 augere,
1453 805 1542 838 unde
1568 805 1744 838 industrios
1771 816 1916 849 quoque.
1943 805 1993 838 M.
2037 805 2143 851 [121]

368 855 471 889 Cato:
515 856 623 897 iure,
665 856 782 901 lege,
826 856 1051 897 libertate,
1096 857 1199 901 Rep.
1223 857 1498 890 communiter
1524 858 1583 890 uti
1611 861 1803 901 oportet:
1849 857 1993 902 gloria
2019 862 2146 900 atque

238 912 271 936 'f-
291 914 318 935 at
368 907 553 950 honore,
581 908 792 950 quomodo
820 908 901 940 sibi
927 908 1103 951 quisque
1130 909 1292 942 struxit.
1320 912 1397 940 aut*
1420 909 1453 941 in
1476 909 1550 941 ΧΠ.
1578 909 1670 952 quod
1698 913 1762 942 est:
1788 909 1819 941 si
1845 908 2049 948 calvitur,
2075 920 2147 953 pe-

370 958 459 992 dem
471 970 518 992 ve
553 959 697 992 struit:
743 970 902 992 manum
939 959 1045 992 endo
1079 960 1221 993 iacito.
1282 960 1350 992 Alii
1383 965 1501 1004 putant
1526 960 1713 1005 significare
1739 966 1899 993 retrorsus
1924 960 1989 999 ire;
2032 960 2087 992 alii
2112 960 2146 993 in

214 1020 251 1044 Ὗ.
270 1011 467 1052 sugerealiarn
494 1014 641 1055 partem;
686 1010 741 1043 alii
766 1011 881 1050 fure*;
924 1010 978 1042 alii
1005 1011 1149 1056 gradum
1176 1022 1319 1056 augere3
1362 1012 1418 1044 alii
1446 1012 1611 1051 minuere3
1656 1009 1733 1045 ac2
1762 1012 1827 1044 vix
1862 1011 2011 1056 pedem
2045 1011 2146 1056 pedi

214 1071 252 1095 Ὗ.
272 1061 581 1107 Ateiuspraefert,
626 1062 766 1095 otiose
791 1063 842 1103 it,
885 1067 1129 1096 remoratur.
1193 1063 1391 1107 Scoppus
1418 1068 1484 1103 est,
1523 1068 1558 1096 ut
1578 1063 1727 1096 Adeius*
1750 1063 1950 1108 Philologus
1976 1063 2147 1105 existimat,

198 1113 463 1158 ’stazodwovquod
486 1113 617 1146 Graece
645 1110 844 1160 συρόφιον*
869 1118 1014 1147 vocatur.
1042 1120 1073 1147 et
1099 1114 1191 1158 quod
1218 1115 1407 1148 sacerdotes
1433 1126 1496 1159 pro
1520 1115 1639 1160 insigni
1661 1115 1787 1148 habent
1808 1116 1842 1148 in
1863 1115 1984 1159 capite.
2010 1113 2148 1158 quidam

373 1176 532 1200 coronam
559 1176 629 1197 esse
655 1165 787 1207 dicunt,
832 1170 887 1197 aut
914 1166 1006 1209 quod
1033 1177 1095 1209 pro
1123 1177 1249 1200 corona
1279 1166 1406 1212 insigne
1431 1167 1464 1199 in
1491 1172 1593 1211 caput
1618 1167 1827 1211 imponatur,
1871 1166 1971 1210 quale
1997 1166 2035 1199 sit
2060 1170 2148 1198 stro-

222 1224 261 1251 Ὗ,
280 1223 345 1249 diem
373 1216 500 1261 phium.
537 1216 648 1259 itaque
675 1216 767 1261 apud
793 1216 942 1251 Faliscos
967 1217 1081 1250 idem*
1103 1218 1221 1250 festum
1250 1229 1339 1258 esse,
1375 1218 1433 1261 qui
1460 1224 1598 1252 vocetur
1624 1219 1859 1263 Struppearia,
1896 1218 1974 1262 quia
2001 1216 2150 1251 coronati

373 1269 552 1301 ambulent.
580 1272 613 1300 et
635 1279 654 1300 a
676 1268 888 1309 Tusculanis,
915 1268 1007 1312 quod
1027 1268 1060 1301 in
1078 1269 1242 1313 pulvinari
1264 1269 1453 1314 imponatur
1474 1269 1635 1312 Castoris,
1662 1274 1836 1314 struppum
1860 1268 1981 1303 vocari.
2033 1269 2146 1302 Stra-

372 1319 512 1353 theum
544 1319 577 1351 in
609 1319 715 1352 mimis
741 1319 923 1364 praecipue
950 1325 1071 1354 vocant
1098 1322 1276 1354 obscenam
1302 1328 1433 1365 partem
1459 1321 1605 1363 virilem,
1649 1333 1668 1353 a
1694 1322 1862 1355 salacitate
1887 1321 2043 1354 videlicet
2067 1331 2148 1365 pas-

371 1372 468 1412 seris,
504 1370 561 1414 qui
585 1370 717 1405 Graece
743 1371 888 1404 struthos
916 1371 1043 1405 dicitur.
1098 1372 1292 1405 Strenam
1319 1384 1494 1414 vocamuS,
1531 1384 1617 1415 quae
1645 1372 1742 1405 datur
1768 1372 1823 1405 die
1848 1372 2027 1417 religioso,
2062 1371 2147 1404 omi-.-

200 1423 417 1456 'f-tertium-nis
441 1423 520 1455 boni
542 1422 649 1467 gratia
673 1434 692 1455 a
714 1434 872 1464 numero,
899 1434 966 1466 quo
994 1423 1197 1468 significatur
1220 1424 1379 1465 alterum,
1406 1424 1623 1467 initiumque*
1647 1429 1822 1457 venturum
1845 1423 1955 1456 similis
1977 1422 2147 1457 commodi

254 1469 304 1494 ‘³¹¹⁸
371 1474 472 1507 veluti
498 1479 643 1515 trenam,
671 1475 863 1518 praeposita
889 1486 903 1506 s
930 1475 1058 1516 littera,
1087 1481 1122 1508 ut
1147 1476 1180 1508 in
1206 1475 1302 1517 loco,
1330 1481 1362 1508 et
1388 1475 1444 1508 lite
1470 1476 1621 1508 solebant
1647 1475 1781 1519 antiqui.
1833 1475 2033 1508 strebula
2059 1474 2148 1508 Um-

370 1526 465 1560 brico
493 1526 626 1558 nomine
646 1525 783 1558 Plautus
803 1525 956 1570 appellat
979 1526 1176 1560 coxendices
1196 1526 1282 1559 hosti
1299 1523 1319 1575 Η
1335 1537 1445 1567 arum,
1473 1538 1554 1570 quas
1577 1527 1711 1560 Graeci
1730 1525 1843 1573 μηρία
1867 1526 2006 1567 dicunt,
2043 1524 2147 1572 [122]

372 1588 462 1622 quae
484 1578 519 1610 in
539 1576 653 1609 altaria
675 1577 803 1622 imponi
827 1576 1004 1619 solebant,
1032 1582 1069 1610 ut
1089 1578 1238 1611 Plautus
1265 1579 1311 1610 ait
1336 1579 1368 1610 in
1392 1578 1608 1611 Friuolaria:
1636 1577 1850 1612 strebula
1878 1577 2030 1622 agnina
2056 1581 2151 1610 tene

372 1654 935 1661 ..........
990 1629 1116 1662 bulis.
1170 1630 1313 1663 Stlata
1338 1640 1453 1674 genus
1480 1633 1556 1663 erat
1582 1630 1737 1675 navigii,
1763 1629 1867 1662 latum
1888 1629 2016 1674 magis,
2044 1639 2151 1674 quam

373 1680 502 1721 altum,
536 1680 586 1712 sic
612 1679 821 1724 appellatum
850 1692 874 1713 a
901 1680 1104 1721 latitudine,
1138 1681 1203 1714 sed
1230 1693 1274 1714 ea
1300 1681 1554 1723 consuetudine,
1592 1692 1662 1726 qna
1687 1681 1833 1714 stlocum
1857 1691 1925 1726 pro
1951 1681 2083 1723 locum,
2118 1683 2151 1713 et

373 1731 499 1764 stlitem
526 1731 651 1774 antiqui
673 1742 742 1776 pro
769 1731 865 1764 litem
892 1731 1067 1765 dicebant.
1121 1731 1359 1774 Stlembns,
1386 1733 1514 1777 gravis,
1540 1733 1676 1775 tardus,
1701 1733 1791 1765 sicut
1811 1732 1967 1765 Lucilius
2017 1757 2025 1764 .
2079 1757 2087 1764 .
2140 1756 2150 1764 .

207 1788 241 1811 ·f.
266 1787 366 1812 stellio·
377 1782 544 1827 Apulidae
572 1781 720 1826 pedibus
745 1782 929 1816 stlembum
955 1783 1063 1825 dixit,
1090 1795 1167 1818 cum
1190 1784 1291 1817 refert
1311 1795 1434 1829 equum
1454 1785 1605 1829 pigrum
1628 1788 1660 1817 et
1679 1784 1835 1819 tardum.
1890 1783 2150 1817 Stelionem*

263 1829 316 1846 '¹⁸¹¹'
376 1845 485 1878 genus
501 1834 597 1867 aiunt
615 1834 790 1874 lacertae,
812 1834 906 1879 qnod
922 1834 1055 1867 Verrius
1077 1835 1206 1869 dictum
1234 1836 1303 1876 ait,
1327 1836 1409 1880 quia
1436 1836 1531 1869 viras
1551 1836 1650 1869 stillet
1665 1836 1759 1876 cibo,
1780 1835 1909 1879 potius,
1931 1845 2039 1880 quam
2058 1833 2152 1879 quod

241 1889 275 1912 Ὗ.
293 1889 334 1913 alii
377 1885 488 1918 alibi*
509 1897 528 1918 a
544 1885 711 1918 stellarum
735 1886 977 1927 similitudine,
1003 1886 1088 1931 quia
1105 1888 1231 1920 varium
1256 1893 1311 1920 est.
1357 1886 1426 1920 Sti
1428 1885 1556 1932 Ρεεηι3
1583 1887 1748 1920 dicebant
1770 1887 1950 1932 pecuniam
1971 1886 2151 1931 signatam,

379 1936 470 1980 quod
483 1937 694 1982 stiparetur:
715 1937 793 1970 ideo
812 1938 964 1982 stipulari
980 1938 1111 1971 dicitur
1124 1938 1164 1979 is,
1181 1939 1240 1984 qui
1256 1939 1488 1983 interrogatus,
1505 1939 1653 1983 spondet
1667 1939 1803 1983 stipem,
1819 1938 1858 1971 id
1874 1941 1923 1971 est
1945 1949 2008 1972 aes„
2036 1937 2151 1970 Stir-

381 1986 509 2029 pem4
536 1989 570 2021 in
596 1989 789 2022 masculino
815 2000 946 2034 genere
973 1989 1097 2033 antiqui
1121 1994 1337 2035 usurparunt
1359 2001 1429 2035 pro
1454 2001 1493 2022 eo
1520 1990 1615 2034 quod
1641 1993 1711 2031 est,
1744 1990 1889 2031 semina,
1915 1989 2152 2034 metaphorice

382 2036 543 2081 dicentes,
550 2044 679 2084 poetae
691 2052 778 2083 quae
793 2051 878 2074 nunc
897 2041 929 2073 in
940 2040 1100 2086 femineo
1109 2041 1299 2087 proferunt
1312 2052 1452 2087 genere.
1478 2041 1610 2074 Livius:
1626 2041 1810 2074 tradunt
1826 2040 2040 2086 familias
2055 2049 2151 2085 quo·-

384 2087 554 2121 rundam
582 2091 893 2135 Romanorum,
919 2092 1110 2126 Troiano
1135 2094 1282 2138 stirpe
1302 2097 1406 2126 ante
1432 2093 1653 2127 conditam
1675 2093 1853 2126 Romam
1874 2094 2149 2138 procreatas.

439 2243 445 2249 ¹
470 2201 497 2242 1)
522 2204 668 2249 struem]
704 2208 832 2237 Adicere
862 2220 917 2248 pro
947 2210 1094 2247 adiicere,
1126 2211 1246 2250 antiqua
1289 2210 1502 2240 POPVLVS.
1555 2210 1779 2240 ROMANVS.
1833 2210 1969 2240 ΛΝΝΟ.
2019 2206 2150 2237 NOVO·

388 2243 537 2272 ncnbendn
560 2250 770 2279 consuetudine
791 2252 822 2279 in
845 2253 1007 2291 exemplari
1024 2258 1179 2282 exaratum
1194 2259 1248 2283 est.
1289 2253 1486 2282 APSENTI.
1513 2253 1747 2282 CONTVLIT.
1779 2253 1813 2282 V
1811 2251 1998 2282 OLKANO.
2039 2251 2151 2288 Su'pem

394 2285 442 2313 Ur
449 2297 471 2313 ⁸·
499 2303 532 2307 “-
558 2286 586 2325 Ξ)
608 2288 699 2335 Lege:
731 2293 828 2321 Struit
850 2305 887 2322 ac
910 2297 961 2322 vix
983 2301 1037 2326 cet.
1059 2312 1101 2318 -
1131 2298 1162 2333 3)
1187 2298 1248 2325 Sti·
1291 2296 1426 2333 scilicet,
1456 2306 1544 2334 quam
1568 2296 1751 2325 Glossarium
1772 2295 2003 2335 interpretatur,
2030 2291 2149 2330 ἐλεημο-

384 2327 473 2367 penu]
500 2328 627 2367 Antiqua
649 2332 803 2370 inscriptio
835 2337 864 2364 in
897 2336 1013 2365 schedis
1035 2338 1115 2376 apud
1138 2349 1184 2367 me
1207 2339 1250 2367 sic
1291 2336 1396 2378 σύνην.
1426 2338 1500 2368 Urs.
1525 2354 1565 2361 ——
1588 2336 1617 2379 4)
1642 2337 1795 2377 Stirpem]
1818 2338 1891 2367 Vide
1912 2338 1942 2366 in
1959 2334 2149 2365 Nautiorum.

387 2369 493 2399 habel:
516 2371 604 2399 IMP-
632 2371 809 2405 CAESAR.
830 2379 935 2407 DIVI.
950 2378 984 2408 F.
1006 2379 1248 2410 AVGVSTVS.
1293 2380 1443 2410 Charisius
1473 2381 1526 2410 lib.
1552 2384 1574 2410 1.
1604 2381 1686 2410 addit
1718 2381 1888 2420 exemplum
1915 2376 2045 2408 Pacuvii.-
2089 2374 2150 2410 Qui

389 2413 624 2443 PONTJFEX·
643 2414 853 2447 MAXLUVS.
876 2422 944 2448 EX.
961 2421 1095 2451 STIPE.
1115 2424 1249 2461 QVAM.
1293 2424 1416 2463 stirpem
1440 2424 1553 2453 occidit
1574 2433 1682 2454 meum.
1713 2423 1791 2453 Urs.
1813 2438 1855 2444 —
1876 2420 1908 2462 5)
1922 2416 2044 2457 Stipeffl]
2069 2417 2150 2445 0⁸⁰⁸·
