<?xml version="1.0" encoding="UTF-8"?>
<!DOCTYPE html PUBLIC "-//W3C//DTD XHTML 1.0 Transitional//EN"
    "http://www.w3.org/TR/xhtml1/DTD/xhtml1-transitional.dtd">
<html xmlns="http://www.w3.org/1999/xhtml" xml:lang="en" lang="en">
 <head>
  <title>
</title>
<meta http-equiv="Content-Type" content="text/html;charset=utf-8" />
  <meta name='ocr-system' content='tesseract 3.04.00' />
  <meta name='ocr-capabilities' content='ocr_page ocr_carea ocr_par ocr_line ocrx_word'/>
</head>
<body>
  <div class='ocr_page' id='page_1' title='image "./corpusgrammatico01linduoft_1068.png"; bbox 0 0 2263 2668; ppageno 0'>
   <div class='ocr_carea' id='block_1_1' title="bbox 230 155 1748 199">
    <p class='ocr_par' dir='ltr' id='par_1_1' title="bbox 230 155 1748 199">
     <span class='ocr_line' id='line_1_1' title="bbox 230 155 1748 199; baseline -0.005 0"><span class='ocrx_word' id='word_1_1' title='bbox 230 166 306 199; x_wconf 74' lang='lat'><em>640</em></span> <span class='ocrx_word' id='word_1_2' title='bbox 661 155 1007 193; x_wconf 86' lang='lat' dir='ltr'><em>COMMENTARII</em></span> <span class='ocrx_word' id='word_1_3' title='bbox 1031 156 1080 189; x_wconf 91' lang='grc' dir='ltr'><em>ΙΝ</em></span> <span class='ocrx_word' id='word_1_4' title='bbox 1104 156 1248 191; x_wconf 92' lang='lat' dir='ltr'><strong>PAULI</strong></span> <span class='ocrx_word' id='word_1_5' title='bbox 1273 156 1469 192; x_wconf 89' lang='lat' dir='ltr'><em>DIACONI</em></span> <span class='ocrx_word' id='word_1_6' title='bbox 1494 156 1748 192; x_wconf 86' lang='lat' dir='ltr'><strong>EXCERPTA</strong></span> 
     </span>
    </p>
   </div>
   <div class='ocr_carea' id='block_1_2' title="bbox 230 248 2188 2450">
    <p class='ocr_par' dir='ltr' id='par_1_2' title="bbox 230 248 2176 424">
     <span class='ocr_line' id='line_1_2' title="bbox 230 248 2176 299; baseline -0.003 -11"><span class='ocrx_word' id='word_1_7' title='bbox 230 264 439 299; x_wconf 72' lang='lat' dir='ltr'><em>praetereuntes</em></span> <span class='ocrx_word' id='word_1_8' title='bbox 461 263 546 281; x_wconf 82' lang='lat' dir='ltr'><em>naves</em></span> <span class='ocrx_word' id='word_1_9' title='bbox 567 249 739 290; x_wconf 77' lang='lat' dir='ltr'><strong><em>impedirent</em></strong></span> <span class='ocrx_word' id='word_1_10' title='bbox 761 257 787 278; x_wconf 76' lang='lat' dir='ltr'><em>et</em></span> <span class='ocrx_word' id='word_1_11' title='bbox 810 250 895 289; x_wconf 82' lang='lat' dir='ltr'><em>quasi</em></span> <span class='ocrx_word' id='word_1_12' title='bbox 917 249 1068 279; x_wconf 73' lang='lat' dir='ltr'><em>irretirent.</em></span> <span class='ocrx_word' id='word_1_13' title='bbox 1114 248 1233 279; x_wconf 81' lang='lat' dir='ltr'><em>Idcirco</em></span> <span class='ocrx_word' id='word_1_14' title='bbox 1255 262 1314 280; x_wconf 83' lang='lat' dir='ltr'><em>sese</em></span> <span class='ocrx_word' id='word_1_15' title='bbox 1335 250 1475 279; x_wconf 77' lang='lat' dir='ltr'><em>arbitrari</em></span> <span class='ocrx_word' id='word_1_16' title='bbox 1497 248 1621 278; x_wconf 73' lang='lat' dir='ltr'><em>retanda</em></span> <span class='ocrx_word' id='word_1_17' title='bbox 1640 250 1773 290; x_wconf 82' lang='lat' dir='ltr'><em>flumina</em></span> <span class='ocrx_word' id='word_1_18' title='bbox 1794 249 1890 280; x_wconf 86' lang='lat' dir='ltr'><em>locari</em></span> <span class='ocrx_word' id='word_1_19' title='bbox 1917 251 2005 281; x_wconf 74' lang='lat' dir='ltr'><em>solita</em></span> <span class='ocrx_word' id='word_1_20' title='bbox 2033 264 2107 292; x_wconf 79' lang='lat' dir='ltr'><em>esse;</em></span> <span class='ocrx_word' id='word_1_21' title='bbox 2143 254 2176 284; x_wconf 73' lang='lat' dir='ltr'><em>id</em></span> 
     </span>
     <span class='ocr_line' id='line_1_3' title="bbox 232 289 2176 340; baseline -0.001 -15"><span class='ocrx_word' id='word_1_22' title='bbox 232 309 290 338; x_wconf 61' lang='grc' dir='ltr'><em>ρει,</em></span> <span class='ocrx_word' id='word_1_23' title='bbox 311 295 482 340; x_wconf 73' lang='lat' dir='ltr'><em>purganda,</em></span> <span class='ocrx_word' id='word_1_24' title='bbox 505 305 538 321; x_wconf 81' lang='lat' dir='ltr'><em>ne</em></span> <span class='ocrx_word' id='word_1_25' title='bbox 560 292 632 333; x_wconf 81' lang='lat' dir='ltr'><em>quid</em></span> <span class='ocrx_word' id='word_1_26' title='bbox 654 301 704 321; x_wconf 82' lang='lat' dir='ltr'><em>aut</em></span> <span class='ocrx_word' id='word_1_27' title='bbox 727 303 825 322; x_wconf 89' lang='lat' dir='ltr'><em>morae</em></span> <span class='ocrx_word' id='word_1_28' title='bbox 847 298 897 319; x_wconf 82' lang='lat' dir='ltr'><em>aut</em></span> <span class='ocrx_word' id='word_1_29' title='bbox 917 289 1043 329; x_wconf 85' lang='lat' dir='ltr'><em>periculi</em></span> <span class='ocrx_word' id='word_1_30' title='bbox 1066 291 1187 321; x_wconf 83' lang='lat' dir='ltr'><em>navibus</em></span> <span class='ocrx_word' id='word_1_31' title='bbox 1209 294 1239 322; x_wconf 85' lang='lat' dir='ltr'><em>in</em></span> <span class='ocrx_word' id='word_1_32' title='bbox 1262 305 1294 322; x_wconf 83' lang='lat' dir='ltr'><em>ea</em></span> <span class='ocrx_word' id='word_1_33' title='bbox 1317 292 1443 331; x_wconf 75' lang='lat' dir='ltr'><em>virgulta</em></span> <span class='ocrx_word' id='word_1_34' title='bbox 1466 291 1660 321; x_wconf 75' lang='lat' dir='ltr'><em>incidentibus</em></span> <span class='ocrx_word' id='word_1_35' title='bbox 1674 293 1768 332; x_wconf 78' lang='lat' dir='ltr'><em>fieret.</em></span> <span class='ocrx_word' id='word_1_36' title='bbox 1791 292 1879 323; x_wconf 79' lang='lat' dir='ltr'><em>Ant.</em></span> <span class='ocrx_word' id='word_1_37' title='bbox 1897 293 1994 334; x_wconf 81' lang='lat' dir='ltr'><em>Aug.</em></span> <span class='ocrx_word' id='word_1_38' title='bbox 2030 295 2074 324; x_wconf 89' lang='lat' dir='ltr'><em>Ita</em></span> <span class='ocrx_word' id='word_1_39' title='bbox 2095 296 2176 326; x_wconf 83' lang='lat' dir='ltr'><em>hunc</em></span> 
     </span>
     <span class='ocr_line' id='line_1_4' title="bbox 231 333 2175 375; baseline -0.002 -3"><span class='ocrx_word' id='word_1_40' title='bbox 231 345 331 372; x_wconf 87' lang='lat' dir='ltr'><em>locum</em></span> <span class='ocrx_word' id='word_1_41' title='bbox 355 346 382 368; x_wconf 82' lang='lat' dir='ltr'><em>et</em></span> <span class='ocrx_word' id='word_1_42' title='bbox 406 348 456 373; x_wconf 72' lang='lat' dir='ltr'><em>ego</em></span> <span class='ocrx_word' id='word_1_43' title='bbox 480 336 550 363; x_wconf 87' lang='lat' dir='ltr'><em>olim</em></span> <span class='ocrx_word' id='word_1_44' title='bbox 573 336 778 374; x_wconf 85' lang='lat' dir='ltr'><em>suppleveram</em></span> <span class='ocrx_word' id='word_1_45' title='bbox 802 344 840 362; x_wconf 81' lang='lat' dir='ltr'><em>ex</em></span> <span class='ocrx_word' id='word_1_46' title='bbox 864 334 960 362; x_wconf 78' lang='lat' dir='ltr'><em>Gellio</em></span> <span class='ocrx_word' id='word_1_47' title='bbox 983 333 1098 364; x_wconf 72' lang='lat' dir='ltr'><em>lib-XI.</em></span> <span class='ocrx_word' id='word_1_48' title='bbox 1120 344 1145 363; x_wconf 86' lang='lat' dir='ltr'><em>c·</em></span> <span class='ocrx_word' id='word_1_49' title='bbox 1161 338 1208 367; x_wconf 90' lang='lat'><em>17.</em></span> <span class='ocrx_word' id='word_1_50' title='bbox 1241 336 1313 364; x_wconf 88' lang='lat' dir='ltr'><em>Inde</em></span> <span class='ocrx_word' id='word_1_51' title='bbox 1334 335 1466 363; x_wconf 81' lang='lat' dir='ltr'>Isidorus</span> <span class='ocrx_word' id='word_1_52' title='bbox 1491 335 1533 372; x_wconf 90' lang='lat' dir='ltr'><em>(in</em></span> <span class='ocrx_word' id='word_1_53' title='bbox 1552 335 1692 372; x_wconf 81' lang='lat' dir='ltr'><em>Glossis):</em></span> <span class='ocrx_word' id='word_1_54' title='bbox 1718 333 1872 371; x_wconf 76' lang='lat' dir='ltr'><em>Retanda,</em></span> <span class='ocrx_word' id='word_1_55' title='bbox 1896 336 2063 375; x_wconf 79' lang='lat' dir='ltr'><em>purganda.</em></span> <span class='ocrx_word' id='word_1_56' title='bbox 2087 337 2175 368; x_wconf 82' lang='lat' dir='ltr'><em>Dac.</em></span> 
     </span>
     <span class='ocr_line' id='line_1_5' title="bbox 233 375 2050 424; baseline -0.003 -12"><span class='ocrx_word' id='word_1_57' title='bbox 233 381 385 424; x_wconf 75' lang='lat' dir='ltr'><em>Repanda.</em></span> <span class='ocrx_word' id='word_1_58' title='bbox 416 378 556 406; x_wconf 70' lang='lat' dir='ltr'><em>Retanda.</em></span> <span class='ocrx_word' id='word_1_59' title='bbox 594 378 669 406; x_wconf 81' lang='lat' dir='ltr'><em>Hinc</em></span> <span class='ocrx_word' id='word_1_60' title='bbox 680 378 814 418; x_wconf 83' lang='lat' dir='ltr'><em>flumina</em></span> <span class='ocrx_word' id='word_1_61' title='bbox 837 375 991 412; x_wconf 73' lang='lat' dir='ltr'><em>Remmia,</em></span> <span class='ocrx_word' id='word_1_62' title='bbox 1014 375 1131 404; x_wconf 87' lang='lat' dir='ltr'><em>arbores</em></span> <span class='ocrx_word' id='word_1_63' title='bbox 1151 376 1259 415; x_wconf 80' lang='lat' dir='ltr'><em>Reme,</em></span> <span class='ocrx_word' id='word_1_64' title='bbox 1284 378 1359 406; x_wconf 86' lang='lat' dir='ltr'><em>Gell.</em></span> <span class='ocrx_word' id='word_1_65' title='bbox 1377 377 1434 413; x_wconf 88' lang='lat' dir='ltr'><em>XI,</em></span> <span class='ocrx_word' id='word_1_66' title='bbox 1460 381 1509 409; x_wconf 87' lang='lat'><em>17.</em></span> <span class='ocrx_word' id='word_1_67' title='bbox 1549 376 1702 416; x_wconf 76' lang='lat' dir='ltr'><em>Pampina.</em></span> <span class='ocrx_word' id='word_1_68' title='bbox 1732 377 1896 416; x_wconf 83' lang='lat' dir='ltr'><em>Pomptina.</em></span> <span class='ocrx_word' id='word_1_69' title='bbox 1944 377 2050 408; x_wconf 71' lang='lat' dir='ltr'><em>Goth.</em></span> 
     </span>
    </p>

    <p class='ocr_par' dir='ltr' id='par_1_3' title="bbox 231 417 2178 508">
     <span class='ocr_line' id='line_1_6' title="bbox 394 417 2178 458; baseline 0.002 -10"><span class='ocrx_word' id='word_1_70' title='bbox 394 419 513 450; x_wconf 75' lang='lat' dir='ltr'><em>Ritus.</em></span> <span class='ocrx_word' id='word_1_71' title='bbox 558 420 632 449; x_wconf 84' lang='lat' dir='ltr'><em>Vide</em></span> <span class='ocrx_word' id='word_1_72' title='bbox 654 431 726 450; x_wconf 86' lang='lat' dir='ltr'><em>mos.</em></span> <span class='ocrx_word' id='word_1_73' title='bbox 747 419 835 448; x_wconf 82' lang='lat' dir='ltr'><em>Dae.</em></span> <span class='ocrx_word' id='word_1_74' title='bbox 873 417 963 447; x_wconf 80' lang='lat' dir='ltr'><em>Ritus</em></span> <span class='ocrx_word' id='word_1_75' title='bbox 985 425 1025 446; x_wconf 77' lang='lat' dir='ltr'><em>est</em></span> <span class='ocrx_word' id='word_1_76' title='bbox 1048 429 1119 446; x_wconf 86' lang='lat' dir='ltr'><em>mos.</em></span> <span class='ocrx_word' id='word_1_77' title='bbox 1158 419 1239 455; x_wconf 85' lang='lat' dir='ltr'><em>Quae</em></span> <span class='ocrx_word' id='word_1_78' title='bbox 1261 425 1430 458; x_wconf 83' lang='lat' dir='ltr'><em>sequuntur</em></span> <span class='ocrx_word' id='word_1_79' title='bbox 1454 420 1540 458; x_wconf 81' lang='lat' dir='ltr'><em>plane</em></span> <span class='ocrx_word' id='word_1_80' title='bbox 1563 419 1717 458; x_wconf 80' lang='lat' dir='ltr'><em>deplorata</em></span> <span class='ocrx_word' id='word_1_81' title='bbox 1741 425 1826 455; x_wconf 82' lang='lat' dir='ltr'><em>sunt,</em></span> <span class='ocrx_word' id='word_1_82' title='bbox 1852 430 1947 458; x_wconf 87' lang='lat' dir='ltr'><em>neque</em></span> <span class='ocrx_word' id='word_1_83' title='bbox 1970 421 2006 449; x_wconf 87' lang='lat' dir='ltr'><em>ad</em></span> <span class='ocrx_word' id='word_1_84' title='bbox 2029 421 2105 451; x_wconf 91' lang='lat' dir='ltr'><em>idem</em></span> <span class='ocrx_word' id='word_1_85' title='bbox 2129 433 2178 451; x_wconf 88' lang='lat' dir='ltr'><em>ca-</em></span> 
     </span>
     <span class='ocr_line' id='line_1_7' title="bbox 231 460 1921 508; baseline -0.002 -14"><span class='ocrx_word' id='word_1_86' title='bbox 231 474 287 508; x_wconf 83' lang='lat' dir='ltr'><em>put</em></span> <span class='ocrx_word' id='word_1_87' title='bbox 308 465 452 505; x_wconf 81' lang='lat' dir='ltr'><em>pertinere</em></span> <span class='ocrx_word' id='word_1_88' title='bbox 474 463 622 491; x_wconf 84' lang='lat' dir='ltr'><em>videntur.</em></span> <span class='ocrx_word' id='word_1_89' title='bbox 646 461 755 491; x_wconf 79' lang='lat' dir='ltr'><em>Idem.</em></span> <span class='ocrx_word' id='word_1_90' title='bbox 795 460 831 489; x_wconf 83' lang='lat' dir='ltr'><em>In</em></span> <span class='ocrx_word' id='word_1_91' title='bbox 853 461 1018 500; x_wconf 74' lang='lat' dir='ltr'><em>sacrificiis.</em></span> <span class='ocrx_word' id='word_1_92' title='bbox 1054 461 1136 489; x_wconf 80' lang='lat' dir='ltr'><em>Facit</em></span> <span class='ocrx_word' id='word_1_93' title='bbox 1156 463 1268 491; x_wconf 85' lang='lat' dir='ltr'><em>Nonius</em></span> <span class='ocrx_word' id='word_1_94' title='bbox 1292 465 1370 501; x_wconf 76' lang='lat' dir='ltr'><em>(pag.</em></span> <span class='ocrx_word' id='word_1_95' title='bbox 1383 464 1456 493; x_wconf 86' lang='lat'><em>494.</em></span> <span class='ocrx_word' id='word_1_96' title='bbox 1482 461 1581 500; x_wconf 76' lang='lat' dir='ltr'><em>Mero.)</em></span> <span class='ocrx_word' id='word_1_97' title='bbox 1607 463 1638 490; x_wconf 89' lang='lat' dir='ltr'><em>iu</em></span> <span class='ocrx_word' id='word_1_98' title='bbox 1659 461 1770 491; x_wconf 78' lang='lat' dir='ltr'><em>Riiuis.</em></span> <span class='ocrx_word' id='word_1_99' title='bbox 1818 461 1921 491; x_wconf 76' lang='lat' dir='ltr'><em>Goth.</em></span> 
     </span>
    </p>

    <p class='ocr_par' dir='ltr' id='par_1_4' title="bbox 232 502 2179 582">
     <span class='ocr_line' id='line_1_8' title="bbox 395 502 2179 543; baseline 0.001 -8"><span class='ocrx_word' id='word_1_100' title='bbox 395 505 635 535; x_wconf 79' lang='lat' dir='ltr'><em>Retractare.</em></span> <span class='ocrx_word' id='word_1_101' title='bbox 682 505 785 534; x_wconf 81' lang='lat' dir='ltr'><em>Horat.</em></span> <span class='ocrx_word' id='word_1_102' title='bbox 808 503 882 540; x_wconf 81' lang='lat' dir='ltr'><em>(0d·</em></span> <span class='ocrx_word' id='word_1_103' title='bbox 900 503 941 539; x_wconf 80' lang='lat' dir='ltr'><em>ll,</em></span> <span class='ocrx_word' id='word_1_104' title='bbox 968 505 999 538; x_wconf 88' lang='lat'><em>1,</em></span> <span class='ocrx_word' id='word_1_105' title='bbox 1024 505 1109 540; x_wconf 79' lang='lat'><em>37.):</em></span> <span class='ocrx_word' id='word_1_106' title='bbox 1146 503 1204 533; x_wconf 84' lang='lat' dir='ltr'><em>Sed</em></span> <span class='ocrx_word' id='word_1_107' title='bbox 1234 517 1267 533; x_wconf 86' lang='lat' dir='ltr'><em>ne</em></span> <span class='ocrx_word' id='word_1_108' title='bbox 1296 504 1405 533; x_wconf 75' lang='lat' dir='ltr'><em>relictis</em></span> <span class='ocrx_word' id='word_1_109' title='bbox 1431 504 1524 533; x_wconf 61' lang='lat' dir='ltr'><em>Zlffusa</em></span> <span class='ocrx_word' id='word_1_110' title='bbox 1551 514 1671 543; x_wconf 82' lang='lat' dir='ltr'><em>procaae</em></span> <span class='ocrx_word' id='word_1_111' title='bbox 1693 503 1772 533; x_wconf 83' lang='lat' dir='ltr'><em>Iocis</em></span> <span class='ocrx_word' id='word_1_112' title='bbox 1797 502 1869 533; x_wconf 80' lang='lat' dir='ltr'><em>Ceae</em></span> <span class='ocrx_word' id='word_1_113' title='bbox 1897 512 2033 535; x_wconf 69' lang='lat' dir='ltr'><em>retractes</em></span> <span class='ocrx_word' id='word_1_114' title='bbox 2061 518 2179 536; x_wconf 85' lang='lat' dir='ltr'><em>munera</em></span> 
     </span>
     <span class='ocr_line' id='line_1_9' title="bbox 232 544 1931 582; baseline -0.003 -1"><span class='ocrx_word' id='word_1_115' title='bbox 232 552 340 581; x_wconf 79' lang='lat' dir='ltr'><em>neniae.</em></span> <span class='ocrx_word' id='word_1_116' title='bbox 365 548 455 577; x_wconf 87' lang='lat' dir='ltr'><em>Dac.</em></span> <span class='ocrx_word' id='word_1_117' title='bbox 494 570 623 576; x_wconf 90' lang='grc'>.....</span> <span class='ocrx_word' id='word_1_118' title='bbox 646 559 682 576; x_wconf 88' lang='lat' dir='ltr'><em>re.</em></span> <span class='ocrx_word' id='word_1_119' title='bbox 720 547 846 575; x_wconf 77' lang='lat' dir='ltr'>Forsan:</span> <span class='ocrx_word' id='word_1_120' title='bbox 870 544 1045 574; x_wconf 70' lang='lat' dir='ltr'><em>Rem-actare</em></span> <span class='ocrx_word' id='word_1_121' title='bbox 1068 553 1108 574; x_wconf 80' lang='lat' dir='ltr'><em>est</em></span> <span class='ocrx_word' id='word_1_122' title='bbox 1130 558 1227 576; x_wconf 85' lang='lat' dir='ltr'><em>rursus</em></span> <span class='ocrx_word' id='word_1_123' title='bbox 1251 555 1391 582; x_wconf 75' lang='lat' dir='ltr'><em>tractare,</em></span> <span class='ocrx_word' id='word_1_124' title='bbox 1418 547 1520 575; x_wconf 82' lang='lat' dir='ltr'><em>iterum</em></span> <span class='ocrx_word' id='word_1_125' title='bbox 1544 557 1778 576; x_wconf 89' lang='lat' dir='ltr'><em>commemorare.</em></span> <span class='ocrx_word' id='word_1_126' title='bbox 1823 546 1931 576; x_wconf 75' lang='lat' dir='ltr'><em>Idem.</em></span> 
     </span>
    </p>

    <p class='ocr_par' dir='ltr' id='par_1_5' title="bbox 233 587 2178 671">
     <span class='ocr_line' id='line_1_10' title="bbox 395 587 2178 630; baseline 0 -11"><span class='ocrx_word' id='word_1_127' title='bbox 395 589 582 620; x_wconf 67' lang='lat' dir='ltr'><em>Rabirius.</em></span> <span class='ocrx_word' id='word_1_128' title='bbox 628 590 761 618; x_wconf 77' lang='lat' dir='ltr'>Catullus</span> <span class='ocrx_word' id='word_1_129' title='bbox 783 589 814 617; x_wconf 86' lang='lat' dir='ltr'><em>iu</em></span> <span class='ocrx_word' id='word_1_130' title='bbox 838 589 915 616; x_wconf 83' lang='lat' dir='ltr'><em>Atti:</em></span> <span class='ocrx_word' id='word_1_131' title='bbox 945 587 1021 616; x_wconf 73' lang='lat' dir='ltr'><em>Abit</em></span> <span class='ocrx_word' id='word_1_132' title='bbox 1044 589 1073 616; x_wconf 83' lang='lat' dir='ltr'><em>in</em></span> <span class='ocrx_word' id='word_1_133' title='bbox 1097 590 1189 628; x_wconf 80' lang='lat' dir='ltr'><em>quiete</em></span> <span class='ocrx_word' id='word_1_134' title='bbox 1211 588 1295 618; x_wconf 82' lang='lat' dir='ltr'><em>molli</em></span> <span class='ocrx_word' id='word_1_135' title='bbox 1318 587 1416 617; x_wconf 78' lang='lat' dir='ltr'><em>rabidi</em></span> <span class='ocrx_word' id='word_1_136' title='bbox 1429 588 1525 630; x_wconf 84' lang='lat' dir='ltr'><em>furor</em></span> <span class='ocrx_word' id='word_1_137' title='bbox 1545 590 1644 618; x_wconf 86' lang='lat' dir='ltr'><em>animi.</em></span> <span class='ocrx_word' id='word_1_138' title='bbox 1693 589 1787 617; x_wconf 82' lang='lat' dir='ltr'><em>Credo</em></span> <span class='ocrx_word' id='word_1_139' title='bbox 1810 589 1927 618; x_wconf 84' lang='lat' dir='ltr'><strong>Festum</strong></span> <span class='ocrx_word' id='word_1_140' title='bbox 1950 590 2067 629; x_wconf 82' lang='lat' dir='ltr'><em>legisse:</em></span> <span class='ocrx_word' id='word_1_141' title='bbox 2097 591 2178 620; x_wconf 81' lang='lat' dir='ltr'><em>rabi-</em></span> 
     </span>
     <span class='ocr_line' id='line_1_11' title="bbox 233 629 1886 671; baseline -0.003 -6"><span class='ocrx_word' id='word_1_142' title='bbox 233 636 288 666; x_wconf 85' lang='lat' dir='ltr'><em>dus</em></span> <span class='ocrx_word' id='word_1_143' title='bbox 310 635 394 663; x_wconf 85' lang='lat' dir='ltr'><em>furor</em></span> <span class='ocrx_word' id='word_1_144' title='bbox 417 634 514 663; x_wconf 84' lang='lat' dir='ltr'><em>animi.</em></span> <span class='ocrx_word' id='word_1_145' title='bbox 538 632 622 661; x_wconf 80' lang='lat' dir='ltr'><em>Ant.</em></span> <span class='ocrx_word' id='word_1_146' title='bbox 644 633 736 671; x_wconf 78' lang='lat' dir='ltr'><em>Aug.</em></span> <span class='ocrx_word' id='word_1_147' title='bbox 774 632 809 661; x_wconf 93' lang='lat' dir='ltr'><em>A</em></span> <span class='ocrx_word' id='word_1_148' title='bbox 832 630 918 659; x_wconf 79' lang='lat' dir='ltr'><em>rabie.</em></span> <span class='ocrx_word' id='word_1_149' title='bbox 955 630 991 657; x_wconf 89' lang='lat' dir='ltr'><em>Ut</em></span> <span class='ocrx_word' id='word_1_150' title='bbox 1012 635 1040 658; x_wconf 85' lang='lat' dir='ltr'><em>et</em></span> <span class='ocrx_word' id='word_1_151' title='bbox 1063 629 1179 659; x_wconf 85' lang='lat' dir='ltr'><em>Rabere</em></span> <span class='ocrx_word' id='word_1_152' title='bbox 1201 633 1280 669; x_wconf 82' lang='lat' dir='ltr'><em>apud</em></span> <span class='ocrx_word' id='word_1_153' title='bbox 1303 632 1428 659; x_wconf 81' lang='lat' dir='ltr'><em>Nouium</em></span> <span class='ocrx_word' id='word_1_154' title='bbox 1453 630 1595 670; x_wconf 74' lang='lat' dir='ltr'><em>(pag.40.</em></span> <span class='ocrx_word' id='word_1_155' title='bbox 1620 630 1733 670; x_wconf 89' lang='lat' dir='ltr'><em>Merc.).</em></span> <span class='ocrx_word' id='word_1_156' title='bbox 1782 630 1886 660; x_wconf 73' lang='lat' dir='ltr'><em>Goth.</em></span> 
     </span>
    </p>

    <p class='ocr_par' dir='ltr' id='par_1_6' title="bbox 233 672 2180 883">
     <span class='ocr_line' id='line_1_12' title="bbox 397 672 2179 715; baseline 0 -10"><span class='ocrx_word' id='word_1_157' title='bbox 397 675 506 705; x_wconf 83' lang='lat' dir='ltr'><em>Ravi.</em></span> <span class='ocrx_word' id='word_1_158' title='bbox 553 675 674 704; x_wconf 87' lang='lat' dir='ltr'><em>Plautus</em></span> <span class='ocrx_word' id='word_1_159' title='bbox 697 675 727 702; x_wconf 88' lang='lat' dir='ltr'><em>iu</em></span> <span class='ocrx_word' id='word_1_160' title='bbox 751 674 878 712; x_wconf 80' lang='lat' dir='ltr'><em>Epidico</em></span> <span class='ocrx_word' id='word_1_161' title='bbox 903 672 963 711; x_wconf 79' lang='lat' dir='ltr'><em>(V,</em></span> <span class='ocrx_word' id='word_1_162' title='bbox 990 676 1022 708; x_wconf 88' lang='lat'><em>1,</em></span> <span class='ocrx_word' id='word_1_163' title='bbox 1050 672 1133 711; x_wconf 80' lang='lat'><em>14.):</em></span> <span class='ocrx_word' id='word_1_164' title='bbox 1171 673 1231 702; x_wconf 78' lang='lat' dir='ltr'><em>Sed</em></span> <span class='ocrx_word' id='word_1_165' title='bbox 1259 674 1323 714; x_wconf 81' lang='lat' dir='ltr'><em>quis</em></span> <span class='ocrx_word' id='word_1_166' title='bbox 1348 681 1387 701; x_wconf 82' lang='lat' dir='ltr'><em>est</em></span> <span class='ocrx_word' id='word_1_167' title='bbox 1410 673 1482 702; x_wconf 75' lang='lat' dir='ltr'><em>haec</em></span> <span class='ocrx_word' id='word_1_168' title='bbox 1504 672 1676 702; x_wconf 79' lang='lat' dir='ltr'><em>muliercula</em></span> <span class='ocrx_word' id='word_1_169' title='bbox 1699 681 1724 702; x_wconf 84' lang='lat' dir='ltr'><em>et</em></span> <span class='ocrx_word' id='word_1_170' title='bbox 1747 673 1797 702; x_wconf 87' lang='lat' dir='ltr'><em>ille</em></span> <span class='ocrx_word' id='word_1_171' title='bbox 1820 672 1984 703; x_wconf 74' lang='lat' dir='ltr'><em>ravistellus</em></span> <span class='ocrx_word' id='word_1_172' title='bbox 2006 675 2057 715; x_wconf 85' lang='lat' dir='ltr'><em>qui</em></span> <span class='ocrx_word' id='word_1_173' title='bbox 2077 674 2179 706; x_wconf 80' lang='lat' dir='ltr'><em>venit?</em></span> 
     </span>
     <span class='ocr_line' id='line_1_13' title="bbox 234 715 2178 755; baseline -0.002 -6"><span class='ocrx_word' id='word_1_174' title='bbox 234 720 308 750; x_wconf 88' lang='lat' dir='ltr'><em>Vide</em></span> <span class='ocrx_word' id='word_1_175' title='bbox 332 715 545 753; x_wconf 76' lang='lat' dir='ltr'><em>Gravastellus‚</em></span> <span class='ocrx_word' id='word_1_176' title='bbox 576 722 604 745; x_wconf 86' lang='lat' dir='ltr'><em>et</em></span> <span class='ocrx_word' id='word_1_177' title='bbox 626 717 853 745; x_wconf 78' lang='lat' dir='ltr'><em>inconstantiam</em></span> <span class='ocrx_word' id='word_1_178' title='bbox 878 715 954 743; x_wconf 80' lang='lat' dir='ltr'><em>Festi</em></span> <span class='ocrx_word' id='word_1_179' title='bbox 978 720 1057 743; x_wconf 80' lang='lat' dir='ltr'><em>nota.</em></span> <span class='ocrx_word' id='word_1_180' title='bbox 1080 716 1167 745; x_wconf 70' lang='lat' dir='ltr'><em>Ant.</em></span> <span class='ocrx_word' id='word_1_181' title='bbox 1190 716 1284 755; x_wconf 75' lang='lat' dir='ltr'><em>Aug.</em></span> <span class='ocrx_word' id='word_1_182' title='bbox 1330 716 1407 744; x_wconf 85' lang='lat' dir='ltr'><em>Nota</em></span> <span class='ocrx_word' id='word_1_183' title='bbox 1433 715 1481 744; x_wconf 87' lang='lat' dir='ltr'><em>hic</em></span> <span class='ocrx_word' id='word_1_184' title='bbox 1504 715 1637 744; x_wconf 81' lang='lat' dir='ltr'><em>homines</em></span> <span class='ocrx_word' id='word_1_185' title='bbox 1660 716 1723 744; x_wconf 85' lang='lat' dir='ltr'><em>ravi</em></span> <span class='ocrx_word' id='word_1_186' title='bbox 1748 716 1856 744; x_wconf 86' lang='lat' dir='ltr'><em>coloris</em></span> <span class='ocrx_word' id='word_1_187' title='bbox 1882 717 2023 755; x_wconf 81' lang='lat' dir='ltr'><em>pessimos</em></span> <span class='ocrx_word' id='word_1_188' title='bbox 2048 718 2178 746; x_wconf 89' lang='lat' dir='ltr'><em>omnium</em></span> 
     </span>
     <span class='ocr_line' id='line_1_14' title="bbox 234 758 2180 798; baseline -0.002 -7"><span class='ocrx_word' id='word_1_189' title='bbox 234 774 296 793; x_wconf 81' lang='lat' dir='ltr'><em>esse</em></span> <span class='ocrx_word' id='word_1_190' title='bbox 320 761 511 790; x_wconf 78' lang='lat' dir='ltr'><em>existimatos.</em></span> <span class='ocrx_word' id='word_1_191' title='bbox 545 760 592 788; x_wconf 85' lang='lat' dir='ltr'><em>Sic</em></span> <span class='ocrx_word' id='word_1_192' title='bbox 617 760 691 788; x_wconf 89' lang='lat' dir='ltr'><em>enim</em></span> <span class='ocrx_word' id='word_1_193' title='bbox 717 764 744 788; x_wconf 83' lang='lat' dir='ltr'><em>et</em></span> <span class='ocrx_word' id='word_1_194' title='bbox 768 759 847 798; x_wconf 83' lang='lat' dir='ltr'><em>apud</em></span> <span class='ocrx_word' id='word_1_195' title='bbox 871 768 924 786; x_wconf 85' lang='lat' dir='ltr'><em>uos</em></span> <span class='ocrx_word' id='word_1_196' title='bbox 947 758 1036 795; x_wconf 68' lang='lat' dir='ltr'><em>vulgo</em></span> <span class='ocrx_word' id='word_1_197' title='bbox 1061 758 1193 786; x_wconf 86' lang='lat' dir='ltr'><em>audiunt.</em></span> <span class='ocrx_word' id='word_1_198' title='bbox 1216 759 1304 788; x_wconf 83' lang='lat' dir='ltr'><em>Dae.</em></span> <span class='ocrx_word' id='word_1_199' title='bbox 1346 758 1430 786; x_wconf 86' lang='lat' dir='ltr'>Adde</span> <span class='ocrx_word' id='word_1_200' title='bbox 1454 759 1580 786; x_wconf 84' lang='lat' dir='ltr'><em>Nonium</em></span> <span class='ocrx_word' id='word_1_201' title='bbox 1606 759 1687 797; x_wconf 83' lang='lat' dir='ltr'><em>(pag.</em></span> <span class='ocrx_word' id='word_1_202' title='bbox 1705 759 1772 790; x_wconf 80' lang='lat'><em>164.</em></span> <span class='ocrx_word' id='word_1_203' title='bbox 1794 759 1896 796; x_wconf 78' lang='lat' dir='ltr'><em>Merc.)</em></span> <span class='ocrx_word' id='word_1_204' title='bbox 1920 760 1950 787; x_wconf 88' lang='lat' dir='ltr'><em>in</em></span> <span class='ocrx_word' id='word_1_205' title='bbox 1964 758 2099 796; x_wconf 74' lang='lat' dir='ltr'><em>flavum,</em></span> <span class='ocrx_word' id='word_1_206' title='bbox 2123 760 2180 788; x_wconf 88' lang='lat' dir='ltr'><em>ful-</em></span> 
     </span>
     <span class='ocr_line' id='line_1_15' title="bbox 234 798 2180 841; baseline -0.001 -8"><span class='ocrx_word' id='word_1_207' title='bbox 234 816 312 834; x_wconf 90' lang='lat' dir='ltr'><em>vum.</em></span> <span class='ocrx_word' id='word_1_208' title='bbox 337 801 442 831; x_wconf 75' lang='lat' dir='ltr'><em>Goth.</em></span> <span class='ocrx_word' id='word_1_209' title='bbox 486 802 559 831; x_wconf 87' lang='lat' dir='ltr'><em>Vide</em></span> <span class='ocrx_word' id='word_1_210' title='bbox 583 813 658 841; x_wconf 84' lang='lat' dir='ltr'><em>quae</em></span> <span class='ocrx_word' id='word_1_211' title='bbox 681 802 811 830; x_wconf 77' lang='lat' dir='ltr'><em>diximus</em></span> <span class='ocrx_word' id='word_1_212' title='bbox 835 811 926 839; x_wconf 81' lang='lat' dir='ltr'><em>supra</em></span> <span class='ocrx_word' id='word_1_213' title='bbox 949 800 987 828; x_wconf 84' lang='lat' dir='ltr'><em>ad</em></span> <span class='ocrx_word' id='word_1_214' title='bbox 1011 810 1037 829; x_wconf 82' lang='lat' dir='ltr'><em>v.</em></span> <span class='ocrx_word' id='word_1_215' title='bbox 1064 798 1269 829; x_wconf 71' lang='lat' dir='ltr'><em>Gravestellus.</em></span> <span class='ocrx_word' id='word_1_216' title='bbox 1312 801 1436 830; x_wconf 84' lang='lat' dir='ltr'><em>Videtur</em></span> <span class='ocrx_word' id='word_1_217' title='bbox 1459 801 1539 839; x_wconf 88' lang='lat' dir='ltr'><em>apud</em></span> <span class='ocrx_word' id='word_1_218' title='bbox 1562 801 1680 829; x_wconf 83' lang='lat' dir='ltr'><em>Festum</em></span> <span class='ocrx_word' id='word_1_219' title='bbox 1704 800 1733 830; x_wconf 83' lang='lat' dir='ltr'><em>h.</em></span> <span class='ocrx_word' id='word_1_220' title='bbox 1753 802 1771 830; x_wconf 96' lang='lat' dir='ltr'><em>l.</em></span> <span class='ocrx_word' id='word_1_221' title='bbox 1795 801 1949 840; x_wconf 76' lang='lat' dir='ltr'><em>legendum</em></span> <span class='ocrx_word' id='word_1_222' title='bbox 1973 811 2036 830; x_wconf 84' lang='lat' dir='ltr'><em>esse</em></span> <span class='ocrx_word' id='word_1_223' title='bbox 2058 802 2090 830; x_wconf 88' lang='lat' dir='ltr'><em>in</em></span> <span class='ocrx_word' id='word_1_224' title='bbox 2111 802 2180 832; x_wconf 91' lang='lat' dir='ltr'><em>loco</em></span> 
     </span>
     <span class='ocr_line' id='line_1_16' title="bbox 233 842 1270 883; baseline -0.004 -7"><span class='ocrx_word' id='word_1_225' title='bbox 233 846 371 877; x_wconf 82' lang='lat' dir='ltr'><em>Plautino</em></span> <span class='ocrx_word' id='word_1_226' title='bbox 394 843 583 879; x_wconf 78' lang='lat' dir='ltr'><em>ravastellus‚</em></span> <span class='ocrx_word' id='word_1_227' title='bbox 610 855 700 883; x_wconf 88' lang='lat' dir='ltr'><em>quare</em></span> <span class='ocrx_word' id='word_1_228' title='bbox 725 844 874 873; x_wconf 78' lang='lat' dir='ltr'><em>evanescit</em></span> <span class='ocrx_word' id='word_1_229' title='bbox 896 842 1025 881; x_wconf 77' lang='lat' dir='ltr'><em>suspicio</em></span> <span class='ocrx_word' id='word_1_230' title='bbox 1049 844 1270 872; x_wconf 83' lang='lat' dir='ltr'><em>inconstantiae.</em></span> 
     </span>
    </p>

    <p class='ocr_par' dir='ltr' id='par_1_7' title="bbox 232 884 2184 1649">
     <span class='ocr_line' id='line_1_17' title="bbox 396 884 2180 925; baseline 0.001 -11"><span class='ocrx_word' id='word_1_231' title='bbox 396 885 525 916; x_wconf 78' lang='lat' dir='ltr'><em>Rates.</em></span> <span class='ocrx_word' id='word_1_232' title='bbox 570 886 661 916; x_wconf 83' lang='lat' dir='ltr'><em>Rales</em></span> <span class='ocrx_word' id='word_1_233' title='bbox 683 895 789 916; x_wconf 72' lang='lat' dir='ltr'><em>vocant</em></span> <span class='ocrx_word' id='word_1_234' title='bbox 812 887 893 925; x_wconf 70' lang='lat' dir='ltr'><em>tigna</em></span> <span class='ocrx_word' id='word_1_235' title='bbox 917 884 1075 924; x_wconf 77' lang='lat' dir='ltr'><em>colligata,</em></span> <span class='ocrx_word' id='word_1_236' title='bbox 1104 897 1178 925; x_wconf 81' lang='lat' dir='ltr'><em>quae</em></span> <span class='ocrx_word' id='word_1_237' title='bbox 1198 897 1249 924; x_wconf 77' lang='lat' dir='ltr'><em>per</em></span> <span class='ocrx_word' id='word_1_238' title='bbox 1270 897 1377 925; x_wconf 84' lang='lat' dir='ltr'><em>aquam</em></span> <span class='ocrx_word' id='word_1_239' title='bbox 1400 893 1547 925; x_wconf 71' lang='lat' dir='ltr'><em>agamur,-</em></span> <span class='ocrx_word' id='word_1_240' title='bbox 1570 897 1627 925; x_wconf 86' lang='lat' dir='ltr'><em>quo</em></span> <span class='ocrx_word' id='word_1_241' title='bbox 1651 884 1795 915; x_wconf 79' lang='lat' dir='ltr'><em>vocabulo</em></span> <span class='ocrx_word' id='word_1_242' title='bbox 1818 885 1961 914; x_wconf 76' lang='lat' dir='ltr'><em>interdum</em></span> <span class='ocrx_word' id='word_1_243' title='bbox 1985 887 2072 915; x_wconf 78' lang='lat' dir='ltr'><em>eiiam</em></span> <span class='ocrx_word' id='word_1_244' title='bbox 2094 897 2180 915; x_wconf 82' lang='lat' dir='ltr'><em>naves</em></span> 
     </span>
     <span class='ocr_line' id='line_1_18' title="bbox 232 927 2181 971; baseline -0.001 -11"><span class='ocrx_word' id='word_1_245' title='bbox 232 931 442 971; x_wconf 63' lang='lat' dir='ltr'><em>significantur.</em></span> <span class='ocrx_word' id='word_1_246' title='bbox 486 928 639 970; x_wconf 78' lang='lat' dir='ltr'><em>Afranius</em></span> <span class='ocrx_word' id='word_1_247' title='bbox 661 931 691 958; x_wconf 87' lang='lat' dir='ltr'><em>in</em></span> <span class='ocrx_word' id='word_1_248' title='bbox 714 928 869 968; x_wconf 78' lang='lat' dir='ltr'><em>Epistula:</em></span> <span class='ocrx_word' id='word_1_249' title='bbox 905 927 1000 956; x_wconf 76' lang='lat' dir='ltr'><em>Vento</em></span> <span class='ocrx_word' id='word_1_250' title='bbox 1020 927 1184 967; x_wconf 82' lang='lat' dir='ltr'><em>perculsam</em></span> <span class='ocrx_word' id='word_1_251' title='bbox 1208 935 1306 956; x_wconf 76' lang='lat' dir='ltr'><em>ratem.</em></span> <span class='ocrx_word' id='word_1_252' title='bbox 1351 927 1423 956; x_wconf 80' lang='lat' dir='ltr'><em>Item</em></span> <span class='ocrx_word' id='word_1_253' title='bbox 1446 939 1477 957; x_wconf 90' lang='lat' dir='ltr'><em>eo</em></span> <span class='ocrx_word' id='word_1_254' title='bbox 1501 929 1616 956; x_wconf 87' lang='lat' dir='ltr'><em>nomine</em></span> <span class='ocrx_word' id='word_1_255' title='bbox 1637 929 1839 967; x_wconf 71' lang='lat' dir='ltr'><em>significarunt</em></span> <span class='ocrx_word' id='word_1_256' title='bbox 1862 929 1949 956; x_wconf 75' lang='lat' dir='ltr'><em>eiiam</em></span> <span class='ocrx_word' id='word_1_257' title='bbox 1972 939 2073 959; x_wconf 84' lang='lat' dir='ltr'><em>remos.</em></span> <span class='ocrx_word' id='word_1_258' title='bbox 2112 929 2181 958; x_wconf 72' lang='lat' dir='ltr'><em>Ai-</em></span> 
     </span>
     <span class='ocr_line' id='line_1_19' title="bbox 233 969 2181 1012; baseline 0 -12"><span class='ocrx_word' id='word_1_259' title='bbox 233 975 290 1003; x_wconf 69' lang='lat' dir='ltr'><em>tius</em></span> <span class='ocrx_word' id='word_1_260' title='bbox 312 974 342 1001; x_wconf 85' lang='lat' dir='ltr'><em>in</em></span> <span class='ocrx_word' id='word_1_261' title='bbox 365 970 573 1011; x_wconf 80' lang='lat' dir='ltr'><em>Neoptolemo:</em></span> <span class='ocrx_word' id='word_1_262' title='bbox 602 972 703 1012; x_wconf 79' lang='lat' dir='ltr'><em>Atque</em></span> <span class='ocrx_word' id='word_1_263' title='bbox 725 984 776 1011; x_wconf 75' lang='lat' dir='ltr'><em>ego</em></span> <span class='ocrx_word' id='word_1_264' title='bbox 799 971 957 1010; x_wconf 77' lang='lat' dir='ltr'><em>repercuiio</em></span> <span class='ocrx_word' id='word_1_265' title='bbox 981 969 1090 998; x_wconf 77' lang='lat' dir='ltr'><em>ratibus</em></span> <span class='ocrx_word' id='word_1_266' title='bbox 1114 981 1208 1007; x_wconf 79' lang='lat' dir='ltr'><em>mare3</em></span> <span class='ocrx_word' id='word_1_267' title='bbox 1240 977 1265 998; x_wconf 80' lang='lat' dir='ltr'><em>et</em></span> <span class='ocrx_word' id='word_1_268' title='bbox 1289 969 1350 999; x_wconf 87' lang='lat' dir='ltr'><em>alio</em></span> <span class='ocrx_word' id='word_1_269' title='bbox 1373 969 1459 999; x_wconf 85' lang='lat' dir='ltr'><em>loco:</em></span> <span class='ocrx_word' id='word_1_270' title='bbox 1491 969 1549 998; x_wconf 73' lang='lat' dir='ltr'><em>Sed</em></span> <span class='ocrx_word' id='word_1_271' title='bbox 1572 971 1631 999; x_wconf 91' lang='lat' dir='ltr'><em>iam</em></span> <span class='ocrx_word' id='word_1_272' title='bbox 1653 969 1820 1010; x_wconf 82' lang='lat' dir='ltr'><em>propellunt</em></span> <span class='ocrx_word' id='word_1_273' title='bbox 1844 978 1919 999; x_wconf 77' lang='lat' dir='ltr'><em>rates</em></span> <span class='ocrx_word' id='word_1_274' title='bbox 1941 969 2045 1001; x_wconf 83' lang='lat' dir='ltr'><em>salum.</em></span> <span class='ocrx_word' id='word_1_275' title='bbox 2090 972 2181 1000; x_wconf 85' lang='lat' dir='ltr'><em>Recte</em></span> 
     </span>
     <span class='ocr_line' id='line_1_20' title="bbox 232 1013 2180 1053; baseline -0.001 -9"><span class='ocrx_word' id='word_1_276' title='bbox 232 1026 328 1045; x_wconf 84' lang='lat' dir='ltr'><em>remos</em></span> <span class='ocrx_word' id='word_1_277' title='bbox 357 1018 435 1044; x_wconf 79' lang='lat' dir='ltr'><em>rates</em></span> <span class='ocrx_word' id='word_1_278' title='bbox 465 1017 506 1043; x_wconf 73' lang='lat' dir='ltr'><em>ait</em></span> <span class='ocrx_word' id='word_1_279' title='bbox 534 1015 698 1053; x_wconf 72' lang='lat' dir='ltr'><em>appellatos</em></span> <span class='ocrx_word' id='word_1_280' title='bbox 728 1019 852 1053; x_wconf 81' lang='lat' dir='ltr'><em>propter</em></span> <span class='ocrx_word' id='word_1_281' title='bbox 882 1013 1115 1041; x_wconf 82' lang='lat' dir='ltr'><em>similitudinem.</em></span> <span class='ocrx_word' id='word_1_282' title='bbox 1161 1013 1233 1040; x_wconf 73' lang='lat' dir='ltr'><em>Nam</em></span> <span class='ocrx_word' id='word_1_283' title='bbox 1263 1013 1336 1041; x_wconf 84' lang='lat' dir='ltr'><em>remi</em></span> <span class='ocrx_word' id='word_1_284' title='bbox 1366 1023 1456 1052; x_wconf 86' lang='lat' dir='ltr'><em>super</em></span> <span class='ocrx_word' id='word_1_285' title='bbox 1484 1023 1590 1051; x_wconf 87' lang='lat' dir='ltr'><em>aquam</em></span> <span class='ocrx_word' id='word_1_286' title='bbox 1615 1013 1722 1041; x_wconf 81' lang='lat' dir='ltr'><em>sublati</em></span> <span class='ocrx_word' id='word_1_287' title='bbox 1746 1023 1761 1040; x_wconf 89' lang='lat' dir='ltr'><em>a</em></span> <span class='ocrx_word' id='word_1_288' title='bbox 1784 1013 1943 1050; x_wconf 79' lang='lat' dir='ltr'><em>remigibus</em></span> <span class='ocrx_word' id='word_1_289' title='bbox 1966 1023 2028 1041; x_wconf 86' lang='lat' dir='ltr'><em>eam</em></span> <span class='ocrx_word' id='word_1_290' title='bbox 2053 1014 2180 1052; x_wconf 87' lang='lat' dir='ltr'><em>speciem</em></span> 
     </span>
     <span class='ocr_line' id='line_1_21' title="bbox 232 1055 2180 1096; baseline -0.001 -10"><span class='ocrx_word' id='word_1_291' title='bbox 232 1059 375 1088; x_wconf 85' lang='lat' dir='ltr'><em>referunt.</em></span> <span class='ocrx_word' id='word_1_292' title='bbox 421 1057 581 1096; x_wconf 81' lang='lat' dir='ltr'><em>Propterea</em></span> <span class='ocrx_word' id='word_1_293' title='bbox 607 1062 634 1085; x_wconf 86' lang='lat' dir='ltr'><em>et</em></span> <span class='ocrx_word' id='word_1_294' title='bbox 656 1059 761 1096; x_wconf 71' lang='grc' dir='ltr'><em>ταρσοί</em></span> <span class='ocrx_word' id='word_1_295' title='bbox 783 1068 799 1084; x_wconf 88' lang='lat' dir='ltr'><em>a</em></span> <span class='ocrx_word' id='word_1_296' title='bbox 823 1056 943 1084; x_wconf 82' lang='lat' dir='ltr'><em>Graecis</em></span> <span class='ocrx_word' id='word_1_297' title='bbox 966 1065 1024 1083; x_wconf 88' lang='lat' dir='ltr'><em>uon</em></span> <span class='ocrx_word' id='word_1_298' title='bbox 1049 1056 1144 1083; x_wconf 87' lang='lat' dir='ltr'><em>solum</em></span> <span class='ocrx_word' id='word_1_299' title='bbox 1170 1061 1246 1083; x_wconf 75' lang='lat' dir='ltr'><em>rates</em></span> <span class='ocrx_word' id='word_1_300' title='bbox 1277 1066 1329 1084; x_wconf 88' lang='lat' dir='ltr'><em>seu</em></span> <span class='ocrx_word' id='word_1_301' title='bbox 1359 1057 1483 1094; x_wconf 73' lang='grc' dir='ltr'><em>σχεδίαι,</em></span> <span class='ocrx_word' id='word_1_302' title='bbox 1520 1055 1572 1084; x_wconf 89' lang='lat' dir='ltr'><em>sed</em></span> <span class='ocrx_word' id='word_1_303' title='bbox 1601 1061 1628 1084; x_wconf 89' lang='lat' dir='ltr'><em>et</em></span> <span class='ocrx_word' id='word_1_304' title='bbox 1658 1056 1730 1084; x_wconf 85' lang='lat' dir='ltr'><em>remi</em></span> <span class='ocrx_word' id='word_1_305' title='bbox 1758 1056 1815 1094; x_wconf 84' lang='lat' dir='ltr'><em>ipsi</em></span> <span class='ocrx_word' id='word_1_306' title='bbox 1846 1056 1997 1084; x_wconf 87' lang='lat' dir='ltr'><em>dicuntur.</em></span> <span class='ocrx_word' id='word_1_307' title='bbox 2042 1057 2180 1085; x_wconf 81' lang='lat' dir='ltr'><em>Glossae:</em></span> 
     </span>
     <span class='ocr_line' id='line_1_22' title="bbox 232 1098 2181 1139; baseline -0.002 -9"><span class='ocrx_word' id='word_1_308' title='bbox 232 1100 336 1136; x_wconf 76' lang='lat' dir='ltr'><em>Ratis,</em></span> <span class='ocrx_word' id='word_1_309' title='bbox 364 1098 482 1139; x_wconf 79' lang='grc' dir='ltr'><strong><em>ταρσός.</em></strong></span> <span class='ocrx_word' id='word_1_310' title='bbox 526 1099 606 1128; x_wconf 85' lang='lat' dir='ltr'><em>Idem</em></span> <span class='ocrx_word' id='word_1_311' title='bbox 630 1100 750 1139; x_wconf 85' lang='lat' dir='ltr'><em>proprie</em></span> <span class='ocrx_word' id='word_1_312' title='bbox 773 1100 897 1127; x_wconf 83' lang='lat' dir='ltr'><em>inuuere</em></span> <span class='ocrx_word' id='word_1_313' title='bbox 920 1098 1036 1126; x_wconf 82' lang='lat' dir='ltr'><em>videtur</em></span> <span class='ocrx_word' id='word_1_314' title='bbox 1059 1098 1152 1125; x_wconf 85' lang='lat' dir='ltr'><em>Varro</em></span> <span class='ocrx_word' id='word_1_315' title='bbox 1176 1098 1252 1125; x_wconf 77' lang='lat' dir='ltr'><em>libro</em></span> <span class='ocrx_word' id='word_1_316' title='bbox 1276 1103 1360 1126; x_wconf 81' lang='lat' dir='ltr'><em>sexto</em></span> <span class='ocrx_word' id='word_1_317' title='bbox 1385 1098 1448 1135; x_wconf 84' lang='lat' dir='ltr'><em>(lib.</em></span> <span class='ocrx_word' id='word_1_318' title='bbox 1463 1098 1521 1126; x_wconf 90' lang='lat' dir='ltr'><em>VII.</em></span> <span class='ocrx_word' id='word_1_319' title='bbox 1545 1108 1610 1136; x_wconf 81' lang='lat' dir='ltr'><em>pag.</em></span> <span class='ocrx_word' id='word_1_320' title='bbox 1624 1100 1695 1130; x_wconf 82' lang='lat'><em>309.</em></span> <span class='ocrx_word' id='word_1_321' title='bbox 1721 1099 1786 1136; x_wconf 93' lang='lat' dir='ltr'><em>Sp.)</em></span> <span class='ocrx_word' id='word_1_322' title='bbox 1809 1098 1846 1126; x_wconf 82' lang='lat' dir='ltr'><em>ad</em></span> <span class='ocrx_word' id='word_1_323' title='bbox 1869 1098 2041 1126; x_wconf 84' lang='lat' dir='ltr'><em>Ciceronem</em></span> <span class='ocrx_word' id='word_1_324' title='bbox 2063 1098 2100 1126; x_wconf 89' lang='lat' dir='ltr'><em>de</em></span> <span class='ocrx_word' id='word_1_325' title='bbox 2125 1099 2181 1126; x_wconf 85' lang='lat' dir='ltr'><em>La-</em></span> 
     </span>
     <span class='ocr_line' id='line_1_23' title="bbox 232 1140 2183 1180; baseline -0.002 -7"><span class='ocrx_word' id='word_1_326' title='bbox 232 1145 296 1173; x_wconf 86' lang='lat' dir='ltr'><em>tino</em></span> <span class='ocrx_word' id='word_1_327' title='bbox 320 1152 471 1180; x_wconf 76' lang='lat' dir='ltr'><em>sermone3</em></span> <span class='ocrx_word' id='word_1_328' title='bbox 495 1142 547 1171; x_wconf 86' lang='lat' dir='ltr'><em>sed</em></span> <span class='ocrx_word' id='word_1_329' title='bbox 571 1153 637 1171; x_wconf 87' lang='lat' dir='ltr'><em>cum</em></span> <span class='ocrx_word' id='word_1_330' title='bbox 660 1143 742 1170; x_wconf 87' lang='lat' dir='ltr'><em>locus</em></span> <span class='ocrx_word' id='word_1_331' title='bbox 766 1152 823 1170; x_wconf 88' lang='lat' dir='ltr'><em>uon</em></span> <span class='ocrx_word' id='word_1_332' title='bbox 848 1141 942 1169; x_wconf 86' lang='lat' dir='ltr'><em>solum</em></span> <span class='ocrx_word' id='word_1_333' title='bbox 967 1145 1126 1179; x_wconf 82' lang='lat' dir='ltr'><em>corruptus</em></span> <span class='ocrx_word' id='word_1_334' title='bbox 1148 1141 1200 1168; x_wconf 81' lang='lat' dir='ltr'><em>sed</em></span> <span class='ocrx_word' id='word_1_335' title='bbox 1222 1150 1345 1168; x_wconf 87' lang='lat' dir='ltr'><em>mancus</em></span> <span class='ocrx_word' id='word_1_336' title='bbox 1368 1141 1420 1176; x_wconf 80' lang='lat' dir='ltr'><em>sit,</em></span> <span class='ocrx_word' id='word_1_337' title='bbox 1445 1145 1477 1168; x_wconf 89' lang='lat' dir='ltr'><em>ut</em></span> <span class='ocrx_word' id='word_1_338' title='bbox 1501 1141 1570 1168; x_wconf 89' lang='lat' dir='ltr'><em>olim</em></span> <span class='ocrx_word' id='word_1_339' title='bbox 1594 1140 1806 1177; x_wconf 81' lang='lat' dir='ltr'><em>iudicavimus⁷</em></span> <span class='ocrx_word' id='word_1_340' title='bbox 1830 1141 1869 1169; x_wconf 88' lang='lat' dir='ltr'><em>ita</em></span> <span class='ocrx_word' id='word_1_341' title='bbox 1894 1145 1922 1168; x_wconf 83' lang='lat' dir='ltr'><em>et</em></span> <span class='ocrx_word' id='word_1_342' title='bbox 1943 1141 2133 1169; x_wconf 85' lang='lat' dir='ltr'><em>restituemus</em></span> <span class='ocrx_word' id='word_1_343' title='bbox 2154 1145 2183 1169; x_wconf 90' lang='lat' dir='ltr'><em>et</em></span> 
     </span>
     <span class='ocr_line' id='line_1_24' title="bbox 234 1181 2183 1225; baseline -0.002 -11"><span class='ocrx_word' id='word_1_344' title='bbox 234 1185 436 1225; x_wconf 83' lang='lat' dir='ltr'><em>supplebimus</em></span> <span class='ocrx_word' id='word_1_345' title='bbox 460 1196 496 1214; x_wconf 82' lang='lat' dir='ltr'><em>ex</em></span> <span class='ocrx_word' id='word_1_346' title='bbox 520 1185 691 1222; x_wconf 83' lang='lat' dir='ltr'><em>fragmentis</em></span> <span class='ocrx_word' id='word_1_347' title='bbox 714 1184 862 1213; x_wconf 80' lang='lat' dir='ltr'><em>Servianis</em></span> <span class='ocrx_word' id='word_1_348' title='bbox 887 1183 964 1222; x_wconf 82' lang='lat' dir='ltr'><em>(pag.</em></span> <span class='ocrx_word' id='word_1_349' title='bbox 980 1185 1049 1214; x_wconf 81' lang='grc'><strong>175.</strong></span> <span class='ocrx_word' id='word_1_350' title='bbox 1076 1181 1176 1220; x_wconf 57' lang='lat' dir='ltr'>nam),</span> <span class='ocrx_word' id='word_1_351' title='bbox 1214 1194 1288 1221; x_wconf 86' lang='lat' dir='ltr'><em>quae</em></span> <span class='ocrx_word' id='word_1_352' title='bbox 1317 1188 1384 1211; x_wconf 86' lang='lat' dir='ltr'><em>sunt</em></span> <span class='ocrx_word' id='word_1_353' title='bbox 1407 1193 1497 1221; x_wconf 86' lang='lat' dir='ltr'><em>penes</em></span> <span class='ocrx_word' id='word_1_354' title='bbox 1523 1183 1671 1211; x_wconf 65' lang='lat' dir='ltr'><em>Danielem</em></span> <span class='ocrx_word' id='word_1_355' title='bbox 1694 1189 1837 1211; x_wconf 74' lang='lat' dir='ltr'><em>nostrum.</em></span> <span class='ocrx_word' id='word_1_356' title='bbox 1884 1182 1974 1211; x_wconf 74' lang='lat' dir='ltr'><em>Ratis</em></span> <span class='ocrx_word' id='word_1_357' title='bbox 1996 1181 2077 1211; x_wconf 73' lang='lat' dir='ltr'><em>dicia</em></span> <span class='ocrx_word' id='word_1_358' title='bbox 2100 1183 2183 1211; x_wconf 75' lang='lat' dir='ltr'><em>navis</em></span> 
     </span>
     <span class='ocr_line' id='line_1_25' title="bbox 234 1223 2183 1267; baseline -0.002 -10"><span class='ocrx_word' id='word_1_359' title='bbox 234 1228 323 1267; x_wconf 81' lang='lat' dir='ltr'><em>longa</em></span> <span class='ocrx_word' id='word_1_360' title='bbox 343 1235 460 1267; x_wconf 72' lang='lat' dir='ltr'><em>propter</em></span> <span class='ocrx_word' id='word_1_361' title='bbox 484 1239 595 1266; x_wconf 77' lang='lat' dir='ltr'><em>remos‚·</em></span> <span class='ocrx_word' id='word_1_362' title='bbox 626 1225 705 1267; x_wconf 82' lang='lat' dir='ltr'><em>quocl</em></span> <span class='ocrx_word' id='word_1_363' title='bbox 728 1227 758 1255; x_wconf 70' lang='lat' dir='ltr'><em>Izi</em></span> <span class='ocrx_word' id='word_1_364' title='bbox 780 1237 869 1265; x_wconf 81' lang='lat' dir='ltr'><em>supra</em></span> <span class='ocrx_word' id='word_1_365' title='bbox 892 1236 998 1265; x_wconf 84' lang='lat' dir='ltr'><em>aquam</em></span> <span class='ocrx_word' id='word_1_366' title='bbox 1022 1224 1131 1253; x_wconf 74' lang='lat' dir='ltr'><em>sublati</em></span> <span class='ocrx_word' id='word_1_367' title='bbox 1154 1224 1261 1253; x_wconf 72' lang='lat' dir='ltr'><em>dea-tra</em></span> <span class='ocrx_word' id='word_1_368' title='bbox 1286 1232 1310 1253; x_wconf 81' lang='lat' dir='ltr'><em>et</em></span> <span class='ocrx_word' id='word_1_369' title='bbox 1333 1226 1453 1253; x_wconf 76' lang='lat' dir='ltr'><em>sinistra</em></span> <span class='ocrx_word' id='word_1_370' title='bbox 1478 1224 1550 1254; x_wconf 71' lang='lat' dir='ltr'><em>eluas</em></span> <span class='ocrx_word' id='word_1_371' title='bbox 1574 1233 1649 1254; x_wconf 74' lang='lat' dir='ltr'><em>rates</em></span> <span class='ocrx_word' id='word_1_372' title='bbox 1672 1226 1784 1266; x_wconf 75' lang='lat' dir='ltr'><em>efficere</em></span> <span class='ocrx_word' id='word_1_373' title='bbox 1807 1224 1948 1254; x_wconf 80' lang='lat' dir='ltr'><em>videntur.</em></span> <span class='ocrx_word' id='word_1_374' title='bbox 1992 1223 2086 1254; x_wconf 78' lang='lat' dir='ltr'><em>Rates</em></span> <span class='ocrx_word' id='word_1_375' title='bbox 2107 1225 2183 1254; x_wconf 88' lang='lat' dir='ltr'><em>enim</em></span> 
     </span>
     <span class='ocr_line' id='line_1_26' title="bbox 233 1266 2183 1309; baseline -0.002 -10"><span class='ocrx_word' id='word_1_376' title='bbox 233 1270 284 1300; x_wconf 80' lang='lat' dir='ltr'><em>ubi</em></span> <span class='ocrx_word' id='word_1_377' title='bbox 304 1269 402 1309; x_wconf 85' lang='lat' dir='ltr'><em>plures</em></span> <span class='ocrx_word' id='word_1_378' title='bbox 424 1268 497 1299; x_wconf 85' lang='lat' dir='ltr'><em>mali</em></span> <span class='ocrx_word' id='word_1_379' title='bbox 519 1268 565 1298; x_wconf 82' lang='lat' dir='ltr'><em>vel</em></span> <span class='ocrx_word' id='word_1_380' title='bbox 586 1269 682 1298; x_wconf 77' lang='lat' dir='ltr'><em>trabes</em></span> <span class='ocrx_word' id='word_1_381' title='bbox 704 1277 769 1298; x_wconf 81' lang='lat' dir='ltr'><em>sunt</em></span> <span class='ocrx_word' id='word_1_382' title='bbox 793 1269 900 1305; x_wconf 76' lang='lat' dir='ltr'><em>iuncti,</em></span> <span class='ocrx_word' id='word_1_383' title='bbox 930 1278 1008 1307; x_wconf 81' lang='lat' dir='ltr'><em>aqua</em></span> <span class='ocrx_word' id='word_1_384' title='bbox 1033 1266 1196 1304; x_wconf 74' lang='lat' dir='ltr'><em>ducuntur3</em></span> <span class='ocrx_word' id='word_1_385' title='bbox 1232 1268 1300 1296; x_wconf 75' lang='lat' dir='ltr'><em>hinc</em></span> <span class='ocrx_word' id='word_1_386' title='bbox 1323 1267 1478 1296; x_wconf 75' lang='lat' dir='ltr'><em>naviculae</em></span> <span class='ocrx_word' id='word_1_387' title='bbox 1501 1279 1564 1297; x_wconf 84' lang='lat' dir='ltr'><em>cum</em></span> <span class='ocrx_word' id='word_1_388' title='bbox 1589 1269 1673 1296; x_wconf 87' lang='lat' dir='ltr'><em>remis</em></span> <span class='ocrx_word' id='word_1_389' title='bbox 1696 1268 1841 1296; x_wconf 81' lang='lat' dir='ltr'><em>ratianiae</em></span> <span class='ocrx_word' id='word_1_390' title='bbox 1864 1266 2009 1296; x_wconf 76' lang='lat' dir='ltr'><em>dicuntur.</em></span> <span class='ocrx_word' id='word_1_391' title='bbox 2055 1268 2096 1296; x_wconf 86' lang='lat' dir='ltr'><em>Ita</em></span> <span class='ocrx_word' id='word_1_392' title='bbox 2117 1269 2183 1296; x_wconf 89' lang='lat' dir='ltr'><em>Ser-</em></span> 
     </span>
     <span class='ocr_line' id='line_1_27' title="bbox 233 1308 2183 1351; baseline -0.002 -9"><span class='ocrx_word' id='word_1_393' title='bbox 233 1313 316 1349; x_wconf 85' lang='lat' dir='ltr'><em>vius,</em></span> <span class='ocrx_word' id='word_1_394' title='bbox 346 1322 420 1350; x_wconf 88' lang='lat' dir='ltr'><em>quae</em></span> <span class='ocrx_word' id='word_1_395' title='bbox 443 1313 533 1341; x_wconf 90' lang='lat' dir='ltr'><em>lectio</em></span> <span class='ocrx_word' id='word_1_396' title='bbox 557 1323 652 1351; x_wconf 85' lang='lat' dir='ltr'><em>prope</em></span> <span class='ocrx_word' id='word_1_397' title='bbox 675 1322 765 1341; x_wconf 86' lang='lat' dir='ltr'><em>manu</em></span> <span class='ocrx_word' id='word_1_398' title='bbox 788 1322 840 1340; x_wconf 90' lang='lat' dir='ltr'><em>nos</em></span> <span class='ocrx_word' id='word_1_399' title='bbox 864 1310 946 1338; x_wconf 84' lang='lat' dir='ltr'><em>ducit</em></span> <span class='ocrx_word' id='word_1_400' title='bbox 969 1310 1005 1337; x_wconf 86' lang='lat' dir='ltr'><em>ad</em></span> <span class='ocrx_word' id='word_1_401' title='bbox 1029 1310 1118 1338; x_wconf 77' lang='lat' dir='ltr'><em>verba</em></span> <span class='ocrx_word' id='word_1_402' title='bbox 1142 1310 1217 1338; x_wconf 86' lang='lat' dir='ltr'><em>Festi</em></span> <span class='ocrx_word' id='word_1_403' title='bbox 1240 1310 1475 1348; x_wconf 83' lang='lat' dir='ltr'><em>interpretanda.</em></span> <span class='ocrx_word' id='word_1_404' title='bbox 1521 1311 1663 1348; x_wconf 88' lang='lat' dir='ltr'><em>Suspicor</em></span> <span class='ocrx_word' id='word_1_405' title='bbox 1686 1310 1714 1338; x_wconf 91' lang='lat' dir='ltr'><em>in</em></span> <span class='ocrx_word' id='word_1_406' title='bbox 1737 1310 1836 1338; x_wconf 88' lang='lat' dir='ltr'><em>verbis</em></span> <span class='ocrx_word' id='word_1_407' title='bbox 1861 1310 2000 1338; x_wconf 81' lang='lat' dir='ltr'><em>Varronis</em></span> <span class='ocrx_word' id='word_1_408' title='bbox 2021 1308 2183 1339; x_wconf 77' lang='lat' dir='ltr'><em>Ratianias</em></span> 
     </span>
     <span class='ocr_line' id='line_1_28' title="bbox 234 1351 2183 1394; baseline -0.002 -10"><span class='ocrx_word' id='word_1_409' title='bbox 234 1354 441 1393; x_wconf 86' lang='lat' dir='ltr'><em>accipiendum</em></span> <span class='ocrx_word' id='word_1_410' title='bbox 465 1365 526 1383; x_wconf 82' lang='lat' dir='ltr'><em>esse</em></span> <span class='ocrx_word' id='word_1_411' title='bbox 549 1366 604 1394; x_wconf 89' lang='lat' dir='ltr'><em>pro</em></span> <span class='ocrx_word' id='word_1_412' title='bbox 626 1355 700 1392; x_wconf 84' lang='lat' dir='ltr'><em>illis,</em></span> <span class='ocrx_word' id='word_1_413' title='bbox 730 1365 802 1393; x_wconf 90' lang='lat' dir='ltr'><em>quas</em></span> <span class='ocrx_word' id='word_1_414' title='bbox 827 1353 939 1382; x_wconf 84' lang='lat' dir='ltr'><em>Gellius</em></span> <span class='ocrx_word' id='word_1_415' title='bbox 961 1351 1118 1381; x_wconf 80' lang='lat' dir='ltr'><em>Ratiarias</em></span> <span class='ocrx_word' id='word_1_416' title='bbox 1140 1357 1236 1380; x_wconf 84' lang='lat' dir='ltr'><em>vocat.</em></span> <span class='ocrx_word' id='word_1_417' title='bbox 1280 1353 1327 1380; x_wconf 91' lang='lat' dir='ltr'><em>Sic</em></span> <span class='ocrx_word' id='word_1_418' title='bbox 1350 1353 1425 1380; x_wconf 85' lang='lat' dir='ltr'><em>enim</em></span> <span class='ocrx_word' id='word_1_419' title='bbox 1449 1352 1603 1390; x_wconf 81' lang='lat' dir='ltr'><em>pedarium</em></span> <span class='ocrx_word' id='word_1_420' title='bbox 1628 1358 1655 1381; x_wconf 87' lang='lat' dir='ltr'><em>et</em></span> <span class='ocrx_word' id='word_1_421' title='bbox 1678 1353 1861 1390; x_wconf 85' lang='lat' dir='ltr'><em>pedaneum;</em></span> <span class='ocrx_word' id='word_1_422' title='bbox 1892 1351 2057 1381; x_wconf 84' lang='lat' dir='ltr'><em>extrarium</em></span> <span class='ocrx_word' id='word_1_423' title='bbox 2080 1357 2110 1381; x_wconf 87' lang='lat' dir='ltr'><em>et</em></span> <span class='ocrx_word' id='word_1_424' title='bbox 2132 1362 2183 1380; x_wconf 85' lang='lat' dir='ltr'><em>ex-</em></span> 
     </span>
     <span class='ocr_line' id='line_1_29' title="bbox 233 1394 2182 1436; baseline -0.003 -9"><span class='ocrx_word' id='word_1_425' title='bbox 233 1404 384 1427; x_wconf 80' lang='lat' dir='ltr'><em>traneum:</em></span> <span class='ocrx_word' id='word_1_426' title='bbox 408 1402 436 1426; x_wconf 88' lang='lat' dir='ltr'><em>et</em></span> <span class='ocrx_word' id='word_1_427' title='bbox 459 1397 563 1426; x_wconf 84' lang='lat' dir='ltr'><em>similia</em></span> <span class='ocrx_word' id='word_1_428' title='bbox 586 1403 715 1436; x_wconf 88' lang='lat' dir='ltr'><em>utroque</em></span> <span class='ocrx_word' id='word_1_429' title='bbox 738 1396 828 1425; x_wconf 89' lang='lat' dir='ltr'><em>modo</em></span> <span class='ocrx_word' id='word_1_430' title='bbox 852 1395 1004 1429; x_wconf 79' lang='lat' dir='ltr'><em>dicebant,</em></span> <span class='ocrx_word' id='word_1_431' title='bbox 1028 1399 1060 1423; x_wconf 89' lang='lat' dir='ltr'><em>ut</em></span> <span class='ocrx_word' id='word_1_432' title='bbox 1084 1394 1153 1422; x_wconf 88' lang='lat' dir='ltr'><em>alibi</em></span> <span class='ocrx_word' id='word_1_433' title='bbox 1177 1394 1341 1423; x_wconf 85' lang='lat' dir='ltr'><em>docuimus.</em></span> <span class='ocrx_word' id='word_1_434' title='bbox 1377 1395 1420 1422; x_wconf 87' lang='lat' dir='ltr'><em>lta</em></span> <span class='ocrx_word' id='word_1_435' title='bbox 1442 1399 1475 1423; x_wconf 87' lang='lat' dir='ltr'><em>ut</em></span> <span class='ocrx_word' id='word_1_436' title='bbox 1497 1395 1574 1423; x_wconf 86' lang='lat' dir='ltr'><em>idem</em></span> <span class='ocrx_word' id='word_1_437' title='bbox 1599 1405 1717 1432; x_wconf 88' lang='lat' dir='ltr'><em>quoque</em></span> <span class='ocrx_word' id='word_1_438' title='bbox 1741 1395 1779 1422; x_wconf 88' lang='lat' dir='ltr'><em>sit</em></span> <span class='ocrx_word' id='word_1_439' title='bbox 1803 1395 1953 1423; x_wconf 86' lang='lat' dir='ltr'><em>Ratianiae</em></span> <span class='ocrx_word' id='word_1_440' title='bbox 1977 1399 2005 1423; x_wconf 76' lang='lat' dir='ltr'><em>et</em></span> <span class='ocrx_word' id='word_1_441' title='bbox 2027 1394 2182 1423; x_wconf 85' lang='lat' dir='ltr'><em>Ratiariae.</em></span> 
     </span>
     <span class='ocr_line' id='line_1_30' title="bbox 235 1435 2182 1479; baseline -0.002 -10"><span class='ocrx_word' id='word_1_442' title='bbox 235 1438 337 1469; x_wconf 84' lang='lat' dir='ltr'><em>Scal.</em></span> <span class='ocrx_word' id='word_1_443' title='bbox 362 1441 450 1469; x_wconf 67' lang='lat' dir='ltr'><em>Izates</em></span> <span class='ocrx_word' id='word_1_444' title='bbox 472 1441 594 1479; x_wconf 82' lang='lat' dir='ltr'><em>proprie</em></span> <span class='ocrx_word' id='word_1_445' title='bbox 617 1450 689 1478; x_wconf 87' lang='lat' dir='ltr'><em>quas</em></span> <span class='ocrx_word' id='word_1_446' title='bbox 712 1439 802 1477; x_wconf 86' lang='lat' dir='ltr'><em>vulgo</em></span> <span class='ocrx_word' id='word_1_447' title='bbox 827 1438 952 1466; x_wconf 82' lang='lat' dir='ltr'><em>dicimus</em></span> <span class='ocrx_word' id='word_1_448' title='bbox 976 1435 1024 1465; x_wconf 79' lang='lat' dir='ltr'><em>des</em></span> <span class='ocrx_word' id='word_1_449' title='bbox 1046 1437 1221 1473; x_wconf 59' lang='lat' dir='ltr'><em>mainerium,</em></span> <span class='ocrx_word' id='word_1_450' title='bbox 1246 1437 1296 1465; x_wconf 90' lang='lat' dir='ltr'><em>sed</em></span> <span class='ocrx_word' id='word_1_451' title='bbox 1319 1442 1400 1466; x_wconf 78' lang='lat' dir='ltr'><em>recte</em></span> <span class='ocrx_word' id='word_1_452' title='bbox 1422 1447 1519 1465; x_wconf 83' lang='lat' dir='ltr'><em>remos</em></span> <span class='ocrx_word' id='word_1_453' title='bbox 1542 1441 1620 1465; x_wconf 84' lang='lat' dir='ltr'><em>rates</em></span> <span class='ocrx_word' id='word_1_454' title='bbox 1643 1438 1684 1465; x_wconf 86' lang='lat' dir='ltr'><em>ait</em></span> <span class='ocrx_word' id='word_1_455' title='bbox 1707 1437 1872 1475; x_wconf 86' lang='lat' dir='ltr'><em>appellatos</em></span> <span class='ocrx_word' id='word_1_456' title='bbox 1894 1441 2019 1475; x_wconf 86' lang='lat' dir='ltr'><em>propter</em></span> <span class='ocrx_word' id='word_1_457' title='bbox 2041 1437 2182 1474; x_wconf 82' lang='lat' dir='ltr'><em>similitu-</em></span> 
     </span>
     <span class='ocr_line' id='line_1_31' title="bbox 236 1479 2183 1523; baseline -0.002 -12"><span class='ocrx_word' id='word_1_458' title='bbox 236 1483 343 1512; x_wconf 88' lang='lat' dir='ltr'><em>dinem.</em></span> <span class='ocrx_word' id='word_1_459' title='bbox 387 1482 468 1511; x_wconf 87' lang='lat' dir='ltr'><em>Idem</em></span> <span class='ocrx_word' id='word_1_460' title='bbox 490 1493 585 1523; x_wconf 88' lang='lat' dir='ltr'><em>prope</em></span> <span class='ocrx_word' id='word_1_461' title='bbox 607 1483 730 1511; x_wconf 82' lang='lat' dir='ltr'><em>innuere</em></span> <span class='ocrx_word' id='word_1_462' title='bbox 752 1482 873 1510; x_wconf 84' lang='lat' dir='ltr'><em>videtur</em></span> <span class='ocrx_word' id='word_1_463' title='bbox 896 1480 991 1509; x_wconf 85' lang='lat' dir='ltr'><em>Varro</em></span> <span class='ocrx_word' id='word_1_464' title='bbox 1014 1479 1064 1508; x_wconf 91' lang='lat' dir='ltr'><em>lib.</em></span> <span class='ocrx_word' id='word_1_465' title='bbox 1078 1479 1126 1507; x_wconf 91' lang='lat' dir='ltr'><em>IV.</em></span> <span class='ocrx_word' id='word_1_466' title='bbox 1151 1479 1186 1507; x_wconf 85' lang='lat' dir='ltr'><em>de</em></span> <span class='ocrx_word' id='word_1_467' title='bbox 1209 1480 1240 1507; x_wconf 91' lang='lat' dir='ltr'><em>L.</em></span> <span class='ocrx_word' id='word_1_468' title='bbox 1259 1480 1289 1510; x_wconf 82' lang='lat' dir='ltr'><em>L.</em></span> <span class='ocrx_word' id='word_1_469' title='bbox 1315 1479 1392 1517; x_wconf 90' lang='lat' dir='ltr'><em>(VII.</em></span> <span class='ocrx_word' id='word_1_470' title='bbox 1415 1489 1480 1517; x_wconf 85' lang='lat' dir='ltr'><em>pag.</em></span> <span class='ocrx_word' id='word_1_471' title='bbox 1492 1481 1565 1511; x_wconf 82' lang='lat'><em>309.</em></span> <span class='ocrx_word' id='word_1_472' title='bbox 1589 1480 1672 1517; x_wconf 89' lang='lat' dir='ltr'><em>Sp.)‚</em></span> <span class='ocrx_word' id='word_1_473' title='bbox 1705 1484 1795 1518; x_wconf 86' lang='lat' dir='ltr'><em>prout</em></span> <span class='ocrx_word' id='word_1_474' title='bbox 1818 1479 1880 1507; x_wconf 86' lang='lat' dir='ltr'><em>eius</em></span> <span class='ocrx_word' id='word_1_475' title='bbox 1904 1479 2002 1507; x_wconf 87' lang='lat' dir='ltr'><em>locum</em></span> <span class='ocrx_word' id='word_1_476' title='bbox 2026 1479 2070 1507; x_wconf 88' lang='lat' dir='ltr'><em>sic</em></span> <span class='ocrx_word' id='word_1_477' title='bbox 2091 1479 2183 1508; x_wconf 77' lang='lat' dir='ltr'><em>refert</em></span> 
     </span>
     <span class='ocr_line' id='line_1_32' title="bbox 234 1520 2184 1566; baseline -0.002 -13"><span class='ocrx_word' id='word_1_478' title='bbox 234 1526 356 1555; x_wconf 85' lang='lat' dir='ltr'><em>Servius</em></span> <span class='ocrx_word' id='word_1_479' title='bbox 373 1525 393 1555; x_wconf 90' lang='lat' dir='ltr'><em>I.</em></span> <span class='ocrx_word' id='word_1_480' title='bbox 416 1525 537 1555; x_wconf 80' lang='lat' dir='ltr'><em>Aeneid.</em></span> <span class='ocrx_word' id='word_1_481' title='bbox 562 1524 648 1566; x_wconf 84' lang='lat' dir='ltr'><em>(pag.</em></span> <span class='ocrx_word' id='word_1_482' title='bbox 664 1525 734 1556; x_wconf 89' lang='lat'>175.</span> <span class='ocrx_word' id='word_1_483' title='bbox 757 1521 865 1564; x_wconf 83' lang='lat' dir='ltr'><em>Dan.);</em></span> <span class='ocrx_word' id='word_1_484' title='bbox 903 1521 1011 1550; x_wconf 86' lang='lat' dir='ltr'><em>Varro.</em></span> <span class='ocrx_word' id='word_1_485' title='bbox 1031 1520 1072 1549; x_wconf 79' lang='lat' dir='ltr'><em>ad</em></span> <span class='ocrx_word' id='word_1_486' title='bbox 1096 1520 1260 1550; x_wconf 82' lang='lat' dir='ltr'><em>Ciceronem</em></span> <span class='ocrx_word' id='word_1_487' title='bbox 1289 1522 1362 1549; x_wconf 79' lang='lat' dir='ltr'><em>ratis</em></span> <span class='ocrx_word' id='word_1_488' title='bbox 1391 1520 1473 1550; x_wconf 76' lang='lat' dir='ltr'><em>dicta</em></span> <span class='ocrx_word' id='word_1_489' title='bbox 1498 1522 1580 1550; x_wconf 84' lang='lat' dir='ltr'><em>navis</em></span> <span class='ocrx_word' id='word_1_490' title='bbox 1602 1520 1692 1560; x_wconf 78' lang='lat' dir='ltr'><em>longa</em></span> <span class='ocrx_word' id='word_1_491' title='bbox 1713 1528 1830 1561; x_wconf 76' lang='lat' dir='ltr'><em>propter</em></span> <span class='ocrx_word' id='word_1_492' title='bbox 1851 1532 1952 1550; x_wconf 84' lang='lat' dir='ltr'><em>remos.</em></span> <span class='ocrx_word' id='word_1_493' title='bbox 1998 1521 2072 1550; x_wconf 79' lang='lat' dir='ltr'><em>Cett.</em></span> <span class='ocrx_word' id='word_1_494' title='bbox 2094 1522 2184 1550; x_wconf 81' lang='lat' dir='ltr'><em>Rates</em></span> 
     </span>
     <span class='ocr_line' id='line_1_33' title="bbox 235 1563 2184 1607; baseline -0.002 -11"><span class='ocrx_word' id='word_1_495' title='bbox 235 1573 332 1597; x_wconf 87' lang='lat' dir='ltr'><em>autem</em></span> <span class='ocrx_word' id='word_1_496' title='bbox 356 1572 385 1597; x_wconf 90' lang='lat' dir='ltr'><em>et</em></span> <span class='ocrx_word' id='word_1_497' title='bbox 407 1578 499 1597; x_wconf 83' lang='lat' dir='ltr'><em>naves</em></span> <span class='ocrx_word' id='word_1_498' title='bbox 522 1568 616 1597; x_wconf 88' lang='lat' dir='ltr'><em>dictas</em></span> <span class='ocrx_word' id='word_1_499' title='bbox 641 1567 742 1607; x_wconf 88' lang='lat' dir='ltr'><em>pueris</em></span> <span class='ocrx_word' id='word_1_500' title='bbox 771 1571 874 1595; x_wconf 84' lang='lat' dir='ltr'><em>notum</em></span> <span class='ocrx_word' id='word_1_501' title='bbox 902 1569 955 1594; x_wconf 85' lang='lat' dir='ltr'><em>est.</em></span> <span class='ocrx_word' id='word_1_502' title='bbox 999 1564 1112 1592; x_wconf 81' lang='lat' dir='ltr'><em>Ponam</em></span> <span class='ocrx_word' id='word_1_503' title='bbox 1141 1568 1240 1592; x_wconf 88' lang='lat' dir='ltr'><em>tamen</em></span> <span class='ocrx_word' id='word_1_504' title='bbox 1267 1563 1368 1592; x_wconf 88' lang='lat' dir='ltr'><em>locum</em></span> <span class='ocrx_word' id='word_1_505' title='bbox 1392 1563 1552 1600; x_wconf 72' lang='lat' dir='ltr'><em>Martialis,</em></span> <span class='ocrx_word' id='word_1_506' title='bbox 1591 1564 1659 1602; x_wconf 91' lang='lat' dir='ltr'><em>quia</em></span> <span class='ocrx_word' id='word_1_507' title='bbox 1688 1568 1750 1602; x_wconf 81' lang='lat' dir='ltr'><em>eget</em></span> <span class='ocrx_word' id='word_1_508' title='bbox 1779 1564 1998 1601; x_wconf 78' lang='lat' dir='ltr'><em>emendatione3</em></span> <span class='ocrx_word' id='word_1_509' title='bbox 2033 1565 2059 1593; x_wconf 89' lang='lat' dir='ltr'><em>is</em></span> <span class='ocrx_word' id='word_1_510' title='bbox 2082 1568 2125 1593; x_wconf 85' lang='lat' dir='ltr'><em>est</em></span> <span class='ocrx_word' id='word_1_511' title='bbox 2147 1574 2184 1593; x_wconf 81' lang='lat' dir='ltr'><em>ex</em></span> 
     </span>
     <span class='ocr_line' id='line_1_34' title="bbox 235 1610 507 1649; baseline 0 -11"><span class='ocrx_word' id='word_1_512' title='bbox 235 1611 288 1649; x_wconf 84' lang='lat' dir='ltr'><em>Ep.</em></span> <span class='ocrx_word' id='word_1_513' title='bbox 305 1613 356 1643; x_wconf 83' lang='lat'><em>66.</em></span> <span class='ocrx_word' id='word_1_514' title='bbox 379 1610 431 1642; x_wconf 90' lang='lat' dir='ltr'><em>lib.</em></span> <span class='ocrx_word' id='word_1_515' title='bbox 443 1610 507 1639; x_wconf 82' lang='lat' dir='ltr'><em>IV.:</em></span> 
     </span>
    </p>

    <p class='ocr_par' dir='ltr' id='par_1_8' title="bbox 236 1646 1709 1818">
     <span class='ocr_line' id='line_1_35' title="bbox 811 1646 1529 1689; baseline -0.003 -10"><span class='ocrx_word' id='word_1_516' title='bbox 811 1649 874 1679; x_wconf 91' lang='lat' dir='ltr'><em>Nec</em></span> <span class='ocrx_word' id='word_1_517' title='bbox 895 1660 989 1678; x_wconf 82' lang='lat' dir='ltr'><em>mersa</em></span> <span class='ocrx_word' id='word_1_518' title='bbox 1011 1656 1051 1677; x_wconf 79' lang='lat' dir='ltr'><em>est</em></span> <span class='ocrx_word' id='word_1_519' title='bbox 1071 1647 1178 1688; x_wconf 74' lang='lat' dir='ltr'><em>pelago</em></span> <span class='ocrx_word' id='word_1_520' title='bbox 1201 1659 1252 1678; x_wconf 88' lang='lat' dir='ltr'><em>nec</em></span> <span class='ocrx_word' id='word_1_521' title='bbox 1264 1649 1339 1689; x_wconf 79' lang='lat' dir='ltr'><em>fluit</em></span> <span class='ocrx_word' id='word_1_522' title='bbox 1362 1646 1425 1678; x_wconf 84' lang='lat' dir='ltr'><em>ulla</em></span> <span class='ocrx_word' id='word_1_523' title='bbox 1448 1649 1529 1678; x_wconf 81' lang='lat' dir='ltr'><em>ratis.</em></span> 
     </span>
     <span class='ocr_line' id='line_1_36' title="bbox 236 1695 737 1733; baseline 0.002 -11"><span class='ocrx_word' id='word_1_524' title='bbox 236 1695 310 1733; x_wconf 83' lang='lat' dir='ltr'><em>Lege</em></span> <span class='ocrx_word' id='word_1_525' title='bbox 332 1695 494 1724; x_wconf 81' lang='lat' dir='ltr'><em>certissima</em></span> <span class='ocrx_word' id='word_1_526' title='bbox 517 1695 737 1724; x_wconf 85' lang='lat' dir='ltr'><em>emendatione:</em></span> 
     </span>
     <span class='ocr_line' id='line_1_37' title="bbox 813 1731 1558 1773; baseline -0.001 -10"><span class='ocrx_word' id='word_1_527' title='bbox 813 1734 876 1763; x_wconf 89' lang='lat' dir='ltr'><em>Nec</em></span> <span class='ocrx_word' id='word_1_528' title='bbox 898 1744 992 1762; x_wconf 86' lang='lat' dir='ltr'><em>mersa</em></span> <span class='ocrx_word' id='word_1_529' title='bbox 1014 1741 1055 1762; x_wconf 79' lang='lat' dir='ltr'><em>est</em></span> <span class='ocrx_word' id='word_1_530' title='bbox 1076 1731 1182 1773; x_wconf 77' lang='lat' dir='ltr'><em>pelago</em></span> <span class='ocrx_word' id='word_1_531' title='bbox 1205 1744 1257 1762; x_wconf 82' lang='lat' dir='ltr'><em>nec</em></span> <span class='ocrx_word' id='word_1_532' title='bbox 1274 1734 1369 1772; x_wconf 84' lang='lat' dir='ltr'><em>fluvio</em></span> <span class='ocrx_word' id='word_1_533' title='bbox 1391 1732 1454 1763; x_wconf 86' lang='lat' dir='ltr'><em>ulla</em></span> <span class='ocrx_word' id='word_1_534' title='bbox 1477 1735 1558 1763; x_wconf 71' lang='lat' dir='ltr'><em>ratis.</em></span> 
     </span>
     <span class='ocr_line' id='line_1_38' title="bbox 237 1774 1709 1818; baseline -0.002 -11"><span class='ocrx_word' id='word_1_535' title='bbox 237 1778 326 1808; x_wconf 85' lang='lat' dir='ltr'><em>Dac.</em></span> <span class='ocrx_word' id='word_1_536' title='bbox 359 1778 477 1808; x_wconf 75' lang='lat' dir='ltr'><em>Vocant</em></span> <span class='ocrx_word' id='word_1_537' title='bbox 501 1777 593 1818; x_wconf 77' lang='lat' dir='ltr'><em>ligna.</em></span> <span class='ocrx_word' id='word_1_538' title='bbox 628 1779 765 1808; x_wconf 86' lang='lat' dir='ltr'><em>Fortasse</em></span> <span class='ocrx_word' id='word_1_539' title='bbox 786 1777 865 1807; x_wconf 84' lang='lat' dir='ltr'><em>idem</em></span> <span class='ocrx_word' id='word_1_540' title='bbox 888 1776 969 1815; x_wconf 86' lang='lat' dir='ltr'><em>quod</em></span> <span class='ocrx_word' id='word_1_541' title='bbox 991 1777 1128 1804; x_wconf 82' lang='lat' dir='ltr'><em>Ratariae</em></span> <span class='ocrx_word' id='word_1_542' title='bbox 1152 1775 1239 1804; x_wconf 86' lang='lat' dir='ltr'><em>Gellii</em></span> <span class='ocrx_word' id='word_1_543' title='bbox 1255 1777 1292 1804; x_wconf 92' lang='lat' dir='ltr'><em>X.</em></span> <span class='ocrx_word' id='word_1_544' title='bbox 1316 1786 1379 1815; x_wconf 87' lang='lat' dir='ltr'><em>cap.</em></span> <span class='ocrx_word' id='word_1_545' title='bbox 1392 1777 1443 1808; x_wconf 78' lang='lat'><em>25.</em></span> <span class='ocrx_word' id='word_1_546' title='bbox 1467 1776 1496 1804; x_wconf 90' lang='lat' dir='ltr'><em>in</em></span> <span class='ocrx_word' id='word_1_547' title='bbox 1519 1776 1567 1806; x_wconf 86' lang='lat' dir='ltr'><em>fin.</em></span> <span class='ocrx_word' id='word_1_548' title='bbox 1605 1774 1709 1806; x_wconf 75' lang='lat' dir='ltr'><em>Goth.</em></span> 
     </span>
    </p>

    <p class='ocr_par' dir='ltr' id='par_1_9' title="bbox 239 1814 2188 2112">
     <span class='ocr_line' id='line_1_39' title="bbox 399 1814 2188 1856; baseline -0.003 -6"><span class='ocrx_word' id='word_1_549' title='bbox 399 1819 554 1852; x_wconf 75' lang='lat' dir='ltr'><em>Radere.</em></span> <span class='ocrx_word' id='word_1_550' title='bbox 599 1822 703 1851; x_wconf 87' lang='lat' dir='ltr'><em>Cicero</em></span> <span class='ocrx_word' id='word_1_551' title='bbox 724 1821 777 1850; x_wconf 87' lang='lat' dir='ltr'><em>lib.</em></span> <span class='ocrx_word' id='word_1_552' title='bbox 792 1821 828 1850; x_wconf 92' lang='lat' dir='ltr'><em>II.</em></span> <span class='ocrx_word' id='word_1_553' title='bbox 851 1821 928 1856; x_wconf 80' lang='grc'>(25,</span> <span class='ocrx_word' id='word_1_554' title='bbox 950 1820 1023 1855; x_wconf 87' lang='grc'>59.)</span> <span class='ocrx_word' id='word_1_555' title='bbox 1046 1818 1083 1847; x_wconf 88' lang='lat' dir='ltr'><em>de</em></span> <span class='ocrx_word' id='word_1_556' title='bbox 1107 1818 1231 1856; x_wconf 85' lang='lat' dir='ltr'><em>Legibus</em></span> <span class='ocrx_word' id='word_1_557' title='bbox 1253 1818 1345 1847; x_wconf 81' lang='lat' dir='ltr'><em>refert</em></span> <span class='ocrx_word' id='word_1_558' title='bbox 1367 1819 1399 1846; x_wconf 86' lang='lat' dir='ltr'><em>in</em></span> <span class='ocrx_word' id='word_1_559' title='bbox 1421 1818 1577 1847; x_wconf 86' lang='lat' dir='ltr'><em>duodecim</em></span> <span class='ocrx_word' id='word_1_560' title='bbox 1600 1818 1709 1846; x_wconf 83' lang='lat' dir='ltr'><em>tabulis</em></span> <span class='ocrx_word' id='word_1_561' title='bbox 1731 1817 1876 1856; x_wconf 84' lang='lat' dir='ltr'><em>scriptum</em></span> <span class='ocrx_word' id='word_1_562' title='bbox 1900 1816 2005 1846; x_wconf 81' lang='lat' dir='ltr'><em>fuisse:</em></span> <span class='ocrx_word' id='word_1_563' title='bbox 2045 1814 2188 1846; x_wconf 73' lang='lat' dir='ltr'><em>IVIulieree</em></span> 
     </span>
     <span class='ocr_line' id='line_1_40' title="bbox 239 1857 2187 1905; baseline -0.001 -16"><span class='ocrx_word' id='word_1_564' title='bbox 239 1872 326 1899; x_wconf 75' lang='lat' dir='ltr'><em>genas</em></span> <span class='ocrx_word' id='word_1_565' title='bbox 348 1874 381 1891; x_wconf 85' lang='lat' dir='ltr'><em>ne</em></span> <span class='ocrx_word' id='word_1_566' title='bbox 404 1862 550 1901; x_wconf 73' lang='lat' dir='ltr'><em>melanio,</em></span> <span class='ocrx_word' id='word_1_567' title='bbox 573 1875 639 1893; x_wconf 83' lang='lat' dir='ltr'><em>neve</em></span> <span class='ocrx_word' id='word_1_568' title='bbox 662 1863 765 1894; x_wconf 85' lang='lat' dir='ltr'><em>lessum</em></span> <span class='ocrx_word' id='word_1_569' title='bbox 779 1862 901 1905; x_wconf 77' lang='lat' dir='ltr'><em>funeris</em></span> <span class='ocrx_word' id='word_1_570' title='bbox 923 1872 990 1900; x_wconf 77' lang='lat' dir='ltr'><em>ergo</em></span> <span class='ocrx_word' id='word_1_571' title='bbox 1013 1860 1144 1890; x_wconf 73' lang='lat' dir='ltr'><em>habento.</em></span> <span class='ocrx_word' id='word_1_572' title='bbox 1190 1860 1270 1889; x_wconf 82' lang='lat' dir='ltr'><em>Idem</em></span> <span class='ocrx_word' id='word_1_573' title='bbox 1294 1861 1344 1889; x_wconf 89' lang='lat' dir='ltr'><em>lib.</em></span> <span class='ocrx_word' id='word_1_574' title='bbox 1359 1861 1393 1889; x_wconf 88' lang='lat' dir='ltr'><em>II.</em></span> <span class='ocrx_word' id='word_1_575' title='bbox 1417 1862 1484 1897; x_wconf 73' lang='lat'>(23,</span> <span class='ocrx_word' id='word_1_576' title='bbox 1508 1863 1570 1897; x_wconf 88' lang='lat'>55.)</span> <span class='ocrx_word' id='word_1_577' title='bbox 1593 1861 1730 1890; x_wconf 90' lang='lat' dir='ltr'><em>Tuscul.:</em></span> <span class='ocrx_word' id='word_1_578' title='bbox 1765 1858 1900 1888; x_wconf 75' lang='lat' dir='ltr'><em>Eiulatus</em></span> <span class='ocrx_word' id='word_1_579' title='bbox 1923 1870 1957 1887; x_wconf 82' lang='lat' dir='ltr'><em>ne</em></span> <span class='ocrx_word' id='word_1_580' title='bbox 1977 1857 2093 1888; x_wconf 84' lang='lat' dir='ltr'><em>mulieri</em></span> <span class='ocrx_word' id='word_1_581' title='bbox 2114 1859 2187 1899; x_wconf 84' lang='lat' dir='ltr'><em>qui-</em></span> 
     </span>
     <span class='ocr_line' id='line_1_41' title="bbox 242 1900 2186 1945; baseline 0 -16"><span class='ocrx_word' id='word_1_582' title='bbox 242 1900 304 1930; x_wconf 78' lang='lat' dir='ltr'><em>dem</em></span> <span class='ocrx_word' id='word_1_583' title='bbox 327 1915 476 1934; x_wconf 86' lang='lat' dir='ltr'><em>concessus</em></span> <span class='ocrx_word' id='word_1_584' title='bbox 499 1913 554 1944; x_wconf 61' lang='grc' dir='ltr'><em>θείς</em></span> <span class='ocrx_word' id='word_1_585' title='bbox 592 1914 617 1936; x_wconf 82' lang='lat' dir='ltr'><em>et</em></span> <span class='ocrx_word' id='word_1_586' title='bbox 640 1907 688 1936; x_wconf 76' lang='lat' dir='ltr'><em>hic</em></span> <span class='ocrx_word' id='word_1_587' title='bbox 710 1907 847 1935; x_wconf 86' lang='lat' dir='ltr'><em>nimirum</em></span> <span class='ocrx_word' id='word_1_588' title='bbox 870 1911 910 1932; x_wconf 84' lang='lat' dir='ltr'><em>est</em></span> <span class='ocrx_word' id='word_1_589' title='bbox 922 1904 1030 1945; x_wconf 78' lang='lat' dir='ltr'><em>fletus,</em></span> <span class='ocrx_word' id='word_1_590' title='bbox 1071 1914 1154 1943; x_wconf 85' lang='lat' dir='ltr'><em>quem</em></span> <span class='ocrx_word' id='word_1_591' title='bbox 1178 1901 1331 1932; x_wconf 72' lang='lat' dir='ltr'><em>duodecim</em></span> <span class='ocrx_word' id='word_1_592' title='bbox 1355 1902 1473 1932; x_wconf 74' lang='lat' dir='ltr'><em>tabulae</em></span> <span class='ocrx_word' id='word_1_593' title='bbox 1495 1904 1525 1932; x_wconf 83' lang='lat' dir='ltr'><em>in</em></span> <span class='ocrx_word' id='word_1_594' title='bbox 1538 1903 1699 1943; x_wconf 82' lang='lat' dir='ltr'><em>funeribus</em></span> <span class='ocrx_word' id='word_1_595' title='bbox 1720 1901 1853 1931; x_wconf 75' lang='lat' dir='ltr'><em>adhiberi</em></span> <span class='ocrx_word' id='word_1_596' title='bbox 1874 1908 2030 1930; x_wconf 69' lang='lat' dir='ltr'><em>vetuerunt.</em></span> <span class='ocrx_word' id='word_1_597' title='bbox 2074 1901 2119 1929; x_wconf 82' lang='lat' dir='ltr'><em>Ex</em></span> <span class='ocrx_word' id='word_1_598' title='bbox 2141 1900 2186 1930; x_wconf 84' lang='lat' dir='ltr'><em>his</em></span> 
     </span>
     <span class='ocr_line' id='line_1_42' title="bbox 242 1943 2188 1986; baseline 0.001 -16"><span class='ocrx_word' id='word_1_599' title='bbox 242 1944 339 1972; x_wconf 87' lang='lat' dir='ltr'><em>verbis</em></span> <span class='ocrx_word' id='word_1_600' title='bbox 362 1953 484 1984; x_wconf 83' lang='lat' dir='ltr'><em>apparet</em></span> <span class='ocrx_word' id='word_1_601' title='bbox 506 1949 623 1978; x_wconf 80' lang='lat' dir='ltr'><em>Festum</em></span> <span class='ocrx_word' id='word_1_602' title='bbox 646 1949 696 1978; x_wconf 85' lang='lat' dir='ltr'><em>hie</em></span> <span class='ocrx_word' id='word_1_603' title='bbox 724 1947 932 1986; x_wconf 81' lang='lat' dir='ltr'><em>interpretari,</em></span> <span class='ocrx_word' id='word_1_604' title='bbox 969 1946 1042 1983; x_wconf 84' lang='lat' dir='ltr'><em>quid</em></span> <span class='ocrx_word' id='word_1_605' title='bbox 1066 1946 1104 1973; x_wconf 84' lang='lat' dir='ltr'><em>sit</em></span> <span class='ocrx_word' id='word_1_606' title='bbox 1124 1944 1226 1973; x_wconf 84' lang='lat' dir='ltr'><em>radere</em></span> <span class='ocrx_word' id='word_1_607' title='bbox 1249 1955 1336 1983; x_wconf 82' lang='lat' dir='ltr'><em>genas</em></span> <span class='ocrx_word' id='word_1_608' title='bbox 1360 1946 1389 1973; x_wconf 88' lang='lat' dir='ltr'><em>in</em></span> <span class='ocrx_word' id='word_1_609' title='bbox 1412 1946 1474 1984; x_wconf 86' lang='lat' dir='ltr'><em>lege</em></span> <span class='ocrx_word' id='word_1_610' title='bbox 1498 1946 1563 1976; x_wconf 87' lang='lat' dir='ltr'><em>XII.</em></span> <span class='ocrx_word' id='word_1_611' title='bbox 1585 1946 1645 1974; x_wconf 87' lang='lat' dir='ltr'><em>tab.</em></span> <span class='ocrx_word' id='word_1_612' title='bbox 1668 1946 1698 1974; x_wconf 90' lang='lat' dir='ltr'><em>id</em></span> <span class='ocrx_word' id='word_1_613' title='bbox 1725 1949 1783 1981; x_wconf 86' lang='lat' dir='ltr'><em>est,</em></span> <span class='ocrx_word' id='word_1_614' title='bbox 1820 1943 1968 1981; x_wconf 84' lang='lat' dir='ltr'><em>unguibus</em></span> <span class='ocrx_word' id='word_1_615' title='bbox 1991 1953 2079 1981; x_wconf 84' lang='lat' dir='ltr'><em>genas</em></span> <span class='ocrx_word' id='word_1_616' title='bbox 2100 1943 2188 1972; x_wconf 85' lang='lat' dir='ltr'><em>ferire</em></span> 
     </span>
     <span class='ocr_line' id='line_1_43' title="bbox 244 1986 2186 2031; baseline 0.001 -18"><span class='ocrx_word' id='word_1_617' title='bbox 244 1990 273 2013; x_wconf 84' lang='lat' dir='ltr'><em>et</em></span> <span class='ocrx_word' id='word_1_618' title='bbox 302 1994 462 2017; x_wconf 78' lang='lat' dir='ltr'><em>cruentare.</em></span> <span class='ocrx_word' id='word_1_619' title='bbox 491 1991 579 2022; x_wconf 70' lang='lat' dir='ltr'><em>Ani.</em></span> <span class='ocrx_word' id='word_1_620' title='bbox 602 1992 698 2031; x_wconf 78' lang='lat' dir='ltr'><em>Aug.</em></span> <span class='ocrx_word' id='word_1_621' title='bbox 743 1990 885 2026; x_wconf 87' lang='lat' dir='ltr'><em>Quamvis</em></span> <span class='ocrx_word' id='word_1_622' title='bbox 914 1988 1039 2017; x_wconf 80' lang='lat' dir='ltr'><em>vetitum</em></span> <span class='ocrx_word' id='word_1_623' title='bbox 1067 1992 1141 2016; x_wconf 88' lang='lat' dir='ltr'><em>esset</em></span> <span class='ocrx_word' id='word_1_624' title='bbox 1169 1988 1231 2025; x_wconf 86' lang='lat' dir='ltr'><em>lege</em></span> <span class='ocrx_word' id='word_1_625' title='bbox 1254 1988 1319 2017; x_wconf 86' lang='lat' dir='ltr'><em>XII.</em></span> <span class='ocrx_word' id='word_1_626' title='bbox 1342 1988 1429 2024; x_wconf 89' lang='lat' dir='ltr'><em>Tab.,</em></span> <span class='ocrx_word' id='word_1_627' title='bbox 1466 1993 1563 2017; x_wconf 90' lang='lat' dir='ltr'><em>tamen</em></span> <span class='ocrx_word' id='word_1_628' title='bbox 1592 1989 1680 2017; x_wconf 82' lang='lat' dir='ltr'><em>fiebat</em></span> <span class='ocrx_word' id='word_1_629' title='bbox 1709 1989 1794 2016; x_wconf 88' lang='lat' dir='ltr'><em>etiam</em></span> <span class='ocrx_word' id='word_1_630' title='bbox 1823 1986 2008 2025; x_wconf 85' lang='lat' dir='ltr'><em>temporibus</em></span> <span class='ocrx_word' id='word_1_631' title='bbox 2034 1986 2186 2015; x_wconf 77' lang='lat' dir='ltr'><em>Varronis.</em></span> 
     </span>
     <span class='ocr_line' id='line_1_44' title="bbox 244 2028 2187 2070; baseline -0.001 -12"><span class='ocrx_word' id='word_1_632' title='bbox 244 2028 363 2056; x_wconf 75' lang='lat' dir='ltr'><em>Servius</em></span> <span class='ocrx_word' id='word_1_633' title='bbox 386 2030 415 2058; x_wconf 89' lang='lat' dir='ltr'><em>iu</em></span> <span class='ocrx_word' id='word_1_634' title='bbox 438 2031 566 2063; x_wconf 80' lang='lat' dir='ltr'><em>schedis:</em></span> <span class='ocrx_word' id='word_1_635' title='bbox 598 2034 697 2064; x_wconf 88' lang='lat' dir='ltr'><em>Varro</em></span> <span class='ocrx_word' id='word_1_636' title='bbox 721 2032 794 2062; x_wconf 79' lang='lat' dir='ltr'><em>dicit</em></span> <span class='ocrx_word' id='word_1_637' title='bbox 815 2030 948 2061; x_wconf 83' lang='lat' dir='ltr'><em>mulieres</em></span> <span class='ocrx_word' id='word_1_638' title='bbox 969 2031 1000 2059; x_wconf 81' lang='lat' dir='ltr'><em>in</em></span> <span class='ocrx_word' id='word_1_639' title='bbox 1022 2030 1155 2070; x_wconf 75' lang='lat' dir='ltr'><em>exequiis</em></span> <span class='ocrx_word' id='word_1_640' title='bbox 1177 2038 1203 2058; x_wconf 83' lang='lat' dir='ltr'><em>et</em></span> <span class='ocrx_word' id='word_1_641' title='bbox 1225 2029 1306 2060; x_wconf 74' lang='lat' dir='ltr'><em>luctu</em></span> <span class='ocrx_word' id='word_1_642' title='bbox 1329 2028 1393 2059; x_wconf 79' lang='lat' dir='ltr'><em>ideo</em></span> <span class='ocrx_word' id='word_1_643' title='bbox 1416 2029 1520 2059; x_wconf 77' lang='lat' dir='ltr'><em>solitas</em></span> <span class='ocrx_word' id='word_1_644' title='bbox 1543 2042 1595 2060; x_wconf 88' lang='lat' dir='ltr'><em>ora</em></span> <span class='ocrx_word' id='word_1_645' title='bbox 1618 2030 1761 2066; x_wconf 83' lang='lat' dir='ltr'><em>lacerare,</em></span> <span class='ocrx_word' id='word_1_646' title='bbox 1784 2036 1816 2057; x_wconf 77' lang='lat' dir='ltr'><em>ut</em></span> <span class='ocrx_word' id='word_1_647' title='bbox 1838 2029 1979 2068; x_wconf 78' lang='lat' dir='ltr'><em>sanguine</em></span> <span class='ocrx_word' id='word_1_648' title='bbox 2000 2036 2113 2058; x_wconf 75' lang='lat' dir='ltr'><em>ostenso</em></span> <span class='ocrx_word' id='word_1_649' title='bbox 2135 2029 2187 2057; x_wconf 78' lang='lat' dir='ltr'><em>in-</em></span> 
     </span>
     <span class='ocr_line' id='line_1_45' title="bbox 242 2068 1127 2112; baseline 0.002 -12"><span class='ocrx_word' id='word_1_650' title='bbox 242 2068 315 2109; x_wconf 79' lang='lat' dir='ltr'><em>feris</em></span> <span class='ocrx_word' id='word_1_651' title='bbox 338 2071 534 2112; x_wconf 75' lang='lat' dir='ltr'><em>satisfaciant.</em></span> <span class='ocrx_word' id='word_1_652' title='bbox 558 2075 657 2106; x_wconf 86' lang='lat' dir='ltr'><em>Scal.</em></span> <span class='ocrx_word' id='word_1_653' title='bbox 702 2076 809 2106; x_wconf 90' lang='lat' dir='ltr'><em>Tibull.</em></span> <span class='ocrx_word' id='word_1_654' title='bbox 834 2074 911 2111; x_wconf 86' lang='lat' dir='ltr'><em>Eleg.</em></span> <span class='ocrx_word' id='word_1_655' title='bbox 930 2073 955 2108; x_wconf 93' lang='lat' dir='ltr'><em>I,</em></span> <span class='ocrx_word' id='word_1_656' title='bbox 980 2076 1015 2109; x_wconf 88' lang='lat'><em>1,</em></span> <span class='ocrx_word' id='word_1_657' title='bbox 1039 2073 1127 2108; x_wconf 84' lang='lat'><em>(81.):</em></span> 
     </span>
    </p>

    <p class='ocr_par' dir='ltr' id='par_1_10' title="bbox 245 2112 2187 2323">
     <span class='ocr_line' id='line_1_46' title="bbox 819 2112 1568 2154; baseline -0.001 -9"><span class='ocrx_word' id='word_1_658' title='bbox 819 2117 865 2146; x_wconf 77' lang='lat' dir='ltr'><em>Tu</em></span> <span class='ocrx_word' id='word_1_659' title='bbox 887 2126 984 2144; x_wconf 83' lang='lat' dir='ltr'><em>manes</em></span> <span class='ocrx_word' id='word_1_660' title='bbox 1007 2126 1041 2143; x_wconf 87' lang='lat' dir='ltr'><em>ne</em></span> <span class='ocrx_word' id='word_1_661' title='bbox 1063 2112 1145 2143; x_wconf 81' lang='lat' dir='ltr'><em>laede</em></span> <span class='ocrx_word' id='word_1_662' title='bbox 1167 2126 1259 2150; x_wconf 86' lang='lat' dir='ltr'><em>meos,</em></span> <span class='ocrx_word' id='word_1_663' title='bbox 1283 2113 1334 2143; x_wconf 80' lang='lat' dir='ltr'><em>sed</em></span> <span class='ocrx_word' id='word_1_664' title='bbox 1353 2124 1443 2154; x_wconf 84' lang='lat' dir='ltr'><em>parce</em></span> <span class='ocrx_word' id='word_1_665' title='bbox 1464 2114 1568 2144; x_wconf 76' lang='lat' dir='ltr'><em>solutis</em></span> 
     </span>
     <span class='ocr_line' id='line_1_47' title="bbox 861 2155 1544 2197; baseline 0 -11"><span class='ocrx_word' id='word_1_666' title='bbox 861 2156 996 2187; x_wconf 82' lang='lat' dir='ltr'><em>Crinibus</em></span> <span class='ocrx_word' id='word_1_667' title='bbox 1018 2164 1043 2185; x_wconf 83' lang='lat' dir='ltr'><em>et</em></span> <span class='ocrx_word' id='word_1_668' title='bbox 1065 2158 1184 2193; x_wconf 83' lang='lat' dir='ltr'><em>1eneris,</em></span> <span class='ocrx_word' id='word_1_669' title='bbox 1213 2155 1316 2193; x_wconf 85' lang='lat' dir='ltr'><em>Delia,</em></span> <span class='ocrx_word' id='word_1_670' title='bbox 1344 2168 1434 2196; x_wconf 84' lang='lat' dir='ltr'><em>parce</em></span> <span class='ocrx_word' id='word_1_671' title='bbox 1453 2158 1544 2197; x_wconf 78' lang='lat' dir='ltr'><em>genis.</em></span> 
     </span>
     <span class='ocr_line' id='line_1_48' title="bbox 245 2194 2187 2241; baseline 0.001 -19"><span class='ocrx_word' id='word_1_672' title='bbox 245 2194 318 2223; x_wconf 79' lang='lat' dir='ltr'><em>Ptin.</em></span> <span class='ocrx_word' id='word_1_673' title='bbox 343 2197 471 2234; x_wconf 81' lang='lat' dir='ltr'><em>cap.37.</em></span> <span class='ocrx_word' id='word_1_674' title='bbox 495 2197 544 2227; x_wconf 85' lang='lat' dir='ltr'><em>lib.</em></span> <span class='ocrx_word' id='word_1_675' title='bbox 558 2199 608 2229; x_wconf 91' lang='lat' dir='ltr'><em>XI.</em></span> <span class='ocrx_word' id='word_1_676' title='bbox 634 2201 760 2237; x_wconf 83' lang='lat'><em>(§.57.):</em></span> <span class='ocrx_word' id='word_1_677' title='bbox 794 2199 883 2241; x_wconf 79' lang='lat' dir='ltr'><em>Infra</em></span> <span class='ocrx_word' id='word_1_678' title='bbox 906 2197 1008 2229; x_wconf 82' lang='lat' dir='ltr'><em>oculos</em></span> <span class='ocrx_word' id='word_1_679' title='bbox 1029 2197 1125 2227; x_wconf 86' lang='lat' dir='ltr'><em>malae</em></span> <span class='ocrx_word' id='word_1_680' title='bbox 1146 2199 1257 2229; x_wconf 77' lang='lat' dir='ltr'><em>homini</em></span> <span class='ocrx_word' id='word_1_681' title='bbox 1279 2206 1409 2235; x_wconf 72' lang='lat' dir='ltr'><em>tantum,</em></span> <span class='ocrx_word' id='word_1_682' title='bbox 1440 2211 1514 2240; x_wconf 84' lang='lat' dir='ltr'><em>quas</em></span> <span class='ocrx_word' id='word_1_683' title='bbox 1534 2200 1627 2239; x_wconf 89' lang='lat' dir='ltr'><em>prisci</em></span> <span class='ocrx_word' id='word_1_684' title='bbox 1648 2210 1737 2239; x_wconf 74' lang='lat' dir='ltr'><em>genas</em></span> <span class='ocrx_word' id='word_1_685' title='bbox 1757 2197 1902 2227; x_wconf 78' lang='lat' dir='ltr'><em>vocabant</em></span> <span class='ocrx_word' id='word_1_686' title='bbox 1923 2195 2001 2226; x_wconf 67' lang='grc' dir='ltr'><strong><em>λ’ῙῙ.</em></strong></span> <span class='ocrx_word' id='word_1_687' title='bbox 2020 2194 2187 2225; x_wconf 72' lang='lat' dir='ltr'><em>tabularum</em></span> 
     </span>
     <span class='ocr_line' id='line_1_49' title="bbox 247 2235 2186 2280; baseline 0.002 -16"><span class='ocrx_word' id='word_1_688' title='bbox 247 2235 401 2267; x_wconf 72' lang='lat' dir='ltr'><em>interdicto</em></span> <span class='ocrx_word' id='word_1_689' title='bbox 424 2236 492 2266; x_wconf 76' lang='lat' dir='ltr'><em>radi</em></span> <span class='ocrx_word' id='word_1_690' title='bbox 513 2239 688 2280; x_wconf 80' lang='lat' dir='ltr'><em>afoeminis</em></span> <span class='ocrx_word' id='word_1_691' title='bbox 710 2254 756 2271; x_wconf 79' lang='lat' dir='ltr'><em>eas</em></span> <span class='ocrx_word' id='word_1_692' title='bbox 778 2249 897 2271; x_wconf 72' lang='lat' dir='ltr'><em>vetante.</em></span> <span class='ocrx_word' id='word_1_693' title='bbox 939 2242 1035 2270; x_wconf 88' lang='lat' dir='ltr'><em>Genas</em></span> <span class='ocrx_word' id='word_1_694' title='bbox 1060 2242 1164 2270; x_wconf 84' lang='lat' dir='ltr'><em>Graeci</em></span> <span class='ocrx_word' id='word_1_695' title='bbox 1187 2239 1319 2279; x_wconf 74' lang='grc' dir='ltr'><em>παρειάς.</em></span> <span class='ocrx_word' id='word_1_696' title='bbox 1358 2242 1438 2277; x_wconf 87' lang='lat' dir='ltr'><em>Quas</em></span> <span class='ocrx_word' id='word_1_697' title='bbox 1467 2242 1496 2270; x_wconf 89' lang='lat' dir='ltr'><em>in</em></span> <span class='ocrx_word' id='word_1_698' title='bbox 1525 2243 1610 2270; x_wconf 85' lang='lat' dir='ltr'><em>luctu</em></span> <span class='ocrx_word' id='word_1_699' title='bbox 1638 2241 1816 2270; x_wconf 82' lang='lat' dir='ltr'><em>lacerabant.</em></span> <span class='ocrx_word' id='word_1_700' title='bbox 1854 2239 2034 2269; x_wconf 84' lang='lat' dir='ltr'><em>Artemidor.</em></span> <span class='ocrx_word' id='word_1_701' title='bbox 2058 2240 2186 2278; x_wconf 78' lang='lat' dir='ltr'><em>cap-30.</em></span> 
     </span>
     <span class='ocr_line' id='line_1_50' title="bbox 247 2277 2143 2323; baseline 0.002 -17"><span class='ocrx_word' id='word_1_702' title='bbox 247 2278 346 2308; x_wconf 82' lang='lat' dir='ltr'><em>lib.1.:</em></span> <span class='ocrx_word' id='word_1_703' title='bbox 371 2279 431 2309; x_wconf 82' lang='grc' dir='ltr'><em>Καὶ</em></span> <span class='ocrx_word' id='word_1_704' title='bbox 452 2277 507 2320; x_wconf 62' lang='lat' dir='ltr'><em>yde</em></span> <span class='ocrx_word' id='word_1_705' title='bbox 532 2281 562 2310; x_wconf 79' lang='grc' dir='ltr'><em>ἐν</em></span> <span class='ocrx_word' id='word_1_706' title='bbox 583 2285 645 2317; x_wconf 87' lang='grc' dir='ltr'><em>τοῖς</em></span> <span class='ocrx_word' id='word_1_707' title='bbox 665 2284 788 2314; x_wconf 78' lang='grc' dir='ltr'>πένθεσι</span> <span class='ocrx_word' id='word_1_708' title='bbox 810 2286 966 2323; x_wconf 81' lang='grc' dir='ltr'><em>λωβῶνται</em></span> <span class='ocrx_word' id='word_1_709' title='bbox 988 2282 1040 2319; x_wconf 78' lang='grc' dir='ltr'><em>τὰς</em></span> <span class='ocrx_word' id='word_1_710' title='bbox 1063 2283 1190 2322; x_wconf 76' lang='grc' dir='ltr'><strong><em>παρειάς</em></strong></span> <span class='ocrx_word' id='word_1_711' title='bbox 1213 2285 1244 2314; x_wconf 81' lang='grc' dir='ltr'><em>οἱ</em></span> <span class='ocrx_word' id='word_1_712' title='bbox 1264 2282 1432 2322; x_wconf 74' lang='grc' dir='ltr'><em>ἅνθρωποι.</em></span> <span class='ocrx_word' id='word_1_713' title='bbox 1456 2283 1545 2313; x_wconf 82' lang='grc' dir='ltr'><strong>Βαο.</strong></span> <span class='ocrx_word' id='word_1_714' title='bbox 1580 2285 1646 2312; x_wconf 86' lang='lat' dir='ltr'><em>Dixi</em></span> <span class='ocrx_word' id='word_1_715' title='bbox 1670 2284 1706 2313; x_wconf 90' lang='lat' dir='ltr'><em>ad</em></span> <span class='ocrx_word' id='word_1_716' title='bbox 1728 2285 1807 2322; x_wconf 86' lang='lat' dir='ltr'><em>leges</em></span> <span class='ocrx_word' id='word_1_717' title='bbox 1830 2283 1898 2311; x_wconf 88' lang='lat' dir='ltr'><em>XII.</em></span> <span class='ocrx_word' id='word_1_718' title='bbox 1921 2282 1993 2310; x_wconf 90' lang='lat' dir='ltr'><em>Tab.</em></span> <span class='ocrx_word' id='word_1_719' title='bbox 2040 2279 2143 2310; x_wconf 73' lang='lat' dir='ltr'><em>Goth.</em></span> 
     </span>
    </p>

    <p class='ocr_par' dir='ltr' id='par_1_11' title="bbox 249 2320 2187 2450">
     <span class='ocr_line' id='line_1_51' title="bbox 413 2320 2187 2366; baseline -0.001 -16"><span class='ocrx_word' id='word_1_720' title='bbox 413 2320 574 2351; x_wconf 83' lang='lat' dir='ltr'><em>Rabula.</em></span> <span class='ocrx_word' id='word_1_721' title='bbox 621 2323 740 2353; x_wconf 88' lang='lat' dir='ltr'><em>Invenio</em></span> <span class='ocrx_word' id='word_1_722' title='bbox 764 2326 794 2352; x_wconf 89' lang='lat' dir='ltr'><em>iu</em></span> <span class='ocrx_word' id='word_1_723' title='bbox 819 2326 930 2354; x_wconf 84' lang='lat' dir='ltr'><em>Glossis</em></span> <span class='ocrx_word' id='word_1_724' title='bbox 953 2324 1104 2356; x_wconf 79' lang='lat' dir='ltr'><em>Rabicula</em></span> <span class='ocrx_word' id='word_1_725' title='bbox 1128 2324 1319 2366; x_wconf 70' lang='grc' dir='ltr'><em>δημαγωγός-,-</em></span> <span class='ocrx_word' id='word_1_726' title='bbox 1340 2327 1438 2355; x_wconf 86' lang='lat' dir='ltr'><em>nescio</em></span> <span class='ocrx_word' id='word_1_727' title='bbox 1461 2337 1499 2355; x_wconf 88' lang='lat' dir='ltr'><em>an</em></span> <span class='ocrx_word' id='word_1_728' title='bbox 1521 2327 1603 2355; x_wconf 86' lang='lat' dir='ltr'><em>bene.</em></span> <span class='ocrx_word' id='word_1_729' title='bbox 1627 2325 1729 2356; x_wconf 84' lang='lat' dir='ltr'><em>Scal.</em></span> <span class='ocrx_word' id='word_1_730' title='bbox 1767 2326 1820 2354; x_wconf 87' lang='lat' dir='ltr'><em>Vel</em></span> <span class='ocrx_word' id='word_1_731' title='bbox 1842 2336 1857 2353; x_wconf 88' lang='lat' dir='ltr'><em>a</em></span> <span class='ocrx_word' id='word_1_732' title='bbox 1880 2322 2011 2353; x_wconf 76' lang='lat' dir='ltr'><em>radendo</em></span> <span class='ocrx_word' id='word_1_733' title='bbox 2035 2323 2117 2361; x_wconf 75' lang='lat' dir='ltr'><em>quasi</em></span> <span class='ocrx_word' id='word_1_734' title='bbox 2139 2331 2187 2349; x_wconf 84' lang='lat' dir='ltr'><em>ra-</em></span> 
     </span>
     <span class='ocr_line' id='line_1_52' title="bbox 249 2360 2187 2405; baseline 0 -15"><span class='ocrx_word' id='word_1_735' title='bbox 249 2360 337 2399; x_wconf 72' lang='lat' dir='ltr'><em>dula,</em></span> <span class='ocrx_word' id='word_1_736' title='bbox 361 2363 407 2391; x_wconf 88' lang='lat' dir='ltr'><em>vel</em></span> <span class='ocrx_word' id='word_1_737' title='bbox 430 2374 446 2391; x_wconf 86' lang='lat' dir='ltr'><em>a</em></span> <span class='ocrx_word' id='word_1_738' title='bbox 467 2363 555 2395; x_wconf 81' lang='lat' dir='ltr'><em>rabie.</em></span> <span class='ocrx_word' id='word_1_739' title='bbox 592 2365 672 2393; x_wconf 82' lang='lat' dir='ltr'><em>Infra</em></span> <span class='ocrx_word' id='word_1_740' title='bbox 694 2371 791 2394; x_wconf 80' lang='lat' dir='ltr'><em>tamen</em></span> <span class='ocrx_word' id='word_1_741' title='bbox 815 2378 830 2394; x_wconf 91' lang='lat' dir='ltr'><em>a</em></span> <span class='ocrx_word' id='word_1_742' title='bbox 854 2378 922 2395; x_wconf 78' lang='lat' dir='ltr'><em>rava</em></span> <span class='ocrx_word' id='word_1_743' title='bbox 945 2379 1030 2404; x_wconf 80' lang='lat' dir='ltr'><em>voce,</em></span> <span class='ocrx_word' id='word_1_744' title='bbox 1054 2368 1111 2396; x_wconf 88' lang='lat' dir='ltr'><em>hoc</em></span> <span class='ocrx_word' id='word_1_745' title='bbox 1133 2373 1176 2397; x_wconf 79' lang='lat' dir='ltr'><em>est</em></span> <span class='ocrx_word' id='word_1_746' title='bbox 1199 2380 1305 2405; x_wconf 84' lang='lat' dir='ltr'><em>rauca,</em></span> <span class='ocrx_word' id='word_1_747' title='bbox 1328 2369 1432 2398; x_wconf 87' lang='lat' dir='ltr'><em>Festus</em></span> <span class='ocrx_word' id='word_1_748' title='bbox 1456 2369 1596 2405; x_wconf 77' lang='lat' dir='ltr'><em>deduxit,</em></span> <span class='ocrx_word' id='word_1_749' title='bbox 1620 2369 1672 2398; x_wconf 81' lang='lat' dir='ltr'><em>sed</em></span> <span class='ocrx_word' id='word_1_750' title='bbox 1695 2369 1787 2397; x_wconf 90' lang='lat' dir='ltr'><em>multo</em></span> <span class='ocrx_word' id='word_1_751' title='bbox 1812 2367 1916 2396; x_wconf 84' lang='lat' dir='ltr'><em>melius</em></span> <span class='ocrx_word' id='word_1_752' title='bbox 1939 2377 1955 2394; x_wconf 86' lang='lat' dir='ltr'><em>a</em></span> <span class='ocrx_word' id='word_1_753' title='bbox 1978 2363 2064 2393; x_wconf 81' lang='lat' dir='ltr'><em>rabie.</em></span> <span class='ocrx_word' id='word_1_754' title='bbox 2098 2362 2187 2398; x_wconf 88' lang='lat' dir='ltr'><em>Quod</em></span> 
     </span>
     <span class='ocr_line' id='line_1_53' title="bbox 251 2403 2185 2450; baseline -0.001 -7"><span class='ocrx_word' id='word_1_755' title='bbox 251 2410 281 2433; x_wconf 58' lang='grc' dir='ltr'><em>Εἴ</em></span> <span class='ocrx_word' id='word_1_756' title='bbox 303 2405 383 2443; x_wconf 72' lang='lat' dir='ltr'><em>³Pud</em></span> <span class='ocrx_word' id='word_1_757' title='bbox 406 2406 532 2435; x_wconf 70' lang='lat' dir='ltr'><em>N⁰¹¹ium</em></span> <span class='ocrx_word' id='word_1_758' title='bbox 557 2407 634 2445; x_wconf 67' lang='lat'>12338</span> <span class='ocrx_word' id='word_1_759' title='bbox 656 2408 772 2437; x_wconf 73' lang='lat' dir='ltr'><em>duobus</em></span> <span class='ocrx_word' id='word_1_760' title='bbox 794 2408 866 2435; x_wconf 64' lang='lat'>10038</span> <span class='ocrx_word' id='word_1_761' title='bbox 891 2409 1034 2446; x_wconf 56' lang='grc' dir='ltr'><em>(γᾶς-26.</em></span> <span class='ocrx_word' id='word_1_762' title='bbox 1058 2410 1176 2448; x_wconf 80' lang='lat' dir='ltr'><em>Mero.):</em></span> <span class='ocrx_word' id='word_1_763' title='bbox 1207 2410 1361 2448; x_wconf 76' lang='lat' dir='ltr'><em>Rabulae,</em></span> <span class='ocrx_word' id='word_1_764' title='bbox 1388 2410 1513 2450; x_wconf 73' lang='lat' dir='ltr'><em>litigosi,</em></span> <span class='ocrx_word' id='word_1_765' title='bbox 1538 2423 1557 2439; x_wconf 88' lang='lat' dir='ltr'><em>a</em></span> <span class='ocrx_word' id='word_1_766' title='bbox 1579 2411 1660 2440; x_wconf 74' lang='lat' dir='ltr'><em>rabie</em></span> <span class='ocrx_word' id='word_1_767' title='bbox 1681 2410 1762 2440; x_wconf 72' lang='lat' dir='ltr'><em>dicti.</em></span> <span class='ocrx_word' id='word_1_768' title='bbox 1807 2411 1879 2438; x_wconf 86' lang='lat' dir='ltr'><em>Item</em></span> <span class='ocrx_word' id='word_1_769' title='bbox 1903 2408 1978 2446; x_wconf 82' lang='lat' dir='ltr'><em>(pag.</em></span> <span class='ocrx_word' id='word_1_770' title='bbox 1993 2408 2042 2436; x_wconf 86' lang='grc'><em>60-</em></span> <span class='ocrx_word' id='word_1_771' title='bbox 2067 2403 2185 2442; x_wconf 41' lang='grc' dir='ltr'><strong><em>ΜΕΝ-Υ</em></strong></span> 
     </span>
    </p>
   </div>
  </div>
 </body>
</html>
