2263 2668
216 173 291 208 476
645 171 989 206 COMMENTARH
1016 170 1064 203 IN
1090 170 1234 205 PAULI
1261 173 1457 208 DIACONI
1483 175 1736 209 EXCERPTA

381 263 577 294 Lautulae.
623 264 689 292 Non
712 264 818 303 procul
843 263 980 300 Anxure,
1004 264 1081 292 saltu
1105 270 1247 303 angusto,
1270 267 1348 295 inter
1371 277 1452 295 mare
1476 272 1504 296 et
1528 271 1658 303 montes,
1685 267 1746 295 Liv.
1769 267 1820 298 lib.
1834 268 1902 305 Vll,
1926 269 1964 305 (c.
1979 272 2053 308 39,).
2086 271 2168 300 Aliae

219 313 300 337 erant
322 309 396 336 intra
421 307 521 335 urbem
546 306 582 333 ad
606 306 708 334 Ianum
733 306 893 343 geminum.
940 306 1033 334 Varro
1056 306 1170 337 lib.lV.
1195 306 1250 348 (V,
1274 319 1340 348 pag.
1355 312 1424 342 156.
1449 308 1530 349 Sp.):
1568 308 1717 338 Laurolae
1739 322 1757 338 a
1780 309 1925 348 lavando,
1962 312 2041 352 quod
2063 313 2105 343 ibi
2127 313 2169 342 acl

219 350 323 379 Ianum
344 350 488 389 gemb-nun!
512 360 606 387 aquae
628 347 746 377 calidae
759 347 895 388 fuerunt.
941 347 1029 377 Dac-

379 390 565 419 Lactaria
597 389 782 419 columna.
825 391 896 419 Eam
925 392 955 418 in
986 391 1141 420 undecima
1166 393 1247 421 urbis
1271 394 1390 431 regione
1414 395 1500 432 ponit
1524 395 1597 424 Pub.
1623 394 1736 423 Victor.
1777 393 1885 423 Forum
1909 394 2095 433 oblitae-ium,
2124 400 2168 427 in-

219 435 297 472 quit,
328 434 357 461 in
379 443 411 460 eo
432 431 570 461 columna
593 439 633 460 est
656 431 799 469 lactaria,
833 431 874 461 acl
897 444 985 472 quam
1008 433 1137 475 infantes
1160 433 1237 464 lacte
1261 434 1382 465 alendos
1406 435 1548 476 deferunt.
1592 436 1680 466 Dac-

380 473 505 503 Lacob
517 475 626 513 rigae.
671 475 700 504 L.
720 485 771 503 m.:
807 475 841 503 A
863 474 913 504 lac
935 483 960 503 et
982 475 1141 517 ercobriga.
1172 477 1274 507 Fulv.
1303 478 1381 507 Urs.
1427 480 1590 516 Lacobriga
1614 479 1774 518 Hispaniae
1805 479 1873 507 urbs
1897 479 1933 507 ad
1957 490 2075 509 sacrum
2099 492 2169 518 pro-

219 516 395 545 montorium
419 527 513 555 prope
535 515 619 556 lagos
643 517 684 545 sie
707 517 786 545 dicta
810 528 827 545 a
849 518 915 545 lacu
939 522 968 546 et
988 518 1080 556 briga.
1118 519 1174 548 Alii
1197 521 1299 558 legunt
1321 520 1508 561 Arcobriga,
1533 521 1613 560 quod
1637 522 1798 560 Hispaniae
1822 522 1968 560 oppidum
1992 528 2034 552 est
2056 524 2086 552 in
2110 524 2170 552 Lu-

219 559 323 588 sitania
347 564 374 588 et
396 559 425 587 in
449 560 662 588 Tarraconensi
686 560 902 588 Celtiberorum
924 561 1053 598 regione.
1075 561 1129 590 Da
1139 574 1164 593 c,
1208 563 1252 591 Ex
1276 564 1439 602 Arcobriga
1462 565 1494 594 V.
1520 569 1550 593 et.
1573 565 1725 602 ercobriga
1750 564 1814 592 Urs.
1839 566 1973 593 Ceterum
1998 566 2092 605 Bryga
2116 576 2169 595 ve-

218 602 273 630 teri
297 602 455 640 Hispanica
477 602 578 640 lingua
602 601 749 641 oppidum
775 603 902 639 dicitur3
927 602 998 631 hinc
1021 604 1072 631 illa
1095 605 1124 632 in
1147 605 1288 644 Hispania
1311 606 1421 644 oppida
1446 606 1629 645 Arcobrega,
1656 606 1815 644 Arabriga,
1842 607 2058 646 Augustobriga
2068 626 2082 645 ,⁴
2099 609 2170 637 Car-

218 644 348 681 tobriga,
380 644 579 682 Croliobriga‚
612 645 770 683 Deobriga,
800 645 975 683 Iuliobriga,
1007 646 1182 685 Lacobriga,
1211 648 1386 686 Mirobriga,
1409 649 1590 687 Mfflobfiga,
1614 649 1793 687 Merebriga,
1819 649 2008 688 Nertobriga,
2035 652 2168 681 Nemeto-

218 686 317 725 briga,
342 687 471 724 Obriga,
494 687 669 725 Segobriga,
693 687 888 725 Tunlabriga,
911 688 1067 727 Talabriga
1089 690 1151 719 sive
1174 691 1327 728 Alabriga,
1353 692 1533 730 Turobriga,
1560 693 1743 730 Vertobriga.
1794 689 1895 721 Goth.

381 729 543 758 Lancea.
589 729 663 758 Vide
686 730 716 757 in
740 729 830 760 Pilae.
855 729 952 759 Scal.
988 731 1181 770 Hispanicum
1209 733 1331 762 verbum
1361 745 1422 763 esse
1447 735 1488 763 ait
1511 735 1605 763 Varro
1629 735 1710 773 apud
1734 734 1865 762 Gellium
1888 734 1939 764 lib.
1950 734 2013 763 XV.
2037 745 2101 774 cap.
2115 738 2167 767 30.

221 771 369 800 Diodorus
391 771 547 800 Gallicum.
592 771 725 800 Addebat
747 772 913 801 Bochartus
936 773 1036 802 forsan
1061 785 1122 803 esse
1145 787 1161 804 a
1186 775 1347 804 Chaldaico
1371 776 1496 813 ronclza,
1521 778 1599 806 unde
1624 778 1729 806 Graeci
1752 774 1852 816 λόγχη.
1896 776 1986 806 Dac.

384 812 617 842 Lanoculus.
663 815 722 850 Qui
746 816 884 843 culcitam
908 816 1021 845 laneam
1044 816 1133 846 habet
1155 818 1192 847 ob
1216 819 1335 855 oculos,
1361 824 1395 847 ut
1417 819 1497 858 apud
1521 820 1657 848 Plautum
1681 821 1711 848 in
1737 819 1820 849 Milit.
1845 819 1927 849 Glor.
1952 819 2014 856 (IV,
2037 819 2066 856 4,
2089 821 2168 857 42.);

220 856 269 893 qui
293 856 412 884 oculum
436 856 503 884 lana
527 857 600 894 tegit
622 861 656 885 ut
679 858 702 885 is
726 868 787 886 sese
811 858 915 886 melius
937 858 1062 897 habeat;
1085 860 1182 889 lanam
1207 861 1281 889 enim
1306 862 1477 900 frequenter
1500 868 1613 891 veteres
1636 862 1828 891 adhibebant.
1868 863 1990 890 Sueton.
2013 861 2043 890 in
2069 863 2168 891 Domi-

221 898 290 925 tian.
315 908 379 937 cap.
396 901 459 929 17.:
489 898 540 927 Ac
564 900 740 928 sinisteriore
762 899 882 928 brachio
906 899 982 930 velut
1005 913 1108 941 aegro,
1134 902 1211 932 lanis
1223 903 1394 944 fasciisque
1413 916 1465 944 per
1486 903 1601 945 aliquot
1624 904 1684 934 dies
1706 903 1747 933 ad
1769 903 1953 933 auertendam
1977 905 2168 945 suspicionem

219 939 364 970 obvoluto.
409 941 494 969 Mart.
518 941 603 981 (XII,
627 941 705 980 89.):
741 941 828 980 Quod
851 941 922 970 lana
945 951 1032 984 caput
1055 944 1164 984 alligas
1189 944 1319 975 Charine.
1364 946 1451 976 Dac.

382 982 595 1014 Lamberat.
641 985 771 1023 Respicit
792 985 891 1013 locum
916 987 1010 1014 Plauti
1034 987 1169 1017 Pseudol.
1187 988 1230 1024 II,
1253 991 1288 1026 4,
1314 988 1406 1028 (53.):

753 1026 846 1066 Euge,
874 1027 1032 1068 pellepide‚
1067 1028 1205 1068 Charine,
1231 1043 1275 1060 me
1296 1043 1358 1061 meo
1383 1030 1454 1061 ludo
1477 1030 1630 1062 lamberas.

222 1065 307 1095 Dae.
352 1068 426 1104 Lege
452 1068 531 1106 apud
557 1069 705 1097 Plautum:
728 1068 877 1109 Eugepae,
901 1069 994 1110 lepide
1017 1076 1071 1100 cet.

382 1109 578 1141 Lanerum.
623 1112 648 1139 A
671 1112 736 1140 lana
760 1110 892 1149 lanei-us,
915 1124 949 1150 a,
973 1126 1035 1151 um,
1059 1119 1091 1143 ut
1115 1125 1130 1143 a
1154 1125 1282 1153 quercus
1304 1128 1465 1156 quercet-us.
1491 1117 1580 1147 Dae.
1614 1117 1770 1147 Laverum.
1813 1115 1917 1146 Goth.

382 1151 506 1191 Lapit.
552 1154 697 1183 Pacuvius
719 1154 874 1183 Periboea:

821 1196 909 1236 Lapit
932 1209 983 1227 cor
1005 1209 1091 1235 cura,
1122 1211 1260 1229 aerumna
1284 1212 1389 1240 corpus
1411 1201 1539 1240 conficit.

219 1235 366 1264 Imitatum
389 1248 404 1264 a
429 1237 550 1266 Graecis
574 1239 625 1276 qui
648 1236 790 1279 πώρωσιν
813 1237 877 1269 οἷντὶ
898 1243 951 1277 τῆς
973 1239 1068 1279 λύπης
1090 1241 1205 1274 dicunt,
1228 1242 1327 1273 Scal.
1363 1243 1464 1282 Lapit.
1494 1243 1529 1272 Id
1552 1248 1593 1272 est
1617 1243 1790 1283 lapidescit,
1813 1243 1920 1282 lapidis
1943 1242 2036 1271 instar
2059 1240 2168 1268 durum

218 1277 259 1307 fit.
284 1278 369 1308 Dae.
406 1279 449 1307 Ita
476 1291 594 1319 quoque
618 1282 699 1320 apud
722 1282 795 1312 Non.
820 1282 896 1321 (pag.
910 1285 960 1314 23.
984 1283 1097 1321 Mero),
1136 1285 1195 1313 Alii
1219 1284 1301 1325 Ziph,
1330 1286 1379 1314 alii
1403 1285 1503 1325 lipuit,
1535 1287 1583 1314 alii
1607 1285 1715 1326 lupuit,
1746 1286 1797 1315 alii
1820 1285 1910 1326 labin
1929 1282 2033 1314 Goth.
2069 1281 2169 1321 Lapio

220 1325 262 1349 est
285 1321 416 1360 lapidem
440 1323 532 1359 socio,
556 1323 633 1352 unde
656 1323 855 1363 Lapicidina,
879 1335 937 1352 non
962 1324 1176 1364 lapidicidina,
1198 1338 1253 1356 nec
1276 1326 1450 1367 lapidicina.

382 1363 651 1404 Lapidicinae.
696 1368 726 1396 L.
749 1378 802 1398 m.:
840 1366 1053 1406 Lapidicinae‚
1083 1368 1134 1397 ubi
1155 1369 1335 1399 exciduntur
1357 1368 1477 1408 lapides.
1499 1368 1601 1400 Fulv.
1631 1370 1707 1398 Urs.
1753 1370 1924 1409 Lapidicina
1948 1372 2089 1406 corrupte
2111 1377 2167 1405 pro

218 1402 424 1443 lapicaedina,
462 1418 478 1435 a
501 1406 579 1447 lapis
601 1413 629 1437 et
652 1408 752 1438 caedo.
796 1409 817 1437 A
843 1409 933 1438 caedo
961 1409 1082 1438 medina
1106 1415 1139 1439 ut
1161 1423 1177 1440 a
1200 1412 1281 1440 fodio
1299 1411 1419 1452 fodina.
1450 1412 1537 1441 Dae.
1585 1413 1641 1440 Alii
1664 1412 1862 1450 Lapicidinae.
1893 1412 1990 1440 Gloss.
2013 1411 2072 1440 MS.
2095 1410 2168 1438 meis

218 1445 384 1485 lapidicina
407 1449 504 1487 locus,
541 1451 592 1478 ubi
614 1451 729 1490 lapides
752 1451 932 1488 caeduntur,
970 1453 1075 1481 Graeci
1098 1455 1234 1493 λατομίαι
1257 1455 1308 1485 καὶ
1331 1455 1512 1492 λιθοτομίαι.
1547 1454 1580 1483 V.
1604 1457 1633 1486 9.
1658 1455 1677 1483 l.
1701 1457 1724 1492 ᾗ.
1748 1455 1766 1483 l.
1782 1457 1829 1485 13.
1854 1455 1917 1493 §.5.
1930 1453 1959 1482 ff.
1983 1453 2020 1481 de
2043 1452 2168 1480 usufru-

218 1493 277 1517 ctu.
302 1490 382 1523 l.32.
409 1492 444 1520 de
469 1493 533 1521 iure
557 1493 681 1522 dotium.
707 1492 815 1522 Goth.
855 1495 1053 1523 Scribenduni
1078 1505 1139 1525 esse
1162 1498 1272 1535 ubique
1295 1495 1478 1536 lapicidina,
1501 1497 1557 1525 iam
1581 1498 1652 1525 satis
1675 1501 1797 1526 constat.
1837 1497 1880 1525 (Is.
1904 1506 1994 1535 supra
2018 1494 2119 1533 Lapit.

381 1532 516 1564 Lateae.
562 1536 668 1565 Melius
691 1536 810 1565 Servius
834 1547 849 1565 a
872 1536 1007 1574 latendo,
1044 1539 1113 1576 quia
1141 1539 1183 1567 ibi
1211 1539 1282 1568 latet
1309 1539 1435 1576 humor,
1471 1537 1557 1568 latex
1585 1545 1683 1569 autem
1707 1540 1852 1578 liquorem
1875 1543 1990 1567 tantum
2013 1536 2167 1576 significat.

221 1570 313 1612 (Virg.
338 1575 409 1605 Aen.
425 1576 480 1614 VI,
502 1578 602 1615 715.):

881 1637 923 1642 —
967 1639 1004 1643 ——
1050 1621 1174 1651 Lethaei
1196 1621 1237 1651 ad
1248 1623 1388 1664 fluminis
1409 1621 1518 1652 undam

840 1662 964 1692 Securos
984 1663 1086 1693 latices
1107 1672 1133 1693 et
1156 1664 1246 1704 longa
1269 1664 1379 1694 oblivia
1398 1673 1514 1705 potant.

222 1699 356 1738 Latices,
380 1702 397 1730 i.
419 1713 442 1732 e.
465 1703 626 1742 liquorem,
649 1704 770 1733 fluenta.
816 1705 852 1734 Et
875 1706 944 1734 alibi
969 1705 1102 1735 Lenaeos
1126 1706 1243 1743 latices,
1267 1706 1441 1748 laticemque
1463 1707 1610 1748 Lyaeum,
1634 1708 1651 1737 i.
1673 1717 1696 1736 e.
1721 1706 1831 1736 Bacchi
1853 1706 2010 1744 liquorem.
2055 1704 2145 1735 Dae.

382 1745 520 1774 Latine
546 1745 662 1787 loqui.
708 1747 850 1786 Polybius
880 1748 931 1778 lib.
944 1748 1002 1784 111,
1033 1748 1108 1788 (22,
1131 1750 1178 1789 3.)
1208 1751 1307 1778 eadem
1336 1751 1439 1779 scribit
1463 1750 1500 1779 de
1523 1752 1644 1789 antiqua
1669 1750 1768 1778 Latina
1793 1749 1960 1778 locutione:
2003 1744 2168 1787 Τηλικαύτη

221 1783 291 1822 γὰρ,
318 1787 428 1824 inquit,
457 1785 476 1827 ἦ
498 1788 632 1828 διαφορὰ
654 1789 757 1830 γέγονε
779 1793 828 1828 τῆς
853 1791 1009 1821 διαλέκτου
1032 1792 1082 1822 καὶ
1104 1790 1185 1829 παρὰ
1205 1790 1361 1830 Ῥωμαίοις
1383 1796 1445 1828 τοῖς
1469 1795 1545 1831 (τῆς)
1570 1796 1626 1823 νῦν
1649 1791 1725 1830 πρός
1747 1791 1803 1830 τὴν
1826 1789 1970 1831 ἀρχαίαν,
2000 1788 2074 1821 ὥστε
2098 1786 2170 1838 totle

222 1827 441 1866 ovretmtn'ciovg
464 1831 528 1861 ἔνια
551 1829 636 1870 μόλις
659 1832 687 1869 ἐξ
709 1831 892 1868 ἐπιστάσεως
914 1835 1100 1872 διευκρινεῖν.
1126 1833 1225 1864 Fulv.
1254 1835 1332 1865 Urs.
1367 1836 1471 1864 Omnia
1494 1835 1646 1874 sequentia
1670 1840 1737 1864 sunt
1760 1835 1849 1863 Pauli,
1886 1833 1944 1869 Qui
1967 1833 2096 1861 fateatur
2116 1842 2170 1861 vix

226 1867 312 1897 ullam
335 1872 468 1901 notitiam
495 1874 588 1902 Latini
618 1876 760 1903 sermonis
790 1886 960 1914 superesse,
997 1887 1033 1905 ne
1056 1887 1209 1915 speronius
1233 1877 1268 1905 ab
1292 1888 1326 1907 eo
1350 1878 1501 1907 Latinitati
1527 1878 1711 1914 consultum,
1751 1877 1801 1916 qui
1824 1877 1878 1906 illo
1901 1875 2027 1905 barbaro
2050 1875 2169 1904 saeculo

224 1907 337 1939 Festum
360 1915 445 1942 nobis
467 1917 626 1946 mutilavit.
650 1916 751 1947 Scal.
782 1916 817 1947 In
841 1918 955 1947 notitia.
984 1919 1117 1949 Innoxia.
1154 1918 1259 1949 Goth.

384 1956 580 1987 Latrones.
627 1960 722 1988 Varro
746 1960 858 1990 lib.VI.
883 1961 963 1997 (VH,
986 1972 1013 2000 p.
1027 1964 1098 1993 337.
1124 1963 1201 2000 Sp.):
1236 1959 1309 1992 'And
1332 1964 1387 1992 τοῦ
1409 1959 1536 2002 λάτρου,
1567 1963 1586 1992 i.
1611 1973 1634 1991 e.
1659 1961 1802 1992 mercede.
1829 1959 1927 1990 Fulv.
1954 1959 2033 1989 Urs.
2079 1960 2168 1998 Lege:

223 1988 293 2023 ‘And
317 1997 368 2025 τοῦ
389 1997 513 2037 λάτρου,
537 2012 555 2029 α
578 2003 652 2041 stipe
674 2007 702 2031 et
723 2003 763 2031 ita
787 2004 844 2032 viri
869 2003 959 2032 docti.
1006 2005 1098 2033 Plaut.
1122 2005 1183 2032 Mil.
1208 2005 1298 2043 G1.1‚
1323 2007 1356 2040 1,
1379 2003 1474 2046 (74.):

797 2045 876 2074 Nam
901 2057 955 2075 rex
979 2045 1114 2075 Seleucus
1137 2059 1180 2075 me
1201 2057 1284 2086 opere
1304 2048 1397 2076 oravit
1419 2057 1574 2083 maoeumo,

799 2087 838 2116 Ut
860 2087 917 2117 sibi
937 2087 1065 2118 latrones
1088 2101 1216 2128 cogerem
1240 2097 1327 2129 atque
1349 2089 1568 2120 conscriberem.

225 2117 297 2146 Inde
320 2116 494 2150 ἶαὶνθθῐηανί
515 2133 569 2161 pro
591 2126 719 2156 militare
740 2129 818 2158 idem
842 2130 948 2159 ibidem
973 2131 1029 2169 (ΙΙ,
1055 2134 1089 2168 6,
1115 2134 1186 2168 19.).
1233 2132 1269 2160 Ut
1293 2138 1388 2160 autem
1413 2132 1554 2160 militibus
1577 2128 1686 2168 λάτρον
1710 2132 1860 2158 latronum
1883 2138 1990 2158 nomen
2011 2128 2097 2165 fecit,
2123 2128 2167 2157 sic

224 2160 296 2198 stips
319 2161 502 2199 stipatorum.
531 2166 602 2195 Nam
625 2174 652 2196 et
675 2171 833 2209 stipatores
857 2173 929 2201 dicti
952 2178 1028 2204 sunt.
1055 2174 1147 2202 Varro
1172 2174 1219 2204 lib.
1237 2174 1284 2203 VI.
1309 2174 1341 2214 (l.
1362 2172 1411 2210 ο).
1441 2175 1486 2203 At
1510 2185 1587 2203 nunc
1607 2174 1721 2202 viarum
1743 2171 1912 2202 obsessores,
1942 2171 2053 2200 Tamen
2073 2170 2167 2200 Varro

225 2201 275 2230 lib.
287 2202 334 2250 VI.
358 2203 489 2251 latrones
512 2207 597 2236 etiam
620 2220 674 2247 pro
698 2214 841 2243 militibus
865 2227 879 2243 a
902 2216 995 2244 latere
1020 2216 1114 2245 dictos
1138 2217 1269 2255 putavit,
1305 2217 1372 2255 quia
1397 2217 1509 2245 circum
1533 2217 1624 2245 latera
1649 2220 1745 2244 essent
1766 2214 1838 2253 regi.
1882 2214 1988 2243 Festus
2015 2223 2088 2243 vero
2109 2223 2166 2261 pro

224 2253 339 2291 ἕθῑΡῑΠᾶ
361 2250 481 2275 Πυῑῐῡΰθ
504 2250 648 2285 geminum
672 2256 752 2283 vocis
775 2262 894 2294 etymon
919 2263 1102 2287 commentus
1125 2265 1176 2287 est.
1210 2259 1267 2287 Sed
1288 2260 1398 2288 frustra
1421 2264 1558 2297 uterque.
1590 2259 1767 2287 Obsessores
1791 2257 1906 2286 viarum
1929 2257 2060 2286 latrones
2083 2256 2165 2292 dicu,

225 2295 294 2324 quia
317 2287 347 2315 id
371 2289 477 2336 milit-es
500 2291 673 2320 conductitii
698 2296 885 2335 factitabant,
924 2301 974 2339 qui
1002 2302 1130 2330 latrones
1153 2303 1275 2340 proprie
1300 2302 1370 2330 dicti
1394 2307 1472 2330 sunt.
1503 2301 1590 2330 Dae.
1635 2301 1669 2330 V·
1693 2301 1768 2329 infra
1791 2299 1969 2338 Stipatores,
2004 2307 2165 2338 0⁰¹'P01'um

225 2329 371 2359 cust-mies-
415 2330 490 2359 H¹¹¹c
513 2333 629 2361 N⁰¹¹l¹¹⁰
652 2337 730 2372 (Pag-
748 2341 816 2370 134.
841 2342 946 2379 Mem.)
970 2344 1159 2380 latrocinari,
1184 2344 1311 2372 militare
1334 2344 1478 2373 mercede.
1526 2342 1630 2373 Goth.
2110 2381 2115 2387 ¹

296 2412 302 2418 ·
320 2413 337 2419 ..
385 2371 625 2404 Larentalia.
671 2377 768 2406 Placet
788 2381 931 2412 librorum
956 2387 1141 2422 quomndam
1167 2387 1254 2415 leelio
1279 2385 1412 2416 Faustuli
1433 2386 1590 2415 inventoris
1611 2385 1714 2422 Remi,
1745 2395 1923 2424 quamquam
1946 2394 2005 2413 non
2027 2381 2164 2420 displicet

224 2417 348 2442 nutritii.
391 2414 530 2446 Inventor
552 2422 596 2447 est
617 2418 685 2457 plus
709 2430 795 2458 quarn
818 2427 973 2463 nutritius,
1008 2429 1060 2465 qui
1087 2430 1236 2466 expositos
1257 2429 1376 2457 sustulit
1397 2433 1425 2458 et
1448 2428 1593 2458 educavit.
1637 2429 1752 2456 Inventi
1775 2427 1852 2456 enim
1873 2427 2000 2456 infantes
2022 2424 2164 2453 dicuntur
