2263 2668
533 143 599 179 DE
625 140 1020 178 SIGNIFICATIONE
1046 142 1332 180 VERBORUM.
1390 143 1537 180 LIBER
1562 143 1638 178 XII.
1992 148 2068 184 539

105 237 212 266 Ultima
234 246 296 266 vox
318 236 459 278 ignobilis
479 237 621 267 abundat.
645 236 737 266 Dac.
786 235 871 266 Adde
890 233 1019 264 Nonium
1041 235 1074 264 in
1093 235 1201 267 Nobile
1223 237 1267 276 (p.
1282 238 1354 270 351.
1377 235 1494 275 Mero).
1533 234 1590 266 Per
1609 249 1630 277 g
1651 247 1708 276 pro
1729 247 1755 270 c.
1796 236 1940 270 Gnobilis.
1976 240 2067 279 Igno-

102 280 181 310 bilis.
223 278 359 310 Gnobilis
381 291 438 320 pro
460 280 578 310 nobilis.
619 280 734 309 Glossis
760 277 858 315 Gnor,
886 278 1047 315 legendum
1068 281 1186 317 gnovit,
1211 279 1308 317 οἶδεν,
1331 278 1528 320 ἐπιγινώσκει.
1573 278 1717 317 Gricium,
1748 281 1907 318 legendum
1927 292 2068 322 gnorunt,

103 326 234 364 γνῶσιν,
264 322 436 364 διάγνωσιν.
464 323 604 363 [Legitur
625 323 668 351 ibi
694 320 772 351 Gnot
796 321 834 360 (i.
856 331 880 350 e.
904 321 1024 356 quovit,
1047 323 1220 362 contracte)
1244 329 1271 352 et
1297 321 1396 352 Gnotu
1418 322 1528 360 (ablat.
1550 323 1612 351 sive
1634 322 1752 362 supin.)
1775 328 1937 363 utrumque
1958 327 2067 358 rectis-

105 365 202 404 sime}
236 364 402 401 Gnarurat‚
425 368 571 406 γνωρίζει.
604 364 782 400 Gnarurem,
805 360 966 403 γνώριμον.
1000 361 1160 402 Gnarum,
1183 367 1365 405 γνωρίζεται.
1393 364 1498 395 Goth..
1533 363 1676 394 Gnobilis.
1704 365 1856 404 Ignobilis.
1886 366 1951 398 Hic
1972 380 2065 400 suum.

104 408 162 438 Hic
185 418 277 437 suam.
314 407 460 440 Gnobilis.
492 408 615 437 Nobilis.
648 406 685 435 In
711 405 816 446 Virgo.
847 406 882 434 In
904 405 1027 444 virgina.
1059 404 1232 437 Incendunt.
1264 408 1421 437 Incedunt.
1456 406 1585 438 Gnobili.
1616 407 1727 437 Nobili.
1770 405 1880 439 Idem.

270 450 304 479 N
308 461 464 491 oegeum.
508 450 656 491 Noegeum
687 454 769 478 recte
791 448 917 488 exponit
937 448 1059 478 amiculi
1082 459 1190 487 genus,
1226 455 1414 490 praetextum
1436 460 1581 490 purpura.
1625 450 1677 479 Est
1700 450 1778 480 enirn
1800 461 1922 481 versum
1945 462 1982 482 ex
2004 452 2066 482 Ho-

104 493 217 522 merico
241 495 341 531 φᾶρος
365 491 554 534 πορφύρεον.
600 490 735 522 simulac
758 490 900 522 lacrimas
922 489 958 519 de
979 502 1028 521 ore
1050 502 1156 531 noegeo
1180 491 1312 523 detersit:

646 533 753 574 Δακρύ
776 530 980 575 ὀμορξάμενος
1002 537 1138 574 κεφαλῆς
1161 533 1221 566 ἀπὸ
1245 538 1344 577 φᾶρος
1367 535 1472 566 ἕλεσκε.

105 575 226 609 Ὀδυσσ.
245 574 285 607 θ’.
311 578 425 615 (ν.88.)
454 578 526 607 Nam
555 578 646 617 paulo
676 581 742 605 ante
770 574 948 618 πορφύρεον
976 577 1106 606 vocavit.
1151 578 1250 614 Quare
1278 589 1349 607 vero
1374 582 1460 618 putet
1481 576 1531 606 hic
1554 586 1616 606 esse
1638 576 1819 606 adiectivum
1842 578 1946 607 Festus
1968 578 2064 608 inter-

105 625 304 660 preteturque
333 619 482 658 candido,
518 631 638 649 causam
668 619 851 648 comminisci
881 630 940 648 non
966 629 1050 658 queo.
1083 619 1185 651 Scal.
1229 621 1337 650 Mirum
1362 631 1449 659 quam
1472 620 1602 658 graviter
1623 618 1674 648 hic
1697 625 1838 649 errarunt
1861 626 1889 650 et
1911 621 2015 650 Festus
2037 625 2065 650 et

107 662 173 699 alii,
196 662 247 700 qui
271 672 339 691 cum
363 673 397 692 eo
421 674 557 703 noegeum
579 662 741 692 candidum
765 663 1010 702 interpretantur.
1056 662 1129 691 Nam
1152 663 1183 691 in
1205 673 1295 692 versu
1318 663 1394 692 Livii
1417 673 1477 691 vox
1500 673 1605 702 noegeo
1627 673 1690 691 non
1712 664 1844 692 refertur
1866 663 1904 691 ad
1927 673 1989 700 ore,
2012 663 2064 692 sed

106 702 146 734 ad
169 703 293 735 detersit.
336 703 471 735 Simulac
494 704 529 734 de
552 716 601 735 ore
622 717 674 734 suo
696 704 839 734 lacrimas
861 703 977 733 detersit
998 715 1114 744 noegeo.
1154 706 1258 745 Neque
1287 706 1368 735 aliud
1398 710 1442 734 est
1467 716 1601 745 noegeum
1625 715 1715 745 quam
1737 706 1897 734 amiculum
1920 709 2064 745 praetex-

105 751 171 776 tum
193 757 339 786 purpura.
383 748 510 777 Versum
532 748 610 778 enim
634 752 694 785 est,
730 753 764 777 ut
786 747 897 787 optime
920 747 1068 787 Scaliger,
1100 757 1138 776 ex
1160 748 1319 778 Homerico
1343 751 1443 789 φᾶρος
1465 745 1661 789 πορφύρεον,
1691 748 1723 777 in
1745 748 1879 787 Odyssea
1902 757 1991 787 quam
2014 748 2064 777 Li-

106 790 174 820 vius
198 790 361 820 convertit:

644 830 778 862 Simulac
800 831 948 873 lacrymas
971 831 1006 862 de
1027 844 1076 862 ore
1097 844 1203 873 noegeo
1227 832 1354 863 detersit.

644 873 751 916 Δακρῦ
775 871 982 916 ὀμορξάμενος
1003 878 1141 915 κεφαλῆς
1163 873 1222 907 ἀπὸ
1247 879 1348 915 φᾶρος
1369 875 1476 906 ἕλεσκε.

107 917 155 947 Ad
177 917 318 947 verbum:

643 958 810 1001 Lacr-ymas
833 958 997 999 detergens,
1025 971 1040 989 e
1061 960 1159 1000 capite
1180 971 1316 1000 noegeum
1340 958 1483 989 demebat.

107 1001 217 1040 Odyss.
230 998 271 1032 θ’.
287 1012 315 1030 v.
329 1003 379 1033 88.
399 1012 468 1030 nam
486 1012 513 1032 v.
527 1002 577 1034 84.
601 1003 723 1031 vocavit
745 1001 925 1041 πορφύρεον
947 1002 1020 1044 μέγα
1042 1005 1152 1042 φᾶρος.
1171 1003 1259 1032 Dac.
1296 1002 1390 1041 Quasi
1412 1013 1430 1030 a
1453 1011 1556 1030 nauco.
1589 1001 1664 1030 Vide
1681 1011 1770 1040 supra
1784 999 1931 1031 Naucum.
1958 997 2062 1030 Goth.

106 1043 174 1073 vid.
198 1044 356 1073 Hermann.
378 1044 469 1074 Elem.
502 1045 599 1074 doctr.
630 1050 714 1075 metr.
744 1055 810 1085 pag.
823 1048 896 1077 623.
926 1045 984 1074 ubi*
1008 1046 1164 1084 legendum
1196 1045 1317 1074 suadet:
1352 1044 1510 1074 dacrimas.
1555 1042 1602 1072 Ad
1631 1043 1811 1073 vocabulum
1841 1043 1922 1082 quod
1950 1043 2064 1080 attinet,

105 1091 190 1116 recte
212 1087 334 1116 videtur
355 1088 491 1116 statuisse
515 1088 663 1117 Dacerius.
708 1088 781 1117 Nam
809 1099 963 1128 noegeum,
999 1089 1063 1117 sive
1093 1099 1231 1127 naegeum
1260 1088 1340 1116 haud
1370 1087 1460 1116 dubie
1490 1085 1629 1115 cohaeret
1659 1097 1727 1115 curn
1757 1096 1806 1115 vv.
1829 1083 1937 1123 νάκος,
1972 1082 2064 1124 veiam,

107 1139 233 1167 naccae,
263 1140 359 1159 nacca
381 1131 411 1167 (i.
429 1141 456 1170 q.
480 1130 584 1168 fullo),
613 1141 740 1159 naucum
764 1131 794 1167 (i.
814 1141 841 1169 q.
865 1136 1005 1171 putamen
1029 1131 1144 1167 nucis),
1174 1141 1239 1159 nux
1262 1135 1291 1159 et
1314 1131 1395 1167 aliis,
1424 1140 1461 1158 ex
1484 1129 1592 1168 quibus
1612 1129 1802 1167 intelligitur,
1830 1139 1967 1167 noegeum
1990 1127 2066 1156 nihil

107 1171 190 1200 aliud
213 1182 274 1201 esse
295 1177 384 1211 p‘osse
405 1173 463 1202 nisi
486 1175 595 1213 φᾶρος.
640 1173 738 1202 Habes
761 1179 861 1203 autem
882 1174 1042 1203 solemnem
1064 1174 1146 1202 illam
1170 1174 1320 1202 vocalium
1345 1172 1577 1202 demutationem
1600 1182 1636 1210 a,
1666 1183 1700 1208 o,
1731 1182 1786 1209 au,
1813 1183 1848 1208 u,
1872 1181 1920 1207 oe,
1946 1170 1984 1200 de
2007 1179 2065 1210 qua

107 1225 194 1254 saepe
214 1225 270 1244 nos
293 1215 375 1243 alibi.

272 1257 381 1286 Nixi.
425 1256 525 1286 Nixii.
564 1257 765 1287 Glossarium:
791 1257 911 1296 lVixae,
936 1254 1050 1295 ὠδῖνες.
1091 1258 1125 1286 In
1149 1257 1222 1295 fine,
1245 1268 1320 1298 quae
1341 1256 1384 1286 ibi
1405 1255 1535 1286 subiecta
1548 1255 1669 1298 fuerint
1690 1266 1823 1293 mensae,
1845 1254 1902 1283 hoc
1924 1258 1983 1291 est,
2007 1264 2066 1294 op-

106 1300 260 1338 pignerata
282 1299 454 1338 argentariis
477 1299 744 1330 Corinthiensibus.
780 1301 890 1329 Deinde
912 1311 950 1330 ex
972 1306 1092 1330 vetusto
1115 1301 1210 1329 libro:
1234 1300 1332 1329 Etiam
1355 1300 1407 1340 qui
1429 1306 1518 1338 capta
1544 1298 1698 1335 Corintho,
1721 1298 1780 1327 hoc
1803 1302 1861 1334 est,
1887 1301 1956 1325 sunt
1978 1296 2066 1325 etiam

108 1342 161 1381 qui
183 1342 284 1371 dicant
307 1346 394 1381 capta
418 1342 561 1371 Corintho
585 1347 640 1372 etc.
667 1342 770 1373 Scal.
814 1343 896 1372 Nixi
917 1344 965 1373 vel
987 1345 1068 1373 nimii
1090 1355 1105 1371 a
1128 1343 1267 1380 nitendo,
1305 1342 1387 1381 quod
1411 1342 1533 1371 nixibus
1555 1341 1735 1381 parientium
1756 1340 1957 1380 praesideant.
2001 1338 2068 1369 Nin'

109 1385 188 1414 enim
210 1386 334 1424 proprie
358 1385 394 1414 de
416 1385 615 1424 parientibus,
646 1390 675 1414 et
698 1386 790 1415 nixus
812 1391 924 1425 partus.
972 1386 1051 1425 Virg.
1069 1387 1117 1415 IV.
1141 1387 1245 1424 Georg.
1268 1383 1386 1426 (199.):

605 1447 644 1451 —
689 1444 726 1450 -
774 1445 816 1450 -—
859 1436 911 1458 aut
928 1428 1029 1470 foetus
1052 1428 1176 1458 nixibus
1199 1428 1296 1457 edunt.

109 1470 165 1498 Ubi
188 1470 323 1499 Servius:
360 1469 509 1508 Nioeibus,
539 1469 684 1510 partubus
705 1481 725 1499 a
748 1469 886 1508 nitendo,
917 1471 995 1502 unde
1015 1479 1043 1500 et
1064 1472 1156 1502 enixa
1178 1470 1316 1502 dicimus.
1358 1470 1453 1500 Nixus
1476 1474 1574 1500 autem
1599 1469 1676 1500 Deos
1698 1468 1779 1506 legas
1803 1466 1884 1507 apud
1905 1465 1995 1496 Ovid.
2014 1465 2066 1496 IX.

109 1513 305 1552 metamorph.
329 1512 443 1553 (293.):
554 1507 562 1513 ”

605 1553 695 1583 Fessa
716 1553 823 1591 malis,
851 1553 1026 1595 tendensque
1046 1553 1090 1583 ad
1111 1553 1224 1585 coelum
1245 1554 1385 1592 brachia,
1414 1565 1523 1594 magno

605 1595 754 1626 Lucinam
777 1597 924 1637 nix-osque
944 1608 1045 1636 pares,
1073 1595 1203 1627 clamore
1223 1608 1374 1627 vocarem.

113 1638 196 1678 Quae
217 1640 302 1678 signa
327 1645 393 1666 sum
416 1639 477 1678 qui.
521 1638 616 1677 Lego:
656 1638 740 1677 Quae
760 1639 846 1678 signa
869 1647 935 1668 sunt
959 1640 1010 1680 qui
1031 1640 1187 1668 memoriae
1208 1638 1409 1679 prodiderint,
1446 1637 1599 1668 Antiocho
1623 1649 1686 1678 rege
1709 1636 1813 1676 Syriae
1833 1642 1986 1674 superato,
2020 1633 2069 1666 M.

110 1680 254 1711 Attilium
277 1679 429 1709 subn-acio
449 1679 560 1720 populo
583 1679 724 1710 Romano
743 1679 933 1720 adportasse,
956 1689 1044 1722 atque
1065 1681 1116 1710 ubi
1138 1689 1221 1718 sunt,
1242 1682 1380 1720 posuisse.
1415 1680 1515 1711 Etiam
1537 1682 1589 1722 qui
1611 1680 1714 1710 dicant
1737 1685 1826 1718 capta
1852 1676 1992 1709 Corintho
2015 1675 2070 1705 ad-

110 1730 194 1753 vecta
215 1722 289 1759 huc,
311 1733 386 1762 quae
407 1722 450 1752 ibi
471 1723 601 1753 subiecta
623 1722 734 1761 fuerint
757 1735 878 1754 mensae.
911 1724 976 1754 Hoc
1000 1729 1060 1761 est,
1083 1731 1151 1753 sunt
1174 1725 1260 1754 etiam
1283 1725 1335 1764 qui
1357 1728 1413 1754 etc.
1447 1722 1587 1754 Subiecta
1609 1733 1739 1759 mensae,
1761 1721 1821 1751 hoc
1843 1725 1904 1758 est,
1931 1729 2007 1760 quae
2028 1719 2072 1748 ibi

111 1766 308 1805 oppignerata
331 1766 504 1837 agemal-iis
527 1765 791 1796 Corintliiensibus.
814 1766 903 1798 Dae.
950 1767 1017 1797 Vid.
1039 1767 1116 1796 Non.
1139 1767 1170 1796 in
1193 1765 1313 1796 Eniaeae
1334 1767 1413 1806 (pag.
1425 1768 1476 1798 57.
1497 1767 1602 1805 Mero.)
1625 1764 1728 1804 Signa.
1762 1766 1831 1795 Sua.
1863 1762 1913 1794 M
1943 1762 2070 1793 Manius.

144 1819 206 1838 uae.
237 1808 308 1844 Qui.
388 1807 457 1837 oth.

114 1807 142 1847 Q
276 1848 444 1882 Nictare.
489 1851 612 1890 Proprie
635 1850 719 1889 quod
742 1851 849 1881 Graeci
870 1852 1064 1892 πτερυγίζειν.
1109 1851 1218 1880 Versus
1240 1851 1365 1880 Caecilii
1392 1856 1422 1881 et
1447 1851 1564 1889 reliqua
1586 1850 1630 1879 ita
1650 1849 1726 1880 bene
1746 1848 1913 1879 habebmm
1951 1843 2073 1877 Garruli

113 1894 174 1922 eine
196 1891 294 1922 denies
317 1893 444 1932 iacten15
465 1894 527 1923 sine
549 1894 694 1923 nictentur
712 1894 840 1933 perticis.
882 1894 996 1923 Novius
1019 1895 1050 1923 in
1073 1893 1198 1923 Maccho
1221 1904 1352 1934 copone:
1381 1901 1514 1923 actatum
1536 1891 1642 1930 scibis,
1666 1903 1732 1923 cum
1753 1893 1786 1922 in
1807 1901 1893 1921 nervo
1915 1887 2072 1919 nictabere.

114 1935 155 1964 De
178 1935 315 1965 versibus
337 1935 424 1964 Ennii
445 1935 515 1965 vide
544 1936 575 1964 in
605 1936 802 1966 coniectaneis
832 1937 917 1976 (pag.
931 1937 1002 1969 154.
1027 1937 1097 1975 St).
1127 1935 1228 1967 Scal.
1272 1936 1395 1966 Niciare
1416 1948 1432 1965 a
1456 1938 1549 1973 nitor,
1585 1945 1691 1974 nempe
1714 1946 1730 1964 a
1752 1935 1861 1973 supino
1884 1931 1995 1961 nictum
2016 1941 2072 1970 pro

113 1978 230 2007 nixum.
267 1978 320 2007 Est
345 1984 443 2008 sutem
465 1979 579 2008 nictare
602 1984 633 2008 et
655 1979 762 2009 nictari
784 1980 906 2019 proprie
930 1980 1009 2018 quod
1034 1979 1143 2008 Graeci
1166 1981 1366 2020 πτερυγίζειν,
1393 1989 1462 2009 cum
1485 1989 1556 2008 aves
1578 1978 1793 2008 volaturientes
1815 1975 1868 2006 alis
1890 1974 1984 2005 latera
2005 1983 2074 2021 τ’«ειζ-ι

112 2021 227 2050 beraut.
269 2021 308 2050 Et
328 2031 363 2050 eo
386 2032 476 2051 sensu
498 2031 568 2051 usus
592 2022 726 2058 Lucret.,
762 2023 848 2052 cuius
871 2023 1018 2061 integrum
1047 2023 1148 2051 locum
1170 2022 1240 2052 vide
1261 2023 1313 2051 lib.
1326 2022 1374 2052 VI.
1420 2020 1569 2052 Caecilius
1591 2022 1623 2050 in
1643 2017 1787 2062 hymnide.
1834 2017 1932 2048 Verba
1955 2016 2072 2048 Caecilu

113 2063 157 2093 sic
179 2063 328 2102 Scaliger:

287 2124 289 2126 -
653 2104 776 2136 Garruli
795 2107 858 2136 eim
879 2105 978 2137 dentes
999 2107 1124 2144 iactent,
1154 2107 1218 2138 sine
1239 2107 1385 2136 nictentur·
1405 2107 1535 2146 perticis.

114 2148 172 2178 Sed
194 2159 256 2178 non
279 2149 394 2188 placet;
424 2148 573 2178 tentabam
595 2149 684 2178 olim:

656 2189 769 2221 Grallis
789 2189 918 2221 sedentes
938 2192 1063 2228 iactent,
1093 2192 1156 2221 sine
1176 2192 1322 2221 nictentur
1342 2191 1471 2232 perticis.

115 2235 211 2263 Locus
233 2233 322 2263 Novii
344 2233 374 2262 in
398 2233 520 2262 Maccho
544 2234 679 2272 Copone:

652 2275 800 2305 Actutum
821 2274 910 2305 scibis
932 2287 999 2306 cum
1021 2277 1052 2306 in
1075 2287 1161 2305 nervo
1184 2275 1340 2307 uiolabere.
2040 2309 2046 2314 ⁴

113 2319 149 2349 Id
179 2324 236 2348 est:
273 2329 344 2348 mox
367 2319 442 2348 scies
465 2328 532 2347 cum
556 2318 677 2347 vinculo
702 2318 848 2347 cervicem
870 2319 1050 2358 impeditus,
1086 2319 1218 2348 omnium
1247 2319 1447 2348 membrorum
1469 2317 1537 2347 nisu
1558 2317 1670 2347 frustra
1694 2321 1722 2346 te
1745 2313 1887 2354 expedire
1910 2309 2071 2359 confb5118·

116 2360 262 2392 Caecilius
284 2363 314 2390 in
335 2360 442 2401 pugile.
488 2361 560 2391 Eius
581 2361 674 2390 verba
696 2367 840 2400 corrupta
863 2362 1002 2401 suspicor
1024 2366 1054 2390 et
1078 2362 1179 2391 forsan
1204 2362 1246 2391 ita
1273 2361 1411 2400 legenda:
1456 2361 1530 2391 Tum
1558 2361 1634 2390 inter
1663 2356 1849 2389 laudandum
1876 2353 1924 2384 Ῐιίσ
1951 2349 2073 2382 ”mulla

116 2403 256 2434 tremulae
274 2402 433 2443 palpebras
453 2411 601 2443 percutere
623 2404 732 2441 nio-tio,
764 2402 813 2434 hic
832 2403 976 2444 gaudere,
999 2405 1107 2445 supple
1129 2403 1238 2435 videas.
1281 2404 1369 2435 Dac.

1518 2454 1661 2499 Yyy*
