2263 2668
215 135 292 172 214

990 129 1216 165 ARUSIANI
1241 130 1383 166 MESSI

317 228 454 264 Terent.
480 226 617 261 Phorm.
638 221 667 258 ¹:
704 221 872 257 Voluntas
905 226 1025 258 vestra
1055 225 1087 259 ei
1118 225 1170 260 ad
1195 229 1342 272 poetam
1368 224 1563 260 accesserit.
1604 225 1674 261 Cic.
1701 223 1746 260 de
1772 225 1955 273 Suppliciis
1972 225 2003 264 ²:
2040 229 2159 278 Quam
2206 268 2209 271 ,

317 281 370 315 ad
395 280 514 314 Pelori
539 277 667 312 aedem
693 274 874 309 accedere.

217 351 347 386 Auctor
384 348 482 381 huius
520 344 577 379 rei.
629 343 724 388 Virg.
756 342 897 378 Aeneid.
934 343 1009 378 XII.
1024 340 1056 377 ³:
1097 342 1231 378 Auctor
1273 356 1343 392 ego
1376 343 1544 379 audendi.

318 398 468 443 Adelph.
482 393 510 429 ⁴:
537 395 629 429 Idne
655 395 736 428 estis
757 399 919 429 auctores
943 393 1056 428 mihi?

1604 345 1734 380 Auctor
1772 344 1863 381 hanc
1901 358 1982 382 rem.
2022 348 2158 384 Terent.

219 469 411 514 Aequipero
438 465 542 499 illum.
574 463 669 509 Virg.
697 461 817 497 Buc.⁵:
850 463 927 497 Nec
953 463 1102 497 calamis
1125 464 1237 497 solum
1264 463 1475 509 aequiperas
1507 463 1572 497 sed
1603 475 1688 498 voce
1716 464 1940 510 magistrum.
1973 465 2098 511 Aequo
2116 466 2162 500 il-

321 520 401 553 lum.
428 516 524 561 Virg.
546 516 629 549 Aen.
656 515 716 548 X.:
749 514 799 548 Et
830 519 949 549 ventos
976 518 1149 561 aequante
1181 512 1348 560 sagittafl.

318 569 361 604 V.
370 581 380 603 t
405 567 604 613 Aequemus
623 576 782 612 pugnas.

1401 514 1521 559 Aequo
1546 514 1583 548 id
1609 520 1658 549 est
1681 517 1776 562 paria
1801 516 1889 550 facio
1898 513 1919 550 ⁷.
1953 517 2052 552 Idem
2076 518 2160 554 Aen.

217 639 376 684 Adsurgo
397 637 456 670 illi.
481 635 577 680 Virg.
602 630 723 669 Buc.⁸:
750 633 865 679 Atque
894 633 969 667 viro
995 632 1130 667 Phoebi
1151 633 1278 667 chorus
1302 633 1547 667 adsurrexerit
1572 634 1690 667 omnis.
1717 634 1836 669 Salust.
1862 636 1948 670 Hist.
1969 631 2051 670 V.⁰:
2077 635 2161 682 Syl-

323 691 397 723 lam
423 689 632 722 dictatorem
651 687 711 720 uni
734 685 800 720 sibi
826 685 1040 720 descendere
1066 697 1168 730 equo,
1195 685 1396 730 adsurgere
1421 686 1522 726 sella,
1548 689 1656 731 caput
1682 688 1823 731 aperire
1848 688 1997 721 solitum.

219 743 275 778 Ab
300 743 443 786 integro.
472 739 567 784 Virg.
596 735 728 772 Buc.¹⁰:
754 737 915 782 BIagnus
949 736 996 770 ab
1028 737 1167 782 integro
1196 737 1400 770 saeclorum.
1435 737 1571 770 Terent.
1603 735 1809 783 Adelph‚¹¹:
1840 738 1937 773 Ecce
1966 741 2086 774 autem
2116 737 2164 773 de

322 794 470 837 integro.
500 790 571 824 Cic.
598 789 838 835 pro·Cluent.:
864 788 922 822 De
944 789 1083 833 integro
1104 788 1218 833 sunus
1244 789 1316 821 iam
1342 788 1478 833 sepulto
1490 788 1577 835 filio
1591 787 1700 833 facit.

222 845 386 891 Adprima
410 842 465 875 vel
488 842 650 886 adprime.
685 841 779 886 Virg.
801 840 931 885 Georg.
957 836 1050 873 11.¹²:
1081 839 1164 873 Flos
1191 839 1359 885 adprima
1385 844 1501 874 tenax.
1533 840 1668 874 Terent.
1687 837 1846 884 Hecyr.13
1872 841 2041 887 adprime:
2066 839 2162 875 Meis

324 906 381 928 me
406 893 563 927 omnibus
587 894 659 927 scio
686 903 759 926 esse
784 892 949 936 adprime
974 891 1221 936 obsequentem.

222 947 279 982 Ad
305 957 369 993 pro
396 957 510 989 usque.
545 945 640 989 Virg.
669 944 797 989 Georg.
824 940 949 976 1111.¹⁴:
977 942 1040 976 Ad
1067 943 1186 976 limum
1210 941 1324 975 radiis
1351 942 1532 989 tepefacta
1565 940 1767 987 coquebant.
1800 941 1898 977 Idem
1927 943 2009 978 Aen.
2042 939 2163 989 [495]

322 993 412 1032 V.¹⁵:
440 996 481 1031 Si
505 996 659 1030 nondum
685 1006 809 1028 exosus
834 994 885 1028 ad
911 1006 1026 1027 unum.

222 1050 382 1086 Adfectat
409 1049 503 1081 illam
529 1059 609 1081 rem.
639 1047 734 1092 Virg.
762 1047 891 1092 Georg.
917 1042 1039 1081 1111.¹⁶:
1071 1043 1239 1090 Viamque
1263 1043 1427 1090 adfectat
1457 1043 1616 1090 Olympo.
1644 1044 1781 1080 Terent.
1812 1042 1985 1080 Heaut.¹⁷=
2010 1043 2073 1080 Ad
2100 1043 2165 1079 do-

321 1100 436 1134 minas
461 1100 520 1145 qui
544 1098 707 1144 adfectat
731 1098 836 1132 viam.

221 1153 396 1188 Ambobus
421 1162 485 1196 pro
513 1151 669 1194 utrisque.
695 1150 790 1195 Virg.
818 1149 902 1183 Aen.
929 1144 1004 1181 1.¹¹³:
1030 1146 1285 1191 Priamumque
1310 1151 1344 1181 et
1368 1158 1513 1181 saevum
1539 1146 1709 1182 ambobus
1734 1146 1922 1185 Achillem.

225 1207 348 1240 Amens
374 1203 483 1238 animi.
509 1203 606 1248 Virg.
633 1203 715 1236 Aen.
742 1201 800 1235 lv.
812 1197 853 1234 ¹⁹:
885 1199 990 1245 Isque
1016 1209 1136 1233 amens
1162 1199 1279 1233 animi.

311 1320 340 1362 1)
355 1320 412 1350 Ad
425 1321 527 1350 illam
543 1320 615 1350 Cod.
633 1320 690 1350 Gu.
719 1320 778 1350 Ter.
793 1319 885 1348 Phor.
910 1318 989 1349 Prol.
1016 1320 1066 1350 30.
1088 1317 1121 1347 A.
1138 1317 1177 1347 M.

226 1381 268 1388 —
288 1362 318 1399 2)
342 1365 414 1404 Cap.
429 1368 457 1397 3.
481 1364 546 1393 Act.
570 1364 605 1392 11.
623 1363 655 1391 in
673 1363 755 1393 Verr.
777 1362 828 1393 lib.
847 1362 883 1392 V.
908 1363 1012 1400 Quam
1033 1361 1102 1391 Cod.
1121 1361 1177 1389 Gu.

230 1408 294 1446 Qui
314 1407 385 1436 eod.
412 1407 446 1437 A.
462 1407 501 1436 M.
525 1407 601 1435 Tum
625 1405 670 1434 ad
688 1404 858 1434 Peloridem
882 1404 990 1442 legitur
1013 1403 1091 1442 apud
1117 1403 1177 1432 Cic.

227 1466 269 1472 -—
289 1450 320 1488 3)
342 1449 469 1479 Autlior
492 1450 527 1479 A.
549 1449 588 1477 M.
616 1448 667 1477 sed
693 1448 726 1476 in
746 1447 836 1476 altera
857 1447 985 1476 formula
1014 1447 1092 1475 idem
1115 1457 1177 1474 au-

227 1498 300 1521 ctor.
330 1493 416 1531 Vir-g.
439 1491 516 1521 Aen.
538 1489 624 1529 XII,
655 1491 725 1522 159·
751 1490 784 1520 A.
806 1490 844 1520 M.
875 1506 918 1511 —
946 1489 976 1529 4)
1003 1489 1069 1517 Ter.
1087 1487 1176 1517 Adel.

228 1537 259 1568 5.
272 1537 300 1567 8.
318 1537 366 1567 16.
386 1535 419 1565 A.
435 1534 474 1564 M.
498 1551 537 1556 -
560 1533 590 1571 5)
619 1533 705 1571 Virg.
729 1532 796 1561 Ecl.
823 1532 858 1561 V.
880 1533 930 1563 48.
955 1532 988 1561 A.
1006 1531 1044 1559 M.
1067 1531 1099 1559 In
1118 1541 1178 1559 ex—

229 1578 328 1616 emplo
355 1578 565 1616 aequiparas
588 1575 661 1604 cod.
686 1575 742 1604 Gu.
768 1589 811 1597 ·—-
841 1573 869 1613 6)
893 1574 987 1602 versu
1007 1576 1078 1606 248.
1101 1574 1178 1602 Elo—

230 1620 310 1648 cutio
333 1630 401 1648 cum
427 1619 563 1658 exemplo
590 1627 693 1646 recens
718 1616 843 1645 accessit
863 1625 878 1644 e
902 1616 973 1646 Cod.
998 1616 1052 1646 Gu.
1077 1632 1118 1638 —
1146 1613 1176 1655 7)

230 1662 336 1699 Aequo
361 1662 418 1689 illa
442 1661 477 1689 id
499 1666 541 1688 est
562 1661 637 1699 p.f.
665 1659 736 1687 cod.
762 1659 817 1689 Gu.
843 1657 926 1686 Idem
946 1658 1023 1686 Aen.
1051 1658 1086 1694 V,
1107 1658 1177 1689 419.

232 1703 268 1732 A.
289 1703 327 1731 M.
351 1719 393 1725 —
421 1703 451 1739 8)
474 1701 557 1731 Idem
578 1702 644 1730 Ecl.
672 1700 735 1738 VI,
759 1704 808 1733 66.
838 1700 874 1729 A.
894 1700 933 1729 M.
955 1701 1029 1728 Tum
1051 1700 1180 1728 Phoebei

233 1744 305 1772 cod.
327 1744 384 1773 Gu.
415 1760 456 1767 —
484 1744 514 1781 9)
546 1744 665 1781 Legitur
696 1744 774 1771 idem
801 1743 997 1781 fragmentum
1020 1743 1100 1781 apud
1122 1743 1179 1770 No-

233 1787 316 1815 nium
339 1796 406 1825 pag.
426 1788 496 1817 236.
521 1795 543 1813 S.
566 1795 594 1814 v.
615 1787 778 1823 Apertum,
799 1785 840 1813 sic
859 1790 1079 1824 comparatum:
1105 1786 1179 1823 Qui-

234 1829 292 1857 bus
307 1827 343 1856 de
366 1829 482 1856 caussis
507 1827 623 1865 Syllam
646 1829 678 1855 in
702 1827 829 1855 victoria
853 1826 1031 1855 dictatorem
1047 1828 1102 1855 uni
1120 1827 1180 1855 sibi

235 1882 310 1911 equo
329 1869 516 1907 descendere,
540 1879 660 1907 surgere
685 1868 720 1896 de
742 1869 831 1906 sella,
855 1876 947 1908 caput
968 1871 1082 1908 aperire
1104 1869 1180 1897 soli-

236 1920 310 1943 tum.
333 1913 376 1942 Cf.
398 1913 505 1940 Salust.
525 1912 669 1948 Fragmm.
694 1910 770 1941 Hist.
789 1911 842 1942 lib.
864 1912 897 1940 V.
918 1923 967 1941 no.
987 1914 1015 1943 9.
1038 1912 1085 1942 ed.
1103 1912 1179 1940 Ger-

234 1956 312 1985 lach.
334 1972 377 1977 -
398 1953 444 1995 10)
472 1955 558 1993 Virg.
575 1954 641 1982 Ecl.
664 1951 742 1990 IIII,
762 1955 789 1985 5.
813 1954 845 1983 A.
868 1954 907 1983 M.
932 1955 1107 1983 Saeclorum
1124 1955 1179 1982 ad-

237 1998 301 2028 didi
321 2008 336 2027 e
363 1997 435 2027 cod.
462 1997 536 2027 Gu.:
558 1996 674 2034 ignorat
696 1995 767 2025 cod.
790 1994 826 2024 A.
843 1995 881 2026 M.
905 2012 943 2018 -—
970 1997 1012 2034 11)
1035 1997 1122 2025 Hunc
1137 1997 1181 2025 lo-

238 2051 306 2070 cum
325 2041 366 2068 ita
384 2038 504 2069 exhibet
522 2038 555 2068 A.
573 2039 610 2066 M.
631 2038 690 2067 Cic.
711 2048 768 2075 pro
787 2037 923 2065 Cluentio
944 2041 971 2069 9,
988 2041 1064 2067 Ecce
1080 2045 1181 2067 autem

238 2083 274 2112 de
288 2085 403 2121 integro
420 2083 517 2118 fimus
538 2082 601 2108 iam
622 2080 813 2118 sepultosssf.
841 2080 875 2108 In
902 2085 970 2108 noxa
987 2082 1114 2110 subiecta
1134 2082 1182 2110 di-

238 2126 294 2159 cit,
325 2125 356 2153 in
388 2124 496 2153 Codice
527 2123 627 2151 locum
653 2122 768 2150 laudari
796 2132 829 2149 ex
860 2121 992 2150 Terentii
1027 2124 1182 2162 Adelphis,

239 2168 417 2206 subiungens
441 2166 528 2194 hacc:
560 2166 677 2202 Quippe
705 2162 826 2193 Codicis
849 2165 978 2202 scriptor
999 2175 1057 2193 non
1085 2168 1183 2194 solum

244 2212 359 2249 Opera,
388 2208 442 2236 sed
462 2210 544 2246 ipsos
565 2208 713 2235 Auctores
734 2207 830 2234 alium
854 2216 922 2234 cum
945 2207 1006 2234 allo
1034 2208 1183 2236 interdum

237 2253 402 2292 perturbat.
426 2251 488 2279 Non
506 2254 549 2278 est
565 2250 614 2278 ita.
640 2250 679 2277 Ut
700 2258 802 2286 saepe,
826 2249 884 2276 duo
900 2249 1032 2286 exempla
1047 2250 1075 2276 in
1091 2261 1182 2278 unum

240 2300 310 2325 sunt
332 2295 465 2323 confusa.
496 2291 568 2320 Cod.
590 2292 646 2320 Gu.
671 2289 803 2318 exhibet:
841 2291 889 2318 Sic
915 2291 1030 2321 Terent,
1058 2292 1181 2330 Adelph.

241 2340 317 2368 Ecce
336 2343 434 2365 (cutem
457 2334 493 2362 ‹le
512 2336 626 2372 integro
638 2334 742 2370 sunus
758 2334 820 2359 ium
838 2334 944 2370 s.f.s.
962 2332 1039 2360 Illud
1061 2335 1115 2360 sic
1133 2335 1180 2362 ni-

242 2380 286 2409 hil
304 2385 346 2409 est
366 2379 423 2408 nisi
447 2377 507 2406 Cic.
530 2377 597 2405 Vox
622 2375 657 2405 de
677 2377 792 2414 integro
815 2384 943 2404 errorem
964 2376 1133 2414 progenuit,
1163 2387 1179 2405 a

1221 1327 1278 1356 qua
1301 1317 1439 1346 aberrans
1461 1316 1557 1356 priori
1582 1316 1620 1346 ad
1641 1317 1763 1346 alteram
1783 1316 1943 1355 librarius,
1974 1315 2074 1346 omnia
2096 1320 2167 1346 tur-

1219 1360 1311 1389 bavit.
1334 1361 1430 1388 Locus
1449 1370 1485 1388 ex
1503 1360 1633 1389 Terentii
1656 1359 1799 1398 Adelphis
1818 1360 1836 1398 l,
1860 1363 1890 1397 2,
1908 1360 1959 1392 74.
1981 1360 2023 1389 sic
2042 1359 2166 1397 legitur:

1223 1402 1411 1433 claudebam.
1441 1403 1519 1431 Ecce
1539 1408 1639 1430 autem
1663 1401 1699 1430 de
1723 1404 1853 1442 integ-m,-
1875 1403 1937 1431 nisi
1959 1400 2110 1441 quicquid
2125 1406 2168 1430 est

1225 1446 1301 1475 Volo
1324 1447 1407 1476 scire.
1429 1444 1512 1474 Nihil
1535 1445 1624 1484 igitur
1646 1445 1774 1484 amplius
1796 1450 1913 1485 poterat
1931 1445 2053 1474 laudare
2072 1443 2169 1473 libra-

1220 1488 1300 1525 rius,
1324 1498 1409 1526 quam
1427 1498 1475 1517 vv.
1497 1489 1575 1516 Eece
1599 1493 1700 1516 autem
1718 1487 1754 1516 tle
1775 1489 1899 1527 integro.
1924 1487 2013 1527 Apud
2035 1487 2095 1516 Cic.
2116 1496 2169 1515 au-

1219 1535 1279 1558 tem
1297 1535 1352 1558 est:
1375 1532 1415 1559 Et
1436 1530 1479 1558 ibi
1502 1530 1537 1558 de
1550 1531 1778 1570 integrosunus
1793 1533 1857 1559 iam
1871 1531 1986 1569 sepulto
1995 1530 2067 1568 filio
2079 1530 2166 1567 fecit.

1220 1573 1315 1610 igitur
1329 1583 1472 1612 apparere
1486 1573 1611 1612 opinor,
1634 1573 1817 1602 verissimam
1833 1583 1895 1602 csse
1911 1582 2006 1601 meam
2028 1572 2169 1601 emenda—

1220 1616 1340 1644 tionem.
1362 1632 1404 1636 -
1428 1615 1471 1654 12)
1497 1615 1568 1645 cod.
1595 1616 1650 1646 Gu.
1671 1616 1756 1654 Virg.
1771 1615 1811 1647 II.
1832 1616 1866 1646 A.
1881 1615 1919 1645 M.
1946 1615 2032 1654 Virg.
2063 1615 2169 1653 Georg.

1223 1658 1262 1693 II,
1281 1660 1349 1689 134.
1371 1674 1413 1680 -—
1436 1657 1480 1697 13)
1505 1658 1571 1687 Ter.
1586 1659 1678 1696 Ilecy.
1691 1661 1720 1690 2-
1736 1661 1765 1689 Ξ.
1781 1659 1809 1690 5.
1826 1658 1860 1688 A.
1878 1658 1916 1687 M.
1938 1658 2053 1687 Terent.
2068 1655 2169 1686 Andr.

1223 1700 1294 1729 cod.
1312 1701 1370 1730 Gu.
1394 1700 1467 1728 Tun}
1486 1711 1540 1739 pro
1561 1700 1713 1739 adprime,
1737 1701 1818 1738 quod
1837 1701 1869 1728 in
1885 1706 2013 1739 utroque
2030 1703 2075 1728 est
2085 1699 2169 1735 Cod„

1221 1743 1354 1781 reposuit
1371 1742 1404 1770 A.
1421 1742 1458 1773 M.
1477 1742 1645 1781 I’ln'dippe,
1669 1753 1730 1771 non
1752 1753 1866 1772 verum.
1893 1742 2039 1772 Omnibus
2061 1741 2171 1780 adpri-

1223 1795 1268 1812 me
1285 1786 1347 1812 scio
1363 1795 1423 1812 esse
1443 1785 1504 1814 obs.
1528 1784 1586 1813 hoc
1609 1785 1712 1814 ordine
1729 1785 1800 1814 cod.
1825 1785 1881 1814 Gu.
1908 1801 1947 1807 »-
1973 1784 2020 1822 14)
2043 1783 2098 1812 Ad
2111 1793 2170 1822 pro

1222 1827 1359 1866 adusque
1380 1827 1451 1857 cod.
1474 1828 1508 1856 A.
1528 1827 1567 1856 M.
1589 1828 1673 1856 male.
1696 1827 1803 1856 Versus
1823 1831 1866 1855 est
1884 1828 1957 1859 428.
1981 1827 2056 1855 Tum
2071 1825 2172 1854 radiis

1221 1875 1347 1908 uterque
1365 1870 1435 1899 Cod.
1454 1870 1506 1898 sed
1525 1869 1611 1898 radii
1632 1869 1783 1899 Editiones
1804 1869 1882 1907 Virg.
1906 1870 1937 1897 id
1955 1869 2036 1905 quod
2053 1873 2172 1898 senten-

1221 1913 1262 1940 tia
1279 1912 1318 1940 ibi
1334 1912 1475 1951 postulat.
1498 1928 1541 1934 —-
1563 1911 1608 1951 15)
1629 1912 1724 1940 Versu
1742 1914 1812 1944 687.
1835 1927 1877 1933 —
1896 1914 1939 1946 16)
1956 1910 2040 1940 Idem
2060 1912 2169 1950 Georg.

1222 1955 1294 1989 IIII,
1313 1957 1384 1987 562.
1409 1955 1444 1983 A.
1460 1955 1499 1985 M.
1515 1954 1664 1990 Quoniam
1685 1954 1735 1982 hic
1752 1964 1856 1983 versus
1878 1954 2006 1993 pertinet
2025 1954 2062 1983 ad
2086 1954 2170 1982 clau-

1223 1998 1316 2025 sulam
1340 1997 1408 2025 libri
1430 1997 1480 2027 IV.
1506 1997 1734 2035 Georgicorum,
1769 2001 1870 2025 noster
1899 1996 2015 2034 quidem
2038 1995 2173 2025 vindicat

1224 2040 1348 2077 Virgilio
1370 2039 1439 2067 illos
1462 2044 1610 2068 extremos
1630 2049 1749 2076 versus,
1779 2049 1853 2077 quos
1877 2039 1970 2067 eidem
1994 2039 2172 2068 recentiores

1225 2082 1339 2120 aliquot
1361 2081 1462 2110 Critici
1486 2082 1666 2110 abiudicant.
1692 2081 1764 2110 Vide
1782 2081 1931 2120 lleynium
1947 2081 1984 2110 ad
2008 2091 2074 2110 eum
2090 2080 2170 2119 Virg.

1226 2125 1335 2153 locum.
1357 2124 1431 2160 Sed,
1454 2129 1659 2163 praeterquam
1675 2124 1753 2162 quod
1776 2124 1889 2162 antiqui
1906 2124 2081 2162 interpretes
2103 2124 2173 2151 Ser-

1226 2168 1293 2195 vius
1319 2171 1347 2195 et
1365 2166 1565 2205 Philargyrius
1586 2166 1617 2194 in
1641 2176 1689 2195 eos
1720 2166 1910 2195 commentati
1934 2171 2018 2203 sunt,
2041 2175 2092 2204 ego
2114 2165 2173 2194 hoc

1226 2219 1346 2238 moneo:
1370 2209 1491 2237 Codices
1513 2209 1652 2238 videlicet
1674 2209 1901 2244 Ambrosianus,
1925 2213 2072 2248 quotquot
2095 2217 2173 2236 con-

1226 2252 1319 2287 sului,
1351 2252 1437 2279 etiam
1460 2251 1530 2280 satis
1550 2255 1701 2287 vetustos,
1730 2251 1781 2279 illa
1803 2251 1936 2279 clausula
1961 2251 2173 2288 Georgicorum

1225 2304 1285 2322 non
1308 2303 1414 2323 carere.
1438 2293 1470 2323 A.
1493 2293 1533 2323 M.
1555 2310 1597 2315 —
1620 2295 1666 2329 17)
1694 2293 1759 2324 Ter.
1782 2295 1896 2324 Ilvam,
1920 2296 1947 2325 2.
1967 2296 1995 2325 3.
2007 2295 2063 2324 fio.
2083 2291 2116 2319 A.
2134 2290 2173 2318 M.

1225 2336 1275 2363 ubi
1297 2336 1395 2364 editur
1415 2335 1594 2373 adfectant.
1629 2352 1670 2357 —
1702 2336 1752 2371 18)
1775 2336 1868 2364 Versu
1895 2337 1965 2368 458.
1990 2334 2058 2362 cod.
2077 2332 2110 2361 A.
2133 2331 2172 2361 M.

1229 2378 1377 2415 Uli-rsem5
1399 2378 1450 2406 sed
1472 2383 1553 2407 recte
1574 2377 1725 2406 Achillem
1747 2378 1817 2407 cod.
1843 2378 1900 2407 Gn.
1931 2392 1967 2398 —-
1993 2373 2037 2416 19)
2060 2374 2173 2403 Amen-5·
