2263 2668
236 154 320 191 254⁴
1001 143 1226 180 ARUSIANI
1261 145 1401 183 MESSI

337 247 405 282 Sal.
430 246 554 279 Hister.
592 237 704 274 1111.¹v:
743 237 805 272 Ad
836 237 997 272 Siciliam
1028 249 1179 284 vergens
1204 239 1376 286 saucibus
1403 240 1506 285 ipsis,
1545 250 1612 274 non
1639 239 1803 285 amplius
1826 242 1937 286 patet.
1965 243 2105 279 milibus
2130 245 2177 282 vj·

237 303 370 387 Pendgtt
392 296 517 381 diffinite.
541 343 636 387 virg.
670 341 752 375 Aen.
775 337 905 374 vl11.²:
937 339 986 372 Et
1007 344 1058 382 te,
1090 341 1259 381 Catilina,
1291 342 1421 375 minaci
1447 342 1663 376 Pendentem
1688 343 1839 387 scopulo.
1890 343 2019 378 Pendet
2044 345 2088 379 de
2115 346 2172 379 illa

336 412 382 434 re.
408 398 503 430 Idem
525 390 649 427 Buc.³:
683 392 843 426 Danzosa
870 392 1030 436 pendere
1056 394 1184 437 procul
1211 394 1256 427 de
1282 405 1368 438 rupe
1394 393 1525 426 videbo.
1580 393 1708 426 Pendet
1735 395 1776 426 ab
1801 394 1859 426 illa
1884 405 1930 427 re.
1965 393 2172 436 Idem-Aen,

338 445 450 483 1111.⁴:
485 445 688 490 Pendetque
721 444 845 477 iterum
876 443 1055 476 narrantis
1081 443 1127 477 ab
1154 456 1223 478 ore.
1276 444 1405 478 Pendet
1430 445 1517 478 illius
1543 445 1601 479 rei.
1628 445 1763 479 Terent.
1791 441 1952 479 Heaut.⁵:
1990 446 2174 482 Pendebat

339 511 456 534 annm.

239 554 411 589 Proiectus
436 550 469 582 in
494 548 561 581 hac
581 542 647 580 re‘''.
687 545 783 590 Virg.
816 545 915 579 Buc.:
952 544 1065 578 Tirida·
1092 546 1269 590 proiectus
1293 547 1329 580 in
1355 549 1466 579 antro.
1501 546 1671 580 Proiectus
1706 546 1773 580 hac
1807 543 1873 580 re’.
1906 547 2003 582 Idem
2033 533 2176 583 Aeneia-,⁸

343 603 422 636 XL:
448 601 497 634 Et
523 603 591 632 toto
610 597 787 643 proiectus
812 600 967 641 tempore
995 596 1139 630 Turnus.

240 673 468 718 Propinquant
494 668 541 701 ῑιιὶ
567 662 673 700 locofl.
707 665 802 710 Virg.
834 665 917 699 Aen.
945 665 1005 698 V.:
1040 664 1187 710 Iamque
1212 663 1500 710 propinquabant
1533 664 1685 709 scopulo.
1744 665 1970 710 Propinquant
1998 659 2092 701 illum
2122 668 2178 705 loq

346 719 449 757 cumff'.
482 720 548 753 Sal.
576 718 660 751 Hist.
687 716 780 749 1111.:
819 715 906 748 Tum
931 727 1015 749 vero
1042 716 1183 760 Bithyni
1205 717 1479 761 propinquantes
1506 715 1578 748 iam
1609 726 1746 748 amnem
1782 717 1998 752 Tartanium.
2032 719 2178 764 Propin-

345 784 448 818 quum
473 771 531 804 illa
556 766 634 803 10¹⁰.
661 768 779 801 Salust.
808 767 910 800 Hist.:
943 767 985 800 G.
1016 767 1059 803 G.
1092 768 1210 801 Verris
1240 768 1359 800 littora
1391 766 1502 800 Italia
1524 767 1725 812 propinqua
1739 767 1915 813 firmavit.

244 844 343 888 Piget
368 841 455 873 illius
467 835 501 874 ¹¹.
536 837 742 921 Virg.GAen.
769 835 827 869 V.:
862 835 971 880 Piget
997 836 1123 881 incepti
1148 836 1308 880 lucisque.
1361 835 1461 879 Piget
1494 834 1589 867 illud.
1629 834 1763 868 Terent.
1797 835 1953 870 Phorm.:
1988 836 2093 878 Quod
2117 848 2180 871 nos

344 895 425 937 post
450 890 596 936 pigeat,
664 892 729 921 eta.

245 962 359 996 Patior
387 959 456 992 hoc
482 953 633 991 facerem.
674 956 769 1000 Virg.
804 955 887 988 Aen.
921 954 1031 987 V111.:
1070 954 1194 987 Patior
1227 953 1380 998 quemvis
1414 953 1549 987 durare
1580 953 1744 988 laborem.
1795 953 1908 987 Patior
1937 953 2006 987 hoc
2031 954 2179 989 futurum

349 1007 458 1044 essem.
486 1009 556 1043 Cic.
583 1008 627 1041 de
648 1013 804 1052 praetura
824 1006 949 1038 urbana
975 1005 1101 1038 Verris:
1129 1006 1264 1046 Patior,
1291 1016 1356 1037 non
1382 1005 1524 1038 moleste
1536 1004 1639 1049 sero,
1667 1005 1826 1048 Iudices,
1860 1016 1916 1038 me
1940 1004 2072 1039 laboris
2101 1007 2180 1047 mei,

348 1073 409 1096 vos
427 1061 563 1094 virtutis
587 1063 726 1092 vestrae
740 1057 904 1103 finctum
931 1067 1004 1090 esse
1028 1057 1168 1090 laturos.
1220 1056 1352 1089 Patiens
1378 1055 1484 1089 huius.
1523 1057 1616 1101 Virg.
1646 1057 1773 1102 Georg.
1797 1056 1840 1089 11.
1851 1053 1890 1089 ¹⁴:
1923 1055 1973 1089 Et
1987 1057 2181 1102 patientem

350 1123 498 1147 vomeris
523 1122 612 1146 unet.

248 1165 440 1210 Praegnans
465 1164 532 1196 hac
557 1173 602 1195 re.
628 1161 723 1206 Virg.
746 1161 827 1194 Aen.
848 1160 888 1192 X.
900 1154 940 1191 ¹⁵:
965 1158 1014 1191 Et
1027 1157 1120 1203 sace
1140 1168 1353 1202 praegnans
1382 1157 1507 1191 Cisseis
1533 1157 1689 1202 Regina.

249 1218 392 1262 Propius
418 1215 491 1247 illas
517 1225 578 1246 res.
616 1213 684 1246 Sal.
712 1207 857 1245 Cati1.¹⁶:
893 1209 998 1256 Quod
1021 1213 1138 1242 tamen
1163 1209 1281 1242 vitium
1298 1209 1447 1253 propias
1472 1209 1631 1242 virtatem
1656 1212 1744 1243 erat.
1779 1208 1875 1241 Idem
1900 1208 1994 1253 Iug.:
2028 1209 2183 1254 Propius

351 1277 450 1300 mare
475 1265 638 1310 Ajricum
666 1263 866 1308 agitabant.
927 1261 1069 1305 Propius
1099 1261 1149 1293 his
1183 1260 1288 1292 rebus.
1325 1260 1419 1304 Virg.
1447 1260 1575 1304 Georg.
1598 1257 1669 1293 l.¹⁷:
1704 1259 1858 1304 Propius
1883 1260 2030 1294 stabulis
2057 1259 2182 1306 [539]

351 1321 514 1351 armenta
539 1319 701 1348 tenerent.
747 1315 843 1347 Idem
878 1313 1006 1357 Georg.
1034 1309 1161 1347 1111.¹¹³:
1195 1310 1251 1344 Ne
1271 1312 1421 1356 propius
1446 1312 1543 1344 tectis
1569 1316 1691 1345 taxum
1716 1311 1798 1344 sine.
1841 1311 1986 1356 Propior
2014 1311 2063 1343 illi
2091 1312 2183 1344 illam

352 1381 432 1401 rem.
466 1368 559 1411 Virg.
590 1367 718 1410 Georg.
744 1366 818 1398 lll.:
850 1363 898 1396 Et
916 1363 1054 1408 facicm
1082 1368 1184 1396 tauro
1207 1363 1365 1407 propior.

253 1421 410 1466 Pepercit
431 1419 512 1452 huic
536 1414 625 1450 reim.
650 1418 744 1462 virg.
772 1417 855 1449 Aen.
882 1415 942 1447 11.:
967 1414 1047 1448 Non
1071 1419 1187 1447 tamen
1215 1413 1394 1456 abstinuit,
1427 1424 1491 1446 nec
1516 1413 1592 1446 voci
1618 1413 1760 1458 iraeque
1783 1413 1950 1458 pepercit.
1984 1412 2090 1446 Parce
2115 1412 2185 1446 hoc

353 1472 474 1505 facere.
502 1469 596 1514 Virg.
623 1468 706 1501 Aen.
732 1468 808 1501 111.:
834 1467 954 1501 Parce
975 1466 1059 1511 pias
1084 1466 1259 1499 scelerare
1282 1476 1414 1499 manus.
1466 1465 1619 1497 Poenitet
1640 1476 1693 1497 me
1716 1464 1804 1497 facti.
1833 1464 1925 1510 Virg.
1950 1460 2085 1497 Buc.²⁰:
2110 1462 2186 1497 No-

340 1606 368 1646 1)
393 1606 456 1634 Sal.
485 1605 568 1632 Hist.
594 1604 668 1632 ΠΠ.
700 1604 747 1633 13.
776 1600 811 1629 A.
839 1600 877 1629 M.
899 1600 1046 1638 Fragmm.
1068 1599 1123 1636 IV,
1152 1601 1201 1631 38.

258 1649 337 1677 Gerl.
365 1649 484 1677 Vertens
515 1645 585 1674 Cod.
614 1645 669 1673 Gu.
704 1644 785 1682 Ipsis
807 1643 908 1670 addidi
931 1652 946 1670 e
971 1643 1041 1670 Cod.
1065 1643 1121 1671 Gu.
1161 1658 1202 1664 —

258 1691 287 1728 ⁴2)
316 1691 401 1727 Virg.
430 1691 502 1717 Aen.
532 1686 621 1717 VIII.
654 1689 724 1718 668.
758 1686 792 1713 Α.
815 1685 853 1712 M.
882 1685 999 1722 Populo
1025 1684 1094 1712 Cod.
1116 1684 1149 1712 A.
1164 1684 1202 1713 M.

259 1733 349 1760 Recte
366 1732 485 1768 scopulo
512 1730 581 1757 cod.
598 1730 654 1757 Gu.
683 1745 718 1750 —
744 1729 773 1763 3)
798 1726 880 1755 Idem
904 1727 970 1755 Ecl.
993 1725 1016 1755 Ῑ.
1038 1730 1088 1758 77.
1106 1727 1140 1754 A.
1164 1727 1202 1756 M.

261 1772 308 1801 Rc
324 1773 390 1802 add.
416 1783 430 1800 e
453 1771 523 1799 Cod.
542 1772 597 1799 Gu.
613 1786 654 1792 —-·
682 1771 712 1805 4)
737 1769 820 1796 Idem
841 1769 916 1798 Aen.
943 1769 1013 1796 IIII.
1036 1771 1084 1800 79.
1109 1769 1141 1797 A.
1164 1768 1202 1797 M.

262 1816 308 1843 Re
325 1814 390 1842 add.
414 1824 428 1841 e
445 1813 516 1840 Cod.
537 1812 592 1840 Gu.
611 1827 651 1833 —
673 1810 702 1850 5)
728 1812 785 1838 Rei
802 1811 901 1839 addidi
924 1821 938 1838 e
963 1811 1032 1840 cod.
1053 1811 1108 1838 Gu.
1140 1812 1201 1839 Ter.

264 1858 377 1885 Heaut.
402 1858 430 1886 4.
445 1858 475 1886 4.
492 1856 520 1886 5.
541 1854 575 1881 A.
597 1853 635 1881 M.
657 1853 788 1891 Uterque
805 1854 874 1884 eod.
891 1852 1053 1888 Pendaelaat,
1078 1852 1128 1880 sed
1145 1853 1203 1880 edi-

263 1904 313 1927 tur
336 1898 415 1937 apud
437 1897 503 1926 Ter.
522 1894 671 1933 pensabit.
692 1911 733 1916 —
755 1894 784 1933 6)
808 1897 966 1923 Proiectus
989 1897 1021 1923 in
1040 1894 1095 1922 Ιιοο
1114 1895 1146 1922 A.
1166 1894 1204 1922 M.

269 1941 354 1978 lsirg.
378 1940 444 1968 Ecl.
468 1938 493 1967 I.
518 1940 566 1969 76.
593 1938 627 1965 A.
642 1937 681 1965 M.
702 1953 743 1958 -—
764 1935 792 1974 7)
815 1939 971 1964 Proiectus
991 1938 1050 1965 hac
1068 1948 1105 1965 re.
1122 1936 1206 1964 Hanc

265 1982 422 2011 formulam
445 1991 512 2009 cum
536 1979 670 2017 exemplo
697 1978 791 2007 adieci
817 1989 831 2006 e
859 1980 928 2008 eod.
955 1981 1010 2008 Gu.
1035 1980 1130 2007 Locus
1152 1979 1207 2008 erit

265 2024 348 2061 Virg.
370 2025 441 2052 Aen.
463 2022 526 2057 XI,
548 2024 597 2053 87.
628 2021 679 2049 ubi
708 2025 807 2049 tamen
837 2020 956 2058 legitur:
987 2021 1024 2050 Et
1047 2028 1107 2049 toto
1131 2032 1207 2060 pro·-

268 2068 362 2094 ieetas
380 2075 498 2103 corpore
520 2069 622 2091 terrae.
647 2079 688 2084 —
714 2061 742 2101 8)
765 2061 955 2100 Propinqaat
980 2064 1052 2091 haic
1075 2064 1146 2092 Cod.
1173 2064 1206 2093 A.

1245 1602 1288 1633 11)
1317 1599 1402 1628 Deest
1429 1599 1479 1628 hic
1502 1600 1645 1628 articulus
1668 1599 1748 1638 apud
1772 1599 1806 1628 A.
1833 1600 1871 1629 M.
1899 1598 2016 1637 Virgilii
2039 1599 2122 1627 locus
2142 1602 2189 1627 est

1244 1642 1317 1670 Aen.
1340 1641 1375 1677 V,
1400 1644 1469 1673 678.
1492 1643 1608 1672 Terent.
1628 1641 1746 1670 Phorm.
1767 1642 1815 1679 Ill,
1836 1644 1865 1678 3,
1881 1645 1930 1674 21.
1953 1657 1995 1663 —
2022 1641 2069 1679 12)
2092 1640 2189 1669 Etiam

1244 1683 1318 1711 haec
1343 1684 1470 1712 formula
1488 1694 1554 1712 cum
1582 1685 1716 1722 exemplo
1737 1694 1790 1712 suo
1808 1684 1888 1712 deest
1902 1683 2031 1723 apud‘A.
2049 1683 2087 1711 M.
2107 1683 2188 1720 Virg.

1245 1725 1317 1754 Aen.
1340 1725 1424 1763 Vlll,
1450 1728 1519 1757 577.
1550 1727 1600 1755 ubi
1625 1728 1761 1764 patiar.
1797 1743 1838 1748 —
1874 1725 1920 1766 13)
1942 1727 2016 1754 Esse
2043 1724 2145 1753 addidi
2173 1734 2190 1752 e

1247 1767 1317 1795 cod.
1346 1768 1402 1796 Gu.
1439 1769 1540 1796 Verris
1562 1769 1662 1796 addidi
1688 1778 1702 1796 e
1725 1768 1797 1797 cod.
1823 1769 1878 1798 Gu.
1903 1768 2023 1805 Legitur
2045 1766 2129 1795 locus
2156 1766 2190 1795 in

1245 1811 1310 1838 Act.
1327 1809 1410 1839 Verr.
1432 1810 1467 1838 11.
1485 1811 1535 1838 lib.
1556 1811 1576 1838 I.
1594 1821 1618 1839 c.
1644 1814 1671 1841 1.
1695 1810 1728 1838 In
1749 1810 1820 1839 cod.
1848 1811 1905 1838 Gu.
1927 1815 1986 1838 est:
2004 1808 2110 1838 Patior
2130 1816 2190 1837 non

1246 1852 1380 1887 moleste,
1404 1851 1536 1888 Iudices,
1561 1863 1605 1880 me
1628 1857 1683 1881 cet.
1706 1852 1793 1891 Apud
1811 1852 1870 1881 Cic.
1891 1852 1988 1880 editur
2002 1850 2120 1888 Patior,
2139 1852 2191 1879 ιἰι-

1247 1893 1326 1921 dices
1349 1899 1376 1921 et
1398 1905 1457 1922 non
1482 1895 1601 1922 moleste
1617 1896 1702 1932 fero,
1730 1905 1774 1922 me
1793 1899 1847 1923 cet.
1879 1910 1918 1916 —-
1950 1895 1994 1929 14)
2029 1894 2114 1931 Virg.
2138 1894 2190 1922 Ge.

1248 1937 1287 1965 JI.
1318 1939 1387 1968 223.
1418 1937 1452 1964 A.
1477 1937 1514 1965 M.
1535 1952 1578 1958 —
1600 1940 1644 1971 15)
1667 1935 1750 1964 Idem
1773 1936 1848 1965 Aen.
1872 1937 1912 1965 X.
1934 1939 2005 1967 704.
2033 1937 2065 1964 A.
2089 1935 2127 1964 M.
2153 1952 2189 1957 —

1249 1977 1294 2017 16)
1316 1979 1377 2006 Res
1390 1978 1491 2007 addidi
1511 1989 1527 2007 e
1549 1979 1618 2007 cod.
1634 1980 1688 2007 Gu.
1712 1979 1774 2007 Sal.
1802 1979 1867 2007 Cat.
1895 1981 1942 2010 11.
1963 1978 1997 2007 A.
2018 1978 2057 2007 Μ.
2079 1977 2191 2006 Exem-

1249 2021 1332 2059 plum
1358 2031 1394 2048 ex
1420 2021 1479 2050 Sal.
1504 2021 1568 2057 Iug.
1588 2021 1714 2060 petitum
1739 2031 1840 2049 recens
1859 2019 1984 2049 accessit
2000 2030 2016 2048 e
2033 2019 2106 2052 Cod,
2132 2020 2191 2048 Gu.

1250 2063 1369 2100 Legitur
1391 2073 1415 2091 c.
1435 2065 1480 2094 18.
1506 2063 1570 2092 edd.
1597 2064 1675 2092 Cort.
1700 2063 1780 2092 Gerl.
1801 2079 1843 2085 —
1866 2066 1908 2097 17)
1933 2062 2033 2091 Rebas
2058 2061 2158 2090 addidi
2177 2071 2193 2089 e

265 2109 304 2137 M.
330 2107 411 2136 Idem
433 2108 506 2136 Aen.
536 2106 570 2133 Ῑ”’.
595 2106 662 2136 159.
685 2104 717 2134 Α,
735 2105 771 2132 Μ.
799 2121 840 2126 --
861 2107 890 2139 9)
912 2106 1100 2144 Propinqui&
1121 2107 1209 2133 illam

267 2161 326 2178 rem
350 2150 421 2177 cod.
446 2150 480 2179 A.
502 2147 541 2176 M.
568 2147 631 2175 Sal.
654 2148 736 2174 lli-st.
760 2148 836 2175 IIII.
861 2149 910 2178 12.
940 2147 973 2174 A.
993 2148 1031 2176 M.
1061 2149 1207 2185 Fragmm.

265 2193 317 2229 lv,
340 2194 388 2224 36.
414 2191 491 2219 Gerl.
514 2189 658 2217 Bttleinn't
683 2188 753 2218 Cod.
784 2190 856 2221 Gu.;
880 2193 1044 2216 correctum
1073 2190 1101 2217 in
1125 2201 1209 2218 inar-

266 2235 333 2273 gine
361 2233 492 2262 Bitltinc'.
522 2247 562 2253 —
593 2229 639 2269 10)
660 2230 738 2258 Haec
759 2231 886 2258 formula
911 2240 976 2258 cum
1001 2232 1135 2269 exemplo
1156 2242 1207 2260 suo

268 2277 350 2305 deest
372 2276 403 2303 in
423 2275 494 2303 Cod.
518 2273 551 2303 A.
569 2272 607 2300 M.
633 2273 739 2299 Locum
761 2273 881 2300 Salustii
907 2271 1050 2309 scriptum
1077 2273 1207 2310 exhibui,

267 2318 515 2357 quemadmodum
534 2314 620 2342 estin
638 2314 708 2342 eod.
726 2314 781 2342 Gu.
799 2314 995 2352 perscriptus>
1015 2314 1098 2342 Prior
1112 2316 1209 2344 littera

273 2362 308 2389 G.
331 2370 485 2389 numerum
502 2357 567 2385 libri
584 2356 731 2392 continet,
754 2356 876 2384 fortasse
894 2355 979 2384 sexti.
996 2356 1096 2383 Altera
1115 2358 1150 2385 G.
1169 2363 1211 2385 est

270 2407 340 2432 nota
361 2399 559 2441 praenominis
584 2400 667 2427 Gaii.
693 2399 768 2427 Tum
793 2398 982 2426 scribendum
1016 2398 1139 2426 Verres.
1170 2415 1211 2421 —-

1252 2105 1322 2133 cod.
1345 2106 1400 2133 Gu.
1428 2106 1511 2143 VIrg.
1538 2106 1588 2134 Ge.
1613 2106 1637 2134 l.
1661 2107 1730 2137 355.
1754 2106 1787 2134 Α.
1810 2105 1847 2133 M.
1871 2121 1914 2127 —-
1944 2107 1986 2139 18)
2010 2103 2090 2132 Idem
2119 2103 2190 2132 IIII.

1249 2150 1301 2179 47.
1326 2150 1359 2176 A.
1383 2147 1421 2175 M.
1442 2148 1580 2175 Formula
1596 2148 1696 2175 ultima
1714 2157 1781 2175 cum
1799 2148 1934 2186 exemplo
1956 2157 2010 2175 suo
2032 2146 2131 2175 addita
2149 2149 2193 2174 est.

1252 2200 1266 2218 e
1283 2190 1353 2218 cod.
1370 2190 1423 2217 Gu.
1442 2190 1535 2217 Locus
1553 2190 1630 2227 Virg.
1648 2194 1690 2217 est
1713 2190 1817 2227 Georg.
1841 2190 1891 2225 ΙΙΙ,
1915 2191 1966 2221 58.
1988 2204 2029 2210 —-
2052 2188 2098 2225 19)
2123 2188 2192 2216 Pro'-

1251 2232 1326 2260 ximi
1345 2232 1403 2259 duo
1419 2232 1538 2260 articuli
1554 2233 1689 2270 Peperct‘t
1707 2237 1733 2260 et
1748 2230 1879 2260 Paenitet
1895 2231 2000 2259 desunt
2017 2231 2094 2269 apud
2109 2232 2142 2258 A.
2153 2228 2190 2257 M.

1253 2274 1333 2311 Virg.
1351 2275 1418 2303 Aen.
1436 2274 1471 2310 ΙΙ,
1487 2276 1557 2306 584.
1575 2274 1655 2311 Vin-g.
1672 2274 1742 2302 Aen.
1763 2274 1814 2310 ΙΙΙ,
1837 2277 1885 2305 42.
1907 2289 1949 2295 -·
1971 2274 2016 2308 ΞΟ)
2039 2272 2116 2310 Virg.
2128 2269 2190 2298 Ect.

1251 2317 1291 2351 X,
1315 2318 1361 2346 16.
1387 2315 1464 2354 Virg.
1492 2317 1552 2346 Ecl.
1571 2317 1606 2353 H,
1626 2319 1692 2354 34„
1715 2316 1765 2344 ubi
1786 2316 1928 2344 labellum
1950 2314 2065 2351 legitur.
2087 2327 2123 2334 —
2143 2311 2191 2347 21)

1256 2358 1321 2386 Ter.
1340 2359 1454 2385 Ileaut.
1471 2357 1551 2387 Prol.
1575 2360 1623 2390 13.
1648 2359 1685 2388 A.
1709 2359 1749 2388 M.
1774 2359 1820 2387 Re
1841 2358 1937 2386 omisit
1960 2356 1993 2385 Δ.
2018 2354 2057 2383 Μ.
2080 2367 2120 2375 -
2141 2352 2189 2389 22)

1254 2401 1311 2428 Seu
1337 2399 1372 2427 de
1395 2400 1459 2431 lav,
1487 2402 1512 2430 Ι.
1539 2404 1567 2432 2.
1598 2401 1713 2430 addidit
1739 2401 1772 2430 A.
1791 2400 1830 2429 M.
1850 2399 1934 2429 male.
1966 2408 2009 2419 -·
2036 2394 2083 2432 23)
2112 2393 2192 2423 Haec
