2263 2668
228 178 305 213 655
655 171 1000 205 COMMENTARH
1026 173 1072 205 IN
1100 171 1243 205 PAULI
1268 171 1465 206 DtACOM
1490 172 1745 207 EXCERPTA

227 269 338 307 Mem.)
360 269 452 297 ricam
473 266 684 301 interpretatur
706 261 873 300 sudarium,
910 264 992 302 quod
1020 268 1063 292 est
1091 265 1197 303 capitis
1221 269 1437 302 tegumentum,
1477 270 1509 294 ut
1530 266 1561 293 in
1584 267 1675 295 sacris
1698 267 1791 295 literis
1814 266 1967 305 accipiunt
1988 265 2172 304 interpretes,

230 311 336 342 Gallici
366 310 466 342 etiam,
503 305 554 343 qui
583 303 735 333 sudarium
766 311 919 344 exponunt
949 306 1127 346 couvreches.
1172 307 1244 335 Inde
1273 308 1360 336 etiam
1389 309 1506 336 tutulus
1530 308 1618 338 facile
1641 310 1743 338 vocari
1765 310 1864 348 potuit
1886 309 1957 337 rica.
2003 309 2073 336 Erat
2095 310 2172 338 enim

229 355 343 383 tutulus
366 348 595 378 Flaminicaruzn
621 352 647 375 et
670 347 834 376 flaminum
859 350 964 387 capitis
989 354 1202 378 ornamentum.
1234 350 1307 378 Vide
1328 349 1461 380 Tutulus.
1496 351 1594 388 Togae
1619 357 1769 390 praeterea
1793 361 1884 390 genus
1907 351 2055 389 quoddam
2079 351 2173 380 rivam

227 397 315 427 fuisse
344 395 373 421 in
402 391 509 420 recinio
539 400 629 428 supra
659 390 860 428 probavimus.
904 392 1004 420 Ricam
1033 392 1162 430 denique
1190 402 1244 430 pro
1272 393 1391 427 cingulo
1422 393 1544 431 capitis,
1580 393 1637 422 hoc
1665 400 1708 423 est
1739 395 1830 423 fascia
1856 393 1976 432 capitali
1999 398 2172 431 usurpatam

228 436 388 467 ostendunt
412 435 464 461 ista
490 433 576 461 Gellii
601 431 666 471 (X,
692 434 744 468 15,
769 433 854 471 28.):
892 433 929 462 Et
953 433 1032 474 quod
1056 435 1085 462 in
1112 435 1173 462 rica
1196 434 1342 463 surculum
1367 433 1401 462 de
1424 435 1528 464 arbore
1544 435 1638 476 felici
1665 436 1759 467 hahet.
1806 437 1861 464 Ubi
1884 437 1987 472 etiam,
2022 436 2046 465 si
2067 436 2171 464 sedulo

226 481 323 509 locum
347 476 502 515 inspicias,
538 475 598 504 rica
620 474 696 503 nihil
720 475 802 503 aliud
826 481 886 513 est,
923 487 1011 515 quam
1035 475 1159 513 tutulus,
1196 478 1286 505 fascia
1316 477 1451 516 capitalis
1480 479 1511 506 in
1539 479 1725 508 altitudinem
1755 484 1904 508 exstructa
1929 479 1958 506 in
1982 478 2067 506 cuins
2089 478 2171 516 apice

226 526 287 550 erat
316 519 461 548 surculus.
508 519 606 553 Quare
638 522 698 545 tota
727 517 799 546 haec
827 519 864 548 de
893 519 954 547 rica
984 523 1011 547 et
1039 519 1142 546 ricinia
1172 519 1333 558 disputatio
1366 520 1482 548 duobus
1512 526 1624 549 tantum
1651 523 1797 560 capitibus
1822 521 1890 550 nixa
1914 525 1965 549 est.
2012 520 2096 549 Prius
2118 525 2170 557 est,

224 563 316 592 ricam
340 567 424 599 togae
448 561 608 599 quadratae
632 570 724 597 genus
748 561 855 597 suisse3
879 562 1022 597 alterum,
1045 562 1195 599 cingulum
1219 563 1282 590 sive
1304 563 1430 599 quodvis
1454 563 1532 591 aliud
1558 565 1663 603 capitis
1687 569 1896 602 tegumentum.
1939 563 2024 591 Nunc
2047 563 2171 591 lectori-

222 606 277 634 bus
306 604 388 633 haud
416 604 564 641 ingratum
593 603 656 631 sore
683 603 812 632 arbitror
834 604 858 632 si
880 604 1056 642 disquiram,
1095 608 1124 632 et
1146 615 1199 633 cur
1222 604 1284 633 rica
1307 604 1346 632 ita
1371 610 1494 643 accepta
1519 611 1545 634 et
1569 607 1646 636 unde
1670 607 1748 635 dicta
1773 607 1819 637 sit,
1867 607 1905 634 De
1928 610 2026 644 etymo
2051 604 2169 644 quidem

224 648 393 677 doctissimo
416 646 521 674 Vossio
545 645 689 674 assentior
712 646 763 685 qui
786 651 889 684 putat,
925 647 1016 675 ricam
1041 656 1100 674 esse
1123 657 1136 674 a
1161 648 1260 686 ῥ’έκος,
1290 646 1447 686 cingulum.
1492 648 1635 687 Hesycli.:
1677 650 1775 685 ῥέκος,
1809 652 1904 688 ζῶμα,
1935 645 2032 685 θῶνη.
2075 647 2170 686 quue

223 691 319 720 multo
343 688 543 728 probabilius,
581 698 669 726 quan]
693 688 772 726 quod
798 689 907 725 Varro,
936 689 983 716 cui
1007 690 1069 717 rica
1092 700 1107 717 a
1131 690 1202 726 ritu,
1240 689 1286 718 vel
1310 690 1447 726 Servius,
1481 692 1529 719 cui
1553 692 1615 720 ric-2
1640 693 1721 728 quasi
1745 693 1822 721 reica
1846 703 1861 720 a
1885 690 2056 719 reiiciendu.
2102 690 2168 719 Pri-

224 743 305 762 mum
328 733 418 769 igitur
442 730 578 765 vincula,
609 730 687 766 lora,
720 731 826 759 fasciae
850 731 989 770 capitales
1013 737 1041 760 et
1063 729 1275 770 κεφαλόὸεσμοι
1300 732 1425 769 quilibet
1447 733 1526 761 ricae
1549 739 1616 762 sunt
1639 735 1751 770 dictae,
1791 739 1818 762 et
1841 733 1947 762 deinde
1969 733 2006 760 ob
2029 732 2169 761 similitu-

223 776 338 809 dinem,
362 772 446 811 pilei,
470 772 605 809 sudaria,
631 773 812 811 diademata,
837 775 956 810 mitrae,
981 778 1009 801 et
1032 774 1151 812 quaevis
1174 775 1229 802 alia
1253 773 1404 814 κρήδεμνα
1428 776 1531 814 capitis
1557 781 1732 814 tegumenta.
1777 778 1859 812 Quae
1884 775 1980 804 omnia
2005 774 2072 813 quia
2090 772 2169 815 pilea

224 823 251 846 et
275 816 382 854 pileola
406 814 597 850 dicebantur,
620 815 689 844 inde
708 816 818 844 sactum
839 822 897 852 est,
922 821 954 844 ut
977 821 1077 854 postea
1101 822 1168 853 toga
1192 816 1333 855 quadrata
1357 817 1443 845 etiam
1469 818 1529 847 rica
1553 818 1631 847 dicta
1653 821 1706 853 sit,
1729 830 1796 848 nan]
1820 819 1940 858 pallium
1967 821 2168 855 tegumentum

222 859 398 897 quadratum
429 858 534 897 eapitis
565 862 594 886 et
622 863 719 896 togam
746 859 918 897 quadratam
942 859 1102 896 signifieat,
1139 859 1206 887 inde
1229 864 1257 887 et
1279 860 1412 889 reciniati
1435 861 1514 889 rniini
1539 862 1588 899 qui
1613 866 1641 889 et
1660 861 1783 900 palliati
1805 862 1877 889 dicti
1900 865 1986 896 sunt,
2022 864 2055 888 ut
2077 869 2168 898 supra

221 906 367 930 notatum.
412 900 492 928 Idem
518 901 661 929 recinium
689 902 768 937 quod
792 902 870 937 rica,
911 911 1014 939 nempe
1036 907 1103 940 toga
1127 903 1287 939 quadrata,
1326 907 1358 930 ut
1380 912 1468 941 supra
1493 908 1641 932 ostensum
1666 909 1724 940 est,
1761 909 1788 932 et
1812 903 1916 942 capitis
1939 903 2168 941 operimentum,

220 944 281 972 sive
305 943 469 980 cingulum,
494 943 575 981 quod
599 949 628 972 et
650 943 734 971 aliter
757 942 1072 985 diciturMasurtium.
1109 945 1220 972 Nonius
1244 944 1320 982 (pag.
1334 944 1433 984 542.):
1458 945 1628 981 Ricinium,
1653 945 1732 986 quod
1755 958 1831 976 nunc
1853 945 2025 988 mafurtium
2049 942 2167 982 dicitur,

217 984 374 1026 palliolum
389 984 552 1026 femineum
578 985 666 1016 breve.
699 986 770 1014 Nam
794 986 834 1014 ibi
858 986 1011 1025 palliolum
1035 987 1071 1015 de
1094 987 1275 1026 operimento
1299 988 1404 1025 capitis
1426 988 1651 1026 intelligendum
1676 994 1734 1025 est,
1758 993 1791 1017 ut
1814 989 1844 1017 in
1868 988 1967 1017 verbis
1992 986 2083 1023 Festi,
2107 996 2166 1025 quo

220 1028 396 1057 flaminicae
419 1038 474 1066 pro
497 1028 618 1067 palliola
643 1029 811 1057 utebantur.
841 1030 888 1056 Sic
905 1026 1089 1068 κρήδεμνον,
1114 1030 1194 1067 quod
1219 1035 1263 1057 est
1286 1030 1365 1066 rica,
1390 1031 1540 1067 ricinium,
1566 1030 1738 1060 Eustathius
1761 1031 1978 1070 interpretatur
2000 1027 2165 1069 μαφόριον,

219 1076 247 1100 et
270 1071 363 1099 Latini
389 1071 555 1099 masurium.
598 1071 731 1099 Isidorus
755 1071 884 1110 appellat
906 1070 1033 1111 maforte
1055 1076 1083 1100 et
1105 1079 1278 1109 mavortem,-
1302 1073 1425 1100 Servius
1447 1081 1585 1103 mavorte.
1623 1074 1793 1102 Musonium
1818 1079 1914 1102 autem
1939 1076 1972 1100 ut
1995 1076 2024 1100 et
2046 1067 2167 1111 μαφόρ-

218 1125 281 1144 τιον
305 1113 341 1141 de
365 1113 471 1149 fascia,
505 1113 577 1141 vitta
599 1113 658 1141 sive
682 1114 791 1150 taenia,
827 1114 959 1152 capitulo
983 1119 1011 1142 et
1034 1114 1153 1142 sudario
1177 1115 1239 1143 sive
1263 1115 1367 1153 capitis
1391 1120 1556 1153 tegumento
1580 1116 1691 1144 dictum
1716 1121 1767 1146 es't.
1795 1116 1847 1144 Da
1858 1127 1881 1146 c.
1931 1116 1966 1143 Ea
1992 1119 2093 1153 postea
2116 1123 2166 1142 su-

219 1156 335 1184 darium
360 1155 455 1192 dicta3
479 1156 547 1183 vide
569 1156 697 1184 Nonium
722 1156 801 1195 (pag.
817 1158 886 1188 539.
911 1155 1011 1194 Mero.)
1034 1157 1065 1184 in
1088 1155 1175 1185 Rica.
1217 1156 1282 1195 Quo
1305 1156 1498 1187 Flaminicae.
1531 1158 1607 1187 Vide
1632 1159 1716 1188 Varr.
1731 1158 1781 1187 lv.
1806 1160 1843 1187 de
1866 1159 1897 1187 L.
1917 1158 1948 1188 L.
1973 1158 2004 1197 (l.
2024 1155 2071 1196 c.).
2099 1155 2166 1185 Pa·-

219 1199 322 1227 trimae
345 1205 370 1226 et
393 1198 554 1226 matrimae.
587 1198 660 1227 Vide
682 1209 772 1236 supra
797 1197 924 1227 Patrimi
945 1203 972 1227 et
995 1198 1143 1228 Il‘Ialrimi.
1192 1198 1295 1228 Goth.

381 1238 541 1280 Respici
569 1241 655 1271 avis.
700 1241 756 1269 Hic
784 1241 865 1269 solus
894 1251 995 1269 versus
1025 1242 1155 1280 pertinet
1183 1241 1220 1269 ad
1250 1241 1424 1280 epitomum,
1465 1253 1561 1281 neque
1592 1244 1672 1273 aliud
1702 1243 1862 1283 quidquam
1893 1241 2020 1281 amplius
2049 1245 2166 1279 praeter

219 1293 306 1320 quam
331 1282 411 1320 quod
433 1282 463 1310 in
487 1283 622 1321 Epitonie
645 1284 828 1320 continetur,
865 1294 881 1311 a
904 1283 989 1312 Festo
1019 1289 1176 1312 tractatum
1206 1284 1297 1313 fuisse
1327 1290 1410 1324 puto.
1441 1285 1580 1324 ‘Reliqua
1604 1297 1679 1325 quae
1701 1291 1867 1325 sequuntur
1888 1290 2003 1313 tantum
2027 1283 2110 1312 abest
2131 1287 2165 1311 ut

217 1324 275 1353 huc
298 1324 454 1353 reserenda
484 1325 558 1361 sint,
594 1330 626 1354 ut
654 1327 752 1364 potius
780 1326 949 1364 importune
972 1337 986 1354 a
1012 1336 1065 1354 suo
1094 1327 1162 1354 loco
1189 1326 1304 1355 divulsa
1328 1328 1445 1356 fuerint.
1491 1329 1699 1366 Coniungenda
1725 1330 1800 1357 enim
1824 1333 1891 1356 sunt
1914 1338 1980 1355 cum
2004 1326 2055 1362 iis,
2089 1335 2164 1364 quae

215 1367 252 1395 de
277 1367 368 1395 verbo
392 1368 551 1396 Resecrare
575 1378 664 1405 supra
687 1369 801 1407 posuit,
829 1369 927 1396 statim
952 1374 1019 1406 post
1041 1369 1162 1397 lineam:
1194 1380 1315 1409 cumque
1338 1371 1473 1405 comitia,
1498 1374 1553 1399 etc.
1579 1372 1634 1400 ita:
1664 1371 1836 1407 Resecrare,
1866 1369 2004 1399 resolvere
2026 1366 2165 1407 religione

216 1410 313 1449 utique
335 1421 399 1438 cum
423 1421 486 1438 reus
506 1409 647 1449 populum
671 1412 798 1440 comitiis
820 1418 952 1439 oraverat
972 1422 1024 1450 per
1045 1410 1136 1447 Deos,
1166 1418 1196 1439 ut
1219 1422 1251 1440 eo
1272 1410 1403 1450 periculo
1427 1410 1614 1450 liberaretur,
1650 1413 1767 1441 iubebat
1788 1413 1976 1451 magistratus
1998 1422 2060 1439 eum
2084 1420 2163 1438 rese-

216 1462 306 1480 crare.
351 1450 466 1480 Rursus
488 1451 580 1487 idem,
616 1454 660 1481 uti
681 1465 710 1482 se
731 1452 902 1488 liberarent,
936 1451 1105 1491 insistebae,·
1142 1461 1168 1481 et
1191 1452 1270 1492 quod
1292 1455 1391 1482 insons
1414 1454 1607 1495 innocensque
1628 1463 1697 1484 esset
1720 1453 1914 1490 causabatur,
1947 1464 1981 1481 ne
2003 1454 2032 1481 in
2057 1462 2163 1481 carce-

215 1504 272 1521 rem
295 1501 364 1522 esset
387 1492 520 1524 eundum.
566 1493 689 1531 Iterum,
726 1507 760 1523 ne
781 1496 811 1524 in
834 1506 863 1523 se
885 1496 1064 1524 innocentem
1088 1495 1283 1524 animadverti
1306 1503 1477 1531 statuerent,
1515 1495 1739 1536 deprecabatur3
1778 1507 1899 1536 cumque
1927 1496 2047 1524 comiliss
2071 1501 2162 1522 CSS‘M

215 1534 403 1571 dimittenda,
431 1544 551 1575 peracto
573 1538 653 1565 sacri
676 1537 737 1573 cio,
772 1538 856 1578 quasi
866 1538 944 1576 finis
964 1538 1134 1576 impetratus
1156 1545 1242 1574 esset,
1272 1545 1338 1577 post
1362 1538 1482 1566 comitia
1502 1538 1635 1580 perfecta
1658 1540 1733 1568 sumi
1755 1537 1891 1567 iubebant
1913 1549 1974 1566 eum
1998 1535 2163 1566 sacerdotes

214 1589 266 1606 suo
288 1589 367 1606 more
389 1576 465 1618 alisq
491 1601 497 1608 .
521 1601 528 1608 .
554 1601 561 1608 .
586 1586 612 1606 et
634 1578 790 1608 secundum
815 1577 1048 1608 consuetudinem
1073 1578 1148 1615 luci,
1172 1580 1201 1607 in
1225 1591 1282 1619 quo
1304 1590 1391 1608 sacra
1402 1579 1558 1620 facerent,
1583 1593 1601 1609 a
1624 1580 1805 1610 calatoribus
1827 1578 2025 1619 ingeniculato
2047 1586 2162 1607 statue-

216 1619 300 1648 batur
321 1628 347 1649 et
369 1621 467 1648 vinum
490 1621 521 1648 in
542 1628 629 1660 caput
653 1620 861 1661 infundebatur
884 1622 943 1649 eius
966 1632 1031 1650 cum
1055 1622 1270 1660 imprecatione.
1317 1622 1446 1650 Omnino
1476 1633 1562 1658 vere,
1601 1625 1630 1652 ni
1652 1623 1756 1660 fallor,
1791 1622 1970 1651 arbitramur
1992 1621 2064 1649 haec
2086 1620 2162 1649 male

214 1661 329 1690 divulsa
358 1662 448 1690 fuisse
476 1673 510 1691 ac
539 1663 695 1698 distracta,
735 1674 811 1702 quae
841 1665 988 1692 sententia
1017 1664 1083 1702 ipsa
1113 1669 1142 1692 et
1171 1675 1234 1692 mos
1264 1664 1495 1693 consecrationis
1518 1676 1637 1694 reorum
1661 1665 1804 1694 hactenus
1826 1665 1978 1702 ignoratus
2001 1669 2062 1692 tam
2085 1662 2162 1691 belle

214 1703 289 1733 inter
311 1715 342 1733 se
364 1705 526 1742 coniungit.
562 1706 617 1733 Pro
640 1706 700 1734 illis
723 1706 874 1744 corruptis
897 1705 984 1745 alisq.
1008 1717 1068 1734 non
1091 1706 1250 1735 obscurum
1275 1712 1319 1736 est
1341 1707 1496 1745 legendum
1520 1719 1538 1736 α
1559 1707 1727 1744 lictoribus,
1752 1718 1826 1746 quos
1850 1711 1950 1746 postea
1975 1709 2062 1735 vocat
2085 1705 2162 1734 cata-

215 1750 302 1775 tores.
347 1747 389 1783 Ii,
417 1751 450 1775 ut
474 1747 543 1775 alibi
566 1747 694 1786 dicitur,
725 1753 793 1777 sunt
815 1748 1005 1777 sacerdotum
1029 1759 1064 1776 ac
1087 1759 1238 1778 sacrorum
1262 1750 1455 1787 collegiorum
1479 1751 1567 1780 servi.
1613 1752 1683 1779 Cum
1706 1750 1736 1778 in
1758 1750 1800 1779 rei
1824 1755 1913 1788 capnt
1936 1749 2038 1777 vinum
2060 1748 2163 1776 insun-

216 1788 355 1825 debatur,
380 1795 520 1828 apparet,
548 1790 578 1818 id
603 1790 665 1819 fieri
689 1791 827 1828 solitum,
857 1796 890 1820 ut
911 1791 941 1819 in
966 1801 1031 1819 eum
1056 1792 1151 1820 onmis
1174 1792 1276 1829 religio
1301 1797 1452 1821 contracta
1475 1798 1614 1822 verteret.
1661 1793 1772 1830 Religio
1796 1793 1873 1820 enim
1897 1795 2049 1821 contracta
2070 1790 2161 1819 intel-

216 1830 316 1867 ligitur
338 1842 375 1860 ex
398 1832 616 1868 obsecratione,
650 1838 834 1872 quapropter
857 1844 916 1862 non
939 1834 1027 1862 aliter
1047 1835 1272 1871 res-orabatur,
1301 1835 1333 1863 id
1355 1840 1398 1863 est
1421 1845 1506 1863 sacro
1530 1840 1581 1864 aut
1604 1835 1746 1872 religione
1769 1834 1940 1864 solvebatur
1964 1835 2161 1871 magistratus,

218 1881 301 1908 quam
325 1875 347 1901 si
371 1874 522 1912 piaculum
546 1880 715 1904 contractae
739 1876 893 1914 religionis
916 1876 946 1904 in
968 1877 1011 1904 rei
1033 1882 1123 1915 caput
1144 1882 1284 1906 verteret.
1308 1876 1408 1907 Scal.
1455 1878 1537 1907 Post:
1560 1877 1682 1917 Respici
1703 1879 1767 1907 avis
1787 1886 1856 1907 tunc
1880 1876 2003 1913 dicitur,
2027 1887 2092 1905 cum
2117 1897 2125 1905 .

219 1914 343 1950 spatium
366 1917 487 1953 aliquod
512 1917 739 1955 relinquendum
762 1919 875 1953 fuerat,
913 1929 1017 1957 nempe
1040 1919 1076 1947 ad
1100 1929 1132 1948 ea
1156 1930 1231 1958 quae
1254 1919 1379 1956 desunt,
1420 1920 1580 1958 capienda:
1616 1931 1681 1950 cum
1704 1932 1736 1949 eo
1759 1919 1847 1956 redit,
1883 1918 1959 1948 unde
1981 1930 2043 1947 eam
2066 1929 2160 1957 augur

217 1964 360 2003 epea-erat.
404 1959 524 1997 Reliqua
549 1960 645 1988 onmia
668 1961 819 1999 pertinent:
843 1961 878 1989 ad
900 1961 1109 1990 resecrationis
1132 1962 1223 1990 ritum
1247 1968 1279 1990 ut
1302 1962 1429 1990 vidimus
1452 1962 1482 1990 in
1505 1974 1654 1991 resecrare.
1684 1962 1772 1991 Dac.
1819 1962 1903 1991 Adde
1926 1971 2016 2001 supra
2038 1960 2160 2000 Auspi-

218 2007 303 2025 cium.
338 1997 413 2042 Hinc
434 2002 542 2039 spectio
565 2002 691 2031 Varroni
715 2003 751 2032 de
776 2004 806 2032 L.
827 2004 855 2034 L.
881 2004 913 2032 V.
937 2002 998 2043 (VI.
1022 2005 1248 2043 pag.258.seq,
1266 2003 1346 2045 Sp.);
1370 2004 1494 2033 verbum
1520 2005 1675 2042 Augurale.
1725 2003 1831 2034 Gotlz.

378 2039 550 2072 Remissa
579 2047 765 2074 exercitu.
812 2046 849 2074 Ut
872 2046 1046 2075 confidentis
1070 2046 1199 2075 hominis
1221 2052 1297 2075 esset
1319 2052 1470 2086 praestare
1493 2049 1606 2084 onmia,
1647 2058 1720 2086 quae
1742 2047 1947 2076 desiderantur
1968 2045 2035 2082 hic,
2069 2044 2159 2073 verba

217 2083 430 2127 repraesentari
448 2093 550 2121 posse;
573 2087 616 2115 sic
637 2089 748 2117 morosi
771 2093 800 2117 et
822 2089 902 2117 anxii
926 2089 1022 2117 omnia
1039 2094 1180 2128 tanquam
1200 2090 1258 2118 sint
1274 2090 1306 2117 in
1322 2095 1491 2126 numerato,
1515 2091 1641 2127 exigere.
1671 2091 1726 2118 Hic
1742 2100 1867 2128 aequum
1884 2089 2013 2117 iudicem
2028 2087 2158 2127 postulo,

217 2126 251 2150 ut
267 2131 298 2150 ¹¹¹
314 2121 345 2149 ld
361 2126 489 2172 stultum,-
507 2128 587 2164 quod
609 2130 705 2157 facere
730 2141 860 2170 possum,
883 2142 929 2160 me
947 2132 1135 2169 condemnet,
1158 2132 1215 2160 hoc
1238 2137 1281 2160 est
1304 2137 1449 2171 quantum
1471 2143 1508 2161 ex
1531 2133 1673 2161 sententia
1692 2133 1827 2170 indagari
1849 2132 1966 2170 poterit,
1990 2140 2048 2159 non
2067 2139 2159 2168 quan-

217 2168 280 2193 tum
302 2164 460 2212 verboru&
482 2177 612 2205 lpsorum
634 2172 710 2201 ratio
733 2174 885 2212 postulare
907 2174 1036 2203 videtur.
1066 2175 1287 2213 Propemodum
1305 2185 1434 2211 auguror
1452 2175 1524 2213 quid
1541 2176 1642 2204 Festus
1658 2175 1745 2211 velit,
1767 2175 1856 2213 idque
1872 2184 1932 2202 non
1948 2175 2010 2202 eius
2026 2173 2158 2210 integris,

218 2205 270 2234 sed
285 2210 394 2254 Parnm
411 2217 490 2256 5¹⁰³,
515 2213 620 2247 partim
642 2215 713 2242 meis
737 2216 849 2252 verbis,
873 2217 898 2244 si
916 2221 1037 2256 potero,
1059 2216 1219 2246 declarabo
1235 2217 1290 2246 ita:
1314 2216 1448 2246 Remissa
1462 2218 1594 2246 exercitu
1610 2216 1699 2246 simul
1713 2225 1739 2246 et
1752 2217 1868 2257 Augur,
1891 2227 1948 2257 quo
1967 2214 2077 2245 Consul
2090 2224 2159 2243 usus

217 2255 258 2276 2⁸¹
280 2249 530 2299 wflusqwaml-o,
559 2252 637 2282 abire
660 2255 779 2286 iubetur.
807 2258 887 2297 quod
908 2266 978 2288 tunc
1000 2270 1031 2288 eo
1054 2259 1176 2288 abeunte
1198 2267 1304 2289 certum
1328 2267 1384 2295 esi,
1412 2260 1572 2289 exercitum
1596 2271 1654 2289 esse
1676 2261 1839 2298 remissum3
1874 2266 1907 2288 ut
1929 2270 1994 2288 cum
2017 2268 2089 2298 opus
2108 2257 2156 2291 ait,

218 2297 288 2339 {unc
302 2301 327 2317 ⁸1
341 2289 425 2339 'feld'
447 2291 529 2320 abtre
547 2296 647 2331 possit.
677 2297 753 2326 Nam
772 2297 910 2329 Consules
926 2309 976 2330 aut
993 2300 1129 2331 Censores
1150 2313 1207 2331 non
1231 2303 1260 2330 in
1281 2309 1447 2341 perpetuum
1469 2303 1540 2342 ipsis
1561 2301 1720 2342 auguribus
1742 2309 1876 2338 utuntur,
1899 2308 1931 2330 ut
1952 2302 1995 2329 ait
2013 2321 2020 2330 .
2036 2322 2042 2329 .
2058 2322 2065 2329 .
2081 2321 2088 2329 .
2104 2295 2157 2327 3εᾶ

218 2343 249 2360 111
270 2342 415 2370 “Um-cm,
438 2344 510 2372 quos
529 2342 630 2373 postea
653 2335 808 2369 dimittunt.
837 2343 872 2371 A
893 2354 950 2382 quo
973 2354 1013 2372 ex
1034 2342 1096 2383 lege
1116 2355 1226 2374 secures
1249 2344 1367 2372 habitae
1388 2352 1455 2373 sunt
1472 2346 1571 2384 prius,
1594 2355 1656 2372 eum
1680 2352 1706 2373 et
1725 2345 1851 2383 priorem
1873 2355 1932 2373 esse
1951 2344 1995 2372 cit
2009 2339 2156 2371 Antistius

220 2372 331 2403 Lflbw·
351 2372 450 2402 ‘ssd‘m
473 2387 586 2426 quoqu-e
606 2376 666 2416 lege
687 2380 849 2427 significari
868 2386 994 2422 priorem
1017 2397 1076 2414 esse
1096 2387 1127 2414 in
1148 2385 1332 2425 auspicando
1355 2385 1478 2424 dicitur,
1500 2394 1531 2415 ut
1553 2387 1596 2415 ait
1617 2385 1692 2415 idem
1717 2388 1746 2415 in
1766 2386 1842 2416 libro
1860 2385 1896 2414 de
1911 2385 2012 2427 officio
2025 2380 2153 2421 auguris-

220 2414 248 2445 P
247 2422 320 2445 ⁰¹⁶3!
331 2423 428 2446 autem
445 2424 496 2445 ⁰¹1²
512 2417 545 2446 td
560 2430 590 2447 m
609 2419 733 2449 consilto
745 2420 869 2462 facere,
892 2433 943 2453 aut
965 2428 990 2454 si
1011 2438 1071 2466 quo
1091 2427 1153 2456 alio
1173 2427 1252 2457 volet
1272 2427 1339 2457 loco
1357 2428 1450 2468 pullis
1468 2427 1579 2468 pultem
1602 2429 1742 2458 obiiciens
1761 2428 1936 2457 solistimum
1949 2426 2037 2468 facit
2052 2423 2153 2462 auspi-
