2263 2668
400 205 472 237 222
1022 198 1161 231 SEXTI
1188 197 1388 232 POMPEH
1415 198 1535 232 FEST
1538 199 1553 231 1

401 304 473 337 tur,
510 307 593 341 quos
616 294 739 327 Consul
770 292 933 333 faciebat,
973 302 1038 324 non
1059 293 1231 337 populas.-
1268 293 1314 325 de
1341 303 1487 337 quorum
1514 293 1610 333 iure,
1652 292 1746 336 quod
1767 292 1911 326 Rutilius
1933 294 2041 328 Rufus
2069 296 2182 340 legem

402 350 548 387 tulerat,
577 357 646 391 qua
677 345 724 378 eis
751 343 945 378 cavebatur
971 343 1089 376 multis
1116 344 1224 377 modis
1252 344 1314 387 (sic
1342 345 1427 377 enim
1457 345 1675 379 elevaverant
1704 355 1824 377 eorum
1847 344 1916 385 ias,
1944 357 1988 379 ac
2011 351 2092 380 tunc
2113 348 2184 381 ele-

403 399 545 439 vabant,
581 398 637 441 qui
664 396 783 441 populi
810 395 982 440 suffragio
1009 395 1264 439 creabanlm½j
1293 394 1443 441 Rusulil
1472 408 1495 429 α
1523 395 1726 441 cognomine
1752 396 1874 437 Rutili,
1908 408 1948 429 ac
1969 402 2049 442 post
2071 399 2185 432 Rutili

401 450 575 495 appellati
601 453 696 489 sanc,
720 445 740 496 Η
765 476 770 482 .
827 473 833 479 .
887 473 893 479 .
948 474 954 480 .
1009 473 1016 480 .
1069 474 1076 480 .
1129 475 1134 480 .
1190 473 1196 479 .
1252 473 1258 479 .
1314 474 1319 479 .
1375 473 1381 480 .
1439 473 1445 479 .
1499 474 1507 481 .
1563 472 1569 479 .
1622 458 1679 479 nas
1732 473 1739 480 .
1794 474 1800 479 .
1856 475 1862 481 .
1917 473 1924 480 .
1978 476 1986 482 .
2040 477 2047 483 .
2101 449 2182 496 [71]

466 529 471 532 .
651 528 656 533 .
833 510 872 531 ae
927 524 932 529 .
990 526 995 531 .
1051 523 1057 529 .
1112 524 1118 530 .
1174 526 1179 531 .
1235 524 1241 530 .
1298 526 1302 532 .
1359 527 1365 533 .
1421 526 1427 531 .
1484 524 1490 530 .
1545 527 1551 532 .
1607 526 1613 531 .
1670 526 1676 532 .
1734 525 1739 530 .
1783 499 1941 532 ,Naevius
1993 525 2000 532 .
2055 526 2062 532 .
2116 527 2123 533 .
2177 528 2184 534 .

843 549 888 582 uit
946 577 952 582 .
1010 576 1014 581 .
1071 574 1077 581 .
1132 578 1138 583 .
1194 577 1200 582 .
1254 577 1260 583 .
1314 576 1320 582 .
1376 577 1383 584 .
1439 577 1444 583 .
1501 561 1519 582 r
1571 576 1578 582 .
1633 575 1639 581 .
1695 575 1702 581 .
1762 550 1806 582 ad
2113 578 2120 585 ,
2176 581 2183 587 ‚

405 631 411 637 .
467 632 472 637 .
530 631 535 636 .
590 630 596 635 .
654 631 660 636 .
839 612 915 634 esen
970 628 976 633 .
1032 628 1037 633 .
1090 627 1096 632 .
1153 628 1158 634 .
1215 628 1221 633 .
1276 627 1282 632 .
1339 627 1345 633 .
1401 629 1407 634 .
1461 627 1468 633 .
1526 627 1531 633 .
1589 629 1594 634 .
1653 630 1658 636 .
1713 601 1923 642 Rumam,
1952 613 2017 635 non
2038 604 2185 643 ructari,

404 655 591 690 dicendum
626 654 675 686 ait
705 652 867 691 Verrius,
914 657 948 684 ut
983 663 1045 696 pro
1099 680 1105 685 .
1160 679 1167 686 .
1222 677 1228 683 .
1282 680 1288 687 .
1345 679 1351 685 .
1408 680 1415 686 .
1470 678 1476 684 .
1532 680 1538 686 .
1594 678 1600 684 .
1654 677 1661 684 .
1717 679 1723 684 .
1778 679 1784 685 .
1841 681 1847 686 .
1902 679 1908 686 .
1963 681 1970 687 .
2023 680 2030 687 .
2093 682 2099 688 .
2151 666 2187 687 os

404 708 510 753 igitar
557 734 563 739 .
619 732 624 737 .
681 731 686 736 .
743 732 749 738 .
803 730 809 736 .
865 731 871 737 .
926 728 933 735 .
988 728 994 734 .
1048 730 1054 736 .
1110 731 1116 737 .
1157 703 1243 736 scrib
1284 733 1290 738 .
1345 730 1352 736 .
1407 729 1415 736 .
1470 730 1476 736 .
1531 731 1538 737 .
1594 731 1600 737 .
1657 732 1663 737 .
1718 730 1724 736 .
1780 732 1786 738 .
1841 733 1848 739 .
1899 705 2061 739 Valerius
2082 705 2187 740 Flac—

405 770 462 793 cus
515 783 521 789 .
576 785 581 790 .
639 783 645 788 .
701 784 706 790 .
763 782 769 788 .
825 782 831 788 .
891 754 1036 788 Videres
1069 756 1158 788 alios
1191 759 1349 795 ructare,
1395 765 1435 788 ac
1462 766 1627 800 respuere
1651 756 1897 800 pulcherrima
1923 757 2098 801 superbia.
2136 758 2185 791 Μ.

407 810 529 844 Cicero
557 812 673 841 tamen
701 809 734 840 in
762 806 850 839 libro
872 806 913 839 ll.
944 806 1244 852 Philippicarum,
1291 811 1544 841 ructaretur
1578 807 1677 840 dat-it.
1740 807 2026 852 Res-persam,
2069 809 2187 842 vinam

408 861 577 907 significat
603 859 703 905 apud
730 859 907 903 antiquos:
948 858 1030 903 qaia
1057 859 1091 892 in
1117 859 1230 892 sacris
1257 858 1510 892 novendialibus
1536 859 1614 892 vino
1642 859 1768 892 mortui
1793 859 2018 904 sepulchrum
2044 871 2187 905 sparge-

410 915 515 947 batur.
571 940 577 946 .
630 939 637 945 .
693 937 698 943 .
754 936 760 941 .
815 936 821 942 .
878 935 886 942 .
939 936 946 942 .
1000 935 1007 941 .
1061 938 1067 944 .
1124 938 1130 944 .
1186 939 1192 944 .
1246 937 1253 943 .
1307 940 1313 945 .
1367 908 1578 943 Romani2
1605 910 1767 945 videntur
1800 911 1846 944 ub
1879 911 1974 945 inicia
2006 911 2104 945 nulla
2136 912 2189 944 usi

411 976 484 999 esse
511 963 673 996 artificum
701 973 829 1007 opera,
856 962 920 994 sed
947 961 1005 994 nbi
1027 963 1183 1006 primum
1211 962 1313 995 ludos
1327 961 1460 1008 facere
1486 968 1688 1006 coeperunt,
1724 966 1805 995 tunc
1832 963 1933 996 asciti
1959 962 2116 1009 artifices
2142 963 2189 996 ab

412 1015 572 1049 Etruscis
594 1014 778 1048 civitatibus
795 1012 965 1058 suerunt.-
990 1024 1069 1047 sero
1096 1017 1213 1046 autem
1241 1015 1317 1047 ludi
1344 1026 1475 1053 omnesq
1504 1015 1561 1057 qui
1584 1025 1670 1047 nunc
1693 1025 1717 1046 a
1737 1014 1909 1048 Romanis
1935 1014 2109 1051 celebrari
2131 1026 2189 1048 so-

411 1070 498 1109 lent,
539 1072 613 1100 sunt
638 1066 783 1099 instituti.
841 1065 997 1111 Quidam
1020 1066 1156 1110 primos
1176 1070 1311 1110 ponunt
1334 1066 1517 1099 Romanos.
1573 1066 1637 1098 Alii
1664 1066 1752 1098 aiunt
1774 1066 2021 1111 llIegaIenw-e,
2062 1067 2101 1099 id
2128 1070 2189 1106 est,

413 1119 546 1153 Matris
574 1117 740 1163 Magnae,
786 1127 826 1149 ac
853 1117 1046 1162 populares
1073 1117 1221 1150 Cereris.
1283 1118 1357 1151 Alii
1385 1119 1482 1151 aiunt
1509 1118 1542 1150 in
1569 1117 1778 1151 conferendis
1806 1118 1903 1163 equis
1935 1117 2078 1154 Troiam
2105 1118 2190 1151 lasi-

409 1177 501 1205 tasse
525 1180 657 1214 pueros
680 1170 860 1201 Romanos.
914 1169 982 1201 Alii
1009 1169 1218 1209 institutum,
1254 1174 1289 1202 ut
1318 1170 1477 1203 luderent
1506 1170 1705 1213 equitando,
1732 1170 1838 1209 iactu„
1865 1170 1978 1209 saltu,
2004 1181 2108 1203 cursu
2125 1168 2190 1214 se-

409 1224 471 1257 stis
491 1219 705 1255 Parilibus3:
749 1221 952 1264 paribusque
985 1221 1081 1253 etiam
1114 1225 1151 1253 ut
1185 1221 1346 1254 ludicrae
1373 1222 1582 1255 certationes
1609 1233 1632 1256 α
1660 1221 1849 1255 ludentibus
1876 1221 2002 1255 fierent.
2054 1220 2190 1255 Rabi-

411 1276 491 1308 dus
513 1270 650 1318 panis4
674 1272 875 1317 appellatur
897 1283 1015 1316 parum
1036 1278 1166 1314 coctus,
1194 1284 1269 1306 cum
1293 1273 1401 1306 rubro
1423 1274 1548 1312 colore,
1577 1272 1789 1317 rubefactus,
1844 1273 1981 1308 Plautus
2002 1273 2035 1307 in
2056 1266 2191 1306 Casina:

511 1325 559 1358 In
576 1324 762 1370 furnum
789 1324 991 1363 condito,
1036 1330 1161 1367 atque
1188 1325 1245 1357 ibi
1273 1330 1438 1357 torreto
1462 1336 1544 1369 pro
1567 1335 1682 1368 pane
1709 1324 1879 1359 rubido.

406 1377 500 1409 ‘Item
525 1382 672 1410 scorteae
691 1376 859 1419 ampullae
876 1372 1070 1424 {lvetustate
1092 1388 1252 1420 rugosae,
1281 1383 1314 1409 et
1340 1377 1463 1410 coloris
1491 1376 1655 1418 eiusdem,
1689 1375 1828 1408 rubidae
1855 1376 1922 1409 diei
1949 1375 2064 1408 solent.
2107 1374 2189 1420 [72]

412 1426 666 1461 Romanam-'³
691 1432 856 1471 portam
885 1428 1002 1471 vulgus
1029 1428 1199 1472 appellat,
1236 1429 1291 1460 ubi
1319 1439 1359 1461 ex
1386 1428 1538 1472 epistylio
1567 1428 1682 1460 defluit
1708 1439 1803 1470 aqua.
1832 1428 1889 1470 qui
1917 1427 2009 1460 locus
2037 1427 2079 1459 ab
2107 1426 2193 1459 anti-

409 1481 481 1524 quis
513 1479 678 1524 appellari
713 1480 825 1512 solitus
860 1485 909 1512 est
944 1485 1068 1512 statuae
1094 1479 1247 1517 Cinciae,
1292 1480 1385 1523 quod
1413 1481 1445 1512 in
1473 1491 1513 1511 eo
1543 1479 1603 1511 fuit
1629 1479 1820 1523 sepulcrum
1849 1479 1916 1515 elus
1943 1479 2098 1514 familiae.
2134 1477 2192 1511 sed

255 1534 286 1557 's·
308 1534 332 1557 in
351 1533 399 1558 imo
410 1537 506 1576 porta
531 1533 684 1564 Romana
712 1530 856 1563 instituta
884 1536 933 1563 est
957 1542 974 1562 a
997 1531 1145 1563 Romulo
1173 1531 1311 1563 infimo*
1333 1532 1420 1564 clivo
1444 1531 1630 1570 Victoriae„
1658 1531 1715 1573 qui
1743 1531 1837 1565 locus
1864 1529 2023 1575 gradibus
2049 1530 2082 1563 in
2110 1541 2193 1573 qua-

412 1583 506 1616 «tram
535 1583 695 1616 formatus
723 1589 778 1615 est.
809 1582 982 1626 appellata
1009 1589 1119 1615 autem
1147 1583 1301 1614 Romana
1329 1595 1347 1614 a
1375 1583 1505 1615 Sabinis
1530 1582 1712 1626 praecipue
1738 1581 1830 1625 quod
1859 1594 1897 1614 ea
1924 1581 2094 1625 proximus
2121 1580 2194 1613 atli—

241 1636 461 1668 'f·A·¹¹tffl¹·tus
482 1639 551 1668 erat
574 1635 728 1667 Romam.
782 1634 1041 1666 Rutabulum
1066 1639 1124 1674 est,
1152 1645 1220 1676 quo
1246 1634 1355 1668 rustici
1374 1635 1405 1666 in
1421 1633 1615 1678 proruendo
1638 1634 1728 1678 igne,
1744 1634 1838 1677 panis
1863 1633 2030 1678 coquendi
2051 1633 2159 1678 gratia
2170 1636 2192 1664 *.

300 1676 340 1694 tur
411 1686 536 1720 Novius
562 1686 595 1718 in
622 1685 722 1719 Pico:

246 1739 280 1762 ’f-
299 1737 401 1767 otiosus,
514 1737 615 1781 quid
642 1747 721 1781 ego
749 1735 963 1768 facerem?
1006 1736 1167 1779 otiosi‘‚
1207 1737 1407 1769 rodebam
1435 1737 1688 1769 rutabulum.

244 1788 562 1822 's-NaevifflNavius*
585 1789 763 1821 obscenam
792 1787 852 1819 viri
877 1792 1007 1831 partem
1037 1787 1244 1821 describens:

279 1839 388 1878 †s3v'1r⁰
517 1840 584 1873 vel
612 1851 720 1883 quae
749 1844 894 1883 sperat
921 1851 961 1872 se
988 1844 1210 1883 nupturam
1238 1840 1353 1881 viri-1·
1380 1839 1733 1873 adolescentulos
1748 1841 1801 1876 ††,

262 1873 407 1938 {Eggnffiz
519 1904 563 1924 ea
590 1892 694 1924 licet
721 1890 852 1922 senile
878 1895 1038 1925 tractet
1063 1892 1261 1924 retritum
1289 1891 1545 1924 rutabulum.

420 1942 526 1975 Ruta
560 1954 681 1976 caesa
713 1942 885 1982 (licuntur,
937 1953 1024 1985 quae
1056 1943 1210 1976 venditor
1249 1943 1486 1987 possessionis,
1539 1942 1587 1974 sui
1622 1953 1697 1974 usus
1729 1941 1837 1986 gratia
1872 1940 2044 1980 concidit,
2097 1950 2196 1975 ruen-

251 1991 532 2048 :fffzssffifitdoque
565 1994 724 2028 contraxit
740 1994 762 2026 *.
829 1994 1037 2027 Rutilium
1054 1992 1113 2014 *¹⁶
1153 1995 1265 2028 rufum
1305 1994 1494 2038 significat,
1530 1994 1620 2026 cuius
1648 1993 1769 2027 coloris
1802 1992 1969 2027 studiosae
2001 1992 2097 2026 eiiam
2135 2003 2196 2026 au-

253 2043 292 2083 uvi
315 2033 529 2085 §hhffisstiquae
555 2045 708 2078 mulieres
734 2045 885 2085 fuerunt,
921 2045 1010 2079 unde
1034 2050 1204 2079 traxerunt
1231 2047 1434 2092 cognomina
1461 2045 1633 2082 rutilias†,
1669 2051 1703 2077 ut
1730 2044 1854 2077 indicat
1879 2044 2069 2087 frequenter
2097 2042 2196 2079 Afra—

253 2092 502 2126 ÷¹·-1<==ti1iaenius.
559 2096 730 2131 Rutrum
757 2097 895 2130 tenentis
922 2098 1046 2130 iuvenis
1070 2104 1120 2131 est
1146 2098 1277 2144 effigies
1303 2098 1335 2130 in
1359 2097 1528 2141 Capitolio
1558 2096 1700 2141 ephebi,
1743 2107 1836 2129 more
1860 2095 2068 2130 Graecorum
2098 2093 2197 2129 bare-

518 2217 546 2254 ¹)
572 2219 702 2260 Rufum]
726 2222 879 2253 Videndus
904 2223 1050 2254 Asconius
1072 2224 1103 2254 in
1126 2225 1242 2253 verrii-ia
1265 2226 1295 2257 2,
1339 2224 1434 2252 Prima
1464 2232 1550 2262 pares
1578 2223 1680 2250 ineunt
1710 2227 1765 2252 etc.
1807 2223 1884 2250 Urs.
1913 2237 1954 2243 —
1987 2219 2016 2260 3)
2040 2217 2195 2248 Palilibus

436 2258 514 2286 Urs.
531 2277 566 2281 —
591 2259 618 2297 Ξ)
636 2262 792 2304 Romana]
816 2266 980 2304 Artificum
1005 2266 1091 2295 estin
1115 2267 1290 2306 exemplari,
1335 2266 1383 2294 Pr.
1401 2284 1439 2289 —
1465 2266 1493 2304 4)
1510 2265 1656 2294 Rubitlus
1673 2265 1790 2303 Petni80]
1812 2264 1942 2293 lsidmsss
1957 2263 2008 2293 lib·
2022 2265 2070 2295 20·
2085 2270 2148 2298 ⁰⁰9·
2165 2262 2193 2291 2·

428 2311 484 2339 pro
514 2310 548 2328 eo
583 2302 666 2349 quod'
693 2305 741 2332 alii
775 2307 948 2346 ediderunt,
986 2310 1161 2347 cadisin-iam.
1187 2315 1289 2338 notum
1334 2308 1470 2337 Rubidus
1497 2308 1584 2347 panis
1611 2312 1762 2344 recoctus,
1803 2313 1830 2336 et
1857 2306 2035 2335 rubefactus.
2067 2307 2094 2332 et
2117 2306 2195 2330 certe

428 2348 527 2371 autem
551 2348 594 2391 eet
618 2354 669 2381 qui
691 2350 815 2383 τεχνῖται
835 2350 973 2381 dicantur
995 2362 1010 2379 a
1029 2352 1160 2380 Graecis.
1189 2352 1291 2380 Parili-
1333 2351 1460 2380 rubidus
1497 2351 1581 2381 color
1612 2350 1681 2389 pani
1708 2360 1814 2389 parum
1844 2354 1930 2381 cocto
1960 2357 2020 2377 non
2048 2344 2196 2375 convenit·

429 2384 484 2432 bus
508 2384 598 2434 sestis'
613 2386 759 2415 Romanos
782 2399 925 2426 equorum
955 2402 1044 2421 cursu
1070 2394 1208 2423 lusitasse
1230 2400 1292 2423 tra-
1335 2396 1435 2432 itaque
1458 2393 1636 2430 videndum,
1659 2403 1695 2421 an
1718 2398 1880 2431 percoctae
1899 2390 1954 2428 legi
1976 2388 2094 2424 debeat,
2125 2386 2196 2415 licet

432 2426 475 2475 dit
499 2427 551 2456 Dio
579 2427 628 2456 hb.
649 2429 755 2458 XLIII.
779 2431 941 2462 videndum
965 2435 1053 2463 etiam
1075 2446 1111 2464 an
1135 2447 1216 2473 vox,
1235 2448 1293 2475 pa·
1335 2437 1366 2465 in
1389 2437 1552 2474 exemplari
1576 2436 1614 2464 sit
1630 2446 1747 2473 param
1768 2440 1878 2464 coctus.
1917 2432 1993 2463 Urs.
2013 2445 2052 2456 ν-
2081 2428 2110 2468 5)
2134 2430 2195 2458 RO-

430 2469 516 2497 ribus
546 2470 716 2509 accipienda
747 2471 801 2505 sit,
833 2478 865 2501 ut
890 2476 968 2512 apud
998 2476 1160 2514 Vergilium
1189 2478 1240 2507 lib.
1263 2480 1292 2510 5.
1336 2479 1487 2515 mancam]
1520 2478 1603 2506 Varr.
1632 2477 1682 2505 lib.
1698 2477 1726 2507 4.
1759 2477 1795 2504 de
1825 2476 1904 2512 [ring.
1938 2473 2000 2501 Lat.
2032 2472 2196 2500 Romanula
2244 2506 2245 2511 1
