2263 2668
517 108 582 142 DE
612 105 998 142 SIGNIFICATIONE
1030 105 1314 144 VERBORUM.
1372 108 1518 144 LIBER
1547 109 1603 145 vl.
1956 112 2031 148 423

87 201 151 231 cari
172 201 324 230 existimat
342 200 464 239 fomites
487 211 581 239 nugae
604 205 673 229 sunt
696 201 733 229 de
754 200 877 230 vitibus.
921 198 1134 234 scribendum,
1162 205 1197 229 ut
1218 200 1250 229 in
1271 201 1471 231 vetustissimo
1492 201 1568 233 libro
1590 201 1715 241 legitur:
1745 201 1791 232 At
1813 200 1928 240 Opilius
1948 203 2030 233 adu..

86 251 148 272 sias
169 244 228 272 iam
247 243 369 281 fomites
391 245 493 272 vocari
514 244 675 274 existimat.
720 242 847 271 Fomires
867 241 922 271 alii
942 242 1043 271 vocari
1062 249 1168 281 putant
1190 242 1352 280 scintillas,
1375 255 1450 284 quae
1471 255 1512 273 ex
1527 245 1611 282 ferro
1635 242 1772 274 candenti
1793 243 1907 273 malleis
1929 258 2029 276 excu-

85 286 204 314 tiuntur.
252 285 371 314 Dixerat
394 285 509 314 fomites
532 286 642 314 assulas
665 296 727 314 esse
751 295 787 313 ex
811 284 986 321 arboribus,
1017 284 1086 312 dum
1110 285 1290 322 caeduntur,
1322 297 1470 317 excussas.
1516 286 1634 325 Opilius
1658 297 1717 314 non
1741 285 1868 322 assulas,
1894 298 1968 325 quae
1992 300 2028 318 ex

84 328 241 356 arboribus
264 333 477 356 excuterantur
499 329 577 356 inter
606 328 807 363 caedendum,
845 328 896 357 sed
918 327 976 356 iam
999 327 1120 355 adustas
1143 328 1329 358 existimabat
1352 329 1451 358 vocari
1474 329 1600 358 fomites
1644 329 1765 358 Servius
1788 339 1824 358 ex
1845 329 1922 358 libro
1946 341 2028 359 com-

83 370 295 399 mentariorum
321 371 418 398 Clodii
442 376 566 408 quarto:
602 370 727 400 Fomites
749 369 864 400 assulae
886 369 1050 405 ambustae,
1079 368 1162 408 ligna
1184 378 1347 407 excavata,
1377 383 1396 401 a
1413 372 1519 410 fungis
1541 372 1656 400 nomine
1677 378 1810 410 excepto.
1857 371 1920 401 Hoc
1943 373 2027 409 dicit,

83 412 152 450 quia
168 413 257 452 fungi
279 424 333 451 pro
354 413 505 441 fomitibus
528 413 558 441 in
583 423 638 441 usu
661 418 759 449 erant,
784 418 811 441 et
834 423 913 442 escas
935 411 1099 447 vocabant,
1122 414 1202 441 unde
1225 414 1305 452 apud
1329 414 1509 443 recentiores
1533 414 1675 442 Graeciae
1697 414 1827 442 medicos
1850 415 1945 451 ἴσκαι,
1968 415 2028 444 hoc

83 460 128 483 est
147 466 228 484 escae
250 456 371 495 proprie
394 456 584 494 appellantur
605 455 686 493 fungi
711 455 866 484 arboribus
887 455 1088 492 innascentes,
1127 456 1207 493 quod
1236 456 1374 486 fomitum
1396 466 1481 485 usum
1510 456 1694 494 praeberent.
1736 456 1858 486 Salmas.
1881 457 1911 486 in
1934 458 2025 490 Solin.

82 496 171 527 Dae.
202 497 284 526 Adde
307 508 396 537 supra
419 498 641 536 Defomiiatum.
690 497 796 528 Goth.

245 539 477 571 Fontinalia.
522 541 558 568 Et
575 539 758 578 fontanalia.
785 540 880 568 Varro
903 539 952 569 lib.
965 539 999 568 V.
1024 539 1092 575 (VI,
1116 550 1181 578 pag.
1194 542 1267 572 204.
1290 541 1367 579 Sp.):
1392 539 1564 569 Fontinalia
1587 551 1605 568 a
1623 540 1724 579 fonte,
1747 539 1826 579 quod
1848 540 1873 569 is
1896 540 1956 570 dies
1973 542 2025 580 se-

81 581 143 610 riae
164 582 239 618 eius,
263 582 300 610 ab
323 594 355 611 eo
378 590 473 611 aurem
496 590 554 610 ium
578 590 603 610 et
626 583 655 611 in
674 583 775 621 fontes
798 593 922 612 coronas
943 582 1053 610 iaciunt
1076 589 1101 611 et
1122 590 1224 621 puteos
1247 590 1398 611 coronant.
1442 582 1533 611 Erant
1556 583 1603 611 die
1627 582 1767 612 Octobris
1791 582 1904 611 decima
1927 585 2024 613 tertia.

80 624 170 654 Porta
194 624 311 663 Capena
336 626 413 654 dicta
436 625 604 661 seminalis,
631 625 709 664 quod
732 625 815 654 iuxta
837 635 897 653 eam
921 624 1008 653 sontis
1031 624 1188 653 delubrum
1212 625 1309 654 suerit.
1354 624 1439 653 Dac-

242 666 291 696 Fo
301 666 399 697 lium.
444 667 551 696 Verum
573 672 633 704 est,
659 678 721 696 esse
743 678 759 696 a
782 666 909 707 φύλλον,
930 667 982 696 sed
1002 667 1152 706 posterius
1175 666 1187 696 2
1209 672 1339 696 mutatur
1361 667 1392 695 in
1413 667 1440 703 i,
1464 671 1568 696 contra
1592 667 1671 706 quod
1695 668 1797 697 Festus
1821 667 1956 706 putavit3
1981 668 2023 696 sic

78 707 115 737 ab
137 706 225 745 ἄλλος
247 708 333 740 alius.
377 709 466 740 Dac.

241 750 365 781 Focus.
410 752 499 781 Ovid.
516 751 563 780 VI.
585 752 661 781 Fast.
686 751 803 791 (301.):

605 795 651 824 At
669 796 759 834 focus
780 807 798 824 n
815 796 965 834 flammis,
990 801 1015 823 et
1038 792 1119 834 qnod
1134 794 1215 833 fovet
1239 794 1355 830 omnia,
1383 792 1489 823 dictus.

76 835 134 865 Sed
158 837 263 865 melius
284 837 342 865 viri
365 836 465 873 docti,
501 837 551 875 qui
573 837 658 875 foves
681 838 784 866 dicunt
808 849 822 866 a
841 838 946 875 focus,
982 837 1062 865 unde
1083 836 1221 875 foculus,
1253 835 1409 876 foculare,
1440 835 1591 875 focillare.
1636 836 1730 866 Focus
1759 842 1855 866 autem
1880 847 1894 864 a
1919 833 2021 877 φώγω,

75 889 128 907 seu
150 876 280 918 φωγνύω
303 879 350 908 vel
374 876 531 919 φώγνυμι,
567 890 628 908 uro.
652 879 740 910 Dac.
785 880 861 908 Hinc
884 881 987 918 glossis
1007 879 1194 908 Fomentario
1217 880 1368 918 πυρίασις.
1406 879 1491 907 Adde
1512 880 1638 908 Nonium
1663 881 1745 918 (pag.
1760 880 1832 911 481.
1856 879 1967 917 Mero.)
1990 880 2020 908 in

74 919 240 950 Focillatur
262 927 291 950 et
314 920 426 950 Focula
450 923 526 960 (pag.
540 924 569 953 9.
594 921 707 961 Merc.).
753 921 858 953 Goth.

237 962 435 993 Follicula
446 975 491 993 re.
536 964 716 992 Folliculum
738 970 842 1001 vocat,
866 964 946 1003 quod
972 963 1075 992 Graeci
1098 961 1231 1002 ἅσκωμα.
1255 962 1357 994 Scal.
1393 963 1418 991 A
1441 963 1593 998 folliculo,
1617 963 1648 990 id
1671 969 1715 992 est
1737 964 1813 1002 pelle
1836 973 1933 992 remos
1956 973 2018 992 uiu-

72 1005 190 1043 niente,
228 1017 285 1045 qua
314 1012 399 1044 parte
429 1007 541 1035 scalmo
562 1007 748 1036 incumbunt.
792 1007 935 1046 Hesych:
971 1005 1112 1046 ἅσκωμα,
1149 1004 1322 1044 δερμάτων,
1359 1003 1376 1036 3
1400 1005 1518 1047 ἐν-ταῖς
1539 1002 1687 1045 τριήρεσιν
1710 1006 1835 1045 ἔχουσιν.
1879 1005 2019 1044 Hesychii

71 1048 163 1077 verba
185 1049 314 1077 illustrat
335 1049 483 1088 interpres
508 1049 715 1088 Aristophanis
738 1050 768 1078 in
793 1053 934 1089 Ramex„-
968 1047 1092 1087 ἅσκωμα
1115 1048 1146 1079 δὲ
1169 1046 1327 1088 δερμάτιόν
1352 1061 1394 1085 τι,
1433 1061 1455 1090 ῳ
1480 1048 1512 1078 ἕν
1534 1052 1597 1083 ταῖς
1616 1046 1747 1088 τριήρεσι
1769 1051 1912 1087 χρῶνται,
1942 1046 2017 1078 καθ’

71 1088 90 1121 ἆ
110 1088 132 1129 ἦ
154 1087 243 1129 κώπη
266 1089 413 1122 πάλλεται.
450 1091 524 1119 Inde
547 1093 723 1121 sollicularis
748 1092 809 1121 vita
832 1103 949 1129 eorum,
973 1092 1025 1131 qui
1047 1091 1085 1120 ad
1106 1096 1275 1120 remossunt
1298 1091 1433 1129 delegati.
1472 1091 1565 1120 Aliter
1586 1096 1683 1119 tamen
1707 1091 1905 1120 follicularem
1928 1091 2017 1120 vitam

68 1133 284 1173 interpretatus
306 1139 350 1162 est
372 1133 516 1163 Meursius
539 1144 644 1173 nempe
666 1135 808 1164 caducam
831 1135 868 1163 ad
890 1135 983 1164 instar
1006 1135 1084 1163 solii:
1115 1145 1182 1163 nain
1206 1134 1328 1169 sollum,
1359 1135 1377 1164 i.
1399 1144 1423 1162 e.
1444 1134 1564 1170 folium,
1596 1133 1674 1162 unde
1698 1134 1863 1162 folliculum
1888 1138 2017 1163 extrema

69 1186 140 1215 pars
162 1178 235 1206 remi
258 1177 288 1205 iu
311 1176 374 1205 solii
398 1176 619 1206 similitudinem
643 1177 796 1213 desinens,
827 1188 900 1216 quae
923 1178 1043 1206 Graecis
1064 1176 1190 1214 πτερόν,
1217 1176 1297 1215 quod
1319 1177 1381 1205 alae
1403 1177 1500 1206 vicem
1523 1176 1591 1204 navi
1616 1181 1753 1214 praestet.
1776 1176 1864 1205 Dac.
1900 1176 2017 1206 Dicitur

69 1219 157 1248 etiam
175 1218 323 1258 sollimen.
351 1218 458 1249 Goth.
489 1220 600 1257 Lec1a3
622 1224 708 1249 tecta.
731 1219 839 1251 Idem.
872 1220 906 1249 A
928 1231 985 1260 quo
1007 1221 1068 1249 vita
1087 1218 1289 1258 follicubzris‚·
1313 1229 1329 1247 a
1353 1229 1412 1258 quo
1435 1220 1494 1248 vita
1518 1219 1701 1256 folliculum,
1727 1219 1773 1249 vel
1796 1218 1928 1248 sollicula
1951 1229 2014 1258 res;

68 1261 108 1292 ita
132 1262 208 1300 lego.
252 1261 324 1290 Nam
348 1261 515 1290 folliculum
538 1262 634 1290 Nonio
657 1260 736 1302 (pag.
752 1266 821 1294 110.
847 1263 949 1300 Mero.)
974 1273 1029 1301 pro
1053 1272 1179 1302 corpore
1202 1262 1339 1291 sumitur.
1386 1260 1498 1291 Idem.

233 1302 345 1332 Feren
355 1311 391 1332 ta
403 1305 462 1332 rii.
507 1304 601 1332 Varro
623 1305 672 1333 lib.
688 1305 735 1334 vl.
759 1305 796 1333 de
819 1306 849 1333 L.
867 1306 914 1335 L.:
938 1304 1101 1335 Ferentarii
1122 1305 1229 1345 equites
1249 1304 1282 1334 hi
1304 1303 1395 1341 dicti,
1417 1305 1469 1344 qui
1490 1315 1523 1333 ea
1545 1302 1634 1333 modo
1656 1303 1799 1333 habehant
1822 1314 1920 1341 arma,
1943 1313 2016 1344 quae

61 1345 225 1385 ferrentur,
253 1353 285 1374 ut
307 1345 437 1375 iaculum
460 1346 622 1384 (pag.341.
648 1348 719 1386 Sp.).
758 1347 832 1376 Vide
854 1346 1037 1387 adscriptivi.
1081 1348 1168 1377 Dae.

231 1387 408 1418 Fir-ctum.
452 1387 596 1420 Fercium.
635 1390 704 1419 Vid.
728 1390 799 1419 Cato
823 1391 861 1420 de
883 1401 916 1419 re
938 1396 1012 1420 rust.
1036 1392 1128 1427 (13).
1150 1390 1238 1419 Ant.
1260 1389 1357 1429 Aug.
1394 1389 1452 1419 Pro
1471 1389 1591 1428 fertum,
1625 1388 1650 1419 A
1667 1389 1734 1428 fero
1752 1389 1861 1428 sertum
1884 1399 1939 1428 pro
1963 1386 2014 1417 la-

67 1437 147 1467 tum,
170 1435 200 1459 et
223 1430 332 1460 sertum
356 1435 400 1460 est
414 1430 470 1459 diis
485 1431 629 1462 oblatum.
660 1432 732 1461 Inde
749 1434 846 1472 serior
866 1438 897 1462 et
918 1433 1051 1471 insertor.
1077 1434 1176 1462 Gloss.
1192 1431 1340 1468 Fertores,
1358 1432 1439 1471 serio
1463 1431 1606 1471 libantes5
1629 1432 1753 1471 inferior
1774 1430 2014 1471 παραθέτης,

64 1473 97 1501 id
117 1478 162 1503 est
184 1478 325 1504 structor.
357 1474 397 1502 De
419 1479 499 1503 strue
522 1479 549 1502 et
572 1475 647 1504 serto
670 1475 740 1504 vide
762 1474 955 1514 Str-ufetiarii.
980 1475 1069 1506 Dac.
1102 1475 1185 1504 Unde
1208 1476 1352 1504 serctores
1375 1474 1483 1504 Isidori
1505 1475 1598 1504 sercta
1620 1475 1756 1504 serentes.
1783 1472 1886 1504 Goth.
1916 1472 2012 1505 Strue,

64 1515 138 1545 Vide
161 1515 269 1545 Strues.
293 1514 400 1545 Idem.
432 1515 636 1554 Struferciarii
655 1518 843 1547 strufertarii.
886 1516 995 1546 Idem.
1374 1552 1381 1557 ι

228 1557 393 1588 Feralia.
436 1558 567 1587 Priorem
591 1559 668 1588 Festi
690 1560 900 1598 etymologiam
922 1559 1030 1598 probat
1051 1559 1146 1588 Varro
1170 1559 1207 1588 de
1228 1560 1260 1589 L.
1284 1560 1316 1590 L.
1339 1559 1390 1589 lib.
1406 1559 1441 1589 V.
1465 1557 1534 1600 (VI,
1557 1570 1624 1598 pag.
1639 1559 1709 1591 195.
1730 1557 1810 1598 Sp.):
1835 1556 1951 1588 Feralia
1972 1556 2011 1586 ab

63 1599 166 1638 mser-is
188 1607 214 1629 et
229 1599 368 1638 ferendo,
394 1599 476 1640 quod
492 1601 594 1639 serunt
615 1609 676 1630 tum
699 1600 800 1640 epulas
821 1600 864 1630 αᾶ
885 1600 1064 1641 sepulcrum,
1089 1600 1194 1641 quihus
1215 1602 1260 1631 ius
1282 1601 1325 1630 ibi
1344 1609 1508 1640 parentare.
1553 1602 1610 1631 Sed
1633 1606 1746 1631 eertum
1771 1606 1828 1638 est,
1852 1599 1960 1639 feralis
1982 1605 2011 1630 et

58 1641 172 1680 feralia
197 1652 260 1671 esse
283 1653 298 1670 a
317 1643 403 1681 fera,
434 1653 501 1671 nan·
520 1643 618 1681 feram
642 1644 779 1673 dicebant
801 1649 935 1673 monem.
980 1645 1016 1672 Et
1038 1644 1128 1672 ferale
1151 1648 1211 1679 est,
1249 1645 1329 1682 quod
1354 1644 1390 1672 ad
1414 1649 1547 1673 mortuos
1570 1645 1712 1683 pertinet,
1744 1644 1821 1673 unde
1846 1644 1941 1673 Gloss.
1963 1643 2009 1673 in-

63 1689 266 1723 terpretantur
295 1681 444 1720 νεκρικόν.
488 1685 601 1714 Feralia
631 1686 739 1715 fiebant
768 1686 816 1715 die
845 1687 926 1715 XXI.
949 1686 1112 1715 Februarii.
1158 1686 1285 1714 Ovidius
1308 1697 1322 1714 a
1346 1687 1496 1715 veteribus
1525 1687 1700 1716 calendariis
1731 1686 1857 1722 recedit,
1895 1686 1946 1724 qui
1975 1696 2008 1715 ea

62 1726 153 1755 fuisse
176 1726 247 1754 dicit
270 1726 318 1755 die
342 1727 438 1755 XVIL
473 1727 557 1756 lllum
581 1729 649 1757 vide
671 1729 769 1758 lib.ll.
792 1730 867 1758 Fast.
891 1728 999 1768 (569.).
1034 1728 1145 1757 Feralia
1172 1728 1276 1757 Graeci
1305 1728 1444 1758 dicebant
1465 1727 1576 1769 μιαρᾶς
1596 1727 1717 1770 ἡμέρας.
1753 1728 1881 1768 Hesych.
1906 1728 2008 1768 μιαραὶ

60 1765 169 1810 ἡμέραι
189 1771 245 1800 τοῦ
267 1764 511 1808 ἀνθεστηριῶνος
533 1770 643 1808 μηνὸς,
679 1771 710 1802 ἐν
733 1769 780 1807 αἷς
802 1770 854 1808 τὰς
875 1769 974 1811 ψυχάς
997 1771 1216 1811 κατοιχομένων
1241 1768 1357 1802 ἐνιέναι
1379 1769 1515 1802 ἐδόκουν.
1560 1772 1649 1802 Dac-

225 1810 464 1840 Fehruarius.
510 1813 559 1841 Ait
588 1813 664 1842 diem
695 1815 868 1852 Lupercalia
897 1825 911 1843 a
941 1814 1092 1842 veteribus
1121 1813 1289 1842 februatum
1318 1814 1420 1842 vocari
1449 1814 1580 1844 solitum.
1636 1814 1730 1843 Varro
1759 1812 1821 1852 (De
1851 1813 1881 1842 L.
1903 1813 1934 1843 L.
1957 1812 2006 1850 VI,

59 1863 126 1893 pag.
140 1854 210 1886 195.
233 1853 309 1892 Sp.):
332 1853 513 1893 Lupercalia
536 1853 634 1892 dicia,
658 1856 738 1896 quod
759 1858 789 1885 in
812 1856 974 1896 Lupercali
997 1856 1125 1895 Luperci
1145 1867 1231 1885 sacra
1249 1857 1378 1894 saciant.
1414 1855 1504 1892 Rex,
1528 1867 1593 1885 cum
1612 1857 1707 1895 ferias
1729 1862 1889 1884 menstruas
1909 1853 2005 1884 Nonis

54 1896 217 1935 februariis
242 1895 347 1935 edicit,
378 1895 455 1925 hunc
475 1895 549 1925 diem
568 1898 738 1936 februarum
760 1899 899 1939 appellat.
923 1898 1022 1928 Scal.
1071 1899 1165 1927 Varro
1189 1899 1225 1927 de
1251 1900 1279 1927 L.
1304 1900 1335 1928 L.
1358 1899 1407 1928 lib.
1423 1899 1456 1928 V.
1480 1899 1551 1936 (VI,
1575 1909 1639 1938 pag.
1655 1900 1724 1930 195.
1749 1899 1829 1936 Sp.):
1860 1895 2003 1925 Februum

59 1938 164 1969 Sabini
185 1946 421 1978 purgamentum,
453 1946 478 1967 et
501 1938 533 1968 id
554 1941 583 1968 in
606 1942 700 1970 sacris
723 1943 828 1970 nostris
849 1941 981 1978 verbum3
1018 1952 1085 1969 nam
1109 1948 1134 1969 et
1159 1940 1354 1979 Lupercalia,
1387 1940 1551 1980 februatio,
1584 1949 1614 1970 ui
1636 1942 1667 1970 in
1690 1941 1895 1980 antiquitatum
1918 1936 2002 1967 libris

57 1980 262 2011 demonstravi.
305 1981 341 2009 Et
370 1981 460 2019 paulo
489 1987 558 2020 post
587 1981 661 2021 (vl,
687 1986 834 2021 pag.214.
858 1984 945 2022 Sp.):
983 1983 1071 2012 Prior
1092 1995 1109 2012 a
1130 1984 1262 2022 principe
1285 1982 1358 2012 Ιαηο
1384 1983 1541 2012 Ianuarius
1569 1982 1747 2023 appellatus-3
1778 1981 1935 2021 posterior,
1969 1987 2001 2011 ut

56 2023 144 2053 iidem
168 2022 269 2052 dicunt
291 2024 462 2062 scriptores,
499 2024 537 2052 ab
561 2024 627 2053 Diis
648 2026 746 2064 inseris
766 2025 942 2054 Februarius
964 2024 1143 2064 appellatus,
1184 2024 1263 2064 quod
1292 2033 1351 2054 ium
1380 2025 1425 2054 his
1445 2033 1621 2065 parcuntur.
1665 2024 1729 2064 Ego
1757 2023 1851 2062 magis
1872 2022 2000 2051 arbitror

55 2065 246 2095 Februarium
269 2077 286 2094 α
311 2064 357 2094 die
373 2064 529 2104 februaio,
553 2067 634 2107 quod
656 2076 715 2096 tum
731 2067 885 2107 februaiur
904 2067 1047 2107 populus,
1074 2067 1106 2096 id
1128 2074 1168 2096 est
1190 2066 1315 2106 lupercis
1338 2067 1424 2097 nudis
1446 2067 1589 2097 lustratur
1610 2069 1761 2107 antiquum
1783 2064 1922 2105 oppidum
1944 2076 1996 2104 pa.

540 2110 581 2139 De
603 2110 715 2139 sebi-ius
737 2111 806 2139 vide
828 2111 915 2141 Ovid.
940 2111 990 2139 lib.
1003 2111 1038 2139 Il.
1061 2111 1175 2139 Fastor.
1196 2110 1261 2139 init.
1286 2109 1374 2139 Dac.
1411 2111 1484 2140 Vide
1507 2111 1634 2140 Nonium
1657 2110 1734 2148 (pag.
1750 2108 1820 2140 114.
1844 2108 1945 2147 Merc.)
1967 2108 1997 2136 iu

53 2106 175 2144 latium,
201 2107 338 2147 gregibus
357 2109 492 2138 cinctum.

53 2150 206 2180 Februare.
249 2148 276 2178 G
285 2161 302 2178 o
311 2157 321 2178 1
331 2149 358 2181 Ιι,

218 2191 440 2222 Fescennina·
466 2205 602 2224 versus.
648 2194 672 2222 A
695 2194 874 2224 Fescennina
897 2194 1020 2223 Tusciae
1043 2194 1130 2231 urbe,
1162 2205 1237 2232 quae
1261 2193 1419 2224 Fescennia
1441 2194 1537 2224 Plinio
1557 2192 1631 2234 (III,
1654 2193 1689 2230 5,
1713 2192 1775 2230 8.),
1808 2191 1994 2223 Fescennium

52 2235 177 2271 Catoni,
202 2236 342 2274 Dionysio
370 2238 545 2266 Φασκένιον.
589 2237 709 2273 Servio,
739 2238 763 2265 si
787 2248 856 2265 vcra
879 2237 1044 2275 scriptura,
1068 2235 1264 2267 Fescennium.
1305 2237 1400 2266 Hodie
1424 2235 1503 2268 Cina
1527 2235 1704 2266 Castellum.
1743 2236 1899 2274 Perperam
1924 2237 1993 2262 Ser-

52 2278 116 2307 vius
139 2278 315 2316 Campaniae
338 2279 483 2317 oppidum
507 2279 591 2309 dit-it.
635 2279 807 2308 Fvsvenniui
837 2290 937 2308 versas
968 2285 1075 2308 temero
1105 2280 1263 2317 compositi
1286 2284 1314 2308 et
1336 2281 1426 2308 rudes
1454 2279 1599 2308 nascentis
1624 2278 1723 2307 adhuc
1748 2279 1895 2308 Romanae
1916 2286 1990 2316 poe-

51 2330 114 2349 seos
137 2321 301 2359 primordia
324 2321 420 2358 suere,
444 2331 538 2360 neque
562 2322 716 2360 nuptiales.
758 2322 876 2361 Quippe
900 2332 951 2351 eos
972 2322 1048 2350 casei
1072 2321 1117 2350 illi
1140 2321 1273 2351 homines
1296 2322 1325 2351 in
1348 2322 1544 2351 conventibus
1566 2322 1627 2350 suis
1649 2332 1685 2351 ac
1706 2321 1789 2351 sestis
1811 2318 1988 2350 solemnibus

51 2368 120 2402 post
140 2364 237 2402 fruges
259 2364 395 2392 conditas
418 2369 447 2392 et
468 2364 584 2393 labores
614 2364 740 2394 rusticos
767 2370 888 2394 exactos
916 2364 1069 2394 sacrificiis
1098 2365 1227 2403 operati,
1265 2369 1298 2395 ut
1325 2366 1456 2395 animum
1483 2365 1653 2396 relaxarent
1674 2369 1703 2393 et
1726 2373 1788 2394 sese
1810 2358 1986 2392 iucunditati
