2263 2668
221 155 295 190 304
650 147 996 185 COMMENTARH
1023 147 1070 181 ΙΝ
1097 147 1240 182 PAULI
1267 147 1463 182 DlACONt
1490 145 1743 180 EXCERPTA

221 248 299 277 herio
323 244 429 287 sylvio.
476 243 592 282 Optime
617 242 674 271 viri
696 241 779 270 docti
805 238 954 269 Tiberino.
1000 239 1057 268 Hic
1080 240 1202 280 Calpeto
1230 241 1307 279 patri
1330 238 1473 268 successit
1496 242 1525 267 et
1547 238 1576 266 in
1600 237 1706 266 Albula
1729 236 1900 266 submersus
1923 249 2029 269 nomen
2052 240 2174 279 reliquit

220 290 322 318 fluvio.
354 287 524 317 Ovid.L1v.
568 284 651 313 Infra
679 284 709 312 in
739 294 769 313 v.
797 281 911 311 Tiberis
940 281 996 311 ait:
1032 280 1118 311 vela
1144 282 1298 320 Tiberino,
1337 280 1385 311 vel
1405 292 1423 309 a
1450 280 1534 310 Tibri
1555 279 1601 309 vel
1624 279 1724 308 Tiberi
1746 291 1809 319 rege
1834 280 2003 310 Tuscorum.
2047 284 2123 312 Sane
2145 287 2174 312 <t

221 331 392 361 Eustathius
414 329 443 357 in
469 328 587 365 Dionys.
613 338 628 355 a
650 326 770 355 Tiberio
794 324 924 363 quodam
944 334 1013 362 rege
1035 324 1150 354 dictum
1172 326 1264 354 refert
1287 335 1324 354 ex
1348 324 1449 353 Dione.
1473 322 1585 351 Idem.
1622 321 1748 352 Tiberio.
1780 322 1927 354 Tiberino,
1974 322 2076 354 Goth,

380 368 510 400 Ambo.
556 369 629 398 Vide
652 370 765 397 incerta
798 368 901 397 Verrii.
938 365 1047 396 Goth..
1097 367 1132 396 In
1159 379 1293 397 sermone
1320 368 1471 396 Sanscrito
1495 371 1539 395 est
1561 364 1675 400 ahtau,
1696 365 1777 394 unde
1802 366 1982 403 permutatio
2005 367 2172 398 litterarum

221 417 237 444 h
261 422 290 445 et
313 427 335 453 φ
357 414 389 442 fit
413 411 587 451 probabilis.
611 428 652 433 —
696 411 826 440 Dictum.
860 411 996 438 numum.
1030 408 1138 441 Goth.

382 453 610 483 Ambactus.
654 455 715 483 Cur
739 453 837 491 lingua
862 452 976 481 Gallica
1000 452 1095 489 dicat,
1126 454 1241 491 ignoro.
1300 451 1339 479 Ut
1362 451 1440 480 enim
1464 461 1554 489 supra
1578 450 1723 489 scriptum
1747 455 1809 487 est,
1840 450 1871 479 id
1902 455 1980 480 recte
2003 452 2103 482 Latine
2129 453 2173 483 di-

219 502 295 528 citur
319 503 345 526 et
369 508 432 526 mos
455 498 606 525 Romanus
629 496 822 535 significatur.
868 495 955 524 Ant.
979 497 1071 534 Aug.
1100 496 1230 524 Glossar.
1258 494 1326 523 Am
1339 493 1435 523 bact.
1461 495 1570 529 δοῦλος
1593 490 1752 532 μισθωτός,
1777 492 1816 528 ὥς
1837 491 1970 529 ’'Evvmg.
1994 495 2100 524 Caesar
2121 495 2171 525 lib.

220 542 265 571 VI.
289 538 374 580 (14):
398 537 446 568 Ita
466 537 611 578 plurimos
635 541 746 569 circum
769 550 798 567 se
820 536 974 566 ambactos
998 536 1170 579 clientesque
1200 535 1294 565 habet.
1340 534 1444 565 Fulv.
1490 535 1573 565 Urs.
1617 536 1692 565 Sane
1715 535 1835 564 Paullus
1858 536 1913 565 iste
1937 547 1996 565 non
2021 543 2172 568 assecutus

220 589 264 613 est
285 588 412 611 mentem
436 582 522 612 Festi.
568 582 641 609 Nam
668 581 843 610 Ambactum
865 580 967 608 Festus
1002 580 1077 609 dixit
1103 581 1183 619 apud
1214 580 1341 608 Ennium
1374 579 1540 616 significare
1564 588 1682 607 servum
1707 578 1939 615 mercenarium5
1964 591 1980 608 a
2004 580 2096 609 Gallis
2119 590 2172 610 au-

219 633 278 655 tem
302 626 361 654 dici
385 624 542 661 clientem,
578 629 611 652 ut
634 625 743 662 legitur
767 623 847 662 apud
871 623 1034 652 Caesarem.
1081 623 1135 652 Vel
1164 623 1245 662 quod
1269 622 1369 650 verius
1390 627 1480 660 puto,
1516 621 1622 649 Festus
1652 626 1768 649 tantum
1793 621 1828 649 ab
1854 622 1946 650 Ennio
1969 622 2008 651 ita
2031 628 2172 665 vocatum

219 678 336 697 servum
365 667 581 696 conductitium
605 666 691 697 dixit.
737 667 859 695 Paullus
880 675 952 694 vero
975 666 1031 694 iste
1054 665 1149 695 voluit
1171 667 1318 694 sincerum
1343 674 1394 692 vas
1416 665 1582 693 incrustare
1608 669 1635 692 et
1658 665 1699 692 ita
1723 675 1737 692 a
1755 664 1847 692 Gallis
1870 664 1983 693 dictum
2007 676 2068 694 esse
2090 666 2172 695 scri-

218 713 294 750 psit,
331 711 399 749 quia
423 720 487 739 eam
512 719 616 738 vocem
638 710 670 738 in
699 708 925 739 Commentariis
957 708 1086 737 Caesmis
1116 709 1237 747 legerat.
1289 707 1392 744 Neque
1425 707 1544 743 dubito,
1580 706 1651 745 quin
1679 706 1720 734 ita
1749 716 1796 736 res
1825 707 1978 737 acciderit.
2024 709 2098 737 Nam
2122 708 2172 737 alii

220 755 306 790 longe
328 752 461 781 Ambacti
485 753 565 791 apud
590 752 759 787 Caesarem,
790 751 841 791 qui
864 761 922 779 non
947 751 1023 780 servi
1047 756 1149 786 erant,
1186 751 1260 779 alius
1283 749 1437 778 ambactus
1460 749 1539 789 apud
1561 749 1705 787 Ennium,
1743 759 1834 787 quum
1865 759 1986 778 servum
2016 751 2172 789 significet.

219 794 298 824 Illud
323 794 469 823 Gallicum
492 794 692 832 vocabulum,
722 794 782 824 hoc
805 795 891 833 plane
917 793 1060 822 Latinum.
1105 793 1182 822 Huic
1208 792 1398 821 coniecturae
1420 792 1509 821 fidem
1531 792 1602 820 facit
1623 792 1804 820 Glossarium
1830 792 1904 820 illud
1930 803 1986 821 non
2010 795 2080 823 satis
2104 795 2171 824 tau-

218 837 336 870 datum,
368 842 397 866 et
419 838 501 875 quod
523 837 757 875 magistellorum
782 836 916 866 manibus
938 837 992 865 teri
1015 847 1075 864 non
1098 836 1202 871 debet,
1226 836 1277 864 sed
1300 840 1416 863 tantum
1439 845 1453 863 a
1478 834 1663 864 doctioribus
1687 839 1773 863 nocte
1796 840 1824 864 et
1847 835 1893 865 die
1916 835 2035 865 versari.
2080 837 2113 865 In
2137 846 2171 865 eo

217 880 308 918 igitur
329 880 453 917 legitur:
484 879 653 909 Ambacrus
675 881 782 915 δοῦλος
805 876 972 919 μισθωτός,
1004 878 1044 914 ὥς
1066 877 1197 914 ’Ἐννιος.
1244 879 1286 906 An
1312 888 1370 906 non
1401 878 1472 907 satis
1496 878 1583 918 plane
1607 878 1730 906 innuere
1754 878 1888 915 videtur,
1913 879 1994 917 quod
2017 880 2053 908 de
2076 879 2172 908 Paulli

219 923 340 951 audacia
364 922 481 951 odorati
514 922 641 951 sumus?
679 923 717 952 At
745 923 857 951 Ennius
884 922 1002 950 videtur
1030 922 1066 950 de
1089 932 1176 950 servo
1206 920 1341 949 ambacto
1370 920 1495 960 loquens
1518 920 1741 959 comparatione
1771 921 1869 959 aliqua
1898 926 1948 950 aut
1977 921 2171 951 similitudine

219 965 329 994 dixisse
352 965 451 994 nescio
474 965 548 1004 quid
569 965 646 1002 tale,
670 970 704 994 ut
726 965 807 1004 apud
830 964 997 1003 Theognin:
1021 963 1061 1003 (v.
1083 964 1153 997 485.
1177 964 1222 992 ed.
1245 961 1340 1002 Sylb.)

1266 1003 1324 1045 Μή
1347 1016 1379 1037 σε
1401 1004 1521 1046 βιάσθω

862 1047 997 1089 Γαστήρ,
1021 1047 1095 1081 ὅστε
1116 1047 1209 1080 nandi}
1229 1046 1333 1088 λάτριν
1356 1049 1528 1089 ἐφημέριον.

218 1093 291 1122 *Nam
328 1092 364 1122 de
401 1102 436 1121 eo
465 1092 613 1133 Theognis
645 1094 750 1130 sentit,
791 1093 843 1132 qui
881 1093 1015 1132 quotidie
1052 1094 1133 1122 locat
1166 1102 1271 1131 operas
1310 1101 1394 1128 suas3
1439 1097 1472 1121 ut
1500 1092 1613 1121 Ennius
1644 1103 1764 1131 quoque
1795 1092 1831 1121 de
1861 1102 1912 1129 eo,
1964 1092 2050 1121 cuius
2080 1092 2170 1122 herus

219 1135 350 1173 quotidie
375 1135 543 1166 collocabat
565 1146 687 1176 operaS‚
713 1141 742 1165 et
765 1146 802 1165 ex
825 1146 860 1165 eo
883 1146 945 1165 rem
968 1136 1138 1175 quaerebat..
1182 1135 1276 1164 Porro
1300 1145 1359 1163 non
1382 1135 1482 1174 placet
1504 1146 1566 1165 rem
1584 1136 1695 1164 referre
1713 1135 1750 1164 ad
1773 1135 2036 1164 manumissionum
2059 1145 2170 1166 morem

218 1183 248 1207 et
269 1178 427 1216 vertigines
448 1179 534 1216 illas,
565 1179 671 1219 quibus
692 1178 874 1208 liberabatur
896 1188 1016 1211 servus,
1046 1189 1113 1207 cum
1135 1182 1232 1207 tamen
1258 1177 1289 1206 id
1311 1178 1432 1207 summis
1462 1178 1492 1206 in
1514 1179 1594 1206 omni
1616 1178 1772 1208 doctrinae
1800 1188 1907 1216 genere
1928 1177 2001 1207 viris
2023 1178 2170 1217 placuisse

218 1220 350 1258 videam,
382 1231 491 1260 eosque
513 1222 544 1250 in
568 1233 600 1251 ea
630 1221 746 1250 haeresi
771 1231 843 1250 esse.
896 1221 963 1250 Non
987 1231 1108 1260 possum
1136 1231 1196 1249 non
1220 1219 1336 1256 ridere,
1373 1221 1453 1259 quod
1477 1226 1580 1260 agyrta
1603 1221 1742 1260 quidam,
1773 1220 1862 1249 homo
1885 1221 2007 1259 insignis
2031 1221 2170 1250 audaciae

219 1267 307 1302 atque
337 1264 554 1303 impudentiae,
595 1264 714 1303 scripsit
745 1269 849 1292 contra
879 1263 1051 1293 Turnebum
1079 1273 1171 1303 super
1200 1262 1257 1291 hac
1285 1273 1360 1291 voce
1389 1262 1567 1293 Ambactus.
1619 1264 1678 1292 Sed
1708 1268 1742 1292 ut
1771 1263 1833 1292 eius
1863 1274 1963 1293 omnes
1994 1263 2062 1293 libri
2095 1263 2170 1292 nihil

218 1305 300 1334 aliud
325 1315 413 1344 quam
440 1307 726 1347 impudentissimam
750 1307 793 1335 sui
817 1306 956 1335 fiduciam
981 1306 1172 1345 praeferunt,
1200 1308 1241 1334 ita
1264 1305 1341 1334 hanc
1365 1305 1427 1334 eius
1451 1306 1485 1334 tle
1507 1305 1563 1334 hac
1586 1316 1618 1335 re
1641 1306 1808 1345 opinionem
1830 1311 1862 1335 ut
1884 1306 2169 1345 impudentissimam

218 1353 247 1377 et
269 1348 482 1386 ineptissimam
505 1349 619 1379 reiicio.
664 1350 822 1388 Nunquam
850 1349 908 1388 legi
939 1349 1065 1378 maiores
1088 1359 1197 1387 nugas,
1236 1358 1387 1387 nunquam
1421 1348 1610 1386 insigniorem
1640 1349 1834 1377 temeritatem
1858 1348 1922 1377 vidi
1943 1359 2038 1387 neque
2060 1349 2169 1386 audivi,

218 1395 252 1419 ut
275 1390 326 1429 qui
349 1401 451 1421 omnes
474 1392 587 1430 linguas
611 1403 627 1421 a
649 1402 701 1420 sua
725 1391 848 1420 barbara
872 1392 1020 1421 deducere
1043 1392 1131 1429 velit,
1177 1391 1252 1420 adeo
1274 1395 1308 1419 ut
1330 1391 1423 1429 ipsam
1447 1391 1621 1419 Hebraicam
1651 1392 1780 1428 linguam
1804 1391 1999 1430 posteriorem
2022 1391 2169 1421 Cimbrica

219 1437 336 1462 asserat.
382 1434 439 1463 Ubi
463 1435 549 1463 etiam
572 1435 735 1464 circulator
758 1435 868 1463 Mosen]
891 1434 1099 1474 reprehendit,
1138 1434 1217 1473 quod
1246 1433 1364 1462 uomina
1387 1434 1510 1473 propiia
1533 1439 1666 1463 veterum
1695 1434 1813 1462 illorum
1839 1438 1956 1472 patrum
1988 1445 2003 1462 a
2026 1434 2169 1472 gentilitia

219 1485 271 1504 sua
294 1475 443 1512 Hebraea,
463 1487 524 1506 non
548 1489 564 1507 a
587 1477 735 1506 Cimbrica
758 1477 897 1507 deducat.
940 1478 1018 1515 Ergo
1047 1477 1170 1506 miseros
1194 1477 1261 1505 illos
1290 1480 1407 1504 veteres
1436 1476 1604 1513 Hebraeos,
1643 1477 1694 1515 qui
1716 1487 1776 1505 non
1799 1477 1910 1506 Batave
1933 1477 2054 1505 scierint
2075 1477 2169 1516 loqui,

219 1524 248 1548 et
271 1518 417 1548 feliciores
444 1520 530 1558 louge
552 1520 688 1556 futuros,
719 1519 744 1548 si
768 1521 1016 1559 Auiverpienses‚
1055 1530 1143 1557 quam
1165 1520 1189 1548 si
1212 1518 1280 1557 Syri
1302 1519 1365 1547 sive
1387 1519 1544 1547 Palaestini
1567 1519 1700 1548 fuissent.
1745 1519 1828 1548 Talia
1850 1519 1964 1548 infinita
1985 1519 2096 1549 habent
2115 1521 2170 1549 in-

220 1561 384 1600 eptissimae
406 1562 476 1592 illae
499 1562 646 1601 Origines.
707 1562 743 1590 Et
764 1567 863 1591 tamen
888 1573 948 1591 non
973 1562 1081 1591 desunt
1100 1562 1151 1600 qui
1174 1562 1367 1590 admirentur.
1424 1563 1462 1590 At
1485 1562 1520 1591 de
1541 1561 1725 1600 ineptissimo
1749 1562 1867 1590 homine
1890 1562 1975 1601 plura
1998 1562 2085 1598 alias,
2118 1563 2170 1591 ubi

219 1604 274 1632 erit
298 1604 389 1633 locus.
446 1605 509 1634 Hoc
533 1615 623 1634 unum
653 1604 809 1641 adiiciam,
847 1606 877 1633 in
900 1610 982 1634 tanta
1005 1605 1081 1633 mole
1109 1604 1178 1633 libri
1200 1604 1250 1632 vix
1273 1613 1319 1632 me
1341 1603 1502 1642 reperisse,
1538 1605 1619 1642 quod
1641 1614 1745 1633 verum
1777 1609 1871 1641 esset3
1914 1609 1942 1633 et
1965 1605 2036 1634 licet
2057 1605 2169 1643 aliquid

221 1646 284 1674 veri
307 1647 459 1686 invenias,
481 1652 580 1677 tamen
606 1647 638 1676 id
664 1647 809 1676 eiusmodi
833 1652 894 1683 est,
918 1652 952 1676 ut
973 1647 1004 1675 in
1028 1657 1060 1675 ea
1083 1648 1146 1675 alea
1173 1646 1270 1674 dicere
1293 1646 1389 1685 possis
1414 1656 1499 1683 eum,
1523 1647 1683 1685 aliquando
1708 1652 1741 1675 ut
1766 1647 1875 1683 vincat,
1898 1647 2013 1676 assidue
2036 1648 2168 1686 perdere.

223 1687 267 1718 Sc
278 1688 324 1721 al.
380 1691 419 1719 Ut
442 1695 529 1720 acute
552 1690 633 1730 apud
658 1690 818 1728 Vopiscum
841 1690 1020 1723 Salmasius,
1058 1700 1094 1718 ex
1118 1689 1215 1718 verbis
1239 1689 1371 1717 Caesaris
1394 1699 1453 1717 non
1477 1689 1567 1727 magis
1591 1689 1678 1718 liceat
1701 1689 1860 1727 colligere,
1898 1689 2041 1718 Gallicam
2064 1699 2169 1719 vocem

223 1740 281 1759 esse
311 1731 480 1770 amhacros,
519 1744 607 1772 quam
639 1732 763 1762 clientes.
824 1733 883 1762 Cur
912 1743 970 1761 non
995 1732 1072 1761 enim
1101 1737 1130 1761 et
1157 1732 1286 1760 Clientes
1315 1742 1375 1760 vox
1406 1730 1542 1761 Gallica?
1575 1732 1655 1767 Quos
1684 1732 1734 1760 hic
1762 1731 1914 1761 ambactos
1940 1737 2029 1761 vocat
2052 1732 2168 1771 Caesar,

224 1774 322 1811 paullo
344 1775 421 1804 infia
444 1786 548 1805 servos
571 1775 705 1815 appellat
728 1780 755 1804 et
778 1786 845 1804 cum
870 1775 1026 1805 clientibus
1048 1775 1151 1813 iungit.
1196 1775 1239 1803 Ita
1263 1779 1296 1802 ut
1318 1774 1427 1803 frustra
1457 1775 1496 1803 sit
1518 1775 1665 1813 Scaliger,
1696 1775 1747 1813 qui
1769 1775 1885 1803 notavit
1908 1774 2079 1812 ambacius,
2101 1785 2169 1804 cum

224 1825 340 1845 servum
361 1818 521 1856 significat,
544 1819 681 1848 Latinum
706 1828 785 1854 esse,
809 1824 840 1847 at
862 1829 929 1847 cum
954 1827 1009 1856 pro
1032 1818 1155 1853 cliente,
1186 1817 1344 1846 Gallicum.
1387 1816 1555 1846 Ambae-tus
1577 1828 1654 1846 mere
1677 1817 1779 1846 Latina
1802 1828 1861 1846 vox
1883 1821 1928 1846 est
1960 1815 1978 1848 ὅ
1999 1814 2170 1858 οἶμφιφερό-

227 1868 327 1895 μενος,
351 1859 369 1889 6
389 1859 608 1901 περιφόρητος,
635 1861 718 1898 quasi
739 1862 938 1890 circumactus
960 1865 990 1889 et
1011 1870 1161 1899 nunquam
1185 1860 1366 1896 consistens,
1391 1859 1442 1897 qui
1464 1858 1520 1888 hac
1544 1864 1571 1888 et
1593 1859 1663 1889 illac
1685 1859 1920 1889 circumducitur
1942 1860 2084 1889 mercedis
2104 1870 2168 1899 gra-

228 1899 283 1933 s¹³¹2
318 1901 400 1930 cuius
430 1914 534 1943 operas
563 1903 753 1943 quotidianas
784 1904 927 1933 Dominus
956 1903 1036 1932 locat
1064 1903 1166 1933 lucelli
1196 1912 1315 1940 caussa,
1349 1902 1401 1941 qui
1433 1907 1462 1931 et
1491 1902 1558 1931 ideo
1582 1903 1730 1932 locellaris
1761 1907 1789 1932 et
1819 1902 1970 1931 lucellaris
1991 1903 2166 1942 appellatur.

228 1938 389 1979 Ambugere
413 1951 510 1976 autem
531 1952 618 1976 vetus
638 1946 762 1976 verbum
785 1957 839 1986 pro
863 1947 1071 1984 circumagere.
1091 1963 1133 1969 —
1177 1945 1336 1974 Ambactus
1358 1945 1446 1973 etiam
1469 1944 1567 1974 dietus
1589 1944 1746 1975 umbaz-us.
1788 1945 1870 1974 Infra
1890 1943 2024 1975 ambaxi.
2059 1945 2169 1986 Nempe

229 1985 263 2009 Ut
285 1992 299 2008 a
317 1983 378 2020 figo
391 1987 479 2023 fixus
502 1993 530 2018 et
541 1990 656 2030 ficius5
686 2000 702 2017 a
725 1997 795 2030 rago
818 1996 914 2019 iactus
937 1993 966 2017 et
988 1996 1098 2027 taoeu33
1126 1989 1168 2017 sic
1190 1988 1225 2016 ab
1248 1999 1304 2027 ago
1327 1998 1408 2017 astus
1430 1992 1460 2016 et
1481 1994 1580 2025 actus3
1610 1986 1777 2025 amhaxus,
1806 1986 1970 2018 ambactus.
2014 1987 2088 2017 Inde
2107 1999 2168 2018 am-

231 2021 380 2071 baciiaet
401 2029 560 2067 ambaaeia,
582 2032 735 2061 servitium
757 2032 805 2061 vel
829 2042 919 2071 opera
942 2031 1078 2061 mercede
1101 2031 1260 2066 conducta,
1282 2040 1341 2069 pro
1365 2040 1425 2069 quo
1448 2031 1629 2060 recentiores
1654 2030 1749 2059 Latini
1771 2029 1954 2060 ambasciam
1975 2031 2167 2070 scripserunt,

231 2071 265 2093 ut
286 2064 392 2094 asetlla
415 2079 469 2106 pro
493 2072 601 2102 axilla.
645 2074 716 2103 Inde
738 2074 938 2104 ambasciator
960 2079 989 2102 et
1011 2074 1205 2104 ambasiator
1228 2072 1447 2109 internuncius,
1470 2073 1670 2109 intercursor,
1695 2073 1894 2110 domesticus,
1924 2072 2062 2104 adsecula
2084 2073 2168 2111 (am-

230 2107 408 2157 bassadore3
435 2112 660 2155 ambassadeur).
705 2117 793 2147 Dae.
837 2118 961 2146 Servum
984 2116 1121 2146 libertate
1145 2116 1288 2146 donatum
1311 2116 1459 2154 intelligit.
1504 2116 1586 2146 Pers.
1613 2117 1712 2155 Satyr.
1735 2115 1770 2152 V,
1794 2117 1851 2148 75:
1880 2114 1993 2155 Quibus
2014 2127 2073 2145 una
2091 2115 2166 2155 Qui-

232 2157 313 2197 ritem
336 2158 444 2191 vertigo
465 2152 559 2194 facit.
604 2157 641 2185 Et
663 2164 743 2196 post:
781 2158 907 2189 Venerit
933 2159 1010 2189 hunc
1041 2158 1177 2189 dominus
1207 2166 1351 2188 momento
1379 2157 1503 2188 turbinis
1531 2160 1596 2188 exit
1625 2160 1747 2188 Marcus
1775 2158 1884 2189 Dama.
1938 2157 2013 2188 Hinc
2034 2158 2166 2188 circum-

232 2191 386 2241 ductiones
408 2196 665 2226 manumissionum
687 2200 915 2231 inextricabiles.
938 2202 969 2230 in
991 2202 1011 2231 l.
1035 2204 1063 2233 6.
1086 2202 1156 2231 Cod.
1181 2201 1217 2230 de
1240 2200 1537 2242 emancipationibus.
1579 2201 1654 2231 Vide
1675 2202 1753 2230 iufra
1775 2201 1951 2230 manumitti.
1973 2201 1993 2230 l.
2008 2203 2058 2232 23.
2074 2200 2106 2231 fl'.
2129 2200 2165 2228 de

233 2245 398 2285 masstlmlss.
444 2234 544 2266 Goth.
569 2238 733 2270 Ambacius
755 2242 835 2282 apud
857 2243 983 2273 Ennium
1014 2243 1117 2284 lingua
1149 2242 1268 2273 Gallica
1291 2251 1376 2273 actus
1398 2242 1514 2274 dicitur.
1559 2245 1659 2274 Potest
1685 2249 1715 2273 et
1736 2244 1777 2273 ita
1799 2243 1872 2281 legi:
1903 2241 2070 2272 Ambactus
2090 2240 2165 2272 alius

234 2275 345 2324 Esurire,
369 2290 457 2319 quam
480 2280 530 2319 qui
553 2278 653 2319 lingua
677 2281 796 2313 Gallica
817 2285 985 2316 Ambactus
1007 2285 1124 2316 dicitur.
1168 2288 1205 2318 Et
1225 2286 1264 2315 ita
1289 2291 1342 2316 est.
1387 2287 1460 2315 Nam
1486 2286 1646 2316 Ambactus
1671 2287 1782 2323 Gallis,
1810 2290 1882 2314 teste
1904 2284 2043 2321 Caesare,
2064 2284 2162 2312 cliens.

233 2319 295 2347 Nisi
317 2327 414 2350 actum
442 2331 509 2350 euin
539 2331 601 2351 esse
630 2324 740 2360 Gallis,
770 2327 820 2363 qui
848 2329 942 2357 Ennio
966 2336 1058 2358 acius.
1103 2327 1213 2359 Idem.
1254 2329 1323 2358 Esse
1350 2339 1453 2358 vocem
1476 2330 1628 2359 Gallicam
1652 2330 1731 2359 clare
1758 2328 1798 2356 ait
1826 2326 1927 2356 Festus
1953 2327 2015 2355 sive
2035 2325 2164 2355 Paullus.

236 2361 274 2390 Et
298 2372 366 2395 83118
388 2365 481 2392 veteri
503 2364 602 2402 lingua
624 2365 740 2403 Belgica
770 2368 908 2399 ambaclzt
936 2370 1031 2408 signat
1059 2370 1306 2407 iurisdictionem,
1340 2372 1420 2400 unde
1449 2370 1725 2401 ambachts-lzeeren
1753 2370 1859 2399 usitate
1886 2374 2046 2404 vocantur,
2073 2377 2163 2407 penes

236 2413 312 2444 quos
332 2405 477 2435 territorii
500 2406 624 2436 alicuius
647 2407 807 2438 dominium
831 2421 864 2439 ac
887 2411 1052 2442 iurisdictio
1075 2418 1130 2444 est.
1171 2413 1259 2449 Quod
1282 2418 1380 2443 autem
1402 2413 1492 2452 vulgo
1512 2413 1618 2453 Belgae
1640 2411 1779 2443 ambachx
1795 2422 1848 2451 pro
1872 2411 1990 2451 opificio
2010 2415 2164 2450 usurp8n¹2
