<?xml version="1.0" encoding="UTF-8"?>
<!DOCTYPE html PUBLIC "-//W3C//DTD XHTML 1.0 Transitional//EN"
    "http://www.w3.org/TR/xhtml1/DTD/xhtml1-transitional.dtd">
<html xmlns="http://www.w3.org/1999/xhtml" xml:lang="en" lang="en">
 <head>
  <title>
</title>
<meta http-equiv="Content-Type" content="text/html;charset=utf-8" />
  <meta name='ocr-system' content='tesseract 3.04.00' />
  <meta name='ocr-capabilities' content='ocr_page ocr_carea ocr_par ocr_line ocrx_word'/>
</head>
<body>
  <div class='ocr_page' id='page_1' title='image "./corpusgrammatico01linduoft_0936.png"; bbox 0 0 2263 2668; ppageno 0'>
   <div class='ocr_carea' id='block_1_1' title="bbox 247 164 1755 206">
    <p class='ocr_par' dir='ltr' id='par_1_1' title="bbox 247 164 1755 206">
     <span class='ocr_line' id='line_1_1' title="bbox 247 164 1755 206; baseline -0.003 -1"><span class='ocrx_word' id='word_1_1' title='bbox 247 172 323 206; x_wconf 85' lang='lat'>510</span> <span class='ocrx_word' id='word_1_2' title='bbox 670 164 1014 202; x_wconf 80' lang='lat' dir='ltr'><strong>COMMENTARII</strong></span> <span class='ocrx_word' id='word_1_3' title='bbox 1039 164 1087 198; x_wconf 86' lang='lat' dir='ltr'>IN</span> <span class='ocrx_word' id='word_1_4' title='bbox 1113 164 1255 200; x_wconf 91' lang='lat' dir='ltr'><strong>PAULI</strong></span> <span class='ocrx_word' id='word_1_5' title='bbox 1282 165 1476 201; x_wconf 88' lang='lat' dir='ltr'>DIACONI</span> <span class='ocrx_word' id='word_1_6' title='bbox 1502 166 1755 201; x_wconf 87' lang='lat' dir='ltr'>EXCERPTA</span> 
     </span>
    </p>
   </div>
   <div class='ocr_carea' id='block_1_2' title="bbox 247 256 2192 2454">
    <p class='ocr_par' dir='ltr' id='par_1_2' title="bbox 249 256 2185 556">
     <span class='ocr_line' id='line_1_2' title="bbox 249 256 2182 302; baseline -0.001 -7"><span class='ocrx_word' id='word_1_7' title='bbox 249 265 360 295; x_wconf 80' lang='lat' dir='ltr'>Vestali</span> <span class='ocrx_word' id='word_1_8' title='bbox 389 262 465 302; x_wconf 87' lang='lat' dir='ltr'>quod</span> <span class='ocrx_word' id='word_1_9' title='bbox 496 263 615 288; x_wconf 88' lang='lat' dir='ltr'>monent</span> <span class='ocrx_word' id='word_1_10' title='bbox 642 258 701 287; x_wconf 86' lang='lat' dir='ltr'>viri</span> <span class='ocrx_word' id='word_1_11' title='bbox 731 257 826 293; x_wconf 85' lang='lat' dir='ltr'>docti,</span> <span class='ocrx_word' id='word_1_12' title='bbox 861 256 893 284; x_wconf 89' lang='lat' dir='ltr'>id</span> <span class='ocrx_word' id='word_1_13' title='bbox 920 266 991 285; x_wconf 91' lang='lat' dir='ltr'>vero</span> <span class='ocrx_word' id='word_1_14' title='bbox 1021 257 1189 297; x_wconf 83' lang='lat' dir='ltr'>exemplum</span> <span class='ocrx_word' id='word_1_15' title='bbox 1219 260 1318 288; x_wconf 70' lang='lat' dir='ltr'>locum</span> <span class='ocrx_word' id='word_1_16' title='bbox 1348 258 1398 288; x_wconf 86' lang='lat' dir='ltr'>hic</span> <span class='ocrx_word' id='word_1_17' title='bbox 1420 270 1481 288; x_wconf 90' lang='lat' dir='ltr'>non</span> <span class='ocrx_word' id='word_1_18' title='bbox 1502 259 1600 289; x_wconf 87' lang='lat' dir='ltr'>habet.</span> <span class='ocrx_word' id='word_1_19' title='bbox 1643 260 1717 289; x_wconf 89' lang='lat' dir='ltr'>Nam</span> <span class='ocrx_word' id='word_1_20' title='bbox 1741 265 1770 289; x_wconf 88' lang='lat' dir='ltr'>et</span> <span class='ocrx_word' id='word_1_21' title='bbox 1792 259 1925 290; x_wconf 82' lang='lat' dir='ltr'><strong>Vestales</strong></span> <span class='ocrx_word' id='word_1_22' title='bbox 1947 267 2097 294; x_wconf 83' lang='lat' dir='ltr'>matronae</span> <span class='ocrx_word' id='word_1_23' title='bbox 2120 275 2182 294; x_wconf 86' lang='lat' dir='ltr'>non</span> 
     </span>
     <span class='ocr_line' id='line_1_3' title="bbox 252 297 2182 343; baseline -0.001 -5"><span class='ocrx_word' id='word_1_24' title='bbox 252 312 350 343; x_wconf 84' lang='lat' dir='ltr'>erant,</span> <span class='ocrx_word' id='word_1_25' title='bbox 372 311 400 334; x_wconf 88' lang='lat' dir='ltr'>et</span> <span class='ocrx_word' id='word_1_26' title='bbox 421 302 500 342; x_wconf 87' lang='lat' dir='ltr'>quod</span> <span class='ocrx_word' id='word_1_27' title='bbox 522 305 617 330; x_wconf 82' lang='lat' dir='ltr'>essent</span> <span class='ocrx_word' id='word_1_28' title='bbox 639 297 791 339; x_wconf 82' lang='grc' dir='ltr'>ἆνέπαφοι</span> <span class='ocrx_word' id='word_1_29' title='bbox 812 299 843 328; x_wconf 90' lang='lat' dir='ltr'>id</span> <span class='ocrx_word' id='word_1_30' title='bbox 866 309 926 327; x_wconf 89' lang='lat' dir='ltr'>non</span> <span class='ocrx_word' id='word_1_31' title='bbox 949 299 1106 338; x_wconf 81' lang='lat' dir='ltr'>privilegio</span> <span class='ocrx_word' id='word_1_32' title='bbox 1129 301 1303 330; x_wconf 80' lang='lat' dir='ltr'>feminarum</span> <span class='ocrx_word' id='word_1_33' title='bbox 1328 312 1362 330; x_wconf 85' lang='lat' dir='ltr'>ac</span> <span class='ocrx_word' id='word_1_34' title='bbox 1384 312 1482 339; x_wconf 85' lang='lat' dir='ltr'>sexus,</span> <span class='ocrx_word' id='word_1_35' title='bbox 1506 302 1559 331; x_wconf 81' lang='lat' dir='ltr'>sed</span> <span class='ocrx_word' id='word_1_36' title='bbox 1581 302 1646 332; x_wconf 87' lang='lat' dir='ltr'>iure</span> <span class='ocrx_word' id='word_1_37' title='bbox 1669 303 1827 332; x_wconf 88' lang='lat' dir='ltr'>sacerdotii</span> <span class='ocrx_word' id='word_1_38' title='bbox 1851 314 1885 331; x_wconf 88' lang='lat' dir='ltr'>ac</span> <span class='ocrx_word' id='word_1_39' title='bbox 1908 304 2055 342; x_wconf 75' lang='lat' dir='ltr'>dignitatis</span> <span class='ocrx_word' id='word_1_40' title='bbox 2076 317 2182 337; x_wconf 84' lang='lat' dir='ltr'>conse-</span> 
     </span>
     <span class='ocr_line' id='line_1_4' title="bbox 252 342 2182 389; baseline -0.001 -10"><span class='ocrx_word' id='word_1_41' title='bbox 252 350 423 389; x_wconf 83' lang='lat' dir='ltr'>quebantur.</span> <span class='ocrx_word' id='word_1_42' title='bbox 452 342 553 372; x_wconf 87' lang='lat' dir='ltr'>Scal.</span> <span class='ocrx_word' id='word_1_43' title='bbox 598 343 661 371; x_wconf 88' lang='lat' dir='ltr'>Hoc</span> <span class='ocrx_word' id='word_1_44' title='bbox 690 343 798 381; x_wconf 87' lang='lat' dir='ltr'>pendet</span> <span class='ocrx_word' id='word_1_45' title='bbox 821 352 835 370; x_wconf 93' lang='lat' dir='ltr'>e</span> <span class='ocrx_word' id='word_1_46' title='bbox 859 342 950 370; x_wconf 81' lang='lat' dir='ltr'>veteri</span> <span class='ocrx_word' id='word_1_47' title='bbox 975 343 1170 371; x_wconf 79' lang='lat' dir='ltr'>Romanorum</span> <span class='ocrx_word' id='word_1_48' title='bbox 1199 354 1296 380; x_wconf 85' lang='lat' dir='ltr'>more,</span> <span class='ocrx_word' id='word_1_49' title='bbox 1331 354 1389 382; x_wconf 89' lang='lat' dir='ltr'>quo</span> <span class='ocrx_word' id='word_1_50' title='bbox 1420 344 1639 383; x_wconf 87' lang='lat' dir='ltr'>magistratibus</span> <span class='ocrx_word' id='word_1_51' title='bbox 1662 351 1733 384; x_wconf 88' lang='lat' dir='ltr'>puta</span> <span class='ocrx_word' id='word_1_52' title='bbox 1758 346 1948 382; x_wconf 89' lang='lat' dir='ltr'>consulibus,</span> <span class='ocrx_word' id='word_1_53' title='bbox 1982 348 2182 386; x_wconf 80' lang='lat' dir='ltr'>Praetoribus,</span> 
     </span>
     <span class='ocr_line' id='line_1_5' title="bbox 251 384 2182 426; baseline -0.001 -5"><span class='ocrx_word' id='word_1_54' title='bbox 251 388 443 425; x_wconf 73' lang='lat' dir='ltr'>interregibus</span> <span class='ocrx_word' id='word_1_55' title='bbox 466 391 520 414; x_wconf 89' lang='lat' dir='ltr'>etc.</span> <span class='ocrx_word' id='word_1_56' title='bbox 548 385 710 414; x_wconf 76' lang='lat' dir='ltr'>Dictator-es</span> <span class='ocrx_word' id='word_1_57' title='bbox 731 395 784 424; x_wconf 86' lang='lat' dir='ltr'>per</span> <span class='ocrx_word' id='word_1_58' title='bbox 808 384 869 412; x_wconf 89' lang='lat' dir='ltr'>vias</span> <span class='ocrx_word' id='word_1_59' title='bbox 891 384 1109 413; x_wconf 77' lang='lat' dir='ltr'>ambulantibus</span> <span class='ocrx_word' id='word_1_60' title='bbox 1140 386 1255 415; x_wconf 88' lang='lat' dir='ltr'>lictores</span> <span class='ocrx_word' id='word_1_61' title='bbox 1285 386 1481 425; x_wconf 81' lang='lat' dir='ltr'>apparebant,</span> <span class='ocrx_word' id='word_1_62' title='bbox 1519 387 1571 425; x_wconf 74' lang='lat' dir='ltr'>qui</span> <span class='ocrx_word' id='word_1_63' title='bbox 1599 388 1744 426; x_wconf 89' lang='lat' dir='ltr'>populum</span> <span class='ocrx_word' id='word_1_64' title='bbox 1774 394 2010 426; x_wconf 56' lang='lat' dir='ltr'>summoveant,</span> <span class='ocrx_word' id='word_1_65' title='bbox 2047 395 2076 418; x_wconf 90' lang='lat' dir='ltr'>et</span> <span class='ocrx_word' id='word_1_66' title='bbox 2098 400 2112 419; x_wconf 92' lang='lat' dir='ltr'>e</span> <span class='ocrx_word' id='word_1_67' title='bbox 2135 392 2182 420; x_wconf 86' lang='lat' dir='ltr'>via</span> 
     </span>
     <span class='ocr_line' id='line_1_6' title="bbox 250 427 2183 464; baseline 0 -3"><span class='ocrx_word' id='word_1_68' title='bbox 250 435 382 463; x_wconf 89' lang='lat' dir='ltr'>iuberent</span> <span class='ocrx_word' id='word_1_69' title='bbox 403 428 560 462; x_wconf 78' lang='lat' dir='ltr'>decedere3</span> <span class='ocrx_word' id='word_1_70' title='bbox 597 427 632 455; x_wconf 83' lang='lat' dir='ltr'>ab</span> <span class='ocrx_word' id='word_1_71' title='bbox 655 428 690 455; x_wconf 93' lang='lat' dir='ltr'>iis</span> <span class='ocrx_word' id='word_1_72' title='bbox 714 432 812 456; x_wconf 83' lang='lat' dir='ltr'>autem</span> <span class='ocrx_word' id='word_1_73' title='bbox 834 427 911 455; x_wconf 88' lang='lat' dir='ltr'>solae</span> <span class='ocrx_word' id='word_1_74' title='bbox 935 432 1085 455; x_wconf 87' lang='lat' dir='ltr'>matronae</span> <span class='ocrx_word' id='word_1_75' title='bbox 1107 438 1167 456; x_wconf 90' lang='lat' dir='ltr'>non</span> <span class='ocrx_word' id='word_1_76' title='bbox 1190 429 1467 464; x_wconf 74' lang='lat' dir='ltr'>summovebantur,</span> <span class='ocrx_word' id='word_1_77' title='bbox 1502 434 1534 458; x_wconf 90' lang='lat' dir='ltr'>ut</span> <span class='ocrx_word' id='word_1_78' title='bbox 1557 439 1612 458; x_wconf 87' lang='lat' dir='ltr'>nec</span> <span class='ocrx_word' id='word_1_79' title='bbox 1637 430 1778 459; x_wconf 87' lang='lat' dir='ltr'>Vestales.</span> <span class='ocrx_word' id='word_1_80' title='bbox 1823 431 1881 459; x_wconf 88' lang='lat' dir='ltr'>Sed</span> <span class='ocrx_word' id='word_1_81' title='bbox 1902 430 1960 459; x_wconf 90' lang='lat' dir='ltr'>hoc</span> <span class='ocrx_word' id='word_1_82' title='bbox 1984 432 2049 460; x_wconf 88' lang='lat' dir='ltr'>illae</span> <span class='ocrx_word' id='word_1_83' title='bbox 2072 437 2183 462; x_wconf 90' lang='lat' dir='ltr'>matro-</span> 
     </span>
     <span class='ocr_line' id='line_1_7' title="bbox 251 469 2185 514; baseline 0.001 -11"><span class='ocrx_word' id='word_1_84' title='bbox 251 483 351 503; x_wconf 84' lang='lat' dir='ltr'>narum</span> <span class='ocrx_word' id='word_1_85' title='bbox 374 482 407 500; x_wconf 80' lang='lat' dir='ltr'>ac</span> <span class='ocrx_word' id='word_1_86' title='bbox 430 480 518 499; x_wconf 78' lang='lat' dir='ltr'>sexus</span> <span class='ocrx_word' id='word_1_87' title='bbox 541 470 759 509; x_wconf 84' lang='lat' dir='ltr'>praerogativa,</span> <span class='ocrx_word' id='word_1_88' title='bbox 784 469 839 498; x_wconf 82' lang='lat' dir='ltr'>hae</span> <span class='ocrx_word' id='word_1_89' title='bbox 861 469 1018 498; x_wconf 71' lang='lat' dir='ltr'>sacerdotii</span> <span class='ocrx_word' id='word_1_90' title='bbox 1041 474 1069 498; x_wconf 84' lang='lat' dir='ltr'>et</span> <span class='ocrx_word' id='word_1_91' title='bbox 1091 469 1241 509; x_wconf 78' lang='lat' dir='ltr'>dignitatis</span> <span class='ocrx_word' id='word_1_92' title='bbox 1262 472 1326 500; x_wconf 85' lang='lat' dir='ltr'>iure</span> <span class='ocrx_word' id='word_1_93' title='bbox 1349 472 1615 510; x_wconf 82' lang='lat' dir='ltr'>consequebantur.</span> <span class='ocrx_word' id='word_1_94' title='bbox 1641 471 1729 502; x_wconf 81' lang='lat' dir='ltr'>Dae.</span> <span class='ocrx_word' id='word_1_95' title='bbox 1769 472 1849 501; x_wconf 73' lang='lat' dir='ltr'>Infra</span> <span class='ocrx_word' id='word_1_96' title='bbox 1873 471 1908 502; x_wconf 81' lang='lat' dir='ltr'>de</span> <span class='ocrx_word' id='word_1_97' title='bbox 1929 484 2044 514; x_wconf 76' lang='lat' dir='ltr'>essequo</span> <span class='ocrx_word' id='word_1_98' title='bbox 2066 476 2185 514; x_wconf 82' lang='lat' dir='ltr'>antique</span> 
     </span>
     <span class='ocr_line' id='line_1_8' title="bbox 249 511 617 556; baseline -0.011 -10"><span class='ocrx_word' id='word_1_99' title='bbox 249 527 303 556; x_wconf 85' lang='lat' dir='ltr'>pro</span> <span class='ocrx_word' id='word_1_100' title='bbox 325 514 360 543; x_wconf 79' lang='lat' dir='ltr'>de</span> <span class='ocrx_word' id='word_1_101' title='bbox 381 511 487 542; x_wconf 75' lang='lat' dir='ltr'>essedo.</span> <span class='ocrx_word' id='word_1_102' title='bbox 530 512 617 542; x_wconf 87' lang='lat' dir='ltr'>Dac.</span> 
     </span>
    </p>

    <p class='ocr_par' dir='ltr' id='par_1_3' title="bbox 247 552 2187 1307">
     <span class='ocr_line' id='line_1_9' title="bbox 409 552 2184 594; baseline 0.002 -11"><span class='ocrx_word' id='word_1_103' title='bbox 409 554 648 584; x_wconf 81' lang='lat' dir='ltr'>IlIinuehatur</span> <span class='ocrx_word' id='word_1_104' title='bbox 674 552 815 594; x_wconf 83' lang='lat' dir='ltr'>populo</span> <span class='ocrx_word' id='word_1_105' title='bbox 844 552 980 582; x_wconf 81' lang='lat' dir='ltr'>luctus.</span> <span class='ocrx_word' id='word_1_106' title='bbox 1035 554 1108 582; x_wconf 88' lang='lat' dir='ltr'>Cum</span> <span class='ocrx_word' id='word_1_107' title='bbox 1139 565 1154 582; x_wconf 91' lang='lat' dir='ltr'>a</span> <span class='ocrx_word' id='word_1_108' title='bbox 1184 556 1361 584; x_wconf 88' lang='lat' dir='ltr'>Censoribus</span> <span class='ocrx_word' id='word_1_109' title='bbox 1389 556 1516 585; x_wconf 87' lang='lat' dir='ltr'>lustrum</span> <span class='ocrx_word' id='word_1_110' title='bbox 1546 556 1748 593; x_wconf 85' lang='lat' dir='ltr'>condebatur,</span> <span class='ocrx_word' id='word_1_111' title='bbox 1785 556 1844 585; x_wconf 88' lang='lat' dir='ltr'>hoc</span> <span class='ocrx_word' id='word_1_112' title='bbox 1872 562 1917 585; x_wconf 85' lang='lat' dir='ltr'>est</span> <span class='ocrx_word' id='word_1_113' title='bbox 1948 567 2014 586; x_wconf 89' lang='lat' dir='ltr'>cum</span> <span class='ocrx_word' id='word_1_114' title='bbox 2044 568 2184 587; x_wconf 84' lang='lat' dir='ltr'>censores</span> 
     </span>
     <span class='ocr_line' id='line_1_10' title="bbox 249 596 2184 637; baseline 0 -7"><span class='ocrx_word' id='word_1_115' title='bbox 249 609 338 630; x_wconf 88' lang='lat' dir='ltr'>censu</span> <span class='ocrx_word' id='word_1_116' title='bbox 368 602 489 637; x_wconf 88' lang='lat' dir='ltr'>peracto</span> <span class='ocrx_word' id='word_1_117' title='bbox 517 597 773 626; x_wconf 85' lang='lat' dir='ltr'>Suovetaurilibus</span> <span class='ocrx_word' id='word_1_118' title='bbox 802 596 905 625; x_wconf 84' lang='lat' dir='ltr'>urbem</span> <span class='ocrx_word' id='word_1_119' title='bbox 934 596 982 624; x_wconf 68' lang='lat' dir='ltr'>vel</span> <span class='ocrx_word' id='word_1_120' title='bbox 1012 597 1172 626; x_wconf 81' lang='lat' dir='ltr'>exercitum</span> <span class='ocrx_word' id='word_1_121' title='bbox 1202 599 1377 636; x_wconf 79' lang='lat' dir='ltr'>expiabant,</span> <span class='ocrx_word' id='word_1_122' title='bbox 1414 599 1443 627; x_wconf 92' lang='lat' dir='ltr'>id</span> <span class='ocrx_word' id='word_1_123' title='bbox 1474 599 1550 627; x_wconf 88' lang='lat' dir='ltr'>enim</span> <span class='ocrx_word' id='word_1_124' title='bbox 1578 604 1621 628; x_wconf 88' lang='lat' dir='ltr'>est</span> <span class='ocrx_word' id='word_1_125' title='bbox 1648 598 1770 628; x_wconf 81' lang='lat' dir='ltr'>lustrum</span> <span class='ocrx_word' id='word_1_126' title='bbox 1801 598 1930 628; x_wconf 80' lang='lat' dir='ltr'>condere.</span> <span class='ocrx_word' id='word_1_127' title='bbox 1973 600 2075 629; x_wconf 88' lang='lat' dir='ltr'>Livius</span> <span class='ocrx_word' id='word_1_128' title='bbox 2098 601 2149 629; x_wconf 90' lang='lat' dir='ltr'>lib.</span> <span class='ocrx_word' id='word_1_129' title='bbox 2165 601 2184 631; x_wconf 84' lang='lat' dir='ltr'>I.</span> 
     </span>
     <span class='ocr_line' id='line_1_11' title="bbox 249 638 2186 684; baseline 0 -12"><span class='ocrx_word' id='word_1_130' title='bbox 249 642 373 680; x_wconf 79' lang='lat' dir='ltr'>(c.44.):</span> <span class='ocrx_word' id='word_1_131' title='bbox 398 639 446 669; x_wconf 78' lang='lat' dir='ltr'>Ibi</span> <span class='ocrx_word' id='word_1_132' title='bbox 467 641 638 668; x_wconf 82' lang='lat' dir='ltr'>instructum</span> <span class='ocrx_word' id='word_1_133' title='bbox 661 640 818 669; x_wconf 79' lang='lat' dir='ltr'>exercitum</span> <span class='ocrx_word' id='word_1_134' title='bbox 843 649 954 667; x_wconf 87' lang='lat' dir='ltr'>omnem</span> <span class='ocrx_word' id='word_1_135' title='bbox 976 638 1217 668; x_wconf 76' lang='lat' dir='ltr'>suovetaurilibus</span> <span class='ocrx_word' id='word_1_136' title='bbox 1239 639 1391 678; x_wconf 70' lang='lat' dir='ltr'>lustravit,</span> <span class='ocrx_word' id='word_1_137' title='bbox 1414 640 1501 681; x_wconf 76' lang='lat' dir='ltr'>idque</span> <span class='ocrx_word' id='word_1_138' title='bbox 1524 640 1674 671; x_wconf 83' lang='lat' dir='ltr'>conditum</span> <span class='ocrx_word' id='word_1_139' title='bbox 1696 640 1819 670; x_wconf 83' lang='lat' dir='ltr'>lustrum</span> <span class='ocrx_word' id='word_1_140' title='bbox 1840 640 2036 681; x_wconf 83' lang='lat' dir='ltr'>appellatum,</span> <span class='ocrx_word' id='word_1_141' title='bbox 2061 645 2132 684; x_wconf 85' lang='lat' dir='ltr'>quia</span> <span class='ocrx_word' id='word_1_142' title='bbox 2154 643 2186 672; x_wconf 79' lang='lat' dir='ltr'>in</span> 
     </span>
     <span class='ocr_line' id='line_1_12' title="bbox 248 679 2185 722; baseline -0.001 -8"><span class='ocrx_word' id='word_1_143' title='bbox 248 682 387 716; x_wconf 77' lang='lat' dir='ltr'>censendo</span> <span class='ocrx_word' id='word_1_144' title='bbox 404 683 476 722; x_wconf 83' lang='lat' dir='ltr'>finis</span> <span class='ocrx_word' id='word_1_145' title='bbox 495 681 596 721; x_wconf 77' lang='lat' dir='ltr'>factus</span> <span class='ocrx_word' id='word_1_146' title='bbox 618 689 666 711; x_wconf 83' lang='lat' dir='ltr'>est.</span> <span class='ocrx_word' id='word_1_147' title='bbox 690 681 779 712; x_wconf 86' lang='lat' dir='ltr'>Dac.</span> <span class='ocrx_word' id='word_1_148' title='bbox 819 679 888 710; x_wconf 81' lang='lat' dir='ltr'>Cum</span> <span class='ocrx_word' id='word_1_149' title='bbox 913 680 1012 710; x_wconf 75' lang='lat' dir='ltr'>honos.</span> <span class='ocrx_word' id='word_1_150' title='bbox 1045 682 1116 710; x_wconf 88' lang='lat' dir='ltr'>Puta</span> <span class='ocrx_word' id='word_1_151' title='bbox 1139 683 1321 719; x_wconf 79' lang='lat' dir='ltr'>consularis,</span> <span class='ocrx_word' id='word_1_152' title='bbox 1346 685 1511 722; x_wconf 87' lang='lat' dir='ltr'>praetoria,</span> <span class='ocrx_word' id='word_1_153' title='bbox 1537 684 1670 712; x_wconf 83' lang='lat' dir='ltr'>censoria</span> <span class='ocrx_word' id='word_1_154' title='bbox 1694 683 1840 722; x_wconf 83' lang='lat' dir='ltr'>dignitas,</span> <span class='ocrx_word' id='word_1_155' title='bbox 1863 689 1918 712; x_wconf 89' lang='lat' dir='ltr'>etc.</span> <span class='ocrx_word' id='word_1_156' title='bbox 1955 682 2025 713; x_wconf 83' lang='lat' dir='ltr'>Cum</span> <span class='ocrx_word' id='word_1_157' title='bbox 2049 686 2080 714; x_wconf 82' lang='lat' dir='ltr'>in</span> <span class='ocrx_word' id='word_1_158' title='bbox 2102 692 2185 715; x_wconf 80' lang='lat' dir='ltr'>casto</span> 
     </span>
     <span class='ocr_line' id='line_1_13' title="bbox 252 722 2186 765; baseline 0 -9"><span class='ocrx_word' id='word_1_159' title='bbox 252 726 369 757; x_wconf 83' lang='lat' dir='ltr'>Cereris.</span> <span class='ocrx_word' id='word_1_160' title='bbox 404 724 479 753; x_wconf 85' lang='lat' dir='ltr'>Vide</span> <span class='ocrx_word' id='word_1_161' title='bbox 500 722 613 753; x_wconf 85' lang='lat' dir='ltr'>Graeca</span> <span class='ocrx_word' id='word_1_162' title='bbox 626 723 721 765; x_wconf 84' lang='lat' dir='ltr'>festa.</span> <span class='ocrx_word' id='word_1_163' title='bbox 756 724 788 752; x_wconf 87' lang='lat' dir='ltr'>In</span> <span class='ocrx_word' id='word_1_164' title='bbox 814 729 894 752; x_wconf 78' lang='lat' dir='ltr'>casto</span> <span class='ocrx_word' id='word_1_165' title='bbox 918 724 1032 753; x_wconf 86' lang='lat' dir='ltr'>Cereris</span> <span class='ocrx_word' id='word_1_166' title='bbox 1055 734 1115 753; x_wconf 71' lang='lat' dir='ltr'>esse</span> <span class='ocrx_word' id='word_1_167' title='bbox 1138 725 1312 753; x_wconf 86' lang='lat' dir='ltr'>dicebantur</span> <span class='ocrx_word' id='word_1_168' title='bbox 1335 732 1448 764; x_wconf 58' lang='lat' dir='ltr'>mystae</span> <span class='ocrx_word' id='word_1_169' title='bbox 1472 726 1539 765; x_wconf 89' lang='lat' dir='ltr'>qui,</span> <span class='ocrx_word' id='word_1_170' title='bbox 1562 731 1595 755; x_wconf 91' lang='lat' dir='ltr'>ut</span> <span class='ocrx_word' id='word_1_171' title='bbox 1619 726 1716 755; x_wconf 89' lang='lat' dir='ltr'>Cereri</span> <span class='ocrx_word' id='word_1_172' title='bbox 1741 731 1933 765; x_wconf 85' lang='lat' dir='ltr'>operarentur</span> <span class='ocrx_word' id='word_1_173' title='bbox 1956 731 1985 754; x_wconf 89' lang='lat' dir='ltr'>et</span> <span class='ocrx_word' id='word_1_174' title='bbox 2005 728 2122 765; x_wconf 89' lang='lat' dir='ltr'>puriter</span> <span class='ocrx_word' id='word_1_175' title='bbox 2142 728 2186 756; x_wconf 83' lang='lat' dir='ltr'>fa-</span> 
     </span>
     <span class='ocr_line' id='line_1_14' title="bbox 251 763 2185 808; baseline -0.001 -9"><span class='ocrx_word' id='word_1_176' title='bbox 251 774 367 803; x_wconf 87' lang='lat' dir='ltr'>cerent,</span> <span class='ocrx_word' id='word_1_177' title='bbox 390 767 478 796; x_wconf 87' lang='lat' dir='ltr'>rebus</span> <span class='ocrx_word' id='word_1_178' title='bbox 495 766 632 794; x_wconf 87' lang='lat' dir='ltr'>Venereis</span> <span class='ocrx_word' id='word_1_179' title='bbox 655 766 852 802; x_wconf 81' lang='lat' dir='ltr'>abstinebant,</span> <span class='ocrx_word' id='word_1_180' title='bbox 875 763 1021 804; x_wconf 74' lang='grc' dir='ltr'>ἥγνευον,</span> <span class='ocrx_word' id='word_1_181' title='bbox 1046 767 1074 794; x_wconf 88' lang='lat' dir='ltr'>id</span> <span class='ocrx_word' id='word_1_182' title='bbox 1098 768 1173 795; x_wconf 85' lang='lat' dir='ltr'>euim</span> <span class='ocrx_word' id='word_1_183' title='bbox 1197 773 1240 796; x_wconf 85' lang='lat' dir='ltr'>est</span> <span class='ocrx_word' id='word_1_184' title='bbox 1262 764 1399 807; x_wconf 61' lang='grc' dir='ltr'>ἁγνεύειν</span> <span class='ocrx_word' id='word_1_185' title='bbox 1423 773 1451 797; x_wconf 79' lang='lat' dir='ltr'>et</span> <span class='ocrx_word' id='word_1_186' title='bbox 1474 774 1573 797; x_wconf 86' lang='lat' dir='ltr'>castus</span> <span class='ocrx_word' id='word_1_187' title='bbox 1596 766 1716 808; x_wconf 73' lang='grc' dir='ltr'>ἁγνεία,-</span> <span class='ocrx_word' id='word_1_188' title='bbox 1740 769 1817 797; x_wconf 87' lang='lat' dir='ltr'>unde</span> <span class='ocrx_word' id='word_1_189' title='bbox 1840 779 1895 807; x_wconf 83' lang='lat' dir='ltr'>pro</span> <span class='ocrx_word' id='word_1_190' title='bbox 1915 769 1973 797; x_wconf 86' lang='lat' dir='ltr'>ritu</span> <span class='ocrx_word' id='word_1_191' title='bbox 1998 773 2028 797; x_wconf 89' lang='lat' dir='ltr'>et</span> <span class='ocrx_word' id='word_1_192' title='bbox 2048 769 2185 798; x_wconf 81' lang='lat' dir='ltr'>instituto</span> 
     </span>
     <span class='ocr_line' id='line_1_15' title="bbox 249 808 2184 853; baseline 0 -13"><span class='ocrx_word' id='word_1_193' title='bbox 249 812 317 851; x_wconf 88' lang='lat' dir='ltr'>quia</span> <span class='ocrx_word' id='word_1_194' title='bbox 339 811 380 838; x_wconf 90' lang='lat' dir='ltr'>sic</span> <span class='ocrx_word' id='word_1_195' title='bbox 403 809 458 837; x_wconf 86' lang='lat' dir='ltr'>rite</span> <span class='ocrx_word' id='word_1_196' title='bbox 479 808 617 837; x_wconf 82' lang='lat' dir='ltr'>facerent.</span> <span class='ocrx_word' id='word_1_197' title='bbox 663 809 756 838; x_wconf 87' lang='lat' dir='ltr'>Varro</span> <span class='ocrx_word' id='word_1_198' title='bbox 785 819 885 837; x_wconf 87' lang='lat' dir='ltr'>rerum</span> <span class='ocrx_word' id='word_1_199' title='bbox 908 809 1030 838; x_wconf 77' lang='lat' dir='ltr'>Roman.</span> <span class='ocrx_word' id='word_1_200' title='bbox 1054 809 1104 837; x_wconf 91' lang='lat' dir='ltr'>lib.</span> <span class='ocrx_word' id='word_1_201' title='bbox 1118 809 1154 838; x_wconf 85' lang='lat' dir='ltr'>L:</span> <span class='ocrx_word' id='word_1_202' title='bbox 1191 809 1299 838; x_wconf 77' lang='lat' dir='ltr'>Nostro</span> <span class='ocrx_word' id='word_1_203' title='bbox 1328 812 1387 840; x_wconf 80' lang='lat' dir='ltr'>ritu</span> <span class='ocrx_word' id='word_1_204' title='bbox 1410 819 1477 840; x_wconf 86' lang='lat' dir='ltr'>sunt</span> <span class='ocrx_word' id='word_1_205' title='bbox 1492 810 1643 853; x_wconf 74' lang='lat' dir='ltr'>facienda</span> <span class='ocrx_word' id='word_1_206' title='bbox 1667 810 1798 848; x_wconf 80' lang='lat' dir='ltr'>civilius,</span> <span class='ocrx_word' id='word_1_207' title='bbox 1835 822 1922 851; x_wconf 85' lang='lat' dir='ltr'>quam</span> <span class='ocrx_word' id='word_1_208' title='bbox 1951 809 2064 841; x_wconf 81' lang='lat' dir='ltr'>Graeco</span> <span class='ocrx_word' id='word_1_209' title='bbox 2087 819 2184 847; x_wconf 77' lang='lat' dir='ltr'>casta,</span> 
     </span>
     <span class='ocr_line' id='line_1_16' title="bbox 251 847 2187 892; baseline 0.001 -10"><span class='ocrx_word' id='word_1_210' title='bbox 251 856 305 883; x_wconf 88' lang='lat' dir='ltr'>rite</span> <span class='ocrx_word' id='word_1_211' title='bbox 325 860 351 881; x_wconf 78' lang='lat' dir='ltr'>et</span> <span class='ocrx_word' id='word_1_212' title='bbox 374 858 452 881; x_wconf 82' lang='lat' dir='ltr'>caste</span> <span class='ocrx_word' id='word_1_213' title='bbox 474 847 580 891; x_wconf 65' lang='grc' dir='ltr'>ἁγνῶς.</span> <span class='ocrx_word' id='word_1_214' title='bbox 603 850 692 880; x_wconf 81' lang='lat' dir='ltr'>Dae.</span> <span class='ocrx_word' id='word_1_215' title='bbox 731 851 883 880; x_wconf 82' lang='lat' dir='ltr'>IlIinuitur.</span> <span class='ocrx_word' id='word_1_216' title='bbox 920 851 959 880; x_wconf 89' lang='lat' dir='ltr'>De</span> <span class='ocrx_word' id='word_1_217' title='bbox 982 852 1067 880; x_wconf 90' lang='lat' dir='ltr'>Casto</span> <span class='ocrx_word' id='word_1_218' title='bbox 1091 852 1205 881; x_wconf 90' lang='lat' dir='ltr'>Cereris</span> <span class='ocrx_word' id='word_1_219' title='bbox 1227 852 1299 880; x_wconf 88' lang='lat' dir='ltr'>mihi</span> <span class='ocrx_word' id='word_1_220' title='bbox 1323 864 1383 882; x_wconf 90' lang='lat' dir='ltr'>non</span> <span class='ocrx_word' id='word_1_221' title='bbox 1406 854 1513 892; x_wconf 88' lang='lat' dir='ltr'>liquet,</span> <span class='ocrx_word' id='word_1_222' title='bbox 1538 859 1635 882; x_wconf 85' lang='lat' dir='ltr'>tamen</span> <span class='ocrx_word' id='word_1_223' title='bbox 1657 863 1717 881; x_wconf 87' lang='lat' dir='ltr'>non</span> <span class='ocrx_word' id='word_1_224' title='bbox 1741 853 1829 882; x_wconf 81' lang='lat' dir='ltr'>licere</span> <span class='ocrx_word' id='word_1_225' title='bbox 1852 864 1866 881; x_wconf 92' lang='lat' dir='ltr'>a</span> <span class='ocrx_word' id='word_1_226' title='bbox 1890 854 2058 890; x_wconf 83' lang='lat' dir='ltr'>lugentibus</span> <span class='ocrx_word' id='word_1_227' title='bbox 2082 854 2187 883; x_wconf 84' lang='lat' dir='ltr'>Cerea-</span> 
     </span>
     <span class='ocr_line' id='line_1_17' title="bbox 249 893 2186 934; baseline -0.001 -10"><span class='ocrx_word' id='word_1_228' title='bbox 249 897 287 925; x_wconf 89' lang='lat' dir='ltr'>lia</span> <span class='ocrx_word' id='word_1_229' title='bbox 311 894 454 923; x_wconf 80' lang='lat' dir='ltr'>celebrari</span> <span class='ocrx_word' id='word_1_230' title='bbox 477 893 564 922; x_wconf 87' lang='lat' dir='ltr'>docet</span> <span class='ocrx_word' id='word_1_231' title='bbox 585 894 646 921; x_wconf 92' lang='lat' dir='ltr'>Liv.</span> <span class='ocrx_word' id='word_1_232' title='bbox 669 894 717 924; x_wconf 92' lang='lat' dir='ltr'>lib.</span> <span class='ocrx_word' id='word_1_233' title='bbox 732 894 827 922; x_wconf 77' lang='lat' dir='ltr'>XXII.</span> <span class='ocrx_word' id='word_1_234' title='bbox 849 894 934 922; x_wconf 83' lang='lat' dir='ltr'>Ant.</span> <span class='ocrx_word' id='word_1_235' title='bbox 953 895 1047 933; x_wconf 75' lang='lat' dir='ltr'>Aug.</span> <span class='ocrx_word' id='word_1_236' title='bbox 1070 895 1199 923; x_wconf 82' lang='lat' dir='ltr'>Facessit</span> <span class='ocrx_word' id='word_1_237' title='bbox 1221 895 1371 932; x_wconf 82' lang='lat' dir='ltr'>negotium</span> <span class='ocrx_word' id='word_1_238' title='bbox 1394 896 1490 925; x_wconf 85' lang='lat' dir='ltr'>doctis</span> <span class='ocrx_word' id='word_1_239' title='bbox 1513 896 1600 933; x_wconf 84' lang='lat' dir='ltr'>viris,</span> <span class='ocrx_word' id='word_1_240' title='bbox 1625 895 1706 934; x_wconf 90' lang='lat' dir='ltr'>quod</span> <span class='ocrx_word' id='word_1_241' title='bbox 1729 895 1759 923; x_wconf 88' lang='lat' dir='ltr'>in</span> <span class='ocrx_word' id='word_1_242' title='bbox 1781 895 1837 924; x_wconf 87' lang='lat' dir='ltr'>fine</span> <span class='ocrx_word' id='word_1_243' title='bbox 1860 896 1991 934; x_wconf 84' lang='lat' dir='ltr'>positum</span> <span class='ocrx_word' id='word_1_244' title='bbox 2015 901 2059 924; x_wconf 84' lang='lat' dir='ltr'>est</span> <span class='ocrx_word' id='word_1_245' title='bbox 2081 897 2113 925; x_wconf 85' lang='grc' dir='ltr'>ἱη</span> <span class='ocrx_word' id='word_1_246' title='bbox 2134 906 2186 926; x_wconf 78' lang='lat' dir='ltr'>coe-</span> 
     </span>
     <span class='ocr_line' id='line_1_18' title="bbox 247 933 2186 977; baseline 0 -10"><span class='ocrx_word' id='word_1_247' title='bbox 247 945 291 967; x_wconf 85' lang='lat' dir='ltr'>sto</span> <span class='ocrx_word' id='word_1_248' title='bbox 317 936 434 966; x_wconf 80' lang='lat' dir='ltr'>Cereris.</span> <span class='ocrx_word' id='word_1_249' title='bbox 478 935 564 971; x_wconf 86' lang='lat' dir='ltr'>Quod</span> <span class='ocrx_word' id='word_1_250' title='bbox 589 936 691 964; x_wconf 88' lang='lat' dir='ltr'>Graesi</span> <span class='ocrx_word' id='word_1_251' title='bbox 714 936 818 964; x_wconf 87' lang='lat' dir='ltr'>dicunt</span> <span class='ocrx_word' id='word_1_252' title='bbox 841 933 977 974; x_wconf 75' lang='grc' dir='ltr'>ἁγνεύειν</span> <span class='ocrx_word' id='word_1_253' title='bbox 1000 936 1055 966; x_wconf 82' lang='grc' dir='ltr'>τινὶ</span> <span class='ocrx_word' id='word_1_254' title='bbox 1079 938 1155 977; x_wconf 74' lang='grc' dir='ltr'>θεῷ,</span> <span class='ocrx_word' id='word_1_255' title='bbox 1186 937 1245 965; x_wconf 83' lang='lat' dir='ltr'>hoe</span> <span class='ocrx_word' id='word_1_256' title='bbox 1270 938 1361 967; x_wconf 82' lang='lat' dir='ltr'>Latini</span> <span class='ocrx_word' id='word_1_257' title='bbox 1386 939 1418 967; x_wconf 85' lang='lat' dir='ltr'>in</span> <span class='ocrx_word' id='word_1_258' title='bbox 1445 943 1526 967; x_wconf 90' lang='lat' dir='ltr'>casto</span> <span class='ocrx_word' id='word_1_259' title='bbox 1549 939 1674 967; x_wconf 90' lang='lat' dir='ltr'>alicuius</span> <span class='ocrx_word' id='word_1_260' title='bbox 1698 938 1750 966; x_wconf 80' lang='lat' dir='ltr'>Dei</span> <span class='ocrx_word' id='word_1_261' title='bbox 1774 948 1844 968; x_wconf 85' lang='lat' dir='ltr'>esse.</span> <span class='ocrx_word' id='word_1_262' title='bbox 1889 938 2089 967; x_wconf 80' lang='lat' dir='ltr'>Tertullianus</span> <span class='ocrx_word' id='word_1_263' title='bbox 2111 939 2186 967; x_wconf 84' lang='lat' dir='ltr'>libro</span> 
     </span>
     <span class='ocr_line' id='line_1_19' title="bbox 249 977 2186 1021; baseline 0.001 -13"><span class='ocrx_word' id='word_1_264' title='bbox 249 982 286 1010; x_wconf 87' lang='lat' dir='ltr'>de</span> <span class='ocrx_word' id='word_1_265' title='bbox 308 980 433 1010; x_wconf 88' lang='lat' dir='ltr'>ieiunio:</span> <span class='ocrx_word' id='word_1_266' title='bbox 475 977 535 1006; x_wconf 77' lang='lat' dir='ltr'>Sed</span> <span class='ocrx_word' id='word_1_267' title='bbox 558 977 625 1007; x_wconf 81' lang='lat' dir='ltr'>bene</span> <span class='ocrx_word' id='word_1_268' title='bbox 647 977 727 1018; x_wconf 75' lang='lat' dir='ltr'>quod</span> <span class='ocrx_word' id='word_1_269' title='bbox 749 980 778 1007; x_wconf 86' lang='lat' dir='ltr'>in</span> <span class='ocrx_word' id='word_1_270' title='bbox 802 980 908 1007; x_wconf 79' lang='lat' dir='ltr'>nostris</span> <span class='ocrx_word' id='word_1_271' title='bbox 931 978 1131 1018; x_wconf 72' lang='lat' dir='ltr'>Xeroplzagiis</span> <span class='ocrx_word' id='word_1_272' title='bbox 1154 978 1349 1019; x_wconf 73' lang='lat' dir='ltr'>blasphemias</span> <span class='ocrx_word' id='word_1_273' title='bbox 1372 982 1518 1021; x_wconf 76' lang='lat' dir='ltr'>ingerens,</span> <span class='ocrx_word' id='word_1_274' title='bbox 1552 988 1632 1010; x_wconf 81' lang='lat' dir='ltr'>casto</span> <span class='ocrx_word' id='word_1_275' title='bbox 1656 979 1746 1009; x_wconf 78' lang='lat' dir='ltr'>Isidis</span> <span class='ocrx_word' id='word_1_276' title='bbox 1771 988 1796 1010; x_wconf 80' lang='lat' dir='ltr'>et</span> <span class='ocrx_word' id='word_1_277' title='bbox 1821 979 1937 1021; x_wconf 82' lang='lat' dir='ltr'>Cybeles</span> <span class='ocrx_word' id='word_1_278' title='bbox 1959 991 2007 1009; x_wconf 82' lang='lat' dir='ltr'>eas</span> <span class='ocrx_word' id='word_1_279' title='bbox 2029 979 2186 1020; x_wconf 72' lang='lat' dir='ltr'>adaequas.</span> 
     </span>
     <span class='ocr_line' id='line_1_20' title="bbox 247 1020 2186 1062; baseline 0 -11"><span class='ocrx_word' id='word_1_280' title='bbox 247 1023 306 1052; x_wconf 90' lang='lat' dir='ltr'>Sed</span> <span class='ocrx_word' id='word_1_281' title='bbox 328 1023 411 1057; x_wconf 86' lang='lat' dir='ltr'>vide,</span> <span class='ocrx_word' id='word_1_282' title='bbox 441 1030 514 1059; x_wconf 86' lang='lat' dir='ltr'>quae</span> <span class='ocrx_word' id='word_1_283' title='bbox 537 1021 607 1049; x_wconf 87' lang='lat' dir='ltr'>olim</span> <span class='ocrx_word' id='word_1_284' title='bbox 630 1021 784 1059; x_wconf 83' lang='lat' dir='ltr'>diligenter</span> <span class='ocrx_word' id='word_1_285' title='bbox 807 1021 842 1049; x_wconf 91' lang='lat' dir='ltr'>de</span> <span class='ocrx_word' id='word_1_286' title='bbox 866 1020 923 1049; x_wconf 88' lang='lat' dir='ltr'>hoc</span> <span class='ocrx_word' id='word_1_287' title='bbox 945 1022 976 1050; x_wconf 84' lang='lat' dir='ltr'>in</span> <span class='ocrx_word' id='word_1_288' title='bbox 998 1022 1192 1050; x_wconf 86' lang='lat' dir='ltr'>coniectaneis</span> <span class='ocrx_word' id='word_1_289' title='bbox 1216 1024 1395 1052; x_wconf 78' lang='lat' dir='ltr'>notavimus.</span> <span class='ocrx_word' id='word_1_290' title='bbox 1440 1023 1627 1052; x_wconf 79' lang='lat' dir='ltr'>castimoniis</span> <span class='ocrx_word' id='word_1_291' title='bbox 1649 1024 1762 1051; x_wconf 87' lang='lat' dir='ltr'>Cereris</span> <span class='ocrx_word' id='word_1_292' title='bbox 1785 1023 1835 1061; x_wconf 90' lang='lat' dir='ltr'>qui</span> <span class='ocrx_word' id='word_1_293' title='bbox 1858 1023 2073 1062; x_wconf 88' lang='lat' dir='ltr'>operabantur,</span> <span class='ocrx_word' id='word_1_294' title='bbox 2103 1023 2186 1052; x_wconf 85' lang='lat' dir='ltr'>luctu</span> 
     </span>
     <span class='ocr_line' id='line_1_21' title="bbox 248 1063 2186 1104; baseline -0.001 -9"><span class='ocrx_word' id='word_1_295' title='bbox 248 1075 348 1094; x_wconf 87' lang='lat' dir='ltr'>carere</span> <span class='ocrx_word' id='word_1_296' title='bbox 371 1064 472 1093; x_wconf 87' lang='lat' dir='ltr'>solitas</span> <span class='ocrx_word' id='word_1_297' title='bbox 496 1063 603 1100; x_wconf 80' lang='lat' dir='ltr'>fuisse,</span> <span class='ocrx_word' id='word_1_298' title='bbox 627 1068 685 1092; x_wconf 85' lang='lat' dir='ltr'>tam</span> <span class='ocrx_word' id='word_1_299' title='bbox 710 1074 746 1092; x_wconf 74' lang='lat' dir='ltr'>ex</span> <span class='ocrx_word' id='word_1_300' title='bbox 771 1064 907 1101; x_wconf 82' lang='lat' dir='ltr'>Graecis,</span> <span class='ocrx_word' id='word_1_301' title='bbox 932 1074 1019 1102; x_wconf 79' lang='lat' dir='ltr'>quain</span> <span class='ocrx_word' id='word_1_302' title='bbox 1043 1075 1080 1093; x_wconf 84' lang='lat' dir='ltr'>ex</span> <span class='ocrx_word' id='word_1_303' title='bbox 1097 1065 1205 1092; x_wconf 86' lang='lat' dir='ltr'>Latinis</span> <span class='ocrx_word' id='word_1_304' title='bbox 1228 1066 1425 1104; x_wconf 57' lang='lat' dir='ltr'>striptoribus</span> <span class='ocrx_word' id='word_1_305' title='bbox 1447 1071 1551 1095; x_wconf 89' lang='lat' dir='ltr'>notum</span> <span class='ocrx_word' id='word_1_306' title='bbox 1573 1070 1624 1094; x_wconf 88' lang='lat' dir='ltr'>est.</span> <span class='ocrx_word' id='word_1_307' title='bbox 1649 1064 1749 1094; x_wconf 85' lang='lat' dir='ltr'>Scal.</span> <span class='ocrx_word' id='word_1_308' title='bbox 1786 1063 1856 1094; x_wconf 89' lang='lat' dir='ltr'>Cum</span> <span class='ocrx_word' id='word_1_309' title='bbox 1880 1064 2022 1104; x_wconf 75' lang='lat' dir='ltr'>desponsa</span> <span class='ocrx_word' id='word_1_310' title='bbox 2045 1073 2104 1104; x_wconf 78' lang='lat' dir='ltr'>est3</span> <span class='ocrx_word' id='word_1_311' title='bbox 2128 1065 2186 1094; x_wconf 79' lang='lat' dir='ltr'>sor-</span> 
     </span>
     <span class='ocr_line' id='line_1_22' title="bbox 247 1104 2186 1148; baseline -0.001 -11"><span class='ocrx_word' id='word_1_312' title='bbox 247 1114 325 1137; x_wconf 82' lang='lat' dir='ltr'>tasse</span> <span class='ocrx_word' id='word_1_313' title='bbox 347 1107 467 1135; x_wconf 87' lang='lat' dir='ltr'>melius:</span> <span class='ocrx_word' id='word_1_314' title='bbox 500 1117 565 1134; x_wconf 90' lang='lat' dir='ltr'>cum</span> <span class='ocrx_word' id='word_1_315' title='bbox 587 1104 770 1145; x_wconf 80' lang='lat' dir='ltr'>desponsatio</span> <span class='ocrx_word' id='word_1_316' title='bbox 794 1114 844 1135; x_wconf 80' lang='lat' dir='ltr'>est.</span> <span class='ocrx_word' id='word_1_317' title='bbox 881 1106 973 1144; x_wconf 90' lang='lat' dir='ltr'>ldque</span> <span class='ocrx_word' id='word_1_318' title='bbox 994 1107 1077 1135; x_wconf 88' lang='lat' dir='ltr'>Fulv.</span> <span class='ocrx_word' id='word_1_319' title='bbox 1100 1108 1204 1135; x_wconf 88' lang='lat' dir='ltr'>Ursino</span> <span class='ocrx_word' id='word_1_320' title='bbox 1229 1109 1314 1136; x_wconf 86' lang='lat' dir='ltr'>etiam</span> <span class='ocrx_word' id='word_1_321' title='bbox 1337 1109 1467 1147; x_wconf 82' lang='lat' dir='ltr'>placuit:</span> <span class='ocrx_word' id='word_1_322' title='bbox 1500 1107 1643 1148; x_wconf 76' lang='lat' dir='ltr'>Omnique</span> <span class='ocrx_word' id='word_1_323' title='bbox 1662 1106 1869 1147; x_wconf 74' lang='lat' dir='ltr'>gratulatione.</span> <span class='ocrx_word' id='word_1_324' title='bbox 1905 1108 1970 1136; x_wconf 87' lang='lat' dir='ltr'>Hoc</span> <span class='ocrx_word' id='word_1_325' title='bbox 1993 1112 2037 1136; x_wconf 86' lang='lat' dir='ltr'>est</span> <span class='ocrx_word' id='word_1_326' title='bbox 2060 1118 2125 1136; x_wconf 89' lang='lat' dir='ltr'>cum</span> <span class='ocrx_word' id='word_1_327' title='bbox 2149 1108 2186 1136; x_wconf 89' lang='lat' dir='ltr'>ob</span> 
     </span>
     <span class='ocr_line' id='line_1_23' title="bbox 248 1148 2186 1190; baseline -0.001 -11"><span class='ocrx_word' id='word_1_328' title='bbox 248 1159 456 1189; x_wconf 84' lang='lat' dir='ltr'>quemcunque</span> <span class='ocrx_word' id='word_1_329' title='bbox 479 1148 595 1177; x_wconf 86' lang='lat' dir='ltr'>felicem</span> <span class='ocrx_word' id='word_1_330' title='bbox 618 1154 753 1176; x_wconf 89' lang='lat' dir='ltr'>eventum</span> <span class='ocrx_word' id='word_1_331' title='bbox 776 1148 807 1176; x_wconf 87' lang='lat' dir='ltr'>in</span> <span class='ocrx_word' id='word_1_332' title='bbox 830 1150 946 1188; x_wconf 83' lang='lat' dir='ltr'>templis</span> <span class='ocrx_word' id='word_1_333' title='bbox 969 1150 1034 1177; x_wconf 81' lang='lat' dir='ltr'>Deis</span> <span class='ocrx_word' id='word_1_334' title='bbox 1058 1150 1164 1187; x_wconf 85' lang='lat' dir='ltr'>gratias</span> <span class='ocrx_word' id='word_1_335' title='bbox 1187 1156 1322 1187; x_wconf 83' lang='lat' dir='ltr'>agerent,</span> <span class='ocrx_word' id='word_1_336' title='bbox 1357 1156 1429 1190; x_wconf 83' lang='lat' dir='ltr'>puta</span> <span class='ocrx_word' id='word_1_337' title='bbox 1453 1152 1490 1180; x_wconf 93' lang='lat' dir='ltr'>ob</span> <span class='ocrx_word' id='word_1_338' title='bbox 1513 1151 1667 1180; x_wconf 82' lang='lat' dir='ltr'>liberatam</span> <span class='ocrx_word' id='word_1_339' title='bbox 1690 1150 1809 1185; x_wconf 82' lang='lat' dir='ltr'>urbem,</span> <span class='ocrx_word' id='word_1_340' title='bbox 1839 1150 1876 1178; x_wconf 90' lang='lat' dir='ltr'>ob</span> <span class='ocrx_word' id='word_1_341' title='bbox 1900 1154 2048 1178; x_wconf 86' lang='lat' dir='ltr'>servatum</span> <span class='ocrx_word' id='word_1_342' title='bbox 2070 1149 2186 1179; x_wconf 80' lang='lat' dir='ltr'>exerci-</span> 
     </span>
     <span class='ocr_line' id='line_1_24' title="bbox 247 1190 2185 1231; baseline -0.002 -10"><span class='ocrx_word' id='word_1_343' title='bbox 247 1199 326 1230; x_wconf 86' lang='lat' dir='ltr'>tum,</span> <span class='ocrx_word' id='word_1_344' title='bbox 352 1192 389 1220; x_wconf 92' lang='lat' dir='ltr'>ob</span> <span class='ocrx_word' id='word_1_345' title='bbox 413 1190 567 1219; x_wconf 87' lang='lat' dir='ltr'>victoriam</span> <span class='ocrx_word' id='word_1_346' title='bbox 590 1191 625 1218; x_wconf 90' lang='lat' dir='ltr'>ab</span> <span class='ocrx_word' id='word_1_347' title='bbox 650 1190 783 1219; x_wconf 85' lang='lat' dir='ltr'>hostibus</span> <span class='ocrx_word' id='word_1_348' title='bbox 805 1196 993 1230; x_wconf 84' lang='lat' dir='ltr'>reportatam.</span> <span class='ocrx_word' id='word_1_349' title='bbox 1014 1191 1099 1220; x_wconf 83' lang='lat' dir='ltr'>Dae.</span> <span class='ocrx_word' id='word_1_350' title='bbox 1130 1192 1196 1220; x_wconf 53' lang='lat' dir='ltr'>nisi</span> <span class='ocrx_word' id='word_1_351' title='bbox 1220 1193 1255 1220; x_wconf 91' lang='lat' dir='ltr'>ad</span> <span class='ocrx_word' id='word_1_352' title='bbox 1278 1193 1298 1223; x_wconf 86' lang='lat' dir='ltr'>l.</span> <span class='ocrx_word' id='word_1_353' title='bbox 1315 1195 1362 1225; x_wconf 86' lang='lat'>15.</span> <span class='ocrx_word' id='word_1_354' title='bbox 1387 1194 1427 1222; x_wconf 87' lang='lat' dir='ltr'>ibi</span> <span class='ocrx_word' id='word_1_355' title='bbox 1451 1193 1612 1223; x_wconf 87' lang='lat' dir='ltr'>deminuto.</span> <span class='ocrx_word' id='word_1_356' title='bbox 1640 1192 1710 1222; x_wconf 86' lang='lat' dir='ltr'>cod.</span> <span class='ocrx_word' id='word_1_357' title='bbox 1736 1192 1841 1231; x_wconf 85' lang='lat' dir='ltr'>quibus</span> <span class='ocrx_word' id='word_1_358' title='bbox 1864 1203 1899 1221; x_wconf 81' lang='lat' dir='ltr'>ex</span> <span class='ocrx_word' id='word_1_359' title='bbox 1924 1193 2034 1221; x_wconf 82' lang='lat' dir='ltr'>caussis</span> <span class='ocrx_word' id='word_1_360' title='bbox 2056 1192 2185 1221; x_wconf 77' lang='lat' dir='ltr'>infamia.</span> 
     </span>
     <span class='ocr_line' id='line_1_25' title="bbox 247 1231 2186 1274; baseline -0.001 -10"><span class='ocrx_word' id='word_1_361' title='bbox 247 1233 416 1264; x_wconf 82' lang='lat' dir='ltr'>Familiam.</span> <span class='ocrx_word' id='word_1_362' title='bbox 447 1233 575 1261; x_wconf 82' lang='lat' dir='ltr'>Familia.</span> <span class='ocrx_word' id='word_1_363' title='bbox 610 1231 711 1262; x_wconf 77' lang='lat' dir='ltr'>Castro</span> <span class='ocrx_word' id='word_1_364' title='bbox 730 1231 845 1262; x_wconf 75' lang='lat' dir='ltr'>Cereris.</span> <span class='ocrx_word' id='word_1_365' title='bbox 878 1235 962 1262; x_wconf 75' lang='lat' dir='ltr'>Casto</span> <span class='ocrx_word' id='word_1_366' title='bbox 980 1235 1042 1262; x_wconf 86' lang='lat' dir='ltr'>Cer.</span> <span class='ocrx_word' id='word_1_367' title='bbox 1081 1235 1146 1262; x_wconf 73' lang='lat' dir='ltr'>Dm</span> <span class='ocrx_word' id='word_1_368' title='bbox 1169 1234 1206 1262; x_wconf 89' lang='lat' dir='ltr'>ad</span> <span class='ocrx_word' id='word_1_369' title='bbox 1230 1235 1371 1271; x_wconf 76' lang='lat' dir='ltr'>Varron,</span> <span class='ocrx_word' id='word_1_370' title='bbox 1397 1241 1425 1264; x_wconf 86' lang='lat' dir='ltr'>et</span> <span class='ocrx_word' id='word_1_371' title='bbox 1449 1246 1485 1265; x_wconf 81' lang='lat' dir='ltr'>ex</span> <span class='ocrx_word' id='word_1_372' title='bbox 1509 1236 1592 1264; x_wconf 88' lang='lat' dir='ltr'>Livio</span> <span class='ocrx_word' id='word_1_373' title='bbox 1616 1240 1730 1264; x_wconf 87' lang='lat' dir='ltr'>constat</span> <span class='ocrx_word' id='word_1_374' title='bbox 1755 1234 1870 1274; x_wconf 83' lang='lat' dir='ltr'>(XXII,</span> <span class='ocrx_word' id='word_1_375' title='bbox 1893 1234 1955 1274; x_wconf 86' lang='lat'>56.)</span> <span class='ocrx_word' id='word_1_376' title='bbox 1979 1245 1995 1263; x_wconf 94' lang='lat' dir='ltr'>a</span> <span class='ocrx_word' id='word_1_377' title='bbox 2017 1235 2186 1273; x_wconf 85' lang='lat' dir='ltr'>lugentibus</span> 
     </span>
     <span class='ocr_line' id='line_1_26' title="bbox 249 1274 1445 1307; baseline -0.001 0"><span class='ocrx_word' id='word_1_378' title='bbox 249 1277 378 1307; x_wconf 85' lang='lat' dir='ltr'>Cerealia</span> <span class='ocrx_word' id='word_1_379' title='bbox 402 1276 546 1304; x_wconf 86' lang='lat' dir='ltr'>celebrari</span> <span class='ocrx_word' id='word_1_380' title='bbox 570 1286 629 1304; x_wconf 86' lang='lat' dir='ltr'>non</span> <span class='ocrx_word' id='word_1_381' title='bbox 652 1276 780 1304; x_wconf 70' lang='lat' dir='ltr'>licuisse.</span> <span class='ocrx_word' id='word_1_382' title='bbox 818 1274 1024 1305; x_wconf 81' lang='lat' dir='ltr'>Constitissent.</span> <span class='ocrx_word' id='word_1_383' title='bbox 1060 1277 1294 1306; x_wconf 70' lang='lat' dir='ltr'>constituissent.</span> <span class='ocrx_word' id='word_1_384' title='bbox 1341 1276 1445 1307; x_wconf 75' lang='lat' dir='ltr'>Goth.</span> 
     </span>
    </p>

    <p class='ocr_par' dir='ltr' id='par_1_4' title="bbox 249 1317 2188 1655">
     <span class='ocr_line' id='line_1_27' title="bbox 411 1317 2186 1358; baseline 0.001 -12"><span class='ocrx_word' id='word_1_385' title='bbox 411 1318 608 1348; x_wconf 66' lang='lat' dir='ltr'>Maximae.</span> <span class='ocrx_word' id='word_1_386' title='bbox 653 1317 727 1347; x_wconf 89' lang='lat' dir='ltr'>Vide</span> <span class='ocrx_word' id='word_1_387' title='bbox 751 1317 823 1347; x_wconf 77' lang='lat' dir='ltr'>ordo</span> <span class='ocrx_word' id='word_1_388' title='bbox 845 1317 1046 1356; x_wconf 80' lang='lat' dir='ltr'>sacerdotum,·</span> <span class='ocrx_word' id='word_1_389' title='bbox 1078 1324 1106 1347; x_wconf 91' lang='lat' dir='ltr'>et</span> <span class='ocrx_word' id='word_1_390' title='bbox 1129 1319 1230 1347; x_wconf 84' lang='lat' dir='ltr'>decem</span> <span class='ocrx_word' id='word_1_391' title='bbox 1254 1321 1417 1349; x_wconf 83' lang='lat' dir='ltr'>Flaminum</span> <span class='ocrx_word' id='word_1_392' title='bbox 1442 1320 1560 1349; x_wconf 88' lang='lat' dir='ltr'>nomina</span> <span class='ocrx_word' id='word_1_393' title='bbox 1583 1320 1668 1358; x_wconf 86' lang='lat' dir='ltr'>ponit</span> <span class='ocrx_word' id='word_1_394' title='bbox 1691 1320 1785 1348; x_wconf 83' lang='lat' dir='ltr'>Varro</span> <span class='ocrx_word' id='word_1_395' title='bbox 1808 1319 1920 1349; x_wconf 75' lang='lat' dir='ltr'>lib.lV.</span> <span class='ocrx_word' id='word_1_396' title='bbox 1946 1323 1974 1348; x_wconf 88' lang='lat' dir='ltr'>et</span> <span class='ocrx_word' id='word_1_397' title='bbox 1997 1319 2045 1348; x_wconf 87' lang='lat' dir='ltr'>Vl.</span> <span class='ocrx_word' id='word_1_398' title='bbox 2070 1319 2107 1347; x_wconf 85' lang='lat' dir='ltr'>de</span> <span class='ocrx_word' id='word_1_399' title='bbox 2130 1319 2186 1348; x_wconf 82' lang='lat' dir='ltr'>lin-</span> 
     </span>
     <span class='ocr_line' id='line_1_28' title="bbox 249 1360 2188 1401; baseline -0.001 -10"><span class='ocrx_word' id='word_1_400' title='bbox 249 1373 305 1401; x_wconf 86' lang='lat' dir='ltr'>gua</span> <span class='ocrx_word' id='word_1_401' title='bbox 327 1363 389 1391; x_wconf 82' lang='lat' dir='ltr'>Lat.</span> <span class='ocrx_word' id='word_1_402' title='bbox 415 1361 519 1397; x_wconf 85' lang='lat' dir='ltr'>Dialis,</span> <span class='ocrx_word' id='word_1_403' title='bbox 550 1360 709 1397; x_wconf 84' lang='lat' dir='ltr'>Martialis,</span> <span class='ocrx_word' id='word_1_404' title='bbox 735 1361 914 1397; x_wconf 82' lang='lat' dir='ltr'>Quirinalis,</span> <span class='ocrx_word' id='word_1_405' title='bbox 938 1361 1117 1398; x_wconf 82' lang='lat' dir='ltr'>Volcaiialis,</span> <span class='ocrx_word' id='word_1_406' title='bbox 1142 1362 1345 1400; x_wconf 86' lang='lat' dir='ltr'>Volturnalis,</span> <span class='ocrx_word' id='word_1_407' title='bbox 1370 1363 1545 1399; x_wconf 81' lang='lat' dir='ltr'>Palatualis,</span> <span class='ocrx_word' id='word_1_408' title='bbox 1567 1362 1729 1399; x_wconf 81' lang='lat' dir='ltr'>Furinalis,</span> <span class='ocrx_word' id='word_1_409' title='bbox 1752 1362 1895 1398; x_wconf 69' lang='lat' dir='ltr'>Flemus,</span> <span class='ocrx_word' id='word_1_410' title='bbox 1920 1362 2056 1398; x_wconf 86' lang='lat' dir='ltr'>Falacer,</span> <span class='ocrx_word' id='word_1_411' title='bbox 2081 1361 2188 1390; x_wconf 85' lang='lat' dir='ltr'>Pomo-</span> 
     </span>
     <span class='ocr_line' id='line_1_29' title="bbox 249 1403 2185 1441; baseline -0.001 -8"><span class='ocrx_word' id='word_1_412' title='bbox 249 1405 332 1435; x_wconf 84' lang='lat' dir='ltr'>nalis.</span> <span class='ocrx_word' id='word_1_413' title='bbox 378 1404 460 1432; x_wconf 81' lang='lat' dir='ltr'>Adde</span> <span class='ocrx_word' id='word_1_414' title='bbox 483 1403 698 1431; x_wconf 81' lang='lat' dir='ltr'>Carmentalem</span> <span class='ocrx_word' id='word_1_415' title='bbox 721 1413 757 1431; x_wconf 74' lang='lat' dir='ltr'>ex</span> <span class='ocrx_word' id='word_1_416' title='bbox 781 1403 924 1432; x_wconf 86' lang='lat' dir='ltr'>Cicerone</span> <span class='ocrx_word' id='word_1_417' title='bbox 947 1404 975 1431; x_wconf 90' lang='lat' dir='ltr'>in</span> <span class='ocrx_word' id='word_1_418' title='bbox 998 1404 1106 1440; x_wconf 83' lang='lat' dir='ltr'>Bruto,</span> <span class='ocrx_word' id='word_1_419' title='bbox 1138 1405 1358 1434; x_wconf 71' lang='lat' dir='ltr'>Pei-tumnalem</span> <span class='ocrx_word' id='word_1_420' title='bbox 1388 1416 1424 1433; x_wconf 81' lang='lat' dir='ltr'>ex</span> <span class='ocrx_word' id='word_1_421' title='bbox 1446 1406 1548 1441; x_wconf 87' lang='lat' dir='ltr'>Festo,</span> <span class='ocrx_word' id='word_1_422' title='bbox 1589 1405 1743 1433; x_wconf 79' lang='lat' dir='ltr'>Persilluni</span> <span class='ocrx_word' id='word_1_423' title='bbox 1769 1404 1928 1432; x_wconf 80' lang='lat' dir='ltr'>Virbialem</span> <span class='ocrx_word' id='word_1_424' title='bbox 1953 1414 1989 1432; x_wconf 81' lang='lat' dir='ltr'>ex</span> <span class='ocrx_word' id='word_1_425' title='bbox 2014 1404 2185 1432; x_wconf 79' lang='lat' dir='ltr'>marmoreis</span> 
     </span>
     <span class='ocr_line' id='line_1_30' title="bbox 249 1445 2188 1486; baseline -0.002 -10"><span class='ocrx_word' id='word_1_426' title='bbox 249 1446 461 1482; x_wconf 81' lang='lat' dir='ltr'>nionumeutis;</span> <span class='ocrx_word' id='word_1_427' title='bbox 492 1446 561 1474; x_wconf 89' lang='lat' dir='ltr'>item</span> <span class='ocrx_word' id='word_1_428' title='bbox 585 1445 651 1473; x_wconf 87' lang='lat' dir='ltr'>Divi</span> <span class='ocrx_word' id='word_1_429' title='bbox 673 1445 755 1481; x_wconf 88' lang='lat' dir='ltr'>Iulii,</span> <span class='ocrx_word' id='word_1_430' title='bbox 784 1450 813 1474; x_wconf 90' lang='lat' dir='ltr'>et</span> <span class='ocrx_word' id='word_1_431' title='bbox 837 1446 902 1474; x_wconf 79' lang='lat' dir='ltr'>Divi</span> <span class='ocrx_word' id='word_1_432' title='bbox 926 1446 1049 1484; x_wconf 84' lang='lat' dir='ltr'>Augusti</span> <span class='ocrx_word' id='word_1_433' title='bbox 1072 1457 1108 1474; x_wconf 83' lang='lat' dir='ltr'>ex</span> <span class='ocrx_word' id='word_1_434' title='bbox 1131 1447 1238 1475; x_wconf 87' lang='lat' dir='ltr'>eisdem</span> <span class='ocrx_word' id='word_1_435' title='bbox 1262 1453 1289 1476; x_wconf 88' lang='lat' dir='ltr'>et</span> <span class='ocrx_word' id='word_1_436' title='bbox 1312 1458 1414 1476; x_wconf 88' lang='lat' dir='ltr'>eorum</span> <span class='ocrx_word' id='word_1_437' title='bbox 1438 1452 1606 1486; x_wconf 79' lang='lat' dir='ltr'>temporum</span> <span class='ocrx_word' id='word_1_438' title='bbox 1628 1446 1761 1475; x_wconf 85' lang='lat' dir='ltr'>historia.</span> <span class='ocrx_word' id='word_1_439' title='bbox 1785 1446 1870 1475; x_wconf 86' lang='lat' dir='ltr'>Ant.</span> <span class='ocrx_word' id='word_1_440' title='bbox 1894 1446 1988 1485; x_wconf 75' lang='lat' dir='ltr'>Aug.</span> <span class='ocrx_word' id='word_1_441' title='bbox 2031 1446 2188 1475; x_wconf 72' lang='lat' dir='ltr'>Maximae</span> 
     </span>
     <span class='ocr_line' id='line_1_31' title="bbox 250 1487 2186 1529; baseline -0.001 -11"><span class='ocrx_word' id='word_1_442' title='bbox 250 1488 438 1529; x_wconf 74' lang='lat' dir='ltr'>dignationis.</span> <span class='ocrx_word' id='word_1_443' title='bbox 469 1489 543 1526; x_wconf 67' lang='lat' dir='ltr'>Lege</span> <span class='ocrx_word' id='word_1_444' title='bbox 566 1488 658 1516; x_wconf 82' lang='lat' dir='ltr'>iufra:</span> <span class='ocrx_word' id='word_1_445' title='bbox 682 1487 823 1516; x_wconf 80' lang='lat' dir='ltr'>Minimae</span> <span class='ocrx_word' id='word_1_446' title='bbox 845 1487 966 1516; x_wconf 74' lang='lat' dir='ltr'>habetur</span> <span class='ocrx_word' id='word_1_447' title='bbox 986 1494 1042 1518; x_wconf 86' lang='lat' dir='ltr'>etc.</span> <span class='ocrx_word' id='word_1_448' title='bbox 1077 1490 1201 1528; x_wconf 81' lang='lat' dir='ltr'>Nempe:</span> <span class='ocrx_word' id='word_1_449' title='bbox 1224 1489 1366 1518; x_wconf 85' lang='lat' dir='ltr'>Minimae</span> <span class='ocrx_word' id='word_1_450' title='bbox 1388 1489 1577 1529; x_wconf 76' lang='lat' dir='ltr'>dignationis,</span> <span class='ocrx_word' id='word_1_451' title='bbox 1607 1489 1639 1517; x_wconf 91' lang='lat' dir='ltr'>In</span> <span class='ocrx_word' id='word_1_452' title='bbox 1662 1494 1733 1519; x_wconf 83' lang='lat' dir='ltr'>vett.</span> <span class='ocrx_word' id='word_1_453' title='bbox 1758 1488 1845 1517; x_wconf 84' lang='lat' dir='ltr'>libb.:</span> <span class='ocrx_word' id='word_1_454' title='bbox 1868 1488 1998 1517; x_wconf 65' lang='lat' dir='ltr'>sslinime.</span> <span class='ocrx_word' id='word_1_455' title='bbox 2032 1488 2105 1516; x_wconf 88' lang='lat' dir='ltr'>Vide</span> <span class='ocrx_word' id='word_1_456' title='bbox 2126 1499 2186 1516; x_wconf 83' lang='lat' dir='ltr'>ma-</span> 
     </span>
     <span class='ocr_line' id='line_1_32' title="bbox 250 1529 2186 1571; baseline -0.002 -10"><span class='ocrx_word' id='word_1_457' title='bbox 250 1533 324 1561; x_wconf 83' lang='lat' dir='ltr'>iores</span> <span class='ocrx_word' id='word_1_458' title='bbox 342 1530 495 1560; x_wconf 80' lang='lat' dir='ltr'>Flamines.</span> <span class='ocrx_word' id='word_1_459' title='bbox 520 1530 604 1559; x_wconf 85' lang='lat' dir='ltr'>Dae.</span> <span class='ocrx_word' id='word_1_460' title='bbox 636 1530 708 1558; x_wconf 79' lang='lat' dir='ltr'>vide</span> <span class='ocrx_word' id='word_1_461' title='bbox 731 1530 808 1558; x_wconf 79' lang='lat' dir='ltr'>infra</span> <span class='ocrx_word' id='word_1_462' title='bbox 833 1529 914 1559; x_wconf 79' lang='lat' dir='ltr'>Ordo</span> <span class='ocrx_word' id='word_1_463' title='bbox 939 1529 1137 1561; x_wconf 72' lang='lat' dir='ltr'>Sacer-(lotum.</span> <span class='ocrx_word' id='word_1_464' title='bbox 1167 1531 1245 1560; x_wconf 86' lang='lat' dir='ltr'>Inter</span> <span class='ocrx_word' id='word_1_465' title='bbox 1266 1531 1440 1571; x_wconf 80' lang='lat' dir='ltr'>quindecim.</span> <span class='ocrx_word' id='word_1_466' title='bbox 1476 1532 1580 1560; x_wconf 87' lang='lat' dir='ltr'>Decem</span> <span class='ocrx_word' id='word_1_467' title='bbox 1604 1532 1828 1560; x_wconf 75' lang='lat' dir='ltr'>constituuntur</span> <span class='ocrx_word' id='word_1_468' title='bbox 1851 1541 1865 1558; x_wconf 95' lang='lat' dir='ltr'>a</span> <span class='ocrx_word' id='word_1_469' title='bbox 1891 1531 2022 1559; x_wconf 85' lang='lat' dir='ltr'>Varrone</span> <span class='ocrx_word' id='word_1_470' title='bbox 2045 1532 2123 1569; x_wconf 69' lang='lat' dir='ltr'>(pag.</span> <span class='ocrx_word' id='word_1_471' title='bbox 2138 1532 2186 1562; x_wconf 73' lang='lat'>88.</span> 
     </span>
     <span class='ocr_line' id='line_1_33' title="bbox 250 1570 2186 1613; baseline -0.001 -11"><span class='ocrx_word' id='word_1_472' title='bbox 250 1584 316 1613; x_wconf 87' lang='lat' dir='ltr'>pag.</span> <span class='ocrx_word' id='word_1_473' title='bbox 331 1576 400 1605; x_wconf 83' lang='lat'>198.</span> <span class='ocrx_word' id='word_1_474' title='bbox 422 1573 495 1611; x_wconf 91' lang='lat' dir='ltr'>Sp.).</span> <span class='ocrx_word' id='word_1_475' title='bbox 524 1573 586 1601; x_wconf 90' lang='lat' dir='ltr'>Illis</span> <span class='ocrx_word' id='word_1_476' title='bbox 609 1572 684 1601; x_wconf 89' lang='lat' dir='ltr'>adde</span> <span class='ocrx_word' id='word_1_477' title='bbox 703 1570 910 1602; x_wconf 84' lang='lat' dir='ltr'>Carmentalem</span> <span class='ocrx_word' id='word_1_478' title='bbox 935 1582 971 1600; x_wconf 84' lang='lat' dir='ltr'>ex</span> <span class='ocrx_word' id='word_1_479' title='bbox 996 1574 1054 1602; x_wconf 89' lang='lat' dir='ltr'>Cic.</span> <span class='ocrx_word' id='word_1_480' title='bbox 1078 1574 1107 1602; x_wconf 88' lang='lat' dir='ltr'>in</span> <span class='ocrx_word' id='word_1_481' title='bbox 1130 1574 1221 1601; x_wconf 85' lang='lat' dir='ltr'>Bruto</span> <span class='ocrx_word' id='word_1_482' title='bbox 1244 1575 1284 1611; x_wconf 91' lang='lat' dir='ltr'>(c.</span> <span class='ocrx_word' id='word_1_483' title='bbox 1300 1574 1363 1611; x_wconf 85' lang='lat'>14.)</span> <span class='ocrx_word' id='word_1_484' title='bbox 1385 1573 1601 1602; x_wconf 76' lang='lat' dir='ltr'>Porrumnalem</span> <span class='ocrx_word' id='word_1_485' title='bbox 1625 1584 1662 1602; x_wconf 82' lang='lat' dir='ltr'>ex</span> <span class='ocrx_word' id='word_1_486' title='bbox 1685 1574 1785 1608; x_wconf 83' lang='lat' dir='ltr'>Festo;</span> <span class='ocrx_word' id='word_1_487' title='bbox 1812 1573 1878 1601; x_wconf 81' lang='lat' dir='ltr'>item</span> <span class='ocrx_word' id='word_1_488' title='bbox 1905 1573 1969 1601; x_wconf 85' lang='lat' dir='ltr'>Divi</span> <span class='ocrx_word' id='word_1_489' title='bbox 1993 1573 2059 1601; x_wconf 85' lang='lat' dir='ltr'>Iulii</span> <span class='ocrx_word' id='word_1_490' title='bbox 2082 1578 2110 1602; x_wconf 91' lang='lat' dir='ltr'>et</span> <span class='ocrx_word' id='word_1_491' title='bbox 2128 1574 2186 1601; x_wconf 82' lang='lat' dir='ltr'>Au-</span> 
     </span>
     <span class='ocr_line' id='line_1_34' title="bbox 251 1613 1961 1655; baseline -0.001 -10"><span class='ocrx_word' id='word_1_492' title='bbox 251 1617 328 1655; x_wconf 80' lang='lat' dir='ltr'>gusti</span> <span class='ocrx_word' id='word_1_493' title='bbox 351 1626 387 1645; x_wconf 82' lang='lat' dir='ltr'>ex</span> <span class='ocrx_word' id='word_1_494' title='bbox 412 1614 543 1643; x_wconf 85' lang='lat' dir='ltr'>eiusdem</span> <span class='ocrx_word' id='word_1_495' title='bbox 566 1620 593 1643; x_wconf 88' lang='lat' dir='ltr'>et</span> <span class='ocrx_word' id='word_1_496' title='bbox 615 1625 717 1643; x_wconf 88' lang='lat' dir='ltr'>eorum</span> <span class='ocrx_word' id='word_1_497' title='bbox 740 1620 907 1652; x_wconf 79' lang='lat' dir='ltr'>temporum</span> <span class='ocrx_word' id='word_1_498' title='bbox 931 1613 1064 1643; x_wconf 77' lang='lat' dir='ltr'>historia.</span> <span class='ocrx_word' id='word_1_499' title='bbox 1093 1614 1199 1644; x_wconf 78' lang='lat' dir='ltr'>Goth.</span> <span class='ocrx_word' id='word_1_500' title='bbox 1231 1615 1351 1645; x_wconf 64' lang='lat' dir='ltr'>Minima·</span> <span class='ocrx_word' id='word_1_501' title='bbox 1371 1615 1501 1644; x_wconf 80' lang='lat' dir='ltr'>habetur.</span> <span class='ocrx_word' id='word_1_502' title='bbox 1533 1616 1649 1644; x_wconf 85' lang='lat' dir='ltr'>Minime</span> <span class='ocrx_word' id='word_1_503' title='bbox 1672 1615 1806 1643; x_wconf 87' lang='lat' dir='ltr'>habetur.</span> <span class='ocrx_word' id='word_1_504' title='bbox 1851 1613 1961 1644; x_wconf 79' lang='lat' dir='ltr'>Idem.</span> 
     </span>
    </p>

    <p class='ocr_par' dir='ltr' id='par_1_5' title="bbox 253 1656 2192 2454">
     <span class='ocr_line' id='line_1_35' title="bbox 414 1656 2188 1696; baseline 0 -11"><span class='ocrx_word' id='word_1_505' title='bbox 414 1656 583 1686; x_wconf 76' lang='lat' dir='ltr'>Mundus.</span> <span class='ocrx_word' id='word_1_506' title='bbox 616 1658 672 1696; x_wconf 83' lang='lat' dir='ltr'>(Cf.</span> <span class='ocrx_word' id='word_1_507' title='bbox 696 1667 761 1696; x_wconf 81' lang='lat' dir='ltr'>pag.</span> <span class='ocrx_word' id='word_1_508' title='bbox 778 1656 858 1695; x_wconf 80' lang='lat'>172.)</span> <span class='ocrx_word' id='word_1_509' title='bbox 894 1657 989 1685; x_wconf 87' lang='lat' dir='ltr'>Verba</span> <span class='ocrx_word' id='word_1_510' title='bbox 1013 1658 1060 1685; x_wconf 88' lang='lat' dir='ltr'>illa</span> <span class='ocrx_word' id='word_1_511' title='bbox 1085 1658 1224 1687; x_wconf 87' lang='lat' dir='ltr'>mendosa</span> <span class='ocrx_word' id='word_1_512' title='bbox 1247 1663 1329 1687; x_wconf 83' lang='lat' dir='ltr'>sunt:</span> <span class='ocrx_word' id='word_1_513' title='bbox 1359 1668 1395 1686; x_wconf 81' lang='lat' dir='ltr'>ex</span> <span class='ocrx_word' id='word_1_514' title='bbox 1416 1658 1452 1686; x_wconf 85' lang='lat' dir='ltr'>iis</span> <span class='ocrx_word' id='word_1_515' title='bbox 1476 1659 1525 1696; x_wconf 83' lang='lat' dir='ltr'>qui</span> <span class='ocrx_word' id='word_1_516' title='bbox 1548 1659 1697 1686; x_wconf 81' lang='lat' dir='ltr'>intravere</span> <span class='ocrx_word' id='word_1_517' title='bbox 1720 1667 1897 1695; x_wconf 70' lang='lat' dir='ltr'>cognoscere</span> <span class='ocrx_word' id='word_1_518' title='bbox 1920 1657 2033 1696; x_wconf 83' lang='lat' dir='ltr'>potuit3</span> <span class='ocrx_word' id='word_1_519' title='bbox 2064 1657 2188 1685; x_wconf 79' lang='lat' dir='ltr'>forsitan</span> 
     </span>
     <span class='ocr_line' id='line_1_36' title="bbox 253 1700 2189 1738; baseline -0.001 -9"><span class='ocrx_word' id='word_1_520' title='bbox 253 1700 455 1729; x_wconf 83' lang='lat' dir='ltr'>scribendum:</span> <span class='ocrx_word' id='word_1_521' title='bbox 490 1704 522 1728; x_wconf 89' lang='lat' dir='ltr'>ut</span> <span class='ocrx_word' id='word_1_522' title='bbox 546 1710 582 1729; x_wconf 78' lang='lat' dir='ltr'>ex</span> <span class='ocrx_word' id='word_1_523' title='bbox 604 1700 655 1736; x_wconf 84' lang='lat' dir='ltr'>iis,</span> <span class='ocrx_word' id='word_1_524' title='bbox 690 1701 739 1738; x_wconf 88' lang='lat' dir='ltr'>qui</span> <span class='ocrx_word' id='word_1_525' title='bbox 761 1701 910 1728; x_wconf 82' lang='lat' dir='ltr'>intravere</span> <span class='ocrx_word' id='word_1_526' title='bbox 933 1700 1068 1738; x_wconf 84' lang='lat' dir='ltr'>cognosci</span> <span class='ocrx_word' id='word_1_527' title='bbox 1092 1705 1199 1738; x_wconf 77' lang='lat' dir='ltr'>potuit.</span> <span class='ocrx_word' id='word_1_528' title='bbox 1246 1701 1318 1729; x_wconf 83' lang='lat' dir='ltr'>ltem</span> <span class='ocrx_word' id='word_1_529' title='bbox 1340 1711 1377 1729; x_wconf 83' lang='lat' dir='ltr'>ex</span> <span class='ocrx_word' id='word_1_530' title='bbox 1400 1701 1482 1729; x_wconf 89' lang='lat' dir='ltr'>Pauli</span> <span class='ocrx_word' id='word_1_531' title='bbox 1505 1701 1603 1729; x_wconf 87' lang='lat' dir='ltr'>verbis</span> <span class='ocrx_word' id='word_1_532' title='bbox 1625 1700 1762 1729; x_wconf 81' lang='lat' dir='ltr'>addenda</span> <span class='ocrx_word' id='word_1_533' title='bbox 1785 1704 1854 1728; x_wconf 87' lang='lat' dir='ltr'>sunt</span> <span class='ocrx_word' id='word_1_534' title='bbox 1876 1700 2035 1736; x_wconf 87' lang='lat' dir='ltr'>nonnulla,</span> <span class='ocrx_word' id='word_1_535' title='bbox 2063 1705 2094 1728; x_wconf 90' lang='lat' dir='ltr'>ut</span> <span class='ocrx_word' id='word_1_536' title='bbox 2118 1704 2189 1738; x_wconf 84' lang='lat' dir='ltr'>puta</span> 
     </span>
     <span class='ocr_line' id='line_1_37' title="bbox 255 1741 2190 1782; baseline -0.001 -11"><span class='ocrx_word' id='word_1_537' title='bbox 255 1744 351 1772; x_wconf 75' lang='lat' dir='ltr'>tertius</span> <span class='ocrx_word' id='word_1_538' title='bbox 379 1741 454 1779; x_wconf 71' lang='lat' dir='ltr'>(lies,</span> <span class='ocrx_word' id='word_1_539' title='bbox 490 1753 547 1782; x_wconf 80' lang='lat' dir='ltr'>quo</span> <span class='ocrx_word' id='word_1_540' title='bbox 570 1741 695 1771; x_wconf 80' lang='lat' dir='ltr'>mundus</span> <span class='ocrx_word' id='word_1_541' title='bbox 715 1749 803 1781; x_wconf 82' lang='lat' dir='ltr'>patet.</span> <span class='ocrx_word' id='word_1_542' title='bbox 848 1742 922 1770; x_wconf 88' lang='lat' dir='ltr'>Vide</span> <span class='ocrx_word' id='word_1_543' title='bbox 945 1742 1109 1771; x_wconf 86' lang='lat' dir='ltr'>Varronem</span> <span class='ocrx_word' id='word_1_544' title='bbox 1139 1743 1220 1782; x_wconf 85' lang='lat' dir='ltr'>apud</span> <span class='ocrx_word' id='word_1_545' title='bbox 1243 1744 1425 1771; x_wconf 85' lang='lat' dir='ltr'>Macrobium</span> <span class='ocrx_word' id='word_1_546' title='bbox 1449 1743 1498 1771; x_wconf 90' lang='lat' dir='ltr'>lib.</span> <span class='ocrx_word' id='word_1_547' title='bbox 1514 1743 1536 1772; x_wconf 91' lang='lat' dir='ltr'>I.</span> <span class='ocrx_word' id='word_1_548' title='bbox 1557 1745 1673 1772; x_wconf 83' lang='lat' dir='ltr'>Saturn.</span> <span class='ocrx_word' id='word_1_549' title='bbox 1701 1743 1787 1772; x_wconf 81' lang='lat' dir='ltr'>Ant.</span> <span class='ocrx_word' id='word_1_550' title='bbox 1810 1742 1905 1781; x_wconf 79' lang='lat' dir='ltr'>Aug.</span> <span class='ocrx_word' id='word_1_551' title='bbox 1952 1742 2046 1770; x_wconf 85' lang='lat' dir='ltr'>Verba</span> <span class='ocrx_word' id='word_1_552' title='bbox 2071 1742 2190 1770; x_wconf 74' lang='lat' dir='ltr'>Catonis</span> 
     </span>
     <span class='ocr_line' id='line_1_38' title="bbox 256 1783 2192 1825; baseline -0.001 -12"><span class='ocrx_word' id='word_1_553' title='bbox 256 1789 394 1823; x_wconf 66' lang='lat' dir='ltr'>corrupta</span> <span class='ocrx_word' id='word_1_554' title='bbox 418 1785 456 1812; x_wconf 90' lang='lat' dir='ltr'>ita</span> <span class='ocrx_word' id='word_1_555' title='bbox 480 1785 619 1822; x_wconf 82' lang='lat' dir='ltr'>legimus:</span> <span class='ocrx_word' id='word_1_556' title='bbox 644 1783 759 1813; x_wconf 67' lang='lat' dir='ltr'>lllundo</span> <span class='ocrx_word' id='word_1_557' title='bbox 782 1795 883 1812; x_wconf 85' lang='lat' dir='ltr'>nomen</span> <span class='ocrx_word' id='word_1_558' title='bbox 906 1785 1071 1824; x_wconf 77' lang='lat' dir='ltr'>impositum</span> <span class='ocrx_word' id='word_1_559' title='bbox 1096 1792 1136 1813; x_wconf 78' lang='lat' dir='ltr'>est</span> <span class='ocrx_word' id='word_1_560' title='bbox 1158 1785 1194 1813; x_wconf 85' lang='lat' dir='ltr'>ab</span> <span class='ocrx_word' id='word_1_561' title='bbox 1217 1796 1249 1814; x_wconf 85' lang='lat' dir='ltr'>eo</span> <span class='ocrx_word' id='word_1_562' title='bbox 1272 1785 1396 1820; x_wconf 75' lang='lat' dir='ltr'>mundo,</span> <span class='ocrx_word' id='word_1_563' title='bbox 1421 1787 1472 1825; x_wconf 82' lang='lat' dir='ltr'>qui</span> <span class='ocrx_word' id='word_1_564' title='bbox 1493 1797 1580 1824; x_wconf 82' lang='lat' dir='ltr'>supra</span> <span class='ocrx_word' id='word_1_565' title='bbox 1603 1796 1656 1814; x_wconf 84' lang='lat' dir='ltr'>nos</span> <span class='ocrx_word' id='word_1_566' title='bbox 1677 1792 1726 1813; x_wconf 83' lang='lat' dir='ltr'>est.</span> <span class='ocrx_word' id='word_1_567' title='bbox 1771 1784 1879 1813; x_wconf 87' lang='lat' dir='ltr'>Forma</span> <span class='ocrx_word' id='word_1_568' title='bbox 1902 1785 1976 1813; x_wconf 80' lang='lat' dir='ltr'>enim</span> <span class='ocrx_word' id='word_1_569' title='bbox 1998 1786 2059 1813; x_wconf 84' lang='lat' dir='ltr'>eius</span> <span class='ocrx_word' id='word_1_570' title='bbox 2079 1792 2135 1820; x_wconf 81' lang='lat' dir='ltr'>est,</span> <span class='ocrx_word' id='word_1_571' title='bbox 2158 1791 2192 1812; x_wconf 77' lang='lat' dir='ltr'>ut</span> 
     </span>
     <span class='ocr_line' id='line_1_39' title="bbox 256 1826 2189 1870; baseline 0 -14"><span class='ocrx_word' id='word_1_572' title='bbox 256 1839 294 1856; x_wconf 75' lang='lat' dir='ltr'>ex</span> <span class='ocrx_word' id='word_1_573' title='bbox 315 1829 368 1865; x_wconf 87' lang='lat' dir='ltr'>iis,</span> <span class='ocrx_word' id='word_1_574' title='bbox 398 1828 447 1867; x_wconf 85' lang='lat' dir='ltr'>qui</span> <span class='ocrx_word' id='word_1_575' title='bbox 469 1827 624 1863; x_wconf 80' lang='lat' dir='ltr'>intravere,</span> <span class='ocrx_word' id='word_1_576' title='bbox 657 1837 829 1865; x_wconf 73' lang='lat' dir='ltr'>cognoscere</span> <span class='ocrx_word' id='word_1_577' title='bbox 847 1828 945 1866; x_wconf 86' lang='lat' dir='ltr'>potui,</span> <span class='ocrx_word' id='word_1_578' title='bbox 977 1826 1122 1856; x_wconf 81' lang='lat' dir='ltr'>adsimilis</span> <span class='ocrx_word' id='word_1_579' title='bbox 1144 1826 1199 1856; x_wconf 86' lang='lat' dir='ltr'>illi.</span> <span class='ocrx_word' id='word_1_580' title='bbox 1246 1827 1316 1856; x_wconf 80' lang='lat' dir='ltr'>Eius</span> <span class='ocrx_word' id='word_1_581' title='bbox 1337 1827 1504 1870; x_wconf 85' lang='lat' dir='ltr'>inferiorem</span> <span class='ocrx_word' id='word_1_582' title='bbox 1528 1833 1583 1856; x_wconf 87' lang='lat' dir='ltr'>etc.</span> <span class='ocrx_word' id='word_1_583' title='bbox 1629 1828 1700 1856; x_wconf 88' lang='lat' dir='ltr'>Nam</span> <span class='ocrx_word' id='word_1_584' title='bbox 1730 1828 1799 1856; x_wconf 85' lang='lat' dir='ltr'>inde</span> <span class='ocrx_word' id='word_1_585' title='bbox 1821 1828 1968 1865; x_wconf 85' lang='lat' dir='ltr'>incipiunt</span> <span class='ocrx_word' id='word_1_586' title='bbox 1991 1827 2079 1856; x_wconf 90' lang='lat' dir='ltr'>verba</span> <span class='ocrx_word' id='word_1_587' title='bbox 2102 1826 2189 1856; x_wconf 71' lang='lat' dir='ltr'>Festi.</span> 
     </span>
     <span class='ocr_line' id='line_1_40' title="bbox 258 1867 2191 1909; baseline 0 -13"><span class='ocrx_word' id='word_1_588' title='bbox 258 1870 366 1907; x_wconf 88' lang='lat' dir='ltr'>Supple</span> <span class='ocrx_word' id='word_1_589' title='bbox 388 1871 473 1897; x_wconf 85' lang='lat' dir='ltr'>etiam</span> <span class='ocrx_word' id='word_1_590' title='bbox 496 1870 619 1898; x_wconf 83' lang='lat' dir='ltr'>maiores</span> <span class='ocrx_word' id='word_1_591' title='bbox 641 1876 817 1898; x_wconf 80' lang='lat' dir='ltr'>censuerunt.</span> <span class='ocrx_word' id='word_1_592' title='bbox 862 1868 961 1897; x_wconf 78' lang='lat' dir='ltr'>Nihilo</span> <span class='ocrx_word' id='word_1_593' title='bbox 985 1871 1088 1898; x_wconf 81' lang='lat' dir='ltr'>melius</span> <span class='ocrx_word' id='word_1_594' title='bbox 1111 1880 1140 1897; x_wconf 86' lang='lat' dir='ltr'>se</span> <span class='ocrx_word' id='word_1_595' title='bbox 1164 1869 1273 1898; x_wconf 68' lang='lat' dir='ltr'>habent</span> <span class='ocrx_word' id='word_1_596' title='bbox 1295 1870 1464 1908; x_wconf 86' lang='lat' dir='ltr'>sequentia,</span> <span class='ocrx_word' id='word_1_597' title='bbox 1488 1880 1562 1907; x_wconf 85' lang='lat' dir='ltr'>quae</span> <span class='ocrx_word' id='word_1_598' title='bbox 1583 1871 1624 1898; x_wconf 88' lang='lat' dir='ltr'>ita</span> <span class='ocrx_word' id='word_1_599' title='bbox 1647 1871 1849 1899; x_wconf 85' lang='lat' dir='ltr'>emendamus:</span> <span class='ocrx_word' id='word_1_600' title='bbox 1875 1868 1920 1897; x_wconf 86' lang='lat' dir='ltr'>Ea</span> <span class='ocrx_word' id='word_1_601' title='bbox 1942 1868 1978 1897; x_wconf 80' lang='lat' dir='ltr'>de</span> <span class='ocrx_word' id='word_1_602' title='bbox 2000 1879 2089 1898; x_wconf 79' lang='lat' dir='ltr'>causa</span> <span class='ocrx_word' id='word_1_603' title='bbox 2111 1867 2191 1909; x_wconf 71' lang='lat' dir='ltr'>quod</span> 
     </span>
     <span class='ocr_line' id='line_1_41' title="bbox 260 1910 2190 1951; baseline 0 -12"><span class='ocrx_word' id='word_1_604' title='bbox 260 1922 314 1949; x_wconf 81' lang='lat' dir='ltr'>quo</span> <span class='ocrx_word' id='word_1_605' title='bbox 337 1918 458 1949; x_wconf 83' lang='lat' dir='ltr'>tempore</span> <span class='ocrx_word' id='word_1_606' title='bbox 479 1922 528 1948; x_wconf 83' lang='lat' dir='ltr'>ea,</span> <span class='ocrx_word' id='word_1_607' title='bbox 553 1923 628 1951; x_wconf 82' lang='lat' dir='ltr'>quae</span> <span class='ocrx_word' id='word_1_608' title='bbox 650 1910 783 1940; x_wconf 79' lang='lat' dir='ltr'>occultae</span> <span class='ocrx_word' id='word_1_609' title='bbox 804 1919 830 1939; x_wconf 81' lang='lat' dir='ltr'>et</span> <span class='ocrx_word' id='word_1_610' title='bbox 851 1910 970 1940; x_wconf 77' lang='lat' dir='ltr'>abditae</span> <span class='ocrx_word' id='word_1_611' title='bbox 991 1911 1140 1951; x_wconf 74' lang='lat' dir='ltr'>religionis</span> <span class='ocrx_word' id='word_1_612' title='bbox 1162 1917 1216 1942; x_wconf 87' lang='lat' dir='ltr'>etc.</span> <span class='ocrx_word' id='word_1_613' title='bbox 1260 1913 1354 1941; x_wconf 87' lang='lat' dir='ltr'>Varro</span> <span class='ocrx_word' id='word_1_614' title='bbox 1377 1912 1458 1951; x_wconf 88' lang='lat' dir='ltr'>apud</span> <span class='ocrx_word' id='word_1_615' title='bbox 1481 1913 1678 1941; x_wconf 59' lang='lat' dir='ltr'>Mat-rubium:</span> <span class='ocrx_word' id='word_1_616' title='bbox 1707 1911 1837 1941; x_wconf 73' lang='lat' dir='ltr'>Mum-lus</span> <span class='ocrx_word' id='word_1_617' title='bbox 1858 1922 1923 1940; x_wconf 84' lang='lat' dir='ltr'>cum</span> <span class='ocrx_word' id='word_1_618' title='bbox 1943 1919 2040 1950; x_wconf 79' lang='lat' dir='ltr'>patet,</span> <span class='ocrx_word' id='word_1_619' title='bbox 2062 1911 2190 1940; x_wconf 84' lang='lat' dir='ltr'>Deorum</span> 
     </span>
     <span class='ocr_line' id='line_1_42' title="bbox 262 1952 2192 1995; baseline 0.003 -18"><span class='ocrx_word' id='word_1_620' title='bbox 262 1953 382 1980; x_wconf 82' lang='lat' dir='ltr'>tristium</span> <span class='ocrx_word' id='word_1_621' title='bbox 410 1961 495 1993; x_wconf 83' lang='lat' dir='ltr'>atque</span> <span class='ocrx_word' id='word_1_622' title='bbox 523 1953 648 1995; x_wconf 81' lang='lat' dir='ltr'>inferum</span> <span class='ocrx_word' id='word_1_623' title='bbox 678 1955 763 1994; x_wconf 85' lang='lat' dir='ltr'>quasi</span> <span class='ocrx_word' id='word_1_624' title='bbox 790 1955 877 1982; x_wconf 83' lang='lat' dir='ltr'>ianua</span> <span class='ocrx_word' id='word_1_625' title='bbox 903 1961 1002 1992; x_wconf 84' lang='lat' dir='ltr'>patet,·</span> <span class='ocrx_word' id='word_1_626' title='bbox 1038 1962 1190 1994; x_wconf 84' lang='lat' dir='ltr'>propterea</span> <span class='ocrx_word' id='word_1_627' title='bbox 1213 1966 1270 1984; x_wconf 84' lang='lat' dir='ltr'>non</span> <span class='ocrx_word' id='word_1_628' title='bbox 1293 1954 1381 1984; x_wconf 80' lang='lat' dir='ltr'>modo</span> <span class='ocrx_word' id='word_1_629' title='bbox 1401 1953 1546 1994; x_wconf 84' lang='lat' dir='ltr'>praelium</span> <span class='ocrx_word' id='word_1_630' title='bbox 1569 1955 1727 1991; x_wconf 79' lang='lat' dir='ltr'>committi,</span> <span class='ocrx_word' id='word_1_631' title='bbox 1761 1965 1857 1983; x_wconf 87' lang='lat' dir='ltr'>verum</span> <span class='ocrx_word' id='word_1_632' title='bbox 1879 1953 1965 1982; x_wconf 83' lang='lat' dir='ltr'>etiam</span> <span class='ocrx_word' id='word_1_633' title='bbox 1990 1952 2127 1983; x_wconf 78' lang='lat' dir='ltr'>dilectum</span> <span class='ocrx_word' id='word_1_634' title='bbox 2150 1954 2192 1982; x_wconf 80' lang='lat' dir='ltr'>rei</span> 
     </span>
     <span class='ocr_line' id='line_1_43' title="bbox 262 1992 2190 2037; baseline 0.002 -17"><span class='ocrx_word' id='word_1_635' title='bbox 262 1992 395 2022; x_wconf 76' lang='lat' dir='ltr'>militaris</span> <span class='ocrx_word' id='word_1_636' title='bbox 417 2005 505 2023; x_wconf 84' lang='lat' dir='ltr'>causa</span> <span class='ocrx_word' id='word_1_637' title='bbox 528 1995 646 2033; x_wconf 75' lang='lat' dir='ltr'>habere,</span> <span class='ocrx_word' id='word_1_638' title='bbox 675 2007 712 2025; x_wconf 84' lang='lat' dir='ltr'>ac</span> <span class='ocrx_word' id='word_1_639' title='bbox 733 1995 852 2024; x_wconf 82' lang='lat' dir='ltr'>militem</span> <span class='ocrx_word' id='word_1_640' title='bbox 872 1997 1042 2035; x_wconf 81' lang='lat' dir='ltr'>proficisci:</span> <span class='ocrx_word' id='word_1_641' title='bbox 1071 1998 1169 2025; x_wconf 84' lang='lat' dir='ltr'>navim</span> <span class='ocrx_word' id='word_1_642' title='bbox 1192 1996 1317 2026; x_wconf 76' lang='lat' dir='ltr'>solvere.-</span> <span class='ocrx_word' id='word_1_643' title='bbox 1349 2008 1470 2026; x_wconf 74' lang='lat' dir='ltr'>uoeorem</span> <span class='ocrx_word' id='word_1_644' title='bbox 1493 1996 1614 2026; x_wconf 81' lang='lat' dir='ltr'>liberum</span> <span class='ocrx_word' id='word_1_645' title='bbox 1637 1995 1863 2037; x_wconf 79' lang='lat' dir='ltr'>quaerendorum</span> <span class='ocrx_word' id='word_1_646' title='bbox 1887 2007 1977 2025; x_wconf 84' lang='lat' dir='ltr'>causa</span> <span class='ocrx_word' id='word_1_647' title='bbox 1999 1994 2101 2025; x_wconf 80' lang='lat' dir='ltr'>ducere</span> <span class='ocrx_word' id='word_1_648' title='bbox 2122 1994 2190 2024; x_wconf 68' lang='lat' dir='ltr'>reli-</span> 
     </span>
     <span class='ocr_line' id='line_1_44' title="bbox 260 2035 2188 2078; baseline 0 -12"><span class='ocrx_word' id='word_1_649' title='bbox 260 2035 373 2073; x_wconf 73' lang='lat' dir='ltr'>giosum</span> <span class='ocrx_word' id='word_1_650' title='bbox 395 2043 443 2066; x_wconf 78' lang='lat' dir='ltr'>est,</span> <span class='ocrx_word' id='word_1_651' title='bbox 465 2036 560 2066; x_wconf 85' lang='lat' dir='ltr'>Scal.</span> <span class='ocrx_word' id='word_1_652' title='bbox 600 2039 728 2067; x_wconf 85' lang='lat' dir='ltr'>Mundus</span> <span class='ocrx_word' id='word_1_653' title='bbox 752 2037 800 2066; x_wconf 82' lang='lat' dir='ltr'>hic</span> <span class='ocrx_word' id='word_1_654' title='bbox 824 2043 867 2067; x_wconf 88' lang='lat' dir='ltr'>est</span> <span class='ocrx_word' id='word_1_655' title='bbox 890 2039 1021 2067; x_wconf 84' lang='lat' dir='ltr'>Platonis</span> <span class='ocrx_word' id='word_1_656' title='bbox 1044 2040 1141 2075; x_wconf 74' lang='lat' dir='ltr'>sedes,</span> <span class='ocrx_word' id='word_1_657' title='bbox 1165 2050 1222 2078; x_wconf 88' lang='lat' dir='ltr'>qua</span> <span class='ocrx_word' id='word_1_658' title='bbox 1247 2045 1364 2078; x_wconf 87' lang='lat' dir='ltr'>patente</span> <span class='ocrx_word' id='word_1_659' title='bbox 1388 2041 1450 2068; x_wconf 86' lang='lat' dir='ltr'>dies</span> <span class='ocrx_word' id='word_1_660' title='bbox 1473 2039 1541 2067; x_wconf 90' lang='lat' dir='ltr'>illos</span> <span class='ocrx_word' id='word_1_661' title='bbox 1562 2040 1712 2076; x_wconf 63' lang='lat' dir='ltr'>religiosos</span> <span class='ocrx_word' id='word_1_662' title='bbox 1735 2039 1882 2067; x_wconf 86' lang='lat' dir='ltr'>habebant</span> <span class='ocrx_word' id='word_1_663' title='bbox 1903 2043 2026 2067; x_wconf 68' lang='lat' dir='ltr'>veteres,</span> <span class='ocrx_word' id='word_1_664' title='bbox 2058 2038 2188 2067; x_wconf 78' lang='lat' dir='ltr'>Macrob.</span> 
     </span>
     <span class='ocr_line' id='line_1_45' title="bbox 264 2077 2190 2122; baseline -0.001 -13"><span class='ocrx_word' id='word_1_665' title='bbox 264 2078 381 2104; x_wconf 61' lang='lat' dir='ltr'>Saturn-</span> <span class='ocrx_word' id='word_1_666' title='bbox 401 2077 419 2104; x_wconf 77' lang='lat' dir='ltr'>l·</span> <span class='ocrx_word' id='word_1_667' title='bbox 444 2082 585 2116; x_wconf 44' lang='lat' dir='ltr'>cap-19*</span> <span class='ocrx_word' id='word_1_668' title='bbox 621 2081 683 2110; x_wconf 86' lang='lat' dir='ltr'>Nec</span> <span class='ocrx_word' id='word_1_669' title='bbox 705 2080 882 2109; x_wconf 85' lang='lat' dir='ltr'>Latinorum</span> <span class='ocrx_word' id='word_1_670' title='bbox 904 2089 1044 2120; x_wconf 79' lang='lat' dir='ltr'>tempore,</span> <span class='ocrx_word' id='word_1_671' title='bbox 1076 2093 1137 2121; x_wconf 77' lang='lat' dir='ltr'>qun,</span> <span class='ocrx_word' id='word_1_672' title='bbox 1155 2081 1272 2120; x_wconf 81' lang='lat' dir='ltr'>publice</span> <span class='ocrx_word' id='word_1_673' title='bbox 1296 2081 1444 2122; x_wconf 76' lang='lat' dir='ltr'>quondam</span> <span class='ocrx_word' id='word_1_674' title='bbox 1466 2080 1602 2110; x_wconf 76' lang='lat' dir='ltr'>induciae</span> <span class='ocrx_word' id='word_1_675' title='bbox 1623 2083 1697 2110; x_wconf 83' lang='lat' dir='ltr'>inter</span> <span class='ocrx_word' id='word_1_676' title='bbox 1716 2080 1855 2120; x_wconf 81' lang='lat' dir='ltr'>populum</span> <span class='ocrx_word' id='word_1_677' title='bbox 1879 2079 2081 2109; x_wconf 83' lang='lat' dir='ltr'>Romanorum</span> <span class='ocrx_word' id='word_1_678' title='bbox 2103 2079 2190 2108; x_wconf 76' lang='lat' dir='ltr'>Lati-</span> 
     </span>
     <span class='ocr_line' id='line_1_46' title="bbox 264 2118 2189 2165; baseline 0.002 -18"><span class='ocrx_word' id='word_1_679' title='bbox 264 2129 371 2157; x_wconf 78' lang='lat' dir='ltr'>nosque</span> <span class='ocrx_word' id='word_1_680' title='bbox 381 2118 522 2157; x_wconf 83' lang='lat' dir='ltr'>firmatae</span> <span class='ocrx_word' id='word_1_681' title='bbox 543 2129 623 2157; x_wconf 83' lang='lat' dir='ltr'>sunt,</span> <span class='ocrx_word' id='word_1_682' title='bbox 647 2122 781 2152; x_wconf 76' lang='lat' dir='ltr'>incohari</span> <span class='ocrx_word' id='word_1_683' title='bbox 803 2122 908 2151; x_wconf 82' lang='lat' dir='ltr'>bellum</span> <span class='ocrx_word' id='word_1_684' title='bbox 934 2122 1069 2158; x_wconf 78' lang='lat' dir='ltr'>decebat,</span> <span class='ocrx_word' id='word_1_685' title='bbox 1095 2135 1146 2152; x_wconf 89' lang='lat' dir='ltr'>nec</span> <span class='ocrx_word' id='word_1_686' title='bbox 1169 2123 1291 2153; x_wconf 83' lang='lat' dir='ltr'>Saturni</span> <span class='ocrx_word' id='word_1_687' title='bbox 1303 2124 1405 2165; x_wconf 81' lang='lat' dir='ltr'>festo,</span> <span class='ocrx_word' id='word_1_688' title='bbox 1435 2125 1486 2163; x_wconf 87' lang='lat' dir='ltr'>qui</span> <span class='ocrx_word' id='word_1_689' title='bbox 1507 2125 1568 2152; x_wconf 76' lang='lat' dir='ltr'>sine</span> <span class='ocrx_word' id='word_1_690' title='bbox 1589 2123 1650 2152; x_wconf 83' lang='lat' dir='ltr'>ullo</span> <span class='ocrx_word' id='word_1_691' title='bbox 1674 2123 1798 2152; x_wconf 80' lang='lat' dir='ltr'>tumultu</span> <span class='ocrx_word' id='word_1_692' title='bbox 1822 2121 1926 2151; x_wconf 84' lang='lat' dir='ltr'>bellico</span> <span class='ocrx_word' id='word_1_693' title='bbox 1949 2121 2076 2151; x_wconf 78' lang='lat' dir='ltr'>creditur</span> <span class='ocrx_word' id='word_1_694' title='bbox 2096 2123 2189 2160; x_wconf 71' lang='lat' dir='ltr'>impe-</span> 
     </span>
     <span class='ocr_line' id='line_1_47' title="bbox 265 2159 2190 2205; baseline 0.002 -16"><span class='ocrx_word' id='word_1_695' title='bbox 265 2170 352 2189; x_wconf 81' lang='lat' dir='ltr'>rasse.</span> <span class='ocrx_word' id='word_1_696' title='bbox 397 2159 458 2187; x_wconf 80' lang='lat' dir='ltr'>Nec</span> <span class='ocrx_word' id='word_1_697' title='bbox 483 2168 596 2198; x_wconf 78' lang='lat' dir='ltr'>patente</span> <span class='ocrx_word' id='word_1_698' title='bbox 624 2164 746 2201; x_wconf 78' lang='lat' dir='ltr'>mundo,</span> <span class='ocrx_word' id='word_1_699' title='bbox 783 2164 862 2204; x_wconf 80' lang='lat' dir='ltr'>quod</span> <span class='ocrx_word' id='word_1_700' title='bbox 889 2177 1004 2195; x_wconf 83' lang='lat' dir='ltr'>sacrum</span> <span class='ocrx_word' id='word_1_701' title='bbox 1028 2166 1093 2195; x_wconf 78' lang='lat' dir='ltr'>Diti</span> <span class='ocrx_word' id='word_1_702' title='bbox 1118 2168 1198 2204; x_wconf 87' lang='lat' dir='ltr'>patri</span> <span class='ocrx_word' id='word_1_703' title='bbox 1226 2175 1251 2195; x_wconf 84' lang='lat' dir='ltr'>et</span> <span class='ocrx_word' id='word_1_704' title='bbox 1274 2166 1464 2205; x_wconf 77' lang='lat' dir='ltr'>Proserpinae</span> <span class='ocrx_word' id='word_1_705' title='bbox 1489 2165 1619 2194; x_wconf 82' lang='lat' dir='ltr'>dicatum</span> <span class='ocrx_word' id='word_1_706' title='bbox 1642 2173 1698 2202; x_wconf 86' lang='lat' dir='ltr'>est,</span> <span class='ocrx_word' id='word_1_707' title='bbox 1732 2164 1889 2205; x_wconf 81' lang='lat' dir='ltr'>meliusque</span> <span class='ocrx_word' id='word_1_708' title='bbox 1913 2163 2033 2193; x_wconf 65' lang='lat' dir='ltr'>occlusa</span> <span class='ocrx_word' id='word_1_709' title='bbox 2055 2163 2190 2193; x_wconf 76' lang='lat' dir='ltr'>Plutonis</span> 
     </span>
     <span class='ocr_line' id='line_1_48' title="bbox 262 2200 2191 2247; baseline 0.002 -17"><span class='ocrx_word' id='word_1_710' title='bbox 262 2203 351 2242; x_wconf 64' lang='lat' dir='ltr'>fauce</span> <span class='ocrx_word' id='word_1_711' title='bbox 373 2200 495 2229; x_wconf 73' lang='lat' dir='ltr'>eundum</span> <span class='ocrx_word' id='word_1_712' title='bbox 518 2202 558 2230; x_wconf 75' lang='lat' dir='ltr'>atl</span> <span class='ocrx_word' id='word_1_713' title='bbox 579 2205 719 2241; x_wconf 85' lang='lat' dir='ltr'>praelium</span> <span class='ocrx_word' id='word_1_714' title='bbox 739 2214 929 2245; x_wconf 81' lang='lat' dir='ltr'>putaverunt:</span> <span class='ocrx_word' id='word_1_715' title='bbox 964 2207 1039 2237; x_wconf 80' lang='lat' dir='ltr'>unde</span> <span class='ocrx_word' id='word_1_716' title='bbox 1062 2216 1087 2237; x_wconf 77' lang='lat' dir='ltr'>ct</span> <span class='ocrx_word' id='word_1_717' title='bbox 1113 2208 1210 2238; x_wconf 79' lang='lat' dir='ltr'>Varro</span> <span class='ocrx_word' id='word_1_718' title='bbox 1232 2211 1274 2237; x_wconf 85' lang='lat' dir='ltr'>ita</span> <span class='ocrx_word' id='word_1_719' title='bbox 1295 2208 1414 2238; x_wconf 79' lang='lat' dir='ltr'>scribit:</span> <span class='ocrx_word' id='word_1_720' title='bbox 1449 2207 1579 2237; x_wconf 74' lang='lat' dir='ltr'>M&#39;undus</span> <span class='ocrx_word' id='word_1_721' title='bbox 1608 2219 1673 2237; x_wconf 85' lang='lat' dir='ltr'>cum</span> <span class='ocrx_word' id='word_1_722' title='bbox 1700 2215 1780 2247; x_wconf 76' lang='lat' dir='ltr'>patet</span> <span class='ocrx_word' id='word_1_723' title='bbox 1802 2207 1928 2235; x_wconf 85' lang='lat' dir='ltr'>Deorum</span> <span class='ocrx_word' id='word_1_724' title='bbox 1955 2207 2079 2235; x_wconf 74' lang='lat' dir='ltr'>tristium</span> <span class='ocrx_word' id='word_1_725' title='bbox 2105 2213 2191 2246; x_wconf 70' lang='lat' dir='ltr'>atque</span> 
     </span>
     <span class='ocr_line' id='line_1_49' title="bbox 265 2243 2189 2289; baseline 0.001 -15"><span class='ocrx_word' id='word_1_726' title='bbox 265 2243 390 2284; x_wconf 80' lang='lat' dir='ltr'>infirum</span> <span class='ocrx_word' id='word_1_727' title='bbox 413 2244 497 2283; x_wconf 72' lang='lat' dir='ltr'>quusi</span> <span class='ocrx_word' id='word_1_728' title='bbox 519 2245 606 2273; x_wconf 79' lang='lat' dir='ltr'>ianua</span> <span class='ocrx_word' id='word_1_729' title='bbox 627 2255 714 2284; x_wconf 85' lang='lat' dir='ltr'>patet.</span> <span class='ocrx_word' id='word_1_730' title='bbox 759 2250 917 2288; x_wconf 82' lang='lat' dir='ltr'>Propterea</span> <span class='ocrx_word' id='word_1_731' title='bbox 939 2262 996 2279; x_wconf 88' lang='lat' dir='ltr'>non</span> <span class='ocrx_word' id='word_1_732' title='bbox 1019 2250 1106 2280; x_wconf 77' lang='lat' dir='ltr'>modo</span> <span class='ocrx_word' id='word_1_733' title='bbox 1126 2250 1270 2289; x_wconf 80' lang='lat' dir='ltr'>praelium</span> <span class='ocrx_word' id='word_1_734' title='bbox 1294 2252 1449 2286; x_wconf 85' lang='lat' dir='ltr'>committi,</span> <span class='ocrx_word' id='word_1_735' title='bbox 1486 2261 1582 2279; x_wconf 83' lang='lat' dir='ltr'>verum</span> <span class='ocrx_word' id='word_1_736' title='bbox 1605 2251 1691 2278; x_wconf 82' lang='lat' dir='ltr'>etiam</span> <span class='ocrx_word' id='word_1_737' title='bbox 1715 2249 1855 2278; x_wconf 81' lang='lat' dir='ltr'>delectum</span> <span class='ocrx_word' id='word_1_738' title='bbox 1879 2250 1920 2278; x_wconf 80' lang='lat' dir='ltr'>rei</span> <span class='ocrx_word' id='word_1_739' title='bbox 1942 2247 2079 2278; x_wconf 79' lang='lat' dir='ltr'>militaris</span> <span class='ocrx_word' id='word_1_740' title='bbox 2101 2257 2189 2277; x_wconf 81' lang='lat' dir='ltr'>causa</span> 
     </span>
     <span class='ocr_line' id='line_1_50' title="bbox 267 2284 2188 2333; baseline 0 -17"><span class='ocrx_word' id='word_1_741' title='bbox 267 2285 383 2322; x_wconf 65' lang='lat' dir='ltr'>luthere,</span> <span class='ocrx_word' id='word_1_742' title='bbox 406 2296 443 2314; x_wconf 76' lang='lat' dir='ltr'>ac</span> <span class='ocrx_word' id='word_1_743' title='bbox 465 2284 584 2314; x_wconf 84' lang='lat' dir='ltr'>militem</span> <span class='ocrx_word' id='word_1_744' title='bbox 604 2289 766 2325; x_wconf 83' lang='lat' dir='ltr'>proficisci,</span> <span class='ocrx_word' id='word_1_745' title='bbox 790 2302 888 2320; x_wconf 83' lang='lat' dir='ltr'>navem</span> <span class='ocrx_word' id='word_1_746' title='bbox 910 2291 1032 2329; x_wconf 82' lang='lat' dir='ltr'>solvere,</span> <span class='ocrx_word' id='word_1_747' title='bbox 1056 2303 1177 2322; x_wconf 73' lang='lat' dir='ltr'>uxorem</span> <span class='ocrx_word' id='word_1_748' title='bbox 1201 2292 1322 2322; x_wconf 80' lang='lat' dir='ltr'>liberum</span> <span class='ocrx_word' id='word_1_749' title='bbox 1345 2291 1573 2333; x_wconf 76' lang='lat' dir='ltr'>quaerendorum</span> <span class='ocrx_word' id='word_1_750' title='bbox 1597 2303 1686 2321; x_wconf 81' lang='lat' dir='ltr'>causa</span> <span class='ocrx_word' id='word_1_751' title='bbox 1709 2291 1811 2320; x_wconf 78' lang='lat' dir='ltr'>ducere</span> <span class='ocrx_word' id='word_1_752' title='bbox 1832 2290 1997 2330; x_wconf 76' lang='lat' dir='ltr'>religiosum</span> <span class='ocrx_word' id='word_1_753' title='bbox 2019 2298 2067 2319; x_wconf 80' lang='lat' dir='ltr'>est.</span> <span class='ocrx_word' id='word_1_754' title='bbox 2106 2289 2188 2317; x_wconf 87' lang='lat' dir='ltr'>Unde</span> 
     </span>
     <span class='ocr_line' id='line_1_51' title="bbox 267 2327 2187 2374; baseline -0.001 -14"><span class='ocrx_word' id='word_1_755' title='bbox 267 2327 358 2356; x_wconf 67' lang='lat' dir='ltr'>Verba</span> <span class='ocrx_word' id='word_1_756' title='bbox 380 2327 457 2355; x_wconf 69' lang='lat' dir='ltr'>Fesli</span> <span class='ocrx_word' id='word_1_757' title='bbox 480 2329 549 2356; x_wconf 71' lang='lat' dir='ltr'>salis</span> <span class='ocrx_word' id='word_1_758' title='bbox 571 2329 780 2365; x_wconf 70' lang='lat' dir='ltr'>intelltguutur-</span> <span class='ocrx_word' id='word_1_759' title='bbox 812 2334 867 2361; x_wconf 83' lang='lat' dir='ltr'>Sed</span> <span class='ocrx_word' id='word_1_760' title='bbox 890 2335 918 2362; x_wconf 90' lang='lat' dir='ltr'>in</span> <span class='ocrx_word' id='word_1_761' title='bbox 941 2335 976 2362; x_wconf 89' lang='lat' dir='ltr'>iis</span> <span class='ocrx_word' id='word_1_762' title='bbox 1000 2337 1141 2373; x_wconf 80' lang='lat' dir='ltr'>quaedam</span> <span class='ocrx_word' id='word_1_763' title='bbox 1165 2336 1284 2372; x_wconf 83' lang='lat' dir='ltr'>mutila,</span> <span class='ocrx_word' id='word_1_764' title='bbox 1309 2336 1452 2374; x_wconf 88' lang='lat' dir='ltr'>quaedam</span> <span class='ocrx_word' id='word_1_765' title='bbox 1475 2335 1563 2363; x_wconf 87' lang='lat' dir='ltr'>etiam</span> <span class='ocrx_word' id='word_1_766' title='bbox 1586 2339 1725 2373; x_wconf 85' lang='lat' dir='ltr'>corrupta</span> <span class='ocrx_word' id='word_1_767' title='bbox 1751 2338 1828 2363; x_wconf 89' lang='lat' dir='ltr'>sunt.</span> <span class='ocrx_word' id='word_1_768' title='bbox 1870 2335 1966 2371; x_wconf 79' lang='lat' dir='ltr'>Atque</span> <span class='ocrx_word' id='word_1_769' title='bbox 1987 2333 2084 2361; x_wconf 82' lang='lat' dir='ltr'>statim</span> <span class='ocrx_word' id='word_1_770' title='bbox 2105 2332 2187 2359; x_wconf 86' lang='lat' dir='ltr'>initio</span> 
     </span>
     <span class='ocr_line' id='line_1_52' title="bbox 270 2369 2187 2411; baseline 0.002 -13"><span class='ocrx_word' id='word_1_771' title='bbox 270 2369 467 2408; x_wconf 77' lang='lat' dir='ltr'>supplendum</span> <span class='ocrx_word' id='word_1_772' title='bbox 491 2376 547 2399; x_wconf 89' lang='lat' dir='ltr'>est:</span> <span class='ocrx_word' id='word_1_773' title='bbox 575 2370 718 2399; x_wconf 81' lang='lat' dir='ltr'>Postridie</span> <span class='ocrx_word' id='word_1_774' title='bbox 743 2372 922 2404; x_wconf 70' lang='lat' dir='ltr'>l‘alcanalia</span> <span class='ocrx_word' id='word_1_775' title='bbox 939 2375 994 2405; x_wconf 83' lang='lat' dir='ltr'>IV.</span> <span class='ocrx_word' id='word_1_776' title='bbox 1017 2377 1094 2405; x_wconf 87' lang='lat' dir='ltr'>Non.</span> <span class='ocrx_word' id='word_1_777' title='bbox 1122 2377 1240 2408; x_wconf 81' lang='lat' dir='ltr'>Octobr.</span> <span class='ocrx_word' id='word_1_778' title='bbox 1263 2386 1289 2407; x_wconf 83' lang='lat' dir='ltr'>et</span> <span class='ocrx_word' id='word_1_779' title='bbox 1311 2386 1378 2406; x_wconf 81' lang='lat' dir='ltr'>ante</span> <span class='ocrx_word' id='word_1_780' title='bbox 1400 2377 1474 2406; x_wconf 81' lang='lat' dir='ltr'>diem</span> <span class='ocrx_word' id='word_1_781' title='bbox 1497 2384 1611 2406; x_wconf 77' lang='lat' dir='ltr'>sextum</span> <span class='ocrx_word' id='word_1_782' title='bbox 1636 2375 1680 2405; x_wconf 80' lang='lat' dir='ltr'>Id.</span> <span class='ocrx_word' id='word_1_783' title='bbox 1704 2375 1857 2406; x_wconf 83' lang='lat' dir='ltr'>Novembr.</span> <span class='ocrx_word' id='word_1_784' title='bbox 1903 2377 1935 2403; x_wconf 77' lang='lat' dir='ltr'>Et</span> <span class='ocrx_word' id='word_1_785' title='bbox 1958 2376 1995 2402; x_wconf 77' lang='lat' dir='ltr'>ita</span> <span class='ocrx_word' id='word_1_786' title='bbox 2020 2379 2080 2407; x_wconf 81' lang='lat' dir='ltr'>est,</span> <span class='ocrx_word' id='word_1_787' title='bbox 2107 2378 2187 2411; x_wconf 76' lang='lat' dir='ltr'>pate-</span> 
     </span>
     <span class='ocr_line' id='line_1_53' title="bbox 269 2411 2189 2454; baseline 0.002 -14"><span class='ocrx_word' id='word_1_788' title='bbox 269 2412 320 2440; x_wconf 89' lang='lat' dir='ltr'>bat</span> <span class='ocrx_word' id='word_1_789' title='bbox 341 2411 418 2440; x_wconf 86' lang='lat' dir='ltr'>enim</span> <span class='ocrx_word' id='word_1_790' title='bbox 444 2413 572 2441; x_wconf 88' lang='lat' dir='ltr'>muudus</span> <span class='ocrx_word' id='word_1_791' title='bbox 593 2413 644 2441; x_wconf 85' lang='lat'>111.</span> <span class='ocrx_word' id='word_1_792' title='bbox 666 2413 729 2441; x_wconf 84' lang='lat' dir='ltr'>Kal.</span> <span class='ocrx_word' id='word_1_793' title='bbox 753 2416 898 2451; x_wconf 75' lang='lat' dir='ltr'>Septemb.</span> <span class='ocrx_word' id='word_1_794' title='bbox 920 2428 984 2446; x_wconf 87' lang='lat' dir='ltr'>nam</span> <span class='ocrx_word' id='word_1_795' title='bbox 1007 2419 1054 2446; x_wconf 78' lang='lat' dir='ltr'>lv.</span> <span class='ocrx_word' id='word_1_796' title='bbox 1078 2425 1162 2448; x_wconf 86' lang='lat' dir='ltr'>erant</span> <span class='ocrx_word' id='word_1_797' title='bbox 1186 2421 1362 2449; x_wconf 84' lang='lat' dir='ltr'>Valcanalia.</span> <span class='ocrx_word' id='word_1_798' title='bbox 1407 2420 1478 2448; x_wconf 80' lang='lat' dir='ltr'>Item</span> <span class='ocrx_word' id='word_1_799' title='bbox 1501 2419 1548 2448; x_wconf 91' lang='lat' dir='ltr'>IV.</span> <span class='ocrx_word' id='word_1_800' title='bbox 1570 2420 1645 2448; x_wconf 89' lang='lat' dir='ltr'>Non.</span> <span class='ocrx_word' id='word_1_801' title='bbox 1669 2419 1789 2447; x_wconf 89' lang='lat' dir='ltr'>Octobr.</span> <span class='ocrx_word' id='word_1_802' title='bbox 1810 2418 1840 2446; x_wconf 93' lang='lat' dir='ltr'>id</span> <span class='ocrx_word' id='word_1_803' title='bbox 1864 2422 1910 2454; x_wconf 35' lang='lat' dir='ltr'>est·</span> <span class='ocrx_word' id='word_1_804' title='bbox 1929 2417 1975 2444; x_wconf 83' lang='lat' dir='ltr'>die</span> <span class='ocrx_word' id='word_1_805' title='bbox 1998 2415 2045 2445; x_wconf 80' lang='lat' dir='ltr'>[v.</span> <span class='ocrx_word' id='word_1_806' title='bbox 2067 2416 2189 2444; x_wconf 78' lang='lat' dir='ltr'>Octobr.</span> 
     </span>
    </p>
   </div>
  </div>
 </body>
</html>
