2263 2668
479 158 543 191 DE
570 159 959 195 SIGNIFICATIONE
986 159 1269 195 VERBORUM.
1325 164 1470 199 LIBER
1496 164 1586 200 XIX.

1938 168 2007 203 161

64 250 234 284 Venerari
259 250 400 284 verbum
426 252 651 296 compositum
679 265 719 288 ex
746 255 842 288 venia
868 257 900 287 et
926 253 1065 289 orando.

63 301 261 336 Ventabant
287 302 445 336 dicebant
471 304 595 347 antiqui
605 301 640 348 ³³,
677 305 767 339 unde
793 305 1041 350 praepositione
1068 304 1199 340 adiecta
1224 306 1262 340 fit
1288 308 1538 344 adventabant.

64 354 246 388 Viminalis
271 359 372 398 porta
398 360 431 388 et
456 355 554 388 collis
581 354 839 401 appellantur³⁴‚
879 356 972 401 quod
998 357 1045 391 ibi
1071 357 1230 391 viminum
1259 359 1357 393 fuisse
1383 361 1464 395 silva
1490 362 1628 396 videtur.

63 404 209 439 rivatus
236 410 268 439 et
293 406 432 440 vividus
457 418 476 439 a
501 407 533 440 vi
560 419 683 453 magna
710 409 872 443 dicuntur.

64 457 222 491 Umbrae
247 463 408 492 vocantur
432 458 676 503 Neptunalibus
704 471 799 494 casae
822 459 983 493 frondeae
1008 471 1073 505 pro
1100 461 1330 494 tabernaculis.

65 508 232 542 Vallescit
257 510 410 553 perierit,
437 507 597 543 dictum³5
620 523 638 544 a
664 513 752 545 vallo
779 512 926 554 militari,
957 512 1050 556 quod
1077 512 1115 544 fit
1142 513 1231 546 circa
1258 519 1380 554 castra,
1416 515 1509 557 quod
1536 512 1626 558 qui³⁶
1649 527 1689 549 eo
1718 516 1889 549 eiiciuntur
1899 513 1924 534 ³⁷
1945 529 2008 562 pro

159 561 297 606 perditis
321 560 496 595 habentur.

67 620 238 654 Vexillum
265 621 495 654 diminutivum
523 619 604 655 θείῃ
625 635 645 656 a
671 623 758 656 velo,

67 669 267 706 Vinnulusffl’
287 670 442 706 dicitur⁴⁰
464 674 613 707 molliter
638 687 672 709 se
698 686 818 720 gerens
846 679 879 708 et
906 675 1040 708 minime
1067 674 1149 718 quid
1175 675 1310 708 viriliter
1336 675 1470 710 faciens.

67 723 185 757 Victus
210 724 409 769 languidus,
449 725 518 759 sine
544 727 576 759 vi
603 731 636 760 et
661 726 862 760 naturalibus
889 727 1034 771 privatus
1060 726 1193 760 viribus.

68 775 251 821 Ungustus
276 776 368 809 fustis
393 787 506 810 uncus.

69 826 205 860 Vadem
231 839 425 872 sponsorem
451 828 616 874 significat
642 828 757 862 datum
784 829 817 862 in
843 840 879 862 re
905 829 1050 874 capitali.

69 878 307 912 lfecticularia
332 880 398 912 vita
427 880 547 914 dicitur
574 892 708 923 eorum,
748 880 805 925 qui
831 882 978 914 vectibus
1003 880 1146 926 parietes
1173 879 1298 913 alienos
1308 876 1332 896 ⁴¹
1356 880 1551 924 perfodiunt
1577 881 1707 913 furandi
1734 882 1850 926 gratia.

1911 881 2013 915 Cato:

171 930 443 965 Vecticulariam
469 933 579 966 vitam
605 933 739 976 vivere,
772 936 914 977 repente
941 933 1096 979 largiter
1121 931 1274 973 habere,
1310 935 1452 977 repente
1478 932 1574 966 nihil.

70 990 206 1023 Viritz'm
237 990 358 1025 dicitur
391 991 480 1033 dari,
529 992 621 1036 quod
649 993 747 1026 datur
772 1004 834 1037 per
861 993 1009 1039 singulos
1033 993 1132 1027 viros.

167 1042 293 1076 divisa.

70 1102 240 1135 Uxorium
268 1102 467 1146 pependisse
493 1102 628 1144 dicitur,
670 1103 727 1146 qui
755 1100 882 1146 quod⁴²
903 1113 1041 1136 uxorem
1067 1112 1133 1135 non
1160 1098 1360 1143 habuerit⁴³‚

1193 991 1298 1026 Cato:
1346 991 1495 1025 Praeda
1522 1004 1613 1036 quae
1640 997 1748 1038 capta
1776 998 1842 1035 est,
1886 993 2014 1027 viritim

1402 1114 1452 1134 res
1479 1103 1612 1147 populo
1640 1103 1733 1136 dedit
1743 1101 1776 1136 ⁴4.

71 1150 338 1193 Vulturnaliaffi,
373 1154 539 1186 Vulturno
565 1165 626 1187 suo
653 1154 719 1188 deo
729 1150 753 1171 ⁴⁶
776 1165 869 1188 sacra
895 1154 1080 1196 faciebant,
1117 1154 1208 1188 cuius
1235 1153 1445 1187 sacerdotem
1471 1154 1702 1188 Vulturnalem
1730 1161 1849 1188 vocant
1859 1151 1893 1189 ⁴⁷.

71 1205 135 1238 Uls
160 1205 245 1238 Cato
271 1216 335 1250 pro
362 1206 448 1238 ultra
471 1205 592 1250 posuit.

72 1256 208 1290 l''esczcli
234 1257 322 1290 male
349 1257 453 1291 curati
479 1263 512 1290 et
537 1257 680 1302 graciles
712 1256 873 1290 homines.

940 1257 989 1290 J'e
1021 1257 1108 1290 enim
1141 1257 1304 1301 syllabam
1339 1257 1386 1290 rei
1418 1268 1542 1301 parvae
1575 1258 1846 1303 praeponebant,
1895 1254 2019 1289 unde⁴⁸

174 1308 334 1341 7¹⁷eiovem
361 1320 500 1353 parvum
528 1309 643 1342 lovem
655 1305 680 1326 ‘¹⁹
703 1313 735 1342 et
761 1308 985 1354 vegrandem
1012 1309 1125 1342 fabam
1152 1309 1312 1342 minutam
1340 1309 1505 1342 dicebant.

72 1367 263 1400 Vaticanus
295 1368 390 1402 collis
420 1367 611 1413 appellatus
638 1372 701 1410 est,
748 1369 842 1413 quod
870 1380 910 1403 eo
935 1370 1060 1414 potitus
1086 1365 1160 1402 sit⁵⁰
1179 1369 1326 1414 populus
1353 1370 1524 1402 Romanus
1550 1374 1661 1401 vatum
1689 1379 1847 1413 responso
1875 1368 2018 1413 expulsis

168 1419 323 1452 Etruscis.

73 1475 305 1512 Vivissimus⁵¹
327 1479 544 1524 superlativus
570 1492 590 1512 a
616 1480 739 1513 vivido.

73 1527 325 1576 Ungulatros⁵²
343 1542 472 1576 ungues
497 1542 638 1575 magnos
663 1536 764 1575 atque
791 1542 927 1577 asperos
954 1531 1039 1565 Cato
1067 1531 1261 1576 appellavit.

74 1581 297 1615 Verberitare
322 1582 412 1615 idem
441 1582 525 1616 Cato
552 1583 793 1626 frequentative
819 1584 862 1617 ab
890 1595 948 1624 eo,
984 1583 1076 1627 quod
1105 1589 1153 1616 est
1180 1584 1336 1623 verbero,
1364 1581 1454 1614 dixit.

76 1633 184 1679 Vopte
210 1644 273 1677 pro
283 1629 307 1649 ⁵³
327 1645 386 1666 vos
410 1634 474 1678 ipsi
501 1633 586 1667 Cato
612 1635 732 1678 posuit.

77 1683 146 1718 Ver
171 1695 313 1717 sacrum
340 1685 484 1718 vovendi
511 1697 582 1718 mos
609 1686 671 1718 fuit
694 1686 794 1720 Italis.
816 1685 953 1731 Magnis
981 1686 1067 1718 enim
1082 1686 1240 1731 periculis
1268 1684 1407 1717 adducti
1434 1682 1610 1724 vovebant,
1627 1693 1845 1726 quaecunque
1868 1682 2022 1726 proximo

172 1747 249 1768 vere
283 1742 359 1769 nata
391 1741 497 1770 essent
528 1737 619 1781 apud
653 1749 687 1770 se
721 1737 876 1770 animalia
909 1738 1147 1771 immolaturos.

1215 1737 1284 1769 Sed
1320 1746 1423 1779 quum
1457 1733 1594 1768 crudele
1626 1734 1793 1767 videretur
1825 1744 1948 1779 pueros
1982 1745 2021 1767 ac

172 1787 301 1831 puellas
326 1785 549 1822 innocentes&
571 1789 775 1831 interlicere,
823 1790 1004 1834 perductos
1037 1790 1070 1822 in
1103 1789 1252 1822 adultam
1279 1792 1420 1820 aetatem
1447 1785 1604 1819 velabant
1629 1791 1728 1829 atque
1754 1786 1797 1818 ita
1823 1790 1914 1819 extra
1940 1785 2022 1818 fines

174 1850 249 1871 suos
275 1839 461 1884 exigebant.

72 1975 117 2003 pr.
162 1964 239 1993 Scal.
267 1965 414 2003 expressit
443 1963 565 1993 schedas
594 1964 682 1994 Festi.
719 1983 760 1987 —
792 1963 842 2006 32)
872 1968 931 1994 vin.
958 1976 1026 1994 nov.

76 2005 158 2046 Ιυυῐ]
191 2007 257 2034 Iovi
284 2018 350 2037 nov.
377 2008 437 2037 vin.
464 2008 495 2036 L.
539 2018 605 2037 γιον.
632 2009 692 2037 vin.
721 2008 753 2036 B.
784 2008 841 2039 Gu,
859 2011 884 2038 1.
910 2024 952 2030 —-
978 2007 1028 2046 33)

74 2049 214 2088 antiqui]
245 2060 300 2078 om.
324 2050 356 2078 B.
387 2066 429 2071 —
459 2050 507 2086 34)
537 2050 749 2089 appellantur]
778 2051 825 2078 Sic
854 2050 892 2078 M.
923 2051 979 2079 Gu.
997 2052 1028 2082 2.

74 2092 308 2131 appellabantur
336 2093 415 2130 vulg.
460 2092 671 2131 appellabatur
698 2094 755 2126 Gu.
774 2095 803 2124 1.
832 2109 874 2114 —
905 2096 950 2128 35)
981 2092 1028 2120 di-

75 2136 168 2170 clam]
193 2134 260 2163 add.
285 2135 339 2163 Gu.
354 2138 383 2166 2.
406 2150 448 2156 -—
470 2139 514 2170 36)
537 2134 602 2173 qui]
627 2146 696 2163 cam
718 2136 747 2163 L.
792 2146 870 2174 quae
891 2136 923 2165 B.
970 2146 1029 2174 quo

76 2178 132 2205 Gu.
151 2180 175 2208 l.
190 2181 220 2210 2.
252 2194 293 2198 —
323 2179 371 2213 37)
394 2177 574 2216 eliciuntur]
597 2179 750 2205 eiciuntur
770 2178 809 2207 M.
832 2194 874 2199 —
897 2177 942 2216 38)
967 2177 1028 2217 est]

75 2231 130 2248 om.
154 2220 184 2247 B.
221 2236 258 2241 —
288 2217 338 2259 39)
367 2219 538 2258 Vinnulus]
569 2220 617 2248 Sic
641 2221 741 2251 Gu.2.
793 2221 925 2248 Vinulus
948 2221 1028 2259 vulg.

79 2263 209 2290 st'nolus
233 2262 288 2291 Gu.
305 2265 332 2293 1.
363 2279 403 2284 —-
433 2262 477 2300 40)
499 2261 633 2300 dicitur]
657 2273 713 2291 om.
734 2263 768 2292 Β.
793 2279 829 2284 ——
854 2263 902 2300 41)
920 2265 1029 2301 pariet.

75 2305 182 2344 aliem]
214 2305 262 2333 Sic
292 2304 329 2332 M.
362 2306 415 2334 Gu.
440 2307 470 2335 2.
502 2306 529 2333 S.
570 2304 690 2343 persod.
719 2306 760 2333 al.
792 2305 873 2343 vulg.
909 2322 948 2328 —-
982 2307 1030 2342 42)

76 2346 174 2386 quod]
206 2349 297 2386 quasi
324 2347 356 2376 B.
388 2363 428 2369 -—
460 2346 505 2386 43)
532 2347 690 2386 habuerit]
719 2348 828 2376 habuit
852 2348 881 2376 L.
912 2365 953 2371 —
983 2347 1028 2388 44)

127 2409 292 2437 (ὶΒΑΜΜΛΤ,
318 2418 385 2435 mr.
401 2407 435 2435 ll.

1069 1963 1164 2001 dedit]
1188 1963 1315 1991 credidit
1338 1963 1369 1991 B.
1414 1973 1465 1991 aes
1487 1973 1541 2002 pro
1564 1974 1610 1991 res
1633 1964 1660 1992 S.
1683 1979 1724 1984 —
1746 1962 1793 1999 45)
1817 1962 1951 1998 Vultum]
1975 1962 2023 1991 Sic

1072 2008 1128 2036 Gu.
1141 2010 1168 2039 2.
1192 2006 1248 2035 hoc
1270 2006 1335 2034 loco
1359 2010 1387 2035 et
1409 2011 1519 2045 postea.
1567 2006 1706 2034 Volturn.
1728 2005 1809 2043 vulg.
1832 2021 1874 2026 -
1896 2005 1943 2043 46)
1967 2016 2022 2033 suo

1072 2049 1144 2085 deo]
1172 2048 1225 2077 deo
1248 2060 1305 2077 sua
1327 2049 1357 2079 L.
1380 2049 1411 2077 Β.
1436 2049 1492 2077 Gu.
1511 2051 1538 2080 1.
1561 2059 1608 2088 pr.
1631 2049 1658 2077 S.
1682 2063 1722 2069 —
1748 2046 1795 2086 47)
1817 2048 1944 2087 vocant]
1967 2058 2022 2075 νο-

1073 2093 1185 2121 cabant
1208 2092 1240 2120 B.
1256 2093 1285 2120 S.
1315 2093 1401 2120 cuia-⁹
1423 2101 1518 2130 usque
1541 2090 1579 2120 ad
1604 2101 1632 2120 v.
1655 2095 1764 2119 vocant
1787 2100 1844 2119 om.
1868 2091 1962 2122 Gu.1.
1981 2107 2022 2112 —

1072 2137 1117 2168 48)
1141 2133 1234 2174 unde]
1262 2134 1360 2163 Varro
1384 2134 1452 2165 add.
1474 2135 1506 2165 Β,
1529 2151 1567 2155 -—
1589 2131 1636 2173 49)
1653 2144 1790 2172 parvum
1813 2133 1888 2169 Iov.]
1913 2144 1970 2162 om.
1992 2134 2022 2161 L.

1074 2178 1129 2206 Gu.
1148 2181 1175 2209 1.
1200 2188 1243 2217 pr.
1287 2188 1321 2205 ve
1340 2188 1475 2215 paruum
1498 2176 1597 2205 Iovem
1618 2176 1649 2205 B.
1672 2175 1766 2215 (sic).
1797 2193 1839 2198 —
1872 2175 1919 2215 50)
1942 2178 2024 2214 poti-

1073 2226 1123 2248 tus
1147 2220 1205 2259 sit]
1224 2221 1348 2259 positus
1369 2222 1409 2248 sit
1433 2221 1489 2249 Gu.
1508 2222 1533 2251 1.
1572 2220 1680 2258 potius
1702 2221 1743 2247 sit
1765 2219 1803 2248 M.
1843 2220 1962 2258 potitus
1983 2224 2025 2246 est

1072 2264 1103 2292 L.
1128 2280 1163 2284 —
1188 2266 1233 2297 51)
1262 2262 1461 2303 Vivisismus]
1483 2261 1704 2291 Vividissimus
1725 2263 1757 2292 L.
1779 2278 1821 2284 --
1844 2263 1893 2299 52)
1921 2261 2024 2299 Ungu-

1072 2306 1179 2345 latros]
1202 2306 1379 2345 Vigulatloo
1398 2307 1427 2337 L.
1480 2305 1651 2344 Ungulatos
1671 2306 1727 2336 Gu.
1745 2307 1771 2337 1.
1794 2314 1842 2344 pr.
1861 2306 1889 2335 S.
1913 2319 1954 2325 -—
1976 2301 2023 2340 53)

1067 2349 1139 2388 pro]
1163 2359 1218 2378 om.
1240 2349 1272 2379 B.
1295 2366 1336 2372 -—·
1357 2352 1402 2388 54)
1425 2347 1605 2387 innocentes]
1628 2359 1684 2378 om.
1703 2348 1733 2378 L.

1579 2401 1610 2434 X
