2263 2668
224 176 296 209 732
651 167 994 202 COMMENTARH
1019 170 1066 203 IN
1092 169 1236 203 PAULI
1262 169 1456 203 DIACOM
1483 169 1739 204 EXCERPTA

223 265 439 300 tantummodo,
471 269 498 291 et
521 272 553 289 eo
578 271 637 289 non
662 260 821 289 utebantur
844 261 982 297 Romani,
1021 262 1073 290 sed
1097 262 1291 299 Praenestini,
1328 273 1455 301 quorum
1479 263 1609 301 linguam
1632 263 1798 292 irridebant
1820 263 1952 290 Romani.
1998 263 2094 291 Attius
2116 264 2165 293 hic

223 315 267 338 est
290 310 327 338 M.
344 308 439 336 Attius
462 306 596 333 Plautus:
620 304 716 331 Locus
739 308 783 332 est
806 305 833 331 iu
859 304 1029 332 Trinummo
1054 305 1117 333 Act.
1135 305 1183 335 ΙΙΙ.
1205 315 1245 335 sc.
1261 308 1293 340 1,
1316 306 1383 341 (8.)2
1414 306 1461 333 Ca.
1488 304 1696 344 Quamdutium
1720 307 1811 341 istuc,
1835 312 1885 333 aut
1909 304 1959 333 ubi
1981 312 2078 334 actum
2101 304 2167 335 est?

222 354 264 380 St.
294 351 368 379 Ilico
391 349 438 376 hic
460 354 526 374 ante
548 348 670 382 ostium,
709 344 858 374 tammodo
882 347 976 386 inquit
1000 346 1212 376 Praenestinus.
1255 348 1291 376 Et
1317 347 1392 375 lianc
1418 348 1552 376 vitiosam
1576 348 1821 386 compositionem
1845 347 1952 376 imitari
1976 347 2113 376 videmur
2135 348 2167 376 in

220 404 294 422 voce
316 395 415 419 nostra
442 390 572 418 Tantost.
609 389 657 416 Sic
679 389 709 416 iu
734 389 855 416 Trucul.
879 389 941 419 Act.
960 390 1009 419 lll.
1033 400 1074 419 se.
1089 390 1132 426 11,
1158 391 1242 428 (23).
1288 391 1545 419 Praenestinorum
1568 390 1733 420 barbariem
1755 391 1873 424 irridet,
1904 389 1953 428 qui
1976 389 2113 419 rabonem
2137 395 2167 419 et

221 436 335 465 conium
359 442 413 471 pro
437 432 581 460 arrabone
605 437 633 460 et
657 431 769 459 ciconia
794 431 948 460 dicebant:

710 480 864 510 Rabonem
885 481 1005 518 habeto,
1043 494 1151 511 mecum
1176 491 1206 512 ut
1228 483 1305 512 hanc
1328 490 1438 512 noctem
1461 484 1524 511 sies.

710 526 757 552 As.
792 523 887 553 Perii!
915 523 1094 554 Rabonem?
1120 537 1207 565 quam
1231 537 1289 554 esse
1311 525 1408 554 (licam
1432 525 1509 554 hanc
1532 524 1672 556 beluam?

714 565 791 603 Quin
817 574 847 594 tu
872 567 1043 595 arrabonem
1068 566 1168 598 dicis?
1211 570 1252 598 St.
1278 575 1308 596 at
1322 568 1416 609 facio
1439 567 1522 598 lucri.

717 608 754 637 Ut
777 607 967 638 Praenestinis
990 611 1077 638 conia
1100 617 1139 638 est
1162 612 1285 640 ciconia.

219 662 302 696 Quae
325 660 354 688 h.
374 661 393 689 l.
419 660 492 688 Festi
516 660 603 687 ve1ba
627 659 799 687 reseruntur
821 660 850 687 in
875 660 1067 689 editionibus:
1102 659 1263 690 Tammoclo
1286 659 1400 698 antiqui
1419 659 1567 698 ponebant
1587 672 1641 699 pro
1665 659 1762 691 modo.
1794 668 1824 689 ut
1848 661 1969 691 Attius:
2002 660 2164 691 Tammodo

218 704 312 743 inquit
335 702 558 739 Praenestinus‚·
582 712 707 739 quorum
732 707 844 741 partem
869 703 981 741 recepit
1006 703 1139 740 Paullus,
1165 713 1266 732 eorum
1289 701 1363 729 nibil
1387 702 1494 739 legitur
1516 704 1546 731 in
1569 703 1685 732 schedis
1707 704 1785 732 Festi
1810 715 1824 731 a
1849 704 1955 731 Fulvio
1977 704 2081 732 Ursino
2104 704 2166 732 edi-

219 746 269 782 tis,
293 746 360 773 licet
382 745 457 772 lecta
482 744 551 771 olim
576 754 654 780 esse,
684 755 722 773 ex
745 745 839 773 Paulli
863 746 960 774 verbis
985 746 1122 774 credibile
1145 751 1196 774 est.
1232 746 1325 783 Igitur
1347 745 1534 774 statuendum
1559 747 1629 781 erit,
1653 748 1682 774 in
1706 746 1802 774 Fulvii
1828 746 1923 774 Ursini
1946 746 2076 775 editione
2100 756 2166 775 ver-

217 788 346 816 siculum
370 786 531 823 excidisse,
555 792 605 815 aut
629 787 767 815 omissum
792 788 827 815 ab
852 799 902 823 eo,
926 789 976 826 qui
1000 789 1184 817 membranas
1208 788 1382 825 descripsit,
1409 792 1460 815 aut
1484 788 1648 825 neglectum
1672 799 1688 816 a
1710 788 1882 827 typotlietis.
1927 789 2035 817 Saltem
2058 789 2088 817 iu
2112 799 2165 817 an-

216 829 379 868 tiquissima
405 829 526 857 Antonii
551 829 705 866 Augustini
730 830 859 858 editione
882 831 1092 868 inveniuntur,
1127 831 1178 860 sed
1202 841 1239 859 ex
1263 830 1367 859 ordine
1390 829 1555 859 litterarum
1578 832 1692 870 posita,
1722 836 1755 859 ut
1778 831 1818 860 ibi
1843 831 1940 860 onmia
1962 831 2039 860 Festi
2062 832 2164 861 verba.

382 878 542 909 Talium.
587 881 707 909 Scribo:
740 880 874 916 Tullum,
898 881 948 909 alii
972 882 1152 918 folliculum,
1177 882 1223 911 vel
1247 891 1361 920 caepae.
1406 880 1564 910 Lucillius:

854 948 895 953 —
939 948 980 953 ——
1024 931 1260 973 lacrymosaeque
1283 931 1384 962 ordine
1406 931 1506 963 tallae.

216 982 415 1010 Glossarium:
447 981 551 1020 Talla,
582 981 741 1022 κρομμύου
763 982 901 1022 λέπυρον.
928 982 1029 1013 Scal.
1078 983 1165 1012 Talla
1188 989 1285 1012 autem
1308 994 1323 1010 a
1347 980 1471 1019 θαλλός,
1495 994 1594 1012 ramus
1616 984 1730 1018 virens,
1755 983 1795 1011 ita
1819 987 1849 1011 ut
1873 983 1968 1021 primo
1993 988 2022 1012 et
2043 984 2164 1024 proprie

214 1025 296 1052 Talla
318 1024 410 1052 suerit
431 1025 520 1062 stipes
545 1035 659 1064 caepae.
699 1025 755 1053 Sed
779 1031 858 1054 recte
882 1025 968 1054 etiam
995 1025 1082 1055 Talia
1105 1026 1163 1055 dici
1188 1031 1302 1065 potest,
1327 1030 1358 1053 ut
1383 1025 1417 1053 ab
1442 1023 1545 1063 ἄλλος,
1569 1025 1661 1063 alius,
1684 1025 1790 1054 solium
1814 1036 1829 1053 a
1853 1023 1965 1064 φύλλον
1989 1031 2043 1055 etc.
2075 1026 2162 1057 Dac.

379 1074 540 1104 Tarmes.
588 1077 742 1105 Vitruvius
767 1076 824 1112 (ll,
847 1078 905 1113 9.):
945 1076 981 1105 Et
1003 1078 1129 1116 primum
1153 1076 1230 1105 abies
1254 1077 1330 1104 afris
1352 1075 1461 1104 habens
1481 1076 1641 1116 plurimum
1663 1084 1688 1105 et
1711 1077 1803 1115 ignis,
1832 1077 2039 1117 minimumque
2060 1077 2164 1107 humo-

213 1129 257 1146 res
279 1125 305 1145 et
329 1118 447 1153 terreni,
477 1117 632 1147 levioribus
655 1126 824 1147 naturarum
847 1118 1039 1158 potestatibus
1062 1127 1250 1159 comparata,
1287 1129 1344 1146 non
1367 1126 1408 1146 est
1429 1118 1610 1156 ponderosa,
1640 1119 1739 1158 itaque
1761 1120 1855 1157 rigore
1878 1119 2008 1147 naturali
2030 1127 2165 1149 comenia

214 1170 272 1188 non
296 1160 355 1189 cito
368 1161 505 1200 flectitur
526 1160 563 1189 ab
584 1172 680 1196 onere,
712 1160 762 1189 sed
785 1160 896 1190 directa
915 1169 1062 1200 permanet
1086 1163 1114 1190 in
1139 1162 1366 1200 contignatione.
1413 1160 1473 1189 Sed
1495 1173 1527 1190 ea
1551 1160 1630 1202 quod
1653 1161 1738 1190 habet
1761 1162 1791 1190 in
1814 1173 1843 1190 se
1860 1160 1928 1200 plus
1951 1160 2072 1200 caloris,
2092 1173 2163 1202 pro-

213 1209 294 1230 creat
317 1210 342 1231 et
366 1201 420 1231 alit
444 1205 605 1241 immitem,
631 1203 668 1232 ab
692 1214 780 1243 eoque
802 1205 930 1233 vitiatur.
979 1204 1097 1232 Plautus
1122 1204 1301 1233 Mostellaria
1326 1202 1398 1241 (Ill,
1421 1206 1457 1241 2,
1483 1204 1566 1244 143.)
1591 1205 1628 1232 de
1651 1204 1786 1243 postibus
1809 1204 1956 1242 loquitur:

645 1253 756 1283 Hercle
779 1255 848 1293 quin
872 1253 994 1283 multum
1019 1254 1207 1294 improbiores
1230 1262 1313 1289 sunt,
1343 1265 1432 1293 quam
1455 1266 1473 1283 a
1494 1256 1590 1294 primo
1614 1253 1727 1284 credidi

647 1295 854 1336 Quapropter?
886 1296 962 1334 Quia
985 1295 1106 1337 aedepol
1128 1297 1214 1325 ambo
1239 1296 1276 1324 ab
1301 1298 1328 1325 in
1356 1308 1401 1325 mo
1426 1305 1532 1326 tarmes
1555 1305 1642 1326 secat.

212 1346 244 1375 ln
268 1347 421 1384 Vitruvio,
447 1352 478 1375 ut
500 1347 530 1375 id
555 1347 728 1376 admoneam
751 1358 808 1386 pro
832 1354 935 1375 natura
961 1360 1052 1376 rerum
1077 1348 1299 1377 emendavimus
1324 1355 1510 1384 naturarum,
1541 1359 1577 1376 ne
1602 1349 1667 1386 quis
1692 1348 1770 1376 forte
1794 1348 1947 1377 studiosus
1972 1348 2098 1377 Vitruvii
2123 1349 2163 1377 le-

211 1394 277 1418 ctor
299 1390 330 1418 id
352 1391 486 1418 miretur.
530 1391 578 1418 Sic
608 1390 699 1429 paulo
729 1390 866 1428 superius
888 1390 967 1418 idem
991 1401 1089 1418 error:
1125 1389 1240 1418 easdem
1263 1389 1368 1418 habent
1390 1390 1465 1417 inter
1486 1402 1515 1418 se
1539 1398 1642 1418 natura
1664 1402 1756 1418 rerum
1780 1390 1945 1419 similitates
1967 1401 2022 1430 pro
2045 1398 2163 1419 natura-

211 1443 283 1460 rum.
329 1432 373 1461 lta
401 1432 486 1461 etiam
517 1433 686 1461 emendabis
715 1432 825 1460 hb.111.
850 1433 879 1460 iu
902 1432 959 1460 fine
984 1433 1141 1471 prooemii:
1178 1431 1213 1460 de
1240 1433 1379 1468 materia,
1417 1444 1489 1472 quas
1511 1431 1615 1460 habeat
1637 1433 1668 1461 in
1691 1431 1824 1470 operibus
1848 1432 1988 1462 utilitates
2009 1441 2036 1461 et
2058 1432 2163 1472 quibus

209 1473 367 1503 virtutibus
390 1487 403 1503 e
425 1482 531 1503 natura
555 1487 648 1504 rerum
671 1481 711 1503 est
734 1481 923 1513 comparata,
952 1476 1057 1514 peregi.
1104 1476 1134 1502 1.‹
1144 1475 1271 1512 gendum
1299 1474 1391 1502 enim:
1429 1482 1454 1502 et
1477 1474 1581 1514 quibus
1604 1474 1758 1503 virtutibus
1780 1482 1950 1503 naturarum
1974 1483 2015 1504 est
2037 1486 2163 1514 compa-

212 1523 287 1546 rata.
325 1516 508 1545 Naturarum
531 1525 687 1557 potestates
709 1522 813 1553 vocat,
844 1527 916 1555 quas
939 1528 1031 1556 supra
1055 1525 1225 1545 naturarum
1251 1518 1377 1545 virtutes.
1402 1515 1502 1546 Scal.
1550 1516 1675 1554 Terede,
1708 1518 1820 1545 Graece
1841 1518 1931 1557 θρίψ.
1954 1517 2044 1547 Dac.
2079 1517 2163 1545 Adde

210 1558 358 1587 Isidorum
381 1559 466 1598 (XII,
489 1558 538 1598 5.).
586 1558 689 1589 Gotlz.

376 1610 605 1649 Taenpoton.
650 1611 827 1640 Varietatem
851 1611 996 1639 librorum
1019 1610 1048 1639 in
1071 1610 1202 1646 margine
1225 1610 1313 1639 scribi
1338 1610 1508 1639 curavimus
1538 1609 1746 1649 (Tanpercon,
1779 1608 1970 1648 Taenpocon,
2003 1609 2162 1648 Taenpton‚

212 1651 422 1692 Tahenpocon‚
455 1653 625 1692 Tempeton,
660 1654 840 1692 Tempocon‚
873 1652 1080 1692 Taempoton).
1126 1653 1182 1681 Sed
1207 1654 1254 1681 cui
1279 1653 1491 1682 adhaereamus
1515 1663 1573 1681 non
1597 1652 1750 1682 habemus.
1796 1652 1884 1687 Quod
1907 1662 1978 1680 vero
2002 1652 2104 1680 Cicero
2127 1651 2163 1680 de

211 1694 306 1724 Divin.
330 1695 429 1723 lib-ll.
453 1695 490 1731 (e.
505 1696 567 1733 54.)
591 1696 694 1724 asserit
716 1697 857 1734 Sibyllam
882 1695 1024 1734 quaedam
1051 1695 1139 1724 verba
1162 1697 1200 1723 ita
1224 1696 1382 1734 reliquisse
1405 1697 1534 1733 scripta,
1574 1705 1648 1733 quae
1678 1704 1714 1722 ex
1747 1694 1852 1733 primis
1883 1694 2065 1732 singulorum
2095 1704 2163 1723 ver-

211 1747 294 1765 suum
324 1737 418 1765 literis
449 1738 680 1775 conficerentur,
719 1749 793 1777 quae
822 1740 858 1766 ab
890 1739 993 1767 eodem
1024 1735 1193 1777 ἀκρωστιχὶς
1224 1739 1429 1777 appellantur,
1466 1738 1556 1766 habet
1579 1737 1691 1775 aliquid
1716 1747 1782 1765 cum
1807 1736 1864 1765 lioc
1886 1737 2035 1765 scribendi
2058 1746 2163 1773 genere

212 1789 374 1810 commune.
405 1780 495 1808 Ant.
518 1781 612 1820 Aug.
651 1781 808 1820 Oedipode
832 1791 906 1819 opus
930 1786 980 1809 est.
1013 1780 1115 1810 Scal.
1163 1781 1323 1810 Hebraeum
1348 1782 1393 1809 vel
1418 1781 1568 1819 Syriacam
1591 1790 1694 1808 vocem
1719 1785 1808 1818 puto,
1840 1779 2016 1818 praesertim
2040 1789 2107 1808 cum
2129 1789 2162 1808 ea

213 1822 353 1857 Syrorum
378 1822 529 1851 scribendi
552 1825 672 1852 modum
698 1829 788 1852 notet.
835 1824 900 1861 Syri
925 1824 1001 1852 euim
1027 1834 1086 1851 non
1111 1835 1126 1851 a
1150 1823 1254 1851 dextra
1278 1824 1314 1852 ad
1339 1823 1503 1859 sinistram,
1534 1828 1567 1851 ut
1591 1822 1716 1851 Hebraei
1740 1828 1768 1851 et
1792 1821 1950 1856 Chaldaei,
1981 1822 2027 1850 vel
2051 1832 2066 1850 a
2089 1822 2162 1850 sini-

213 1867 272 1889 stra
296 1864 332 1892 ad
356 1865 509 1901 dextram,
538 1871 571 1893 ut
595 1866 700 1894 Graeci
724 1872 751 1894 et
776 1866 886 1902 Latini,
911 1866 961 1894 sed
987 1867 1123 1894 deorsum
1148 1876 1267 1902 versus,
1298 1877 1312 1894 a
1337 1867 1434 1904 capite
1458 1866 1495 1894 ad
1518 1866 1609 1904 pedes
1633 1874 1736 1893 versus
1758 1874 1827 1893 suos
1850 1865 1972 1893 ducunt.
2019 1864 2160 1893 Doctissi-

213 1914 277 1932 mus
300 1905 452 1935 Martinius
476 1908 589 1936 derivat
614 1920 629 1936 a
652 1919 725 1937 voce
751 1909 897 1944 Hebraea,
929 1919 1002 1946 quae
1026 1908 1172 1943 siguificat
1195 1909 1316 1937 inuertes
1340 1914 1367 1937 et
1392 1919 1445 1946 pro
1470 1907 1602 1937 deorsum
1626 1908 1697 1944 legit
1720 1915 1891 1943 retrorsum,
1925 1906 2008 1944 quasi
2031 1906 2075 1935 ibi
2101 1906 2162 1935 He-

212 1946 367 1975 braeorum
389 1950 539 1987 scriptura
562 1956 690 1981 notetur.
716 1951 805 1980 Dae.
846 1951 1032 1989 [Legendmn
1059 1950 1264 1989 Toi³porclzon‚
1297 1951 1355 1979 hoc
1378 1957 1420 1979 est
1444 1949 1475 1981 τὸ
1500 1948 1548 1980 ἐπ’
1573 1949 1678 1988 ὄρχον,
1712 1949 1762 1979 ubi
1786 1950 1885 1978 literae
1908 1954 1978 1977 sunt
1999 1946 2049 1980 ἐπ’
2069 1947 2162 1988 ὄρχον

213 1998 266 2016 seu
288 1988 360 2018 κατὰ
384 1993 479 2029 στίχος
501 1993 676 2031 dispositae,
713 1994 805 2022 instar
825 1994 982 2030 arborum,
1018 1993 1047 2021 in
1073 1993 1214 2021 viridario
1240 2004 1254 2021 a
1278 2004 1390 2022 summa
1414 1993 1518 2032 pagina
1543 1993 1580 2021 ad
1603 1992 1741 2021 infimam.
1786 1992 1930 2020 Palmaria
1959 1991 2032 2020 haec
2062 2002 2161 2020 einen-

213 2031 294 2058 ‹latio
318 2031 439 2060 debetur
462 2034 560 2063 loann.
584 2037 689 2071 Cmio,
720 2037 769 2074 qui
794 2047 855 2064 eam
878 2035 968 2064 habet
993 2036 1148 2064 observat.
1173 2037 1202 2063 in
1226 2037 1260 2064 N.
1283 2037 1315 2064 T.
1340 2036 1489 2074 Cap.1X.,
1521 2035 1601 2073 quod
1624 2035 1828 2073 dignissimum
1852 2039 1896 2063 est
1917 2035 2006 2063 lectu.
2033 2032 2161 2064 Ῑοαηη.

216 2071 415 2111 Glericus.]
446 2075 495 2103 Vel
520 2076 640 2108 ἄνωθεν
663 2076 743 2108 κάτω
768 2079 814 2107 vel
837 2077 916 2108 κάτω
941 2077 1011 2108 ἅνω.
1046 2078 1141 2107 Huius
1164 2079 1240 2107 enim
1264 2079 1416 2108 scribendi
1439 2078 1530 2107 moris
1553 2079 1685 2106 meminit
1709 2078 1828 2106 Diodor.
1846 2080 1876 2108 2.
1900 2077 1930 2105 in
1951 2076 2001 2105 fin.
2027 2081 2060 2105 ut
2081 2087 2160 2106 nunc

214 2115 418 2150 dextrorsum,
442 2116 473 2144 id
495 2124 537 2146 est
560 2130 575 2147 a
597 2121 713 2149 sinistra
738 2122 775 2150 ad
799 2123 944 2150 dextram.
991 2120 1096 2150 Goth.

379 2164 595 2197 Tartarino.
639 2172 769 2208 Ennius,
802 2177 834 2200 ut
856 2172 1002 2206 arbitror,
1032 2172 1164 2210 scripsit:
1201 2170 1327 2208 Corpore
1350 2172 1494 2200 tar-tarino
1516 2178 1661 2209 prognata
1686 2168 1802 2199 Paluda
1823 2170 1934 2209 virago.
1979 2169 2041 2199 Vid.
2066 2169 2161 2198 Varro

214 2206 263 2235 lib.
280 2206 326 2234 VI.
348 2206 384 2234 de
408 2207 437 2235 L.
460 2209 488 2238 L.
514 2209 589 2246 (Vll.
615 2217 761 2249 pan-323.
787 2216 849 2252 Sp.)
875 2220 901 2242 et
927 2214 1040 2242 Probus
1065 2215 1163 2248 lie-lou.
1178 2216 1207 2245 6.
1241 2214 1329 2243 Ant.
1351 2214 1446 2253 Aug.
1495 2214 1615 2242 Versum
1639 2213 1724 2241 Ennii
1753 2213 1843 2241 refert
1868 2213 1960 2240 varro
1989 2212 2041 2241 lib.
2053 2212 2100 2241 VI.
2123 2212 2162 2241 de

215 2249 245 2277 L.
266 2248 312 2276 L.:
344 2247 470 2287 Corpore
492 2253 636 2281 tartarino
658 2264 802 2293 prognata
825 2255 937 2294 paluda
958 2257 1069 2295 virago.
1113 2257 1271 2284 Tartarino
1294 2267 1312 2284 a
1336 2263 1449 2285 tartaro
1473 2255 1593 2285 dictum.
1634 2254 1723 2284 Plato
1746 2255 1775 2283 in
1799 2262 1905 2294 quarto
1930 2253 1965 2282 de
1989 2253 2161 2292 fluminibus

215 2288 296 2339 apud
317 2289 428 2329 inferos
449 2303 523 2332 quae
543 2294 616 2329 sint,
640 2296 668 2322 in
692 2296 736 2324 liis
758 2309 844 2325 unum
869 2306 1011 2326 tartarum
1036 2297 1176 2338 appellat.
1213 2298 1326 2335 Quarta
1350 2299 1470 2327 Tartari
1491 2299 1574 2336 origo
1601 2297 1722 2327 Graeca.
1755 2296 1873 2326 Paluda
1895 2307 1914 2325 a
1934 2295 2160 2336 paludamentis.

215 2331 290 2403 151μίιῖ
312 2330 384 2380 liaeo
405 2333 531 2374 insignia
555 2343 580 2363 et
611 2346 780 2366 ornamenta
809 2340 961 2371 militaria.
1008 2341 1060 2369 Ubi
1084 2341 1216 2378 Scaliger
1245 2340 1349 2380 (Coni.
1372 2351 1437 2379 pag.
1453 2344 1522 2372 122.
1547 2340 1591 2369 ed.
1614 2339 1748 2379 Steph.):
1787 2341 1882 2369 Purus
1911 2344 2017 2378 putus,
2051 2337 2157 2377 inquit,

244 2384 258 2403 e
285 2384 428 2403 emamus:

796 2419 948 2461 Ταρτάρου
971 2424 1126 2463 ἐκγεγαυῖα
1149 2423 1358 2464 μελάμπεπλος
1378 2422 1559 2465 ἀντιάνειρα.
