2263 2668
229 179 305 214 394
653 161 999 199 COMMENTARH
1025 165 1073 198 1N
1100 162 1245 198 PAULI
1270 162 1467 198 mAcom
1492 154 1748 200 Ex'cnnPTA

230 270 412 300 Athenaeum
432 262 509 292 XIV.
535 256 757 297 Dipnosophist.
790 256 846 286 Alii
867 261 964 285 tamen
986 254 1088 294 legunt
1104 255 1263 294 Sambana,
1285 264 1345 285 non
1368 256 1517 288 sambuca.
1543 256 1649 287 Goth.
1682 256 1841 288 Machina.
1873 258 1915 288 Eo
1938 259 2103 297 significatu
2124 272 2178 292 su-

230 313 322 343 mitur
344 308 481 339 sambuca
505 301 585 339 apud
610 300 725 329 vitruv.
741 300 777 327 X.
802 310 867 338 cap.
880 302 931 332 22.
977 298 1087 328 Idem.

393 345 589 376 Samnites.
634 343 728 371 Infra:
764 341 885 381 Populis
909 341 1092 370 Samnitibus
1121 352 1223 371 nomen
1245 342 1414 381 impositum
1436 342 1480 370 ait
1506 341 1627 372 Verrius
1647 350 1766 383 propter
1786 354 1877 382 genus
1899 342 2067 382 hastarum,
2105 353 2181 385 quad

229 395 334 426 saunia
359 387 508 429 appellant
535 383 649 414 Graeci.
693 384 763 413 Alii
791 385 875 413 aiunt
901 383 1007 413 Sabini
1036 395 1098 412 vere
1126 394 1211 413 saci-o
1240 391 1307 413 voto
1336 383 1393 412 hoc
1418 395 1510 423 genus
1539 384 1688 414 hominum
1718 393 1808 414 exera
1824 386 1905 425 fines
1933 387 2053 415 eiectum
2078 385 2181 418 comio

231 433 384 468 Castronio
410 430 482 459 duce
505 436 662 466 occupasse
685 426 806 464 collem,
839 428 887 456 cui
909 436 1011 456 nomen
1033 433 1074 454 est
1098 425 1238 463 Samnio,
1261 438 1280 455 a
1303 437 1360 467 quo
1384 425 1460 455 colle
1483 426 1630 457 Samnites
1652 427 1757 458 dictos.
1801 427 1896 457 Huius
1919 428 1962 457 rei
1985 429 2068 458 testis
2091 430 2182 459 locu-

228 480 290 519 ples
313 477 389 504 inter
417 473 490 501 alios
514 471 629 500 Strabo.
674 471 795 498 Sisenna
824 470 913 497 etiam
942 470 1003 497 eius
1031 468 1173 498 historiae
1204 469 1379 498 meminerat
1409 469 1485 498 libro
1516 475 1622 508 quarto
1645 471 1854 500 historiarum:
1892 469 2050 509 Quondam
2074 470 2182 502 Sabim·

224 521 362 562 feruntur
377 517 502 550 vovisse,
525 514 550 542 si
572 524 616 541 res
639 513 801 541 communis
824 511 992 540 melioribus
1014 510 1089 540 locis
1111 512 1300 548 constitisset,
1324 523 1353 540 se
1373 523 1421 539 ver
1442 522 1558 541 sacrum
1572 512 1725 554 facturos.
1759 514 1830 542 Nam
1855 513 1891 542 de
1907 520 1976 542 vere
1993 524 2079 543 sacro
2095 525 2182 554 saepe

228 563 332 592 Livius
355 563 384 589 et
406 559 465 588 alii,
490 555 588 586 Scal.
630 554 776 583 Samnites
798 555 835 583 ab
859 554 968 591 hastis,
991 564 1065 594 quas
1090 552 1196 583 Graeci
1219 556 1337 585 σαυνία.
1368 554 1440 582 Inde
1459 554 1600 583 Saunium
1617 556 1738 585 Graecis
1762 556 1834 585 dicti
1856 561 1926 584 sunt
1949 558 2102 595 σαυνίται,
2126 558 2183 586 La·-

227 605 282 635 tini
303 615 320 632 v
343 606 457 632 mutato
487 599 516 628 in
545 609 572 626 m
596 596 747 626 Samnitas
775 597 928 626 dixerunt.
974 597 1028 625 Alii
1052 607 1068 624 a
1091 597 1168 625 colle
1197 597 1330 631 Samnio,
1369 607 1457 635 quen]
1481 608 1496 625 a
1520 598 1636 627 Sabinis
1666 599 1751 627 eiecti
1783 599 1884 627 Comio
1916 599 2074 629 Castronio
2104 600 2183 630 duce

229 649 433 685 occuparunt,
471 642 567 670 dictos
596 641 695 668 fuisse.
741 638 824 668 Hane
852 639 1005 668 historiam
1030 644 1132 668 narrat
1154 640 1261 668 Strabo
1284 640 1337 668 lib.
1353 639 1385 667 V.
1411 639 1488 679 (pag.
1502 640 1597 679 250.).
1642 641 1701 677 Qui
1724 647 1822 670 tamen
1846 642 2034 680 aliquatenus
2057 654 2073 671 a
2093 643 2182 672 Festo

229 691 367 720 diversus
392 687 460 716 abit.
495 686 531 713 Et
555 695 570 711 a
595 682 711 710 Sabinis
735 683 879 711 Samnites
904 687 984 710 ortos
1007 682 1120 711 indicat
1145 682 1238 711 Varro
1262 682 1312 711 lib.
1327 682 1374 712 Vl.
1398 682 1435 710 de
1458 682 1488 710 L.
1511 683 1540 714 L.
1563 683 1640 722 (Vll.
1665 694 1729 723 pag.
1744 687 1816 715 317.
1841 684 1921 724 Sp.):
1947 683 2019 713 Item
2042 684 2180 723 ostendit,

228 731 309 774 'quod
332 728 470 770 oppidum
492 732 614 756 vocatur
639 724 802 754 Cassinum.
848 724 919 754 Hoc
942 725 1015 753 enim
1040 736 1058 753 a
1083 724 1203 754 Sabinis
1225 727 1282 753 orti
1305 724 1451 753 Samnites
1474 731 1623 754 tenuerunt
1645 734 1671 754 et
1694 738 1770 756 nunc
1794 728 1895 757 nostri.
1920 725 2009 756 Dac.
2054 727 2183 756 Samni-

228 775 313 804 tibus.
359 770 447 806 Quod
478 770 517 798 ait
547 768 581 796 ab
612 767 704 796 hastis
733 768 843 796 sauniis
866 770 1009 795 Samnites
1040 767 1135 796 dictos
1163 768 1309 806 probatur
1333 767 1426 795 Plinio
1450 767 1500 796 lib.
1514 768 1565 797 111.
1589 779 1653 806 cap.
1670 772 1719 800 12.
1766 768 1880 797 Saunia
1904 773 2002 798 autem
2023 769 2075 798 illa
2098 773 2184 798 erant

228 815 351 856 proprie
381 819 497 848 veruta,
534 821 608 849 quae
639 821 718 839 arma
748 810 924 839 Samnitium
954 810 1046 838 fuisse
1073 810 1213 848 Virgilius
1242 810 1355 846 innuit,
1393 811 1462 838 dum
1493 821 1560 839 veru
1591 810 1741 840 Sabellum
1768 817 1857 839 vocat
1878 812 1937 841 Vll.
1970 813 2041 840 Aen.
2063 813 2182 851 (665.).

229 857 339 888 Idem.
372 854 492 884 Sabinis
514 865 577 882 vere
598 863 684 882 sacro
707 859 782 882 voto.
819 853 858 881 De
882 863 951 881 vere
973 863 1054 881 sacro
1080 864 1096 882 a
1120 853 1235 881 Sabinis
1258 857 1328 881 voto
1351 853 1472 881 Sisenna
1496 853 1577 892 apud
1597 854 1726 882 Nonium
1751 853 1913 893 (pag.522.
1931 853 2048 894 Merc.):
2075 854 2184 893 Quon-

229 900 298 929 dam
322 898 427 927 Sabini
440 896 582 936 feruntur
602 896 727 932 vovisse,
757 896 783 924 si
806 908 848 924 res
872 896 1033 924 communis
1056 894 1223 924 melioribus
1247 894 1323 924 locis
1344 896 1536 931 constitisset,
1571 907 1599 924 se
1621 907 1669 924 ver
1688 907 1805 925 sacrum
1819 896 1973 937 facturos.
2017 898 2054 926 Et
2076 897 2183 926 Strabo

229 948 361 972 extremo
385 941 462 969 libro
482 939 527 967 V.:
558 939 711 975 Ceterum,
748 938 862 976 inquit,
897 938 932 966 de
956 938 1071 966 Sabinis
1102 937 1159 966 hoc
1190 943 1338 969 narratur.
1384 938 1484 967 Sabini
1513 938 1654 967 diuturno
1682 938 1761 967 bello
1786 949 1853 967 cum
1877 939 1995 968 Umbris
2019 939 2184 969 conflictati

227 989 394 1019 voverunt,
431 987 463 1010 ut
487 982 669 1010 Graecorum
697 981 816 1019 quidam
841 991 871 1009 se
893 981 956 1010 eius
980 981 1049 1009 anni
1071 981 1168 1009 foetus
1193 981 1252 1009 Deo
1277 985 1455 1010 saeraturos.
1501 981 1573 1009 Cum
1596 981 1687 1020 igitur
1709 981 1809 1010 hostes
1832 981 1990 1018 vicissent,
2023 986 2056 1011 ut
2077 987 2184 1011 votum

229 1029 393 1062 solverent,
432 1025 493 1053 eius
524 1025 595 1052 anni
618 1029 762 1062 preventa
787 1025 893 1062 partim
917 1025 1126 1060 immolarunt,
1165 1024 1272 1062 partim
1299 1025 1356 1052 Deo
1379 1029 1600 1054 consecrarunt.
1648 1025 1684 1053 At
1706 1024 1736 1052 in
1761 1029 1860 1052 secuta
1884 1025 2038 1054 sterilitate
2062 1025 2184 1063 quidam

228 1070 348 1107 retulit,
383 1068 498 1107 prolem
530 1076 647 1105 quoque
674 1067 762 1095 fuisse
785 1066 949 1095 dicandam.
995 1068 1048 1095 Cui
1072 1067 1310 1105 obtemperantes
1334 1067 1432 1096 Sabini
1454 1067 1559 1095 eodem
1583 1073 1660 1095 anno
1684 1067 1797 1105 genitos
1820 1077 1889 1095 suos
1913 1067 1999 1097 Marti
2024 1073 2184 1097 consecra-

228 1117 299 1143 runt
322 1116 377 1141 etc.
423 1112 517 1139 Porro
541 1118 593 1138 ver
616 1119 732 1137 sacrum
756 1109 820 1144 ἔτος
842 1107 923 1148 ἱερόν
946 1109 1069 1138 Graecis
1094 1110 1218 1145 dicitur,
1254 1120 1312 1137 non
1336 1110 1403 1149 ἔαρ,
1436 1109 1515 1147 quod
1540 1115 1620 1138 certe
1644 1115 1778 1138 notatum
1802 1111 1948 1149 oportuit.
1992 1108 2100 1139 Idem.

393 1152 560 1182 Salaria.
605 1152 734 1180 Eandem
759 1153 903 1180 Collinam
927 1162 989 1181 esse
1012 1153 1190 1191 appellatam
1216 1152 1336 1188 Festus,
1361 1157 1393 1180 ut
1416 1154 1539 1190 opinor,
1563 1152 1698 1183 tradidit.
1721 1153 1811 1182 Ant.
1831 1152 1924 1191 Aug.
1961 1152 2060 1181 Infra:
2087 1150 2186 1181 Sala-

229 1199 304 1227 ria'm
328 1197 405 1225 viam
429 1196 554 1235 incipere
578 1196 620 1222 ait
643 1205 661 1221 a
682 1202 785 1233 por-ia,
818 1206 893 1235 quae
914 1202 991 1223 nunc
1017 1194 1133 1224 Collina
1157 1206 1175 1222 a
1199 1193 1275 1223 colle
1299 1194 1450 1232 Quirinali
1475 1194 1592 1225 dicitur.
1640 1194 1760 1224 Salaria
1782 1202 1879 1223 autem
1899 1201 2053 1234 propterea
2076 1193 2186 1235 appel-

230 1235 364 1275 labatur,
400 1237 479 1278 quod
499 1239 682 1276 impetratum
702 1236 815 1276 fuer-it,
855 1244 884 1265 ut
908 1248 939 1265 ea
964 1236 1061 1266 liceret
1084 1238 1113 1266 in
1139 1236 1265 1266 Sabinos
1287 1236 1377 1266 salem
1400 1239 1524 1275 portari.
1552 1237 1653 1267 Scal.
1700 1238 1782 1273 Quae
1805 1248 1820 1265 a
1844 1241 1931 1275 porta
1955 1237 2071 1266 Collina
2096 1237 2186 1266 mittit

229 1284 259 1312 in
289 1282 432 1316 Sabinos,
469 1280 548 1308 unde
578 1280 717 1307 Salariam
744 1280 875 1308 Collinae
906 1283 1006 1318 portae
1037 1284 1124 1308 vocat
1149 1280 1240 1308 Tacit.
1266 1279 1359 1320 (Hist.
1378 1281 1436 1316 111,
1462 1279 1541 1320 82).
1588 1281 1656 1308 Eius
1686 1280 1818 1308 meminit
1844 1280 1905 1308 Liv.
1929 1277 2053 1309 tib.V11.
2076 1290 2141 1319 cap.
2155 1281 2185 1310 9.

231 1326 309 1354 Galli
333 1325 369 1352 ad
399 1323 517 1352 tertium
546 1322 674 1360 lapidem
698 1322 808 1350 Salaria
833 1323 879 1350 via
905 1328 985 1351 trans
1008 1328 1125 1360 pontem
1152 1323 1272 1350 Anienis
1297 1328 1392 1351 castra
1418 1322 1554 1351 habuere.
1599 1324 1637 1351 De
1661 1333 1693 1350 ea
1716 1323 1758 1351 sic
1781 1322 1887 1351 Strabo
1910 1321 2006 1353 lib.V.
2028 1323 2072 1361 (p.
2086 1321 2186 1360 228.)z

221 1367 388 1407 ’Έστρωται
412 1365 442 1396 δὲ
465 1362 505 1396 δι’
528 1363 625 1394 αὐτῶν
647 1362 668 1402 ἥ
689 1376 719 1395 τε
743 1366 877 1403 Salapia
902 1363 973 1400 ὁόὀς
996 1362 1034 1395 ου’
1058 1363 1153 1402 πολλὴ
1180 1359 1273 1401 οὖσα,
1313 1365 1354 1399 εἰς
1383 1362 1422 1403 ἣν
1454 1365 1504 1395 καὶ
1526 1363 1546 1403 ἦ
1572 1363 1754 1403 Νομεντάνη
1781 1366 1943 1403 συμπίπτει
1964 1362 2187 1404 κἀτοὶἽ-Ιρητόν

230 1413 281 1450 τῆς
304 1411 442 1450 Σαβινῆς
463 1406 566 1446 κώμην
589 1404 662 1446 ὑπὲρ
686 1409 740 1437 τοῦ
762 1408 909 1446 Τιβέρεως
931 1408 1087 1446 κειμένην,
1110 1405 1184 1446 ὑπὲρ
1209 1408 1262 1445 τῆς
1285 1405 1377 1444 αὐτῆς
1400 1405 1494 1445 πύλης
1519 1404 1686 1446 ἐρχομένης
1707 1410 1762 1444 τῆς
1789 1407 1943 1444 Κολλινῆς.
1993 1407 2080 1436 Πασ.

396 1450 606 1479 Salaciam.
651 1450 792 1488 Suspicor
820 1450 908 1478 verba
932 1450 1156 1488 circumscripta
1180 1450 1375 1478 semicirculis
1399 1450 1500 1484 (verba
1523 1450 1602 1478 enim
1625 1448 1701 1478 unde
1727 1448 1868 1480 Ovidius.-
1903 1448 2112 1489 Nymphaeque
2131 1460 2187 1477 sa-

231 1494 309 1524 laces
340 1494 425 1522 uncis
453 1493 570 1521 inclusa
600 1497 685 1520 erant
714 1492 742 1519 in
774 1493 922 1530 prioribus
953 1493 1031 1529 edd.)
1063 1493 1178 1521 adiecta
1209 1503 1289 1527 esse,
1328 1501 1425 1529 neque
1448 1493 1478 1519 in
1503 1492 1595 1520 veteri
1618 1493 1696 1520 libro
1720 1496 1764 1520 est
1786 1491 1843 1520 illis
1865 1491 1968 1528 locus,
2005 1501 2102 1530 neque
2123 1491 2187 1520 eius

230 1542 336 1576 peetae
360 1536 451 1564 libros
475 1536 584 1564 referre
608 1535 682 1562 solet
701 1534 814 1563 Festus.
837 1535 924 1564 Ani.
945 1535 1040 1573 Aug.
1075 1535 1274 1563 Glossarium:
1299 1532 1644 1572 8αἷαοία,-οἷμφιτρὶτη,
1668 1536 1785 1573 νηρηΐς.
1815 1534 1985 1562 Ridiculum
2008 1541 2081 1562 ve'ro
2104 1534 2188 1562 testi-

230 1581 363 1608 monium
383 1579 503 1613 Ovidii,
539 1587 605 1605 cum
628 1577 713 1605 sal-ax
736 1587 794 1605 non
819 1578 857 1605 sit
880 1577 995 1605 salacia.
1039 1577 1154 1605 Salacia
1185 1582 1265 1605 recte
1288 1577 1425 1614 exprimit
1449 1576 1567 1605 Homeri
1593 1574 1781 1614 ἆλοσύὸνην,
1817 1576 1868 1604 illa
1890 1573 1973 1615 παρὰ
1997 1574 2030 1606 ’ed
2050 1574 2108 1615 τήν
2131 1570 2188 1607 Sita

232 1619 347 1659 σεύειν,
369 1621 443 1649 haee
466 1621 604 1648 similiter
627 1630 642 1647 a
664 1621 724 1648 sale
747 1620 862 1648 ciendo.
887 1618 990 1650 Scal.
1033 1619 1144 1648 Locum
1163 1619 1267 1647 Ovidii
1290 1619 1421 1657 reperire
1445 1629 1503 1647 non
1526 1620 1622 1658 potui.
1660 1619 1727 1647 Non
1752 1618 1871 1648 videtur
1893 1628 1931 1647 ex
1953 1618 2054 1647 Ovidii
2077 1621 2188 1648 carmi-

231 1665 319 1694 hibus
342 1673 403 1693 esse
428 1663 631 1701 depromptus

396 1704 608 1735 Salutaris.
653 1703 722 1739 Quo
751 1704 880 1742 primum
911 1714 987 1732 anno
1016 1708 1046 1732 et
1068 1714 1084 1731 a
1107 1704 1216 1743 quibus
1238 1703 1302 1732 ludi
1325 1703 1435 1732 scenici
1457 1703 1562 1742 primi,
1600 1704 1757 1742 Megalesia
1781 1703 1940 1742 appellati,
1972 1702 2047 1732 sacti
2068 1703 2189 1740 fuerint,

234 1750 378 1777 incertum
402 1753 453 1777 est.
499 1747 598 1775 Livius
622 1745 773 1785 duplicem
797 1747 966 1784 opinionem
989 1746 1090 1775 tradit.
1132 1747 1207 1775 Nam
1230 1747 1280 1774 lib.
1296 1747 1436 1777 XXXIV.
1460 1748 1498 1784 (e.
1513 1747 1574 1784 54.)
1598 1747 1629 1776 P.
1651 1747 1790 1785 Scipione
1814 1747 1954 1775 Africano
1970 1746 2008 1777 ΙΙ.
2038 1746 2083 1777 Ti.
2106 1748 2191 1776 Sem-

235 1791 339 1830 pronio
364 1791 462 1828 Longo
485 1790 566 1818 Coss.
590 1799 668 1817 anno
691 1789 772 1817 urbis
796 1789 922 1817 DLvssl.
968 1789 1123 1826 Megalesia
1147 1790 1234 1818 ludos
1256 1789 1390 1818 scenicos
1414 1789 1445 1817 C.
1470 1787 1578 1818 Atilius
1600 1790 1763 1825 Serranus,
1786 1789 1817 1818 L.
1840 1789 2015 1817 Scribonius
2038 1788 2111 1817 Libo
2133 1788 2191 1818 Ae-

237 1834 307 1862 diles
330 1834 453 1862 Curules
484 1832 573 1872 primi
601 1832 745 1860 fecerunt.
790 1831 905 1860 Horum
927 1831 1074 1860 Aedilium
1105 1832 1191 1860 ludos
1216 1833 1363 1860 Romanos
1394 1832 1523 1871 primum
1547 1833 1673 1861 Senatus
1696 1843 1712 1860 a
1735 1832 1849 1871 populo
1878 1835 2009 1860 secretus
2033 1831 2190 1870 spectavit.

238 1874 300 1903 Hoc
321 1877 397 1905 idem
422 1876 484 1904 Val.
508 1876 586 1904 Max.
610 1874 715 1903 scribit
736 1873 785 1904 lib.
800 1874 836 1903 ΙΙ.
860 1885 923 1913 cap.
938 1877 966 1905 1.
1005 1875 1102 1903 Locus
1126 1876 1299 1903 Senatorum
1322 1875 1380 1903 suit
1402 1876 1432 1903 in
1454 1873 1629 1912 Orchestra,
1659 1876 1692 1903 ut
1714 1875 1771 1904 alio
1794 1875 1863 1903 loco
1886 1873 2059 1912 scripsimus
2082 1878 2112 1903 et
2133 1873 2191 1903 hu-

238 1917 285 1944 ius
306 1918 345 1945 rei
370 1919 523 1955 vestigium
549 1921 629 1946 extat
651 1916 710 1945 hoc
734 1917 800 1945 loco
825 1917 904 1956 apud
928 1916 1064 1953 Festum,
1094 1917 1163 1946 licet
1185 1917 1214 1946 in
1239 1917 1408 1946 nominibus
1432 1917 1579 1946 Aedilium
1603 1926 1619 1946 a
1642 1917 1726 1946 Livio
1749 1921 1778 1946 et
1801 1917 1918 1946 Valerio
1941 1916 2104 1946 dissentiat.
2141 1916 2192 1946 At·

240 1963 302 1987 tera
330 1960 429 1997 opinio
459 1961 515 1988 suit
536 1960 647 1988 Valerii
669 1959 814 1996 Antiatis,
852 1960 902 1998 qui
930 1960 1060 1988 triennio
1084 1965 1152 1998 post
1174 1960 1277 1989 scribit
1299 1961 1330 1988 P.
1354 1960 1494 1999 Scipione
1516 1960 1639 1995 Nasica,
1677 1960 1774 1988 Manio
1798 1960 1890 1988 Acilio
1914 1958 2076 1988 Glabrione
2099 1959 2192 1997 Coss„

237 2004 308 2029 ‘cum
331 2002 415 2030 aedes
437 2003 537 2031 Matris
562 2003 682 2040 Magnae
706 2002 791 2031 [deae
815 2012 830 2030 a
854 2002 892 2032 Μ.
916 2002 1007 2031 Bruto
1031 2001 1167 2031 dedicata
1192 2008 1250 2037 est,
1286 2003 1374 2031 ludos
1404 2002 1536 2031 scenicos
1564 2003 1675 2041 primos
1699 2003 1850 2040 Megalesia
1873 2002 2057 2041 appellatos,
2093 2001 2192 2031 factos

238 2043 349 2078 fuisse,
373 2048 402 2070 ut
426 2045 523 2072 Livius
549 2045 598 2074 hb,
613 2045 752 2075 xxxvl.
777 2045 813 2081 (c.
828 2047 890 2082 36.)
913 2045 1014 2074 refert.
1048 2045 1114 2073 Vid.
1135 2045 1239 2075 Ascon.
1264 2044 1343 2085 (pag.
1360 2047 1428 2077 132.
1454 2045 1499 2075 ed.
1520 2045 1626 2085 Lugd.)
1651 2055 1706 2084 pro
1731 2045 1878 2074 Cornelio.
1896 2044 1984 2074 Ant.
2001 2044 2095 2084 Aug.
2131 2043 2192 2073 Sa-

242 2084 347 2114 lutaris
368 2093 452 2122 por-ta
475 2086 623 2125 appellata
646 2087 683 2115 ab
706 2085 777 2115 aede
800 2085 928 2123 Salutis,
952 2086 1032 2126 quod
1054 2088 1079 2115 ei
1099 2088 1243 2126 proxima
1265 2089 1318 2125 sit,
1347 2094 1397 2116 aut
1420 2087 1456 2116 ob
1478 2086 1669 2116 salutationes
1691 2098 1726 2117 vo
1746 2110 1753 2117 .
1774 2110 1781 2118 .
1805 2110 1812 2117 .
1831 2109 1839 2117 .
1869 2087 2024 2122 Quaenam
2048 2091 2118 2116 sunt
2140 2094 2193 2116 eae

243 2127 455 2155 salutationes?
481 2138 582 2166 nempe
605 2131 685 2167 quod
710 2130 747 2157 ad
770 2139 831 2157 eam
849 2130 970 2157 Praetor
993 2130 1173 2159 salutaretur
1195 2131 1235 2165 is,
1259 2131 1309 2169 qui
1331 2132 1362 2158 in
1384 2130 1572 2169 provinciam
1596 2133 1788 2169 propraetore
1811 2134 1861 2158 aut
1883 2129 2064 2168 proconsule
2085 2130 2210 2160 exiret-⁴

243 2169 319 2198 Vide
343 2179 431 2206 supra
455 2168 483 2195 in
507 2168 634 2202 Praetor.
658 2172 852 2209 ,Quaeramus
876 2172 968 2209 igitur
991 2172 1142 2211 quomodo
1167 2173 1243 2201 illud
1264 2184 1301 2201 vo
1327 2194 1466 2202 .....
1492 2173 1607 2211 expleri
1628 2173 1731 2212 possit.
1768 2173 1916 2201 Fortasse:
1941 2171 1978 2201 οὗ
2000 2170 2194 2202 salutationes

239 2211 410 2240 'vocantium
431 2217 602 2248 praetorem.
647 2213 730 2247 Quae
753 2219 934 2252 sequuntur,
973 2215 1033 2242 alio
1062 2216 1226 2254 pertinent,
1261 2220 1289 2244 et
1313 2215 1388 2243 linea
1410 2216 1495 2254 prior
1518 2216 1609 2244 deest.
1650 2215 1693 2244 Ita
1718 2220 1815 2244 autem
1838 2214 2088 2243 succenturianda
2109 2218 2193 2243 sunt:

246 2253 363 2283 Scenici
391 2253 551 2291 antiquitus
581 2253 820 2293 appellabantur,
857 2257 908 2296 qui
930 2256 1115 2296 Zlfflegalenses
1143 2268 1220 2287 nunc
1248 2257 1320 2287 ludi.
1366 2257 1505 2287 Scenicos
1526 2268 1592 2286 vero
1615 2257 1702 2286 ludos
1720 2258 1847 2297 primum
1861 2256 1975 2298 fecisse
1999 2255 2028 2286 G.
2051 2255 2192 2292 Atilium,

249 2295 291 2325 M.
317 2293 473 2333 Popillium
496 2292 618 2322 Aediles
645 2298 799 2325 memoriae
824 2297 1017 2336 prodiderunt
1047 2299 1188 2329 historici.
1235 2299 1375 2329 Solebam
1402 2307 1496 2329 amem
1524 2298 1645 2340 prodire
1669 2301 1699 2328 in
1722 2299 1884 2336 orchestra,
1920 2298 1989 2328 dum
2010 2300 2089 2328 intus
2106 2303 2193 2328 avius

243 2335 369 2377 fabulae
397 2338 634 2374 componerentur
661 2347 726 2364 cum
754 2340 880 2368 versibus
903 2340 1062 2370 obscaenis.
1109 2343 1181 2371 Vide
1203 2343 1319 2371 Livium
1342 2342 1393 2371 lib.
1407 2343 1467 2372 Vll.
1492 2353 1551 2372 non
1574 2343 1659 2379 longe
1682 2347 1750 2380 post
1772 2342 1899 2372 initium.
1922 2340 2025 2370 Scal.
2069 2340 2143 2369 Inde
2164 2343 2192 2368 et

248 2379 392 2408 Salutaris
416 2378 515 2413 collis,
539 2377 590 2415 qui
612 2378 642 2405 in
666 2379 740 2406 colle
765 2381 920 2414 Quirinali.
954 2383 1040 2413 Varr.
1058 2384 1105 2413 IV.
1129 2385 1164 2413 de
1187 2386 1218 2413 L.
1236 2386 1266 2415 L.
1292 2385 1341 2422 (V.
1363 2395 1428 2424 pag.
1442 2387 1492 2417 58.
1515 2386 1596 2423 Sp.):
1621 2384 1714 2414 Collis
1733 2383 1874 2413 salutaris
1895 2384 2060 2424 quarticeps
2081 2380 2192 2410 adver-

247 2434 309 2451 sum
333 2428 373 2450 est
392 2418 566 2460 Αροῖῖῆενὶσ
586 2418 685 2449 aedem
709 2427 734 2448 el
757 2419 870 2451 salutis.
894 2423 948 2451 Da
959 2435 983 2453 c.
1023 2425 1177 2455 Vocantur
1196 2426 1370 2466 Megalesia.
1402 2428 1491 2465 Lege:
1516 2427 1673 2457 Vocantur
1694 2426 1874 2466 Megalesia,
1892 2435 1971 2464 quos
1991 2423 2078 2453 ludos
2097 2424 2191 2453 sceni-
