2263 2668
358 178 433 214 254
980 173 1120 207 SEle
1147 173 1344 208 POMPEH
1381 173 1519 208 FESTI

524 268 821 303 sanderacam
848 266 899 300 ait
927 277 1000 300 esse
1026 270 1141 312 genus
1169 268 1314 309 coloris,
1342 267 1435 311 quod
1463 267 1588 300 Graeci
1614 266 1796 300 sandicem
1821 269 2014 313 appellant.
2050 271 2141 305 Nae-

359 325 444 357 vius:
480 320 650 354 merula
685 318 990 353 sanderacino
1022 319 1188 352 colore.
1249 319 1402 352 Sabini
1434 319 1550 362 quod
1586 318 1743 351 volunt
1776 320 2011 363 somniant,
2045 326 2142 356 vetus

360 372 575 419 proverbium
604 381 696 415 esse,
738 374 771 404 et
798 370 881 403 inde
906 379 1071 403 manasse
1097 371 1148 404 ait
1175 371 1305 404 Sinnius
1339 370 1477 415 Capito,
1520 370 1614 415 qnod
1641 370 1908 415 quotiescunque
1932 373 2142 408 sacrificium

230 436 266 461 ·f.
285 434 316 459 ad
359 424 572 470 proterviam
586 422 720 470 fieret,
747 422 920 455 hominem
944 421 1106 455 Sabinum
1133 424 1191 455 at*
1218 421 1308 455 illud
1326 421 1499 455 adhibere
1523 420 1703 455 solebant.-
1740 433 1816 454 nam
1841 421 1893 456 his
1907 423 1935 439 *⁸
1961 425 2142 468 promitte-

222 470 266 494 ''f·
286 468 307 493 5⁵
363 477 424 510 bat
449 487 488 509 se
511 486 580 521 pro
608 475 657 508 eis
682 474 940 507 somniaturum.
967 473 1124 517 idemque
1144 478 1333 518 postquam
1363 474 1592 519 evigilasset,
1618 481 1729 506 sacra
1742 473 1940 508 facientibus
1965 475 2141 510 narrabat

360 538 459 561 omne
480 526 651 571 quidquid
677 525 711 558 in
739 526 851 569 quiete
877 525 1036 567 vidisset,
1065 525 1160 570 quod
1186 525 1326 570 quidem
1353 529 1443 558 esset
1470 536 1514 557 ex
1539 524 1691 558 sacrifici
1717 525 1888 569 religione.
1956 526 2059 560 Unde
2079 538 2141 561 ve-

362 580 454 612 nisse
479 579 621 611 videtur
647 578 681 610 in
706 577 939 621 proverbium:
993 575 1145 610 Sabinos
1173 577 1291 609 solitos
1319 576 1413 621 quod
1440 577 1560 609 vellent
1586 576 1768 610 somniare.
1793 576 1859 609 sed
1886 577 1971 621 quia
1991 582 2142 623 propter

365 630 565 664 aviditatem
594 629 731 662 bibendi
757 628 938 672 quaedam
965 639 1053 662 anus
1079 628 1242 660 mulieres
1267 627 1302 660 id
1330 629 1495 660 somnium
1521 627 1731 672 captabant,
1767 628 1954 673 vulgatum
1982 633 2031 662 est
2057 629 2142 662 illud

364 693 516 726 quoque:
550 692 630 714 anus
657 680 751 725 quod
777 681 846 713 volt
877 680 1028 712 somniat.
1057 680 1127 713 fere
1154 680 1240 712 enim
1275 679 1371 723 quod
1396 679 1588 724 vigilantes
1624 680 1739 712 animo
1773 679 1955 721 volvimus,
1990 681 2030 714 id
2056 681 2141 715 dor-

366 732 548 766 mientibus
574 743 744 777 apparere
772 732 864 764 solet.
918 730 1135 764 sambuca
1160 731 1291 776 organi
1318 730 1449 764 dicitur
1474 742 1598 775 genuS,
1625 742 1644 763 a
1670 741 1738 774 quo
1765 730 2036 775 Sambycietriae
2056 744 2141 777 quo-

365 792 431 830 que
458 784 621 818 dicuntur.
647 795 709 828 per
738 783 989 816 similitudinem
1017 783 1122 816 etiam
1158 794 1230 815 eam
1258 782 1447 816 machinam
1479 782 1713 826 appellarunt,
1754 792 1825 827 qua
1847 778 1868 831 Η
1893 782 1998 816 urbes
2031 781 2139 830 [135]

366 841 591 881 expugnauu
618 846 694 869 nam
722 840 757 868 ut
782 835 815 867 in
841 843 981 879 organo
1008 834 1182 875 chordae,
1208 834 1259 867 sic
1285 834 1320 867 in
1342 833 1500 867 machina
1525 834 1619 866 funes
1645 834 1878 867 intenduntur.
1933 833 2141 868 Samnitibus

367 897 488 921 nomen
511 886 656 933 factum
692 898 715 920 a
739 886 868 927 hastis,
901 891 1043 930 propter
1076 897 1181 930 genus
1216 885 1358 927 hastae,
1398 885 1492 930 quod
1526 884 1656 920 σαυνία
1691 885 1865 929 appellent
1901 884 2044 921 Graeci.
2078 885 2142 920 alii

366 939 464 973 stiunt
492 938 621 972 Sabinis
647 950 726 971 vere
744 948 848 971 sacro
867 941 963 978 voto,
997 937 1063 970 hoc
1088 948 1203 982 genus
1230 936 1404 970 hominum
1432 940 1535 970 extra
1551 935 1652 982 fines
1679 937 1824 970 eiectum
1852 936 1974 970 Comio
2005 937 2141 971 castro-

365 991 418 1024 nio
447 990 538 1024 duce
564 1000 754 1035 occupasse
781 989 927 1029 collem,
971 989 1023 1022 cui
1047 1000 1166 1021 nomen
1201 987 1364 1030 Samnio,
1406 1000 1430 1021 a
1456 999 1522 1033 quo
1552 987 1737 1023 Samnites.
1792 988 2021 1022 Salariam
2053 990 2140 1022 viam

364 1042 518 1087 incipere
545 1042 595 1074 ait
623 1053 646 1074 a
678 1045 800 1086 porta,
839 1051 926 1084 quae
960 1051 1046 1073 nunc
1081 1039 1221 1073 Collina
1257 1052 1279 1073 a
1313 1040 1401 1073 colle
1437 1039 1613 1087 Quirinali
1646 1039 1775 1073 dicitur.
1838 1039 1988 1074 Salaria
2021 1045 2141 1074 autem

359 1097 554 1139 propterea
580 1092 837 1137 appellabatur,
871 1092 966 1137 quod
993 1093 1217 1137 impetratum
1235 1090 1366 1137 suerit,
1400 1097 1435 1124 ut
1463 1103 1502 1125 ea
1528 1091 1644 1125 liceret
1670 1102 1694 1124 a
1723 1092 1818 1125 mari
1842 1092 1878 1125 in
1905 1090 2057 1126 Sabinos
2078 1103 2141 1126 sa-

365 1146 429 1179 lem
458 1145 592 1189 portari.

532 1211 726 1247 Salacia
761 1211 859 1245 dicta
886 1215 935 1245 est
963 1211 1056 1256 quod
1082 1211 1188 1244 salum
1215 1211 1299 1252 ciet3
1339 1212 1493 1258 antiquos
1519 1216 1637 1245 autem
1670 1212 1721 1245 ait
1755 1222 1794 1245 eo
1821 1208 1990 1245 vocabulo
2016 1215 2141 1256 poetas

360 1275 430 1309 pro
459 1275 555 1309 aqua
581 1265 660 1310 ipsa
687 1273 766 1296 usos
793 1274 876 1296 esee.
935 1263 1101 1296 Pacuvius
1138 1262 1173 1296 in
1226 1288 1540 1298 ......
1599 1263 1712 1297 Hinc
1745 1263 1976 1296 saevitiam
2015 1263 2140 1297 Sala-

366 1316 458 1350 ciae
488 1315 719 1361 sugimus,
761 1315 963 1359 laetique
994 1324 1177 1347 munere
1213 1315 1424 1348 vescimur
1469 1315 1667 1349 Cereris.-
1698 1318 1799 1360 post
1835 1313 2002 1348 condor
2035 1315 2139 1348 tha-

366 1368 500 1408 lamo,
528 1378 653 1400 nemo
680 1372 722 1399 ut
749 1377 809 1398 me
836 1370 939 1398 tunc
966 1366 1075 1398 inde
1102 1370 1233 1410 queat
1260 1365 1494 1399 abducere
1530 1366 1796 1399 mortalium
1832 1371 2022 1410 saeptam
2049 1366 2139 1398 cir-

367 1429 462 1451 cum
490 1429 652 1451 moero.
715 1416 957 1451 Salutaris
991 1422 1090 1461 porta
1121 1417 1304 1462 appellata
1331 1419 1381 1450 est
1408 1417 1454 1450 ab
1481 1417 1574 1451 aede
1607 1417 1752 1457 Salutis,
1781 1415 1874 1460 quod
1911 1417 1942 1450 ei
1970 1417 2140 1462 proxima

354 1468 439 1514 suit.
468 1469 532 1503 alii
558 1469 600 1502 ob
620 1469 849 1503 salutationes.
904 1468 1085 1502 Vocantur
1114 1467 1322 1513 Elegalesia
1348 1468 1407 1513 qui
1432 1479 1521 1502 nunc
1547 1468 1637 1509 ludi,
1663 1468 1829 1502 scaenicos
1857 1468 1939 1501 olim
1964 1467 2139 1508 dicebant,

363 1532 446 1566 quos
473 1522 618 1565 primum
646 1521 763 1554 fecisse
790 1520 819 1554 C
821 1543 1135 1555 ......
1188 1520 1268 1552 lium
1295 1520 1346 1555 M.
1366 1521 1556 1565 Popillium.
1584 1520 1634 1552 M.
1651 1519 1691 1552 F.
1716 1519 1863 1553 Carales
1887 1519 2039 1560 Aediles,
2065 1526 2139 1553 me-

364 1573 491 1605 moriae
512 1572 750 1618 prodiderunt
776 1571 933 1606 historici.
962 1571 1115 1603 solebant
1141 1570 1196 1604 his
1222 1572 1373 1615 prodire
1398 1572 1496 1605 mimi
1521 1572 1554 1604 in
1584 1569 1774 1610 orchestra,
1811 1570 1894 1603 duin‘
1918 1571 2011 1604 intus
2041 1574 2142 1605 actus

354 1623 504 1669 fabulae
532 1627 818 1668 componerentur
844 1633 923 1655 cum
949 1622 1105 1655 versibus
1132 1621 1290 1655 obscenis,
1352 1621 1508 1656 Salval
1535 1634 1602 1656 res
1630 1626 1712 1663 est,
1752 1622 1855 1656 dum
1882 1626 2045 1656 cantat
2071 1634 2141 1655 se-

364 1686 461 1715 nex,
487 1686 591 1718 quare
617 1675 750 1719 parasiti
767 1671 788 1723 Η
803 1671 969 1718 Apollinis
995 1674 1029 1706 in
1056 1680 1175 1707 scaena
1201 1673 1361 1712 dictitent,
1387 1681 1519 1708 causam
1547 1674 1681 1707 Verrius
1707 1674 1740 1706 in
1762 1671 1783 1708 l.
1807 1673 1844 1706 V.
1860 1676 2002 1717 quorum
2031 1671 2139 1720 [136]

215 1723 328 1781 “iscpN
366 1728 474 1771 prima
501 1733 551 1760 est
576 1727 604 1759 P
631 1727 759 1768 littera,
800 1725 960 1760 reddidit.
996 1720 1090 1768 quod
1118 1725 1181 1759 0.*
1216 1721 1377 1769 Sulpicio.
1406 1720 1490 1759 0¹⁶*
1524 1725 1645 1759 Fulvio
1680 1720 1757 1761 Cos.
1792 1720 1842 1760 M.
1872 1723 2056 1769 Calpurnio
2083 1725 2142 1758 Pi-

197 1790 223 1815 Ὗ,
245 1773 357 1815 :luntiaio
367 1790 446 1810 sone
473 1779 526 1812 Pr.
554 1778 640 1811 Urb.
667 1777 810 1811 faciente
837 1775 952 1814 ludos.
980 1776 1088 1809 subito
1116 1775 1159 1808 ad
1191 1788 1282 1808 arma
1310 1777 1462 1818 exierint,
1488 1777 1649 1810 nuntiatio
1686 1775 1869 1809 adventus*
1901 1776 2063 1817 hostium,
2090 1777 2141 1809 vi·-

231 1824 338 1850 adventu
369 1835 542 1872 ctoresque
576 1830 609 1861 in
643 1828 810 1862 theatrum
846 1828 1002 1860 redierint
1038 1828 1188 1866 solliciti,
1240 1839 1281 1860 ne
1313 1829 1484 1862 intermissi
1511 1829 1708 1874 religionem
1737 1824 1922 1870 adferrent,
1974 1827 2141 1860 instaurati

200 1883 237 1908 ·f.
265 1882 449 1923 instau-qui*
477 1888 601 1919 essent,
629 1881 795 1913 inventum
825 1891 895 1912 esse
922 1880 967 1912 ibi
994 1879 1032 1912 C.
1060 1878 1274 1923 Pompinium
1285 1880 1312 1895 ⁴*
1347 1878 1533 1913 libertinum
1560 1878 1698 1913 mimum
1725 1888 1850 1924 magno
1877 1885 1972 1919 natu,
2013 1881 2071 1923 qui
2097 1878 2141 1912 ad

200 1916 534 1984 ..ffidggssstibicinem
561 1932 704 1967 saltaret.
735 1932 847 1975 itaque
874 1931 1001 1976 gaudio
1038 1942 1104 1963 non
1138 1931 1341 1975 interruptae
1375 1931 1545 1977 religionis
1579 1931 1701 1965 editam
1734 1941 1853 1964 vocem
1885 1941 1973 1964 nunc
2007 1941 2141 1975 quoque

250 1984 316 2009 nium
374 1982 541 2017 celebrari.
579 1989 613 2016 at
649 1984 680 2015 in
714 1983 782 2017 hoc
812 1982 898 2015 libro
931 1982 1033 2015 refert
1065 1982 1170 2015 sinnii
1214 1982 1387 2027 Capitonis
1423 1984 1525 2016 verba
1557 1983 1674 2026 quibus
1707 1994 1764 2015 eos
1799 1982 1896 2016 ludos
1929 1983 2141 2026 Apollinares
2199 2003 2201 2005 -

220 2035 254 2061 Ὗ.
274 2034 363 2060 Marcii
374 2031 515 2065 Claudio
542 2041 575 2066 et
602 2035 721 2067 Fulvio
748 2046 814 2069 cos.
842 2034 948 2067 factos
979 2033 1061 2068 dicit
1091 2040 1131 2067 ex
1157 2032 1250 2066 libris
1277 2033 1464 2078 Sibyllinis,
1508 2040 1542 2068 et
1566 2034 1721 2068 vaticinio
1755 2033 1834 2070 M.*
1865 2030 1945 2067 vatis
1971 2035 2140 2072 institutos,

228 2086 263 2109 Ὗ.
283 2084 338 2118 ἥρω
374 2092 433 2114 nec
458 2085 641 2118 nominatur
668 2086 752 2118 ullus
779 2080 1005 2130 Pomponius,
1037 2085 1244 2128 ridiculeque
1277 2085 1321 2119 de
1346 2086 1430 2130 ip.*‚
1464 2086 1693 2132 appellatione
1728 2084 1945 2130 parasitorum
1975 2085 2146 2131 Apollinis¹

374 2131 429 2164 hic
457 2144 585 2166 causam
612 2137 739 2174 reddit,
783 2149 858 2170 cum
886 2137 919 2170 in
946 2141 987 2170 eo
1021 2137 1239 2181 praeterisset.
1276 2137 1320 2170 ait
1348 2136 1434 2170 enim
1461 2138 1505 2170 ita
1538 2138 1719 2183 appellari,
1754 2137 1847 2181 quod
1873 2136 1912 2171 C.
1936 2134 2140 2177 volumnius,

374 2183 428 2226 qui
456 2183 498 2214 ad
525 2185 688 2219 tibicinem
716 2189 857 2228 saltarit,
900 2188 1121 2223 secundarum
1151 2187 1295 2232 partium
1327 2188 1445 2230 fuerit,
1480 2189 1538 2234 qui
1564 2189 1634 2223 fere
1667 2189 1819 2222 omnibus
1845 2188 1952 2222 mimis
1979 2182 2139 2234 parasitus

461 2312 491 2354 1)
513 2315 607 2343 Salva
629 2315 701 2354 rea]
736 2317 777 2346 De
796 2320 934 2357 parasitis
956 2320 1103 2360 Apollinis
1125 2321 1235 2350 viden-
1279 2321 1303 2351 d
1324 2345 1330 2351 .
1354 2343 1362 2351 .
1384 2345 1392 2352 .
1424 2322 1505 2362 quod
1534 2329 1699 2362 operarum
1723 2322 1797 2352 vitio
1826 2328 1886 2350 noia
1907 2321 1948 2349 ita
1968 2320 2056 2359 plane
2084 2326 2136 2346 ex-

378 2355 434 2385 &ss
464 2355 632 2385 Athenaeus
660 2357 711 2388 lib.
733 2362 762 2389 6.
798 2362 875 2391 Urs.
908 2378 952 2384 —
986 2362 1017 2400 2)
1039 2370 1066 2391 et
1091 2363 1234 2392 saltando
1279 2374 1414 2404 pressum
1435 2370 1488 2394 est.
1511 2375 1548 2394 ex
1570 2375 1605 2394 eo
1623 2366 1788 2403 fragmento
1810 2375 1863 2393 nos
1888 2363 2020 2398 fecimus,
2043 2369 2136 2398 quam

377 2398 426 2428 Pr.
449 2398 523 2428 Ven.
545 2400 594 2428 Sc.
615 2415 658 2422 —
679 2398 710 2438 3)
734 2401 860 2441 Salina]
878 2404 953 2433 Vide
974 2405 1007 2432 in
1020 2405 1234 2445 Regifugium.
1280 2407 1396 2437 dicunt.
1427 2408 1505 2437 Urs.
1529 2423 1569 2430 -—
1595 2409 1626 2444 5)
1641 2406 1839 2445 Saeculares}
1863 2405 1960 2434 Acron
1982 2405 2010 2432 in
2033 2401 2135 2431 Horat-

385 2441 460 2470 Urs.
484 2457 524 2463 —
546 2440 577 2481 4)
601 2442 792 2480 salentinos]
816 2443 848 2472 In
872 2447 1034 2485 exemplari
1057 2453 1118 2484 est,
1142 2459 1234 2486 quam
1280 2451 1376 2479 Carm.
1400 2451 1482 2479 Sacc.
1503 2450 1578 2478 Ludi
1601 2450 1765 2478 saeculares
1788 2448 1879 2477 ternis
1902 2446 2002 2476 diebus
2026 2454 2060 2472 ac
2082 2454 2135 2473 no-
