2263 2668
230 106 277 140 12
649 109 792 144 PAULI
817 109 939 144 DIAC.
964 109 1221 145 EXCERPTA
1247 112 1311 145 EX
1336 112 1424 148 LlB.
1453 114 1595 148 POMP.
1623 114 1759 150 FESTI

232 199 344 235 Aedis
366 198 569 234 domicilium
591 201 624 234 in
647 202 737 235 edito
761 204 904 248 positum
927 204 1069 248 simplex
1091 209 1190 247 atque
1212 206 1306 238 unius
1328 206 1443 240 aditus.
1497 207 1575 241 Sive
1598 208 1676 241 ideo
1702 207 1818 243 aedis¹
1848 211 1983 253 dicitur,
2015 214 2107 258 quod
2131 216 2165 249 in

331 264 370 285 ea
394 264 510 285 aevum
531 252 690 297 degatur,
718 255 811 298 quod
836 255 967 289 Graece
991 252 1078 290 αἰών
1098 252 1111 272 ²
1137 261 1282 290 vocatur.
1336 258 1451 301 ltaque
1475 259 1655 293 aedificare
1683 272 1785 304 quum
1816 261 1856 295 sit
1881 265 2018 309 proprie
2045 266 2165 301 aedem

330 304 458 343 facere,
484 303 618 346 ponitur
643 310 754 339 tamen
778 308 1062 354 καταχρηστικῶς
1088 307 1121 340 in
1147 309 1237 340 omni
1264 320 1388 353 genere
1415 311 1661 346 constructionis
1681 308 1703 345 ³.

234 363 407 397 Aedituus
431 362 521 395 aedis
547 375 660 398 sacrae
682 361 694 382 4
720 367 819 400 tuitor
835 364 865 410 ⁵,
892 365 926 399 id
954 371 1002 399 est
1028 377 1140 401 curam
1167 379 1277 413 agens.

231 423 439 456 Aeditumus
458 418 470 438 ⁶
496 424 588 457 aedis
611 425 751 460 intimus.

230 482 367 515 Aedilis
399 482 491 515 initio
524 483 629 518 dictus
665 483 743 519 est⁷
769 488 996 533 magistratus,
1030 488 1086 532 qui
1106 484 1120 505 Θ
1151 487 1283 521 aedium
1315 499 1381 521 non
1414 493 1539 523 tantum
1573 502 1757 535 sacrarum,
1796 492 1854 525 sed
1889 492 1986 527 etiam
2018 492 2166 538 privata-

328 544 400 566 rum
438 545 550 568 curam
585 538 733 582 gerebat.
794 540 914 573 Postea
948 537 1043 574 hoc⁹
1070 551 1191 572 nomen
1219 547 1251 573 et
1285 539 1327 572 ad
1355 541 1563 585 magistratus
1579 539 1603 560 ¹⁰
1629 544 1821 577 translatum
1856 550 1903 577 est
1919 541 1952 578 ¹¹.
2013 545 2126 579 Dictus
2141 542 2166 563 ¹²

327 589 376 618 est
402 590 509 619 autem
537 589 668 632 aedilis,
701 591 793 634 quod
827 592 931 626 facilis
965 592 1008 625 ad
1043 603 1117 625 eum
1145 592 1237 636 plebi
1266 591 1372 625 aditus
1401 597 1492 626 esset.
1546 593 1617 627 Sed
1644 599 1676 627 et
1696 591 1720 612 ¹³
1749 595 1910 629 aedilatus
1932 592 1956 613 ¹⁴
1982 596 2165 638 dicebatur,

327 636 411 670 sicut
436 639 667 684 pontificatus,
694 643 918 688 magistratus,
946 644 1064 677 eadem
1093 643 1235 688 dignitas
1257 639 1291 676 ¹⁵.

229 696 369 730 Atrium
397 699 533 743 proprie
560 705 607 734 est
631 698 654 718 ¹⁶
679 714 784 747 genus
811 704 957 737 aedificii
985 703 1152 736 continens
1179 702 1324 735 mediam
1351 714 1482 744 aream,
1516 703 1549 736 in
1582 715 1682 747 quam
1715 706 1859 740 collecta
1891 719 1931 740 ex
1956 708 2047 741 omni
2071 712 2163 742 tecto

325 749 438 792 pluvia
465 750 644 786 descendit.
707 754 841 788 Dictum
875 760 986 788 autem
1021 755 1138 787 atrium
1172 754 1226 786 vel
1249 751 1272 771 ¹⁷
1305 754 1382 797 quia
1408 755 1444 787 id
1471 766 1576 800 genus
1604 756 1747 790 aedificii
1773 758 1887 791 Atriae
1909 755 1933 775 ¹⁸
1958 759 2104 804 primum
2129 760 2163 793 in

327 799 485 834 Hetruria
511 803 550 836 sit
575 804 772 848 institutum,
803 807 856 840 vel
882 807 975 850 quod
997 802 1020 823 ¹⁹
1046 818 1066 839 a
1085 802 1110 823 ²⁰
1136 810 1223 838 terra
1250 806 1391 847 oriatur,
1418 806 1510 850 quasi
1537 807 1693 841 aterrium
1715 804 1748 841 ²¹.

231 858 347 900 Avus,
374 862 476 904 patris
503 865 680 908 matrisque
705 871 819 910 pater,
847 867 953 900 dictus
980 879 999 899 a
1026 867 1160 899 Graeco
1186 867 1366 907 vocabulo,
1394 867 1486 910 quod
1515 871 1562 900 est
1588 868 1679 912 apud
1708 880 1764 902 eos
1797 864 1940 908 πάππος
1960 863 2002 911 ²²,
2033 869 2163 902 mutatis

326 912 525 954 quibusdam
553 916 678 949 litteris.
730 918 797 950 Alii
823 919 955 962 volunt,
987 918 1078 961 quod
1107 929 1147 951 ex
1174 930 1213 950 ea
1239 930 1322 952 voce
1349 919 1556 963 appelletur,
1592 920 1685 963 quod
1718 921 1809 964 apud
1844 920 1979 953 eosdem
2000 914 2025 936 ²³
2052 919 2163 954 Grae-

325 974 381 996 cos
409 962 512 1005 αῖπύς
534 963 558 983 ²¹
584 969 790 1012 appellatur,
817 970 1048 1015 significatque
1074 981 1250 1014 magnum,
1277 970 1434 1013 quoniam
1460 970 1560 1003 veluti
1587 982 1728 1016 magnus
1754 977 1849 1017 pater
1875 971 1915 1004 sit
1941 981 2030 1005 avuS.
2093 971 2162 1005 Alii

324 1020 443 1059 putant
470 1029 574 1051 avum
602 1020 729 1053 dictum
758 1032 846 1064 esse,
873 1022 950 1066 quia
977 1021 1021 1054 ad
1049 1021 1132 1054 duos
1160 1021 1313 1064 attineat,
1339 1022 1433 1066 quasi
1459 1021 1621 1056 adduum
1643 1019 1687 1065 ²⁵,
1714 1024 1768 1057 vel
1793 1023 1870 1068 quia
1896 1023 1940 1056 ad
1965 1027 2097 1068 patrem
2122 1023 2163 1056 sit

323 1067 455 1100 additus
477 1066 509 1103 ²⁶.

229 1125 370 1160 Abavus
394 1128 530 1169 (licitur,
558 1131 634 1174 quia
662 1131 754 1164 abest
781 1133 822 1165 ab
851 1144 912 1165 avo
941 1136 972 1166 et
999 1138 1046 1166 est
1072 1145 1150 1167 avus
1170 1130 1195 1150 ²⁷
1222 1134 1282 1166 avi.

226 1177 363 1211 Atavus
377 1175 420 1221 ²³,
447 1181 525 1224 quia
552 1188 618 1215 atta
635 1179 659 1199 ²⁹
686 1189 734 1216 est
761 1185 829 1225 avi,
856 1185 891 1217 id
919 1190 966 1217 est
993 1190 1104 1230 pater,
1131 1190 1166 1218 ut
1190 1185 1285 1230 pueri
1301 1181 1326 1201 ³⁰
1356 1195 1515 1229 usurpare
1541 1186 1655 1219 solent.

224 1227 443 1271 Avunculus,
470 1234 582 1266 matris
609 1246 702 1267 meae
729 1235 840 1276 frater,
867 1237 963 1269 traxit
989 1238 1248 1281 appellationem
1277 1237 1318 1269 ab
1345 1248 1403 1277 eo,
1430 1236 1523 1279 quod
1551 1249 1657 1281 aeque
1676 1234 1699 1254 ³¹
1726 1237 1840 1270 tertius
1866 1247 1886 1268 a
1913 1246 1983 1274 me,
2011 1238 2047 1267 ut
2073 1244 2161 1275 avua

324 1286 390 1320 est,
418 1283 475 1315 sed
504 1296 569 1317 non
596 1286 741 1319 eiusdem
776 1287 867 1320 iuris:
902 1288 1047 1331 ideoque
1080 1289 1233 1321 vocabuli
1253 1285 1278 1305 ³²
1304 1288 1392 1321 facta
1419 1288 1592 1321 diminutio
1619 1293 1677 1322 est.
1729 1289 1808 1322 Sive
1833 1287 2012 1320 avunculus
2038 1285 2161 1330 appel-

325 1331 426 1374 latur,
454 1337 545 1377 quod
574 1337 625 1369 avi
651 1337 764 1370 locum
792 1339 939 1372 obtineat
960 1336 984 1356 ³³
1011 1345 1043 1372 et
1071 1340 1279 1385 proximitate
1305 1344 1435 1372 tueatur
1461 1340 1580 1373 sororis
1606 1340 1709 1372 {iliam
1729 1336 1763 1372 ³⁴.

225 1382 350 1417 Amita
370 1381 394 1402 ³5
420 1387 521 1430 patris
548 1389 613 1421 mei
640 1400 751 1431 soror,
785 1390 862 1433 quia
897 1390 1044 1423 similiter
1075 1392 1170 1425 tertia
1203 1403 1223 1424 a
1255 1402 1309 1423 me
1344 1391 1398 1427 sit:
1432 1396 1531 1434 atque
1558 1392 1629 1424 avia
1655 1391 1760 1424 videri
1787 1392 1898 1434 potest
1924 1387 2014 1420 (licta
2040 1397 2080 1420 ex
2107 1398 2159 1441 eo,

322 1436 416 1479 quod
451 1439 493 1470 ab
526 1440 762 1484 antiquioribus
795 1442 880 1474 avita
914 1443 954 1474 sit
988 1443 1128 1476 vocitata
1150 1440 1183 1475 ³⁶.
1243 1442 1321 1475 Sive
1355 1443 1454 1474 amita
1489 1442 1578 1476 dicta
1614 1447 1678 1483 est,
1710 1443 1788 1486 quia
1821 1453 1840 1473 a
1859 1436 1884 1456 ³⁷
1916 1443 2012 1483 patre
2037 1449 2114 1471 meo
2135 1434 2160 1454 *Β

322 1492 432 1521 amata
459 1494 515 1523 est.
567 1492 654 1524 Nam
679 1493 754 1537 plus
780 1504 910 1526 sorores
937 1506 956 1526 a
982 1494 1155 1536 fratribus,
1182 1505 1283 1538 quam
1310 1493 1426 1526 fratres
1453 1493 1548 1539 diligi
1579 1495 1703 1536 solent,
1734 1492 1890 1526 videlicet
1915 1494 2055 1535 propter
2086 1489 2159 1521 dis-

308 1570 333 1610 1)
361 1571 426 1601 ideo
445 1573 541 1614 aedis]
564 1575 649 1604 aedis
664 1576 729 1605 ideo
746 1577 778 1608 B.
796 1593 837 1599 -—
860 1577 888 1617 Ξ)
913 1575 1001 1616 αἰών]
1021 1578 1070 1606 Sic
1086 1578 1167 1616 vulg.

222 1612 317 1643 αἰῶνα
340 1615 395 1645 Gu.
431 1618 518 1645 enion
542 1618 599 1648 Gu.
621 1621 648 1650 2.
685 1630 741 1648 om.
767 1620 798 1649 L.
820 1630 866 1659 pr.
896 1620 934 1650 M.
974 1618 1107 1651 αἰώνιον.
1129 1636 1171 1644 --

222 1654 250 1693 3)
275 1658 404 1694 ponitur
425 1664 523 1688 tamen
547 1661 618 1700 eun]
655 1662 703 1690 Sic
728 1663 785 1692 Gn.
808 1665 838 1694 2.
867 1663 906 1691 Μ.
948 1663 981 1691 in
1012 1665 1093 1691 omni
1112 1674 1172 1702 ge·-

225 1707 290 1725 nere
310 1703 518 1730 catacristicos
539 1708 776 1743 καταχρηστικῶς
797 1716 901 1733 nomen
921 1716 1007 1744 grece
1028 1712 1173 1734 con-stru·-

227 1741 332 1769 ctionis
353 1743 384 1772 Β.
428 1756 544 1785 καταχρ.
570 1748 601 1774 in
625 1749 706 1775 omni
727 1748 783 1776 Gu.
802 1751 827 1779 1.
866 1749 996 1786 ponitur
1017 1754 1116 1776 tamen
1139 1750 1172 1776 ἱη

226 1792 327 1817 genere
352 1793 458 1817 constr.
480 1789 510 1818 L.
535 1789 656 1819 lacunae
669 1790 753 1828 signo
773 1796 838 1818 ante
854 1792 886 1818 ιἰι
899 1802 965 1829 gen.
1003 1791 1100 1829 Vulgo
1113 1801 1171 1829 pro

229 1827 307 1851 omni
326 1837 390 1863 gen,
424 1847 465 1851 -—
503 1833 530 1866 4)
557 1831 620 1861 aed.
645 1832 735 1871 saon]
759 1833 808 1861 Sic
834 1834 862 1863 [ι.
885 1834 917 1862 Β.
943 1834 999 1862 Gu.
1026 1837 1051 1865 1.
1071 1837 1101 1865 2.
1123 1844 1169 1872 pr.

230 1863 402 1903 Vulg..s·ac1·.
420 1872 482 1901 aed.
511 1890 553 1895 -—·
582 1873 610 1914 5)
632 1876 738 1914 [nitor]
759 1876 808 1903 Sic
830 1876 859 1906 Β,
881 1876 937 1904 Gu.
955 1879 985 1907 2.
1008 1877 1035 1904 S.
1082 1876 1168 1914 Vulg.

230 1911 318 1954 tutor.
344 1926 379 1931 —
409 1912 437 1951 6)
458 1916 652 1956 Acdlmmus]
675 1918 722 1946 Sic
744 1919 799 1949 Gu.
818 1921 844 1949 1.
867 1919 985 1956 antiqua
1011 1918 1171 1956 orthogra-

230 1948 301 1987 phia
326 1959 448 1983 servata.
494 1958 578 1996 ang.
603 1960 776 1988 Aeditlmns
818 1961 919 1989 Aetli&
951 1960 986 1988 id
1009 1967 1048 1989 est
1073 1962 1104 1991 B.
1126 1971 1170 2000 pr.

229 2006 271 2012 —
293 1990 321 2030 7)
343 1992 443 2023 dictas
457 1998 508 2036 est]
531 2008 571 2028 est
587 2002 660 2033 dict.
681 2004 712 2031 L.
742 2020 776 2024 -
801 2005 830 2039 8)
850 2003 915 2042 qui]
933 2004 1008 2042 quia
1023 2005 1055 2033 H.
1077 2005 1171 2034 Gu.2.

232 2033 338 2062 Ortum
356 2046 391 2064 ex
409 2048 470 2076 seq.
489 2042 552 2069 aed.
576 2061 613 2065 —-—
636 2049 662 2080 9)
680 2045 750 2086 lzoc]
772 2051 797 2074 et
811 2046 867 2074 lzoc
882 2047 919 2077 Μ,
944 2062 983 2067 --
1011 2049 1056 2081 10)
1072 2047 1171 2084 magi-

231 2077 358 2116 stratus]
378 2082 588 2117 magi-sirmam
607 2087 638 2116 Β,
654 2105 695 2110 -
720 2091 763 2123 11)
784 2089 836 2127 est]
853 2099 910 2118 om.
929 2089 964 2117 Β.
989 2105 1030 2111 —
1055 2088 1098 2128 12)
1116 2090 1174 2116 Di-

231 2124 297 2146 ctus
324 2125 365 2147 est
389 2123 507 2161 autem]
537 2127 648 2154 Dmtuvv
672 2136 713 2157 est
733 2133 824 2159 eliam
843 2142 885 2169 pr.
929 2136 970 2158 est
993 2142 1049 2159 om.
1071 2132 1104 2160 B.
1132 2147 1174 2152 --

233 2160 276 2200 13)
291 2162 350 2190 Sed
361 2163 398 2201 el]
411 2170 436 2191 et
452 2175 508 2194 om.
527 2167 557 2195 Β.
572 2184 612 2189 ——
631 2171 674 2203 14)
686 2172 849 2213 aeclilalus]
867 2172 1010 2202 aedilitas
1023 2174 1053 2203 L.
1068 2189 1108 2195 —
1126 2170 1174 2212 15)

1214 1578 1298 1617 quia.
1322 1593 1364 1599 —·
1387 1579 1432 1615 ΞΟ)
1451 1589 1470 1605 a
1486 1577 1577 1617 terra]
1601 1577 1652 1607 Sic
1668 1579 1700 1609 L.
1714 1578 1748 1606 B.
1771 1577 1827 1606 Gu.
1849 1579 1876 1608 1.
1892 1577 1921 1608 2.
1943 1583 1990 1613 pr.
2008 1574 2038 1604 S.
2073 1573 2160 1610 Vulg-

1214 1632 1228 1649 ε
1245 1626 1333 1649 terra.
1354 1635 1396 1641 --
1417 1623 1460 1658 91)
1479 1620 1636 1659 ato-rium]
1659 1622 1810 1649 atrarium
1825 1620 1857 1647 Β.
1879 1619 1936 1648 Gu.
1952 1619 1979 1649 1·
1996 1627 2042 1656 pr.
2083 1621 2161 1644 ater-

1215 1674 1298 1691 reum
1322 1664 1350 1690 S.
1386 1679 1424 1683 —
1457 1666 1501 1701 92)
1522 1660 1662 1702 πάππος]
1680 1673 1800 1702 pappos
1829 1662 1885 1690 Gu.
1907 1663 1936 1692 2.
1973 1667 2106 1708 swereeog
2129 1658 2161 1688 Β.

1215 1721 1256 1728 —
1278 1707 1322 1742 23)
1337 1704 1461 1742 eosdem]
1481 1717 1528 1733 eos
1544 1706 1578 1735 L.
1602 1722 1645 1728 —
1666 1709 1714 1742 24)
1732 1702 1835 1742 αἰπύς]
1858 1703 1906 1732 Sic
1922 1711 2027 1740 scrips1
2042 1700 2077 1729 de
2090 1710 2162 1729 con·

1214 1748 1336 1784 iectura,
1359 1748 1464 1784 Scalig.
1483 1747 1611 1777 coniecit
1626 1747 1720 1785 ἅππα,
1739 1760 1754 1777 a
1770 1757 1828 1786 quo
1842 1746 1926 1784 longe
1940 1745 2048 1795 abfunt
2062 1742 2161 1778 codd..

1215 1800 1340 1829 quorum
1366 1790 1399 1818 B.
1428 1789 1517 1818 habet
1541 1791 1614 1826 αὐος
1650 1791 1687 1820 Μ.
1710 1801 1790 1829 ayo-9.
1821 1789 1879 1818 Gu.
1897 1792 1924 1820 1.
1962 1798 2034 1826 αρος
2056 1786 2111 1814 Gu.
2129 1788 2160 1817 2.

1214 1843 1294 1862 aroc,
1341 1832 1383 1860 Ex
1403 1832 1448 1860 his
1465 1833 1536 1861 nihil
1554 1833 1633 1861 aliud
1648 1833 1762 1870 seceris,
1777 1831 1833 1860 nisi
1848 1827 1938 1866 αἰπύς
1954 1829 2015 1858 sive
2027 1829 2161 1858 Homer}-

1214 1885 1281 1903 cum
1300 1874 1374 1903 illud
1398 1872 1503 1912 αἴτιός,
1525 1875 1615 1914 idque
1632 1886 1735 1905 verum
1757 1885 1836 1907 esse,
1861 1872 2023 1902 ostendunt
2036 1879 2161 1921 sequen-

1212 1918 1270 1946 tia:
1293 1917 1505 1955 significatque
1525 1929 1672 1957 magnum
1695 1923 1750 1947 cet.
1797 1917 1865 1946 Om.
1887 1926 1931 1954 pr.
1969 1914 2054 1952 Vulg.
2072 1924 2160 1943 ‘cana

1214 1961 1244 1990 S.
1260 1957 1341 1990 τάτα.
1386 1960 1464 1988 Idem
1484 1966 1583 1999 postea
1603 1971 1659 1999 pro
1677 1961 1821 1999 quoniam
1843 1958 1934 1987 habet
1950 1967 2027 1986 cum.
2051 1972 2086 1978 -
2113 1954 2159 1992 25)

1215 2002 1368 2037 adduam]
1385 2001 1518 2030 adat'um
1532 2013 1576 2042 pr.
1599 2020 1634 2024 —
1656 2003 1701 2042 26)
1720 2001 1860 2041 additus]
1877 2000 1983 2029 aditus
2002 1999 2035 2029 L.
2057 1997 2090 2027 B.
2110 2006 2157 2036 pr.

1215 2061 1256 2067 —
1280 2048 1326 2081 27)
1343 2044 1570 2083 (lt'uS](‘0(ce’1'lc·5'
1588 2046 1620 2074 L.
1636 2046 1669 2075 B.
1695 2046 1749 2076 Gu.
1770 2048 1796 2077 1.
1821 2055 1866 2083 pr.
1889 2058 1932 2065 —-
1960 2043 2005 2079 28)
2025 2039 2158 2077 Λέαιίιε]

1215 2088 1349 2117 Aurum
1369 2087 1401 2117 B.
1419 2088 1455 2115 M.
1479 2104 1520 2109 -
1548 2090 1593 2126 29)
1613 2089 1690 2126 atta]
1712 2088 1761 2116 Sic
1777 2088 1810 2117 L.
1828 2087 1868 2118 M.
1890 2086 1945 2114 Gu.
1961 2085 1990 2116 2.
2033 2088 2103 2131 astfz
2123 2081 2156 2111 Β.

1216 2141 1261 2169 pr.
1305 2136 1347 2158 est
1368 2135 1434 2157 atla
1458 2131 1513 2160 Gu.
1530 2133 1556 2162 1.
1603 2130 1689 2169 Vulg.
1708 2136 1785 2161 tata.
1814 2145 1857 2151 -—-
1884 2131 1930 2163 30)
1953 2131 1987 2155 ut
1998 2124 2100 2164 paen]
2123 2128 2158 2152 ut

1211 2179 1293 2211 puta
1306 2174 1397 2211 pueri
1418 2173 1449 2201 B.
1473 2190 1507 2194 —
1528 2171 1575 2212 31)
1592 2172 1695 2212 aeque]
1713 2179 1756 2201 est
1772 2182 1864 2210 aeque
1880 2171 1911 2199 B.
1935 2185 1977 2192 —
2000 2166 2049 2207 32)
2067 2176 2155 2196 νοσα-

231 2203 309 2230 sicut
324 2205 393 2243 etc.]
412 2206 453 2234 [ta
467 2209 521 2237 Gu.
537 2212 565 2240 2.
602 2210 684 2247 Vulg.
703 2213 857 2243 dicebatur
871 2216 971 2243 eadem
986 2215 1081 2254 dign„
1097 2217 1175 2243 sicut
1217 2216 1282 2243 (mli
1300 2216 1390 2251 facta
1412 2214 1576 2243 dimimttio
1598 2215 1661 2254 est]
1679 2217 1771 2252 faeta
1793 2213 1895 2242 vocab.
1919 2211 2000 2258 dim'.
2020 2209 2049 2237 [¹-
2094 2217 2152 2236 906-

226 2247 341 2284 Pontff·
368 2258 448 2287 mag.
471 2266 513 2272 —
537 2248 580 2288 16)
599 2258 638 2278 est
654 2263 709 2282 om.
728 2255 757 2282 B.
781 2273 820 2278 —-
846 2258 887 2296 17)
912 2259 958 2285 vel
979 2260 1053 2297 quia
1070 2257 1105 2286 id
1115 2269 1174 2297 ge-
1206 2259 1302 2296 filcla
1319 2257 1517 2286 dz'minutl'one
1536 2258 1568 2288 B.
1583 2268 1628 2296 pr.
1652 2274 1692 2280 --
1715 2257 1763 2298 33)
1780 2254 1923 2293 obtineat]
1939 2253 2048 2299 obtinet
2068 2250 2097 2278 B·
2111 2263 2153 2270 -

230 2298 288 2315 ηαδ
301 2305 342 2311 -
355 2291 464 2331 ίηιῖίίί]
488 2304 544 2321 om.
558 2303 602 2331 pr.
628 2310 671 2315 —
694 2295 735 2334 18)
748 2296 1003 2335 -›ltrim=p1·immn
1016 2303 1046 2328 in
1060 2302 1174 2328 IIetru-
1216 2302 1260 2337 34)
1271 2299 1388 2338 filiam]
1406 2301 1509 2337 filium
1524 2300 1554 2330 L.
1571 2302 1600 2330 S.
1618 2317 1659 2322 -
1680 2303 1725 2337 35)
1744 2298 1863 2337 Amita]
1882 2298 2074 2334 Praeponuur
2087 2290 2151 2318 vul-

231 2331 280 2358 ria
295 2332 335 2359 Sit
355 2334 436 2372 insa]
461 2335 498 2363 ‘ll’
518 2336 698 2363 alt-[ensibus
721 2338 878 2366 [leit-uriae
896 2343 935 2368 sit
948 2344 1084 2378 primum
1102 2344 1172 2372 inst.
1216 2353 1252 2380 go
1269 2343 1364 2380 glossa
1384 2342 1502 2370 Amnes
1519 2344 1652 2381 perticae
1668 2343 1851 2380 aucupaleS‚
1874 2339 1925 2368 sed
1948 2335 2044 2365 eadem
2060 2342 2151 2371 ι’(Ῥ(’··

230 2372 260 2403 L·
291 2374 376 2404 Αιηῖ
392 2376 431 2408 Μ·
454 2394 493 2400 -
518 2379 562 2414 19)
580 2379 625 2406 ’Τί
639 2378 731 2417 qffl'dl
749 2380 796 2407 Sic
810 2380 845 2408 M·
859 2381 914 2410 GU·
932 2385 957 2412 1.
975 2386 1001 2414 2.
1019 2394 1062 2422 pr.
1088 2385 1173 2423 Vulg.
1215 2385 1290 2414 titur
1307 2390 1373 2424 post
1389 2385 1566 2424 Amsegctes.
1615 2385 1714 2413 Priore
1734 2385 1800 2412 loco
1817 2392 1872 2410 om.
1889 2387 1987 2409 omnes
2002 2374 2089 2404 codd.
2110 2390 2146 2395 -
