2263 2668
544 135 609 169 DE
636 134 1021 170 SIGNIFICATIONE
1053 134 1336 169 VERBORUM.
1397 134 1541 168 LIBER
1567 134 1625 168 lV.
1982 132 2058 166 397

275 229 451 259 Duonum.
495 228 570 258 Vide
594 227 733 259 duellum.
776 229 900 258 Duonus
921 228 1020 266 legere
1043 231 1087 256 est
1108 227 1138 256 iu
1163 228 1292 257 carmine
1311 228 1417 257 Saliari
1438 232 1472 256 ut
1493 226 1571 256 illud
1592 226 1722 257 restituit
1745 226 1887 265 Scaliger:

935 294 976 300 —
1021 296 1060 301 —
1105 297 1145 301 —
1189 290 1288 308 omnia

731 320 889 361 Dapatilia
912 321 1032 350 comisse
1055 320 1124 349 Iani
1145 322 1284 353 cusiones.

731 364 854 393 Duonus
878 375 986 393 ceruses
1011 363 1114 392 Divius
1136 363 1284 404 Ianusque
1304 365 1389 393 venit.

112 417 236 448 Duonus
259 426 369 446 cer-uses
389 415 408 444 i.
430 415 531 444 Bonus
554 420 677 445 creator.
703 414 793 444 Dac.
832 415 964 443 Duonus.
1000 413 1114 442 Glossis
1137 411 1262 455 ἁγαθός.
1310 413 1415 444 Goth.

276 465 477 505 Duplabis.
525 467 561 495 Ut
583 477 599 494 a
623 464 730 495 donum
754 466 881 501 donare,
906 465 949 493 sic
972 476 986 493 a
1010 463 1131 505 duplum
1155 465 1289 505 duplare.
1333 465 1531 494 Glossarium:
1562 463 1695 505 duplavit
1717 463 1892 498 ἔδίπλωσεν,
1916 459 2058 501 duplica-

114 511 163 539 vit.
186 510 274 540 Dac.
321 509 459 537 Glossae:
482 509 624 547 Duplavit
647 508 817 539 ἐδίπλωσεν.
866 506 968 537 Goth.

275 550 564 591 Duodeviginti.
609 551 673 579 Duo
697 551 804 580 desunt
828 550 863 580 de
886 550 1001 589 viginti.
1026 550 1116 579 Dac-
1153 550 1230 579 Vide
1253 550 1290 579 ad
1313 549 1460 579 Dea-tans.
1491 550 1539 577 Sic
1562 549 1643 589 apud
1664 548 1796 577 Nonium
1817 547 1848 575 in
1871 545 2059 576 Duodevice-

113 596 197 624 simo.
225 593 330 624 Goth.
376 594 449 622 Non.
472 604 535 632 pag.
551 596 620 625 100.
644 594 734 622 Mero.

278 636 442 664 Dumosa
461 635 674 678 frondosa.
721 636 831 664 Dumus
854 646 868 663 a
893 633 1007 675 δρυμὸς
1035 634 1110 663 silva
1140 645 1268 673 querna3
1305 634 1431 672 δρυμὸς,
1472 632 1584 674 δυρμὸς
1614 632 1734 662 dut-mus
1763 637 1791 661 et
1816 643 1830 660 r
1851 632 1880 659 in
1904 642 1918 659 s
1940 630 2060 658 dusmus

114 678 289 716 dusmosus,
312 683 340 707 et
363 679 435 707 eliso
457 690 472 706 s
493 678 631 707 dumosus
654 679 823 707 frondosus.
846 677 936 707 Dac.
969 677 1111 706 Dumosa.
1145 678 1231 707 Adde
1253 677 1331 706 infra
1353 678 1506 706 Dusmosa.
1531 675 1633 707 Goth.
1672 675 1785 704 Druma
1810 674 1900 713 (nom.
1926 670 2058 708 drumas)

114 721 249 750 arborem
273 721 418 759 significat
440 721 471 748 in
495 722 647 749 Sanscrito
671 731 816 751 sermone.

277 771 413 801 Dubat.
436 772 578 801 .Dubiat.
616 772 639 801 A
664 771 738 808 duo,
766 770 901 807 dubium,
925 770 1004 800 unde
1028 769 1165 808 dubiam,
1189 776 1292 810 postea
1318 769 1460 800 dubitare.
1505 770 1558 799 Da
1569 781 1594 799 c.

279 822 463 851 Dubenus.
508 823 603 852 Locus
625 823 794 852 mendosus.
835 822 1037 851 Proculdubio
1060 823 1101 850 ita
1125 823 1265 861 legendus
1289 827 1346 851 est:
1380 821 1530 850 Dubienus
1552 819 1631 861 apud
1653 820 1790 859 antiquos
1812 816 1980 852 dicebatur,
2010 815 2061 861 qui

115 877 191 895 nunc
215 864 332 894 dubius.
361 865 436 894 Vide
459 875 550 905 supra
574 876 648 904 quae
672 865 878 895 annotavimus
901 865 932 893 in
954 863 1168 895 Addubanum.
1205 866 1406 894 Glossarium:
1428 863 1580 900 Dubinus,
1604 859 1713 898 δισσός.
1747 861 1793 890 Ibi
1814 868 1939 905 quoque¹
1956 856 2061 885 Dubie-

115 919 170 937 nus
195 908 409 947 reponendum.
455 908 492 937 Et
514 913 610 937 tamen
634 909 757 944 mirum,
787 908 867 947 quod
890 907 920 936 in
943 908 1046 937 eodem
1069 908 1220 936 Glossario
1245 909 1368 946 legitur:
1399 905 1531 942 Dubius,
1563 903 1723 943 ὅεσπότηςς
1754 903 1873 932 videtur
1895 911 1971 929 enlm
1986 898 2061 948 *vul—

114 955 197 989 gatae
220 951 339 979 lectioni
362 950 451 979 huius
474 951 534 979 loci
556 952 664 980 favere.
687 950 789 980 Scal.
834 950 908 979 Vide
931 951 960 979 in
982 960 1057 979 voce
1079 949 1296 980 Addubanum.
1341 950 1413 978 Nam
1433 948 1482 976 hic
1506 959 1626 987 quoque
1649 948 1719 985 legit
1738 946 1882 983 Scaliger:
1912 941 2062 971 Dubzenus

114 991 196 1033 apud
224 994 361 1033 antiquos
391 992 540 1022 dicebatur
563 995 613 1034 qui
636 1005 711 1023 nunc
735 992 840 1022 dubius
864 998 918 1022 etc.
942 993 971 1021 in
995 993 1100 1030 glossis
1122 998 1221 1022 tamen
1244 994 1368 1031 legitur:
1407 990 1512 1020 dubius
1535 989 1698 1029 δεσπότης,
1733 989 1750 1017 i·
1771 988 1926 1017 Dominus·
1971 983 2062 1032 Quo-d·

113 1035 186 1064 huic
209 1036 288 1063 Festi
316 1035 383 1064 loco
413 1036 513 1064 favere
542 1037 671 1065 videtur.
714 1036 776 1064 Imo
806 1040 834 1064 et
859 1036 935 1064 Festi
967 1036 1144 1074 scripturam
1174 1047 1272 1065 veram
1303 1046 1365 1064 esse
1395 1034 1523 1062 arbitror
1544 1031 1692 1061 Dubenus.
1735 1033 1773 1060 Et
1794 1032 1836 1059 ita
1859 1031 1889 1058 in
1914 1028 2061 1076 Glossano

115 1078 341 1107 rescribendum
364 1078 412 1106 vel
435 1078 534 1116 potius
558 1077 691 1108 dubinus.
728 1078 754 1106 A
775 1078 921 1107 Dominus
944 1078 986 1107 M
1006 1083 1118 1107 mutato
1141 1080 1171 1107 in
1193 1078 1223 1107 B
1246 1077 1385 1113 dobinus,
1419 1075 1561 1112 dubinus,
1592 1074 1728 1104 dubenus.
1751 1073 1839 1102 Dae.
1881 1072 1948 1099 Dixi
1972 1079 2062 1118 quae-

116 1120 184 1149 dam
207 1131 296 1159 supra
321 1121 352 1148 in
375 1120 545 1149 Adubauus.
578 1121 636 1149 Alii
659 1120 709 1149 hic
732 1121 835 1159 legunt
857 1120 1022 1158 Dabimus,
1045 1122 1097 1161 qui
1118 1133 1194 1150 nunc
1217 1120 1343 1159 dubius5
1370 1119 1448 1148 unde
1471 1118 1583 1147 Glossis
1606 1116 1740 1145 Dubinos
1762 1116 1810 1144 vel
1832 1114 1931 1154 potius
1953 1109 2062 1140 Dubia-

115 1175 169 1192 nus
184 1160 294 1200 δισσός.
320 1161 424 1193 Goth,
450 1163 603 1193 Dominus.
629 1164 744 1192 Dubius
768 1168 801 1192 ut
824 1173 915 1202 supra
940 1164 1005 1192 eod.
1029 1162 1141 1193 Idem.
1173 1164 1215 1194 Cf.
1235 1174 1309 1202 quae
1332 1173 1422 1201 supra
1446 1160 1656 1190 adnotavimus
1673 1159 1711 1187 ad
1728 1169 1830 1187 vocem
1847 1154 2060 1186 Adduhanum.

279 1214 478 1245 Dusmoso.
523 1215 692 1253 Legendum
720 1215 848 1243 fortasse
879 1213 1044 1244 dusmosum
1074 1213 1181 1244 locum.
1214 1214 1319 1244 Fulv.
1348 1214 1426 1243 Urs.
1472 1214 1497 1241 A
1519 1212 1644 1240 dumoso
1672 1211 1782 1239 inserto
1804 1221 1818 1238 s
1841 1214 1873 1237 ut
1898 1207 1962 1236 vult
1983 1205 2060 1251 Fest.

116 1256 225 1285 Contra
247 1268 260 1284 s
283 1257 313 1285 in
336 1257 475 1285 dusmoso
506 1268 566 1285 non
589 1258 677 1286 modo
702 1268 760 1285 non
783 1258 855 1285 inse]
864 1262 927 1285 tum
950 1262 1008 1294 est,
1051 1257 1103 1286 sed
1126 1258 1229 1286 elisum
1251 1258 1282 1286 in
1305 1255 1437 1285 dumoso.
1482 1256 1535 1285 Est
1556 1255 1633 1283 enim
1656 1264 1671 1281 a
1692 1254 1806 1281 Graeco
1830 1247 1950 1290 δρυμός.
1988 1246 2062 1276 Vlde

116 1310 215 1338 supra.
241 1298 329 1328 Dac.
374 1299 458 1328 Adde
480 1310 569 1338 supra
593 1300 730 1329 Dumosa.
777 1298 883 1328 Goth.

279 1349 368 1378 Dum
379 1357 472 1380 ecta.
516 1351 540 1378 A
563 1350 685 1386 dumus,
716 1350 912 1385 dumicetum‚
941 1350 1111 1380 dumectum
1135 1356 1164 1380 et
1187 1351 1258 1379 eliso
1282 1361 1299 1379 c
1321 1351 1482 1379 dumetum.
1506 1348 1596 1378 Dac.
1635 1347 1769 1376 Dumeta.
1806 1344 1917 1373 Glossis
1941 1342 2062 1370 numeta

115 1390 322 1429 α’κανθεῶνες,
351 1391 509 1432 λοχμώδης
530 1391 552 1431 ἢ
573 1392 720 1432 θαμώδης
741 1391 841 1429 τόπος.
889 1391 992 1422 Goth.

278 1443 485 1474 Dracones.
533 1444 603 1473 Acie
633 1445 802 1473 acutissima
826 1449 854 1473 et
877 1444 1005 1472 insomni
1029 1449 1133 1473 natura
1157 1444 1302 1474 dracones
1326 1454 1386 1474 esse
1409 1443 1494 1473 multi
1516 1441 1695 1482 prodidere,
1729 1449 1819 1480 quare
1839 1442 1867 1468 et
1890 1445 1940 1465 eos
1961 1445 1978 1463 a
1999 1433 2063 1472 δερ·

116 1489 195 1523 κεῖν,
219 1487 340 1526 δρακεῖν
362 1486 459 1516 dictos
482 1492 595 1526 putant.
641 1488 753 1516 Allusit
776 1488 916 1516 Horatius
940 1487 1045 1526 (Serm.
1062 1488 1091 1523 1,
1114 1490 1149 1524 3,
1173 1490 1224 1519 26.
1240 1486 1331 1526 seq.):

692 1554 728 1560 —-
776 1555 819 1559 —-
862 1554 903 1558 —-
948 1545 1006 1566 iam
1031 1539 1122 1566 cernis
1143 1546 1260 1577 acutum

695 1580 791 1618 Quam
815 1587 866 1608 aut
888 1578 991 1619 aquila
1014 1587 1064 1608 aut
1087 1591 1200 1619 serpens
1223 1578 1409 1619 Epidaurius.

118 1631 188 1660 Inde
211 1640 260 1659 eos
281 1634 387 1669 poetae
409 1629 604 1668 Hesperidum
627 1629 724 1659 hortis
748 1636 777 1659 et
799 1641 888 1659 aureo
911 1631 1018 1659 Aeetae
1040 1631 1148 1660 velleri
1169 1631 1349 1669 praefecere.
1389 1629 1569 1668 Aesculapio
1593 1628 1679 1658 etiam
1702 1627 1794 1656 dicati
1815 1626 1967 1660 feruntur,
1991 1620 2063 1660 quin

119 1678 148 1702 et
166 1673 374 1711 Aesculapium
404 1673 501 1710 ipsum
524 1673 660 1702 Romam.
677 1673 747 1701 olim
775 1673 871 1711 specie
901 1673 1038 1701 draconis
1069 1674 1240 1701 translatum
1270 1684 1306 1702 ex
1330 1673 1453 1702 historia
1476 1677 1580 1701 notum
1604 1676 1656 1701 est.
1680 1670 1734 1698 Da
1745 1681 1769 1700 c.
1814 1668 1940 1697 Videtur
1960 1665 2063 1712 Festus

119 1715 249 1744 alludere.
271 1715 310 1744 ad
331 1714 362 1743 id
385 1714 466 1752 quod
490 1714 583 1743 Varro
599 1715 647 1743 VI.
669 1715 705 1744 de
729 1716 827 1753 lingua
849 1722 877 1744 et
895 1716 1008 1744 Nonius
1032 1716 1067 1744 de
1089 1715 1169 1745 Picis
1191 1716 1336 1744 scribunt.
1368 1714 1473 1745 Goth.
1518 1714 1608 1754 Apud
1631 1714 1795 1743 Varronem
1819 1710 1893 1739 nihil
1919 1709 1955 1738 de
1979 1717 2063 1746 pleis,

118 1758 199 1796 quod
220 1757 319 1787 sciam.
363 1756 450 1784 Nonii
471 1757 555 1785 locus
577 1762 619 1785 est
641 1768 706 1796 pag.
721 1759 789 1789 152.
814 1758 904 1786 Merc.

283 1799 377 1828 Dici.
420 1799 502 1827 Haec
529 1804 612 1827 crant
634 1801 793 1829 scribenda
815 1800 892 1829 infra
913 1801 1011 1829 littera
1037 1801 1079 1837 Q}
1120 1805 1165 1829 est
1194 1801 1268 1829 enim
1295 1799 1501 1838 interpretatio
1524 1799 1604 1827 illius
1627 1798 1711 1827 verbi
1736 1795 1962 1836 Quiritibusque.
2006 1791 2064 1839 Sqd

118 1852 172 1870 nos
195 1842 272 1870 Festi
296 1847 324 1870 et
346 1841 428 1869 Pauli
453 1851 567 1870 errores
590 1842 645 1873 hac
669 1843 698 1871 in
721 1854 753 1872 re
776 1844 867 1871 secuti
891 1854 1009 1879 sumus,
1039 1843 1138 1872 indice
1162 1848 1262 1871 tamen
1285 1843 1398 1871 adiecto
1422 1852 1525 1870 eorum
1547 1841 1726 1877 verborum,
1755 1849 1829 1877 quae
1852 1837 1947 1866 obiter
1969 1834 2064 1872 expll-

119 1889 234 1914 cantur.
257 1883 315 1913 An
325 1891 344 1912 1.
366 1884 463 1923 Aug.
508 1883 578 1913 Dici
599 1896 662 1914 mos
685 1893 753 1913 erat.
789 1886 867 1913 Haec
891 1887 980 1914 verba
1004 1885 1119 1925 Populo
1142 1884 1282 1914 Romano
1308 1883 1525 1924 Quiritibusque
1548 1894 1585 1912 ex
1609 1882 1763 1921 conceptis
1787 1880 1975 1918 antiquarum
1995 1886 2062 1915 pre-

120 1927 270 1955 cationum
297 1926 394 1955 verbis
425 1930 519 1954 tracta
549 1932 627 1958 sunt.
672 1928 772 1956 Livius
794 1928 934 1957 lib.v111.
960 1927 1082 1969 (c.6.):
1117 1927 1295 1967 Comparant
1325 1928 1398 1955 inter
1425 1938 1455 1955 se
1482 1933 1512 1954 ut
1536 1925 1573 1954 ab
1598 1933 1663 1954 utra
1684 1931 1769 1965 parte
1790 1921 1888 1953 cedere
1908 1919 2063 1966 Romanus

118 1970 266 1998 exercilus
289 1969 422 2007 cepisset,
448 1967 516 1996 inde
537 1980 566 1997 se
593 1967 703 1998 Consul
725 1969 870 1999 devoveret
891 1982 945 2009 pro
968 1969 1079 2010 populo
1101 1969 1191 1999 Rom.
1217 1968 1388 2008 Quiritibus.
1432 1969 1470 1996 Et
1492 1968 1571 2007 apud
1595 1968 1722 1996 Gellium
1745 1966 1797 1995 lib.
1808 1966 1846 1993 X.
1870 1962 1976 1994 c.24.:
2006 1960 2063 1988 Dte

117 2010 213 2040 Nonis
236 2009 350 2050 Populo
372 2009 510 2039 Romano
537 2009 699 2048 Quiritibus
726 2011 899 2052 compitalia
926 2021 1022 2048 erunt,
1060 2013 1143 2051 quasi
1167 2012 1248 2041 dicas
1271 2012 1352 2050 quod
1376 2011 1489 2050 Populo
1512 2011 1596 2040 Rom.
1619 2015 1648 2040 et
1673 2008 1839 2046 Quiritibus
1859 2005 1934 2035 bene
1956 2007 2060 2032 vertat-

118 2053 171 2082 Da
182 2065 205 2083 c.
237 2051 417 2082 Curensibus,
450 2053 532 2082 Adde
555 2053 631 2082 insi-a
657 2053 781 2092 Quirina.
803 2054 903 2083 tribus.
951 2053 1055 2084 Goth.

281 2093 488 2123 Dalivium.
531 2095 680 2124 Dalivum.
715 2097 913 2126 Glossarium:
937 2097 1092 2134 Daunum,
1116 2094 1256 2136 ἄφρονας
1279 2097 1435 2125 manifesto
1458 2096 1616 2134 legendum
1637 2093 1785 2123 Dalivum.
1819 2090 1987 2120 Sinceriora
2009 2098 2059 2117 ve-

116 2137 202 2176 stigia
226 2137 304 2176 apud
328 2136 450 2165 eundem
472 2138 648 2176 scriptorem
672 2140 700 2166 in
723 2139 789 2167 illo:
819 2139 935 2175 Davus,
960 2138 1086 2179 ἄφρων,
1109 2137 1241 2177 ἄπειρος.
1265 2137 1392 2168 Dalivus
1414 2139 1490 2167 enim
1511 2138 1676 2177 legendum.
1702 2133 1802 2165 Scal.
1846 2133 1903 2162 Per
1923 2132 2058 2171 supinum

115 2180 309 2218 negligentem
336 2179 467 2217 inteIIIge
497 2185 526 2208 et
551 2180 746 2220 insipientem.
791 2182 836 2209 Ad
866 2182 986 2210 eandem
1016 2186 1143 2210 mentem
1166 2182 1298 2220 glossae:
1335 2180 1462 2210 Dalivus
1482 2179 1606 2220 ἄφρων,
1644 2177 1776 2219 ἄπειρος.
1820 2177 1895 2206 Item
1916 2172 2058 2223 Dalipum

116 2220 248 2261 ἄφρονα.
287 2223 323 2250 Et
346 2222 465 2261 optime.
504 2224 608 2251 Santra
631 2233 696 2252 eum
720 2233 781 2252 esse
803 2225 936 2262 putavit,
967 2234 1054 2262 quem
1078 2225 1182 2254 Graeci
1206 2229 1314 2253 vocant
1335 2224 1470 2255 δείλαιον.
1514 2223 1560 2252 Ab
1583 2221 1704 2251 Aeolica
1727 2220 1896 2257 δείλαιφος,
1932 2215 2057 2261 aulum&

116 2265 245 2300 δείλαιος
273 2270 369 2293 ³Ut0m
392 2271 435 2294 2⁸2
458 2262 582 2302 μάταιος
604 2270 637 2294 ut
658 2267 780 2304 exponit
802 2266 930 2304 lleSych.
955 2267 1099 2303 δείλαιον,
1131 2264 1266 2306 μάταιον.
1290 2267 1377 2296 Dac.
1417 2265 1571 2296 Dalivum.
1614 2264 1794 2299 Aliaunum3
1829 2267 1857 2291 et
1878 2262 1918 2290 ita
1943 2259 2055 2287 Glo⁵⁵1⁸

113 2306 254 2336 Daunum
277 2305 417 2346 ὅφρονα;
444 2307 549 2336 iisdem
573 2307 673 2337 Davus
694 2307 817 2348 ἄφρων,
841 2307 971 2348 ἄπειρος.
1022 2308 1127 2340 Goth.
1929 2342 1934 2348 ,
2030 2337 2035 2342 .

278 2349 387 2389 Daps.
430 2350 573 2389 Exempla
596 2350 682 2390 dapis
703 2361 759 2389 pro
781 2361 869 2380 verna
893 2356 942 2380 aut
964 2351 1090 2381 hiberna
1112 2357 1240 2381 semente
1261 2351 1352 2381 habes
1375 2351 1455 2390 apud
1477 2351 1627 2380 Catonem.
1656 2347 1758 2379 Scal.
1805 2344 1984 2392 Sacrificium
2006 2338 2052 2365 ln-

114 2390 206 2421 berna
229 2392 277 2421 vel
298 2402 390 2422 verna
412 2397 540 2422 semente
562 2392 625 2423 fieri
647 2394 783 2430 solitum3
825 2394 904 2424 unde
933 2394 1014 2434 apud
1037 2396 1175 2424 Catonem
1197 2395 1329 2435 reperias
1352 2392 1425 2434 daps
1446 2404 1503 2434 pro
1525 2393 1591 2433 ipso
1614 2393 1692 2422 veris
1714 2391 1762 2421 vel
1784 2389 1888 2418 hienus
1911 2388 2049 2420 lemPffl'e·
