2263 2668
266 185 342 219 (374
695 176 1039 211 COMMENTARn
1063 178 1110 210 ΙΝ
1136 176 1279 211 PAULI
1304 176 1500 211 DIACONI
1525 177 1778 212 EXCERPTA

267 278 304 307 de
326 276 421 306 Nonio
449 272 519 301 alias
541 270 656 297 favente
679 269 750 299 Deo.
793 270 916 299 Interim
939 271 1054 299 Festum
1085 280 1209 308 sequor,
1245 269 1414 308 subicesqne
1443 270 1625 309 interpretor
1651 270 1812 307 subiectas,
1850 269 1937 299 nubes
1958 270 2051 299 Deum
2079 271 2200 309 subices,

268 320 379 359 quippe
402 324 475 354 quae
499 312 558 340 Diis
580 312 783 340 subiiciantur.
826 313 898 342 Nam
922 318 954 342 ut
977 314 1013 342 ab
1036 312 1132 342 obicio
1155 311 1248 349 obex,
1277 315 1318 340 sic
1341 324 1356 340 a
1378 312 1490 341 subicio
1513 312 1615 343 subex.
1659 313 1748 342 Dae.

429 362 675 402 Superstites.
722 363 825 392 Cicero
848 365 898 395 lib.
912 365 949 393 ΙΙ.
973 365 1008 393 de
1032 365 1097 395 Nat.
1121 364 1205 391 Deor.
1228 364 1357 399 (c.28.):
1397 362 1456 402 Qui
1478 371 1554 393 totos
1576 363 1636 393 dies
1661 363 1858 404 precabantur
1879 369 1905 392 et
1927 362 2135 402 immolabant,
2170 372 2202 393 ut

265 412 311 441 sui
331 405 414 437 libert
435 405 492 434 sibi
513 405 675 445 superstites
697 413 801 443 essent,
826 409 1016 447 superstitiosi
1037 413 1103 435 sunt
1125 404 1273 445 appellati.
1315 406 1392 434 Haec
1415 406 1546 442 vulgaris
1568 404 1781 446 interpretatio.
1819 406 1871 434 Illa
1895 406 1978 444 prior
2000 407 2150 444 reperitur
2169 406 2202 435 in

263 450 415 485 formulis,
440 457 511 487 quas
533 449 636 477 irridet
659 449 761 477 Cicero
783 448 813 477 in
837 451 969 478 oratione
992 458 1047 489 pro
1070 448 1100 477 L.
1121 449 1243 477 Murena
1265 450 1393 485 (c.12.):
1421 448 1555 489 Utrisque
1576 448 1776 488 superstitibus
1795 447 1993 486 praesentibus
2013 450 2098 477 istam
2121 448 2203 478 vium

262 495 339 524 dico.
373 493 440 529 Quc
465 492 530 519 loco
554 499 674 528 vereor,
699 498 734 520 ne
757 500 812 533 Ρ,νό
835 493 976 531 utrisque,
999 493 1124 530 virisque
1145 491 1331 519 scribendum
1356 492 1400 518 sit.
1423 490 1479 519 An
1489 499 1508 519 t.
1529 491 1620 530 Aug.
1654 489 1727 520 SEI.
1755 490 1864 528 QUEI.
1888 490 1942 520 IN.
1967 489 2081 520 IURE.
2105 490 2205 520 MA.-

261 534 371 567 NUM.
404 532 670 565 CONSERUNT.
704 532 933 571 UTREIQUE.
963 532 1316 563 SUPERSTITIRUS.
1345 531 1683 563 PRAESENTJRUS.
1711 531 1947 564 VINDICIAS.
1971 531 2202 566 SUMUNI‘O.

260 585 291 610 et
312 578 458 608 Praetoris
481 577 582 606 verba:
625 575 878 614 UTREISQUE.
911 574 1262 606 SUPERSTITIBUS.
1292 574 1632 605 PRAESENTJBUS.
1663 574 1796 604 HANG.
1828 575 1957 605 VIAM.
1985 572 2125 609 DEIGO,
2169 577 2203 606 In

260 622 371 662 quibus
400 620 498 649 verbis
525 619 694 658 uti-eique
720 623 749 647 et
777 621 967 659 utreisque
992 627 1108 657 semper
1129 618 1259 655 intellige
1283 622 1442 656 utrumque
1464 626 1557 648 reum.
1603 618 1703 654 Quare
1725 618 1801 647 male
1825 618 2076 656 quidamputant
2099 621 2204 658 legen-

260 665 333 694 dum
348 664 487 703 vireisque
503 660 708 702 superstitibus,
743 661 824 690 Idem
848 663 923 690 enim
947 672 980 690 ac
1003 663 1026 690 si
1051 662 1177 689 diceret:
1204 661 1325 698 Utrique
1347 669 1397 688 reo
1421 661 1628 698 praesentibus
1651 661 1775 689 testibus
1797 661 1874 689 hanc
1895 661 1972 689 viam
1995 661 2075 690 dico.
2100 661 2201 693 Scal.

262 708 304 736 De
328 706 464 735 vindiciis
487 712 539 732 suo
562 705 639 732 loco.
670 703 760 732 Dae.
803 704 974 744 Superstites
997 705 1093 733 etiam.
1137 704 1221 732 Deest
1250 708 1365 731 tantum
1390 712 1497 731 nomen
1519 708 1624 742 poetae
1646 704 1744 732 nescio
1768 703 1860 732 cuius.
1903 703 2017 732 Gloss.:
2053 704 2203 744 Superstes

259 748 403 786 ἔφεδρος,
432 744 552 784 περιών.
592 745 764 786 Superstites
787 747 1044 785 περιλελειμμέιόι.
1070 744 1180 774 Idem.
1226 746 1298 774 Vide
1320 746 1448 773 Nonium
1473 742 1550 783 (pag.
1563 749 1635 777 431.
1660 744 1763 786 Mero.)
1787 747 1816 774 in
1841 745 2071 785 Superstitionis.
2096 745 2200 775 Goth.

264 789 384 820 Vindio.
421 789 489 817 Dixi
513 789 548 817 ad
571 789 637 817 XII.
658 789 726 817 Tab.
750 787 860 817 Idem.
899 789 973 818 Vide
996 789 1132 818 Servium
1153 788 1202 817 lib.
1215 788 1264 818 111.
1289 788 1360 818 Aen.
1384 786 1464 827 (pag.
1479 790 1539 820 295
1555 789 1580 817 b.
1604 789 1648 817 ed.
1673 788 1767 828 Dan).
1810 786 1923 818 Idem.

424 836 657 880 Supercilia.
703 839 796 868 Varro
825 840 874 870 lib.
888 838 936 868 [V.
961 839 996 868 de
1019 839 1049 868 [A.
1070 839 1101 868 L.
1126 838 1194 879 (lib.
1209 838 1242 867 V.
1265 849 1330 877 pag.
1344 839 1394 870 75.
1420 839 1465 869 ed.
1487 837 1554 878 Sp.)
1587 839 1688 869 eadem
1718 839 1836 875 scribit,
1874 838 1925 868 sed
1958 840 2031 869 Ptin.
2061 839 2200 870 lib.XVI,

260 893 324 922 cap.
336 883 387 915 44.
411 890 427 910 a
451 881 517 911 luco
536 881 683 911 Lucinam
707 881 814 911 dictam
839 893 901 911 esse
924 882 1083 911 existimat.
1119 881 1222 910 Fuisse
1245 886 1341 910 autem
1365 881 1466 909 lucum
1489 892 1523 910 eo
1546 882 1620 919 loci,
1643 882 1739 911 Varro
1763 882 1863 910 eodem
1886 880 1966 911 li'bro
1990 887 2095 921 quarto
2119 881 2201 910 affir-

257 931 328 955 mat.
350 925 438 955 Ant.
462 923 557 964 Aug.
601 924 683 953 Idem
708 923 802 953 Varro
825 926 875 954 lib.
891 923 939 953 lv.
964 923 1010 964 (V.
1034 934 1098 963 pag.
1111 926 1161 955 75.
1187 923 1264 962 Sp.):
1296 923 1387 952 Facta
1410 923 1499 963 igitur
1521 936 1540 952 a
1562 924 1691 955 iurando
1714 932 1739 953 et
1762 923 1825 953 luce
1848 923 1924 954 Iuno
1946 924 2081 961 Lucina,
2103 933 2122 953 a
2143 934 2201 964 quo

256 969 401 1007 parientes
422 976 486 995 eam
507 965 653 997 invocant.
699 967 788 996 Luna
811 968 885 995 enim
908 969 1085 996 nascentium
1109 964 1189 1002 dux,
1216 964 1294 1006 quod
1316 977 1423 994 menses
1446 965 1529 996 huius
1552 966 1649 996 ducat.
1694 967 1764 996 Hoc
1785 965 1894 996 vidisse
1914 967 2050 1007 antiquos
2070 972 2200 1007 apparet,

257 1009 337 1051 quod
359 1008 491 1039 mulieres
510 1010 692 1049 potissimum
715 1009 871 1049 supercilia
894 1021 946 1039 sua
970 1009 1161 1038 attribuerunt
1183 1008 1209 1037 ei
1230 1008 1317 1039 Deae.
1340 1008 1429 1039 Dae.
1463 1007 1609 1038 Fruimur.
1638 1010 1801 1039 Fruuntur.
1849 1008 1955 1039 Goth.

421 1059 660 1099 Suppernati.
705 1061 823 1089 Praeter
845 1060 930 1089 Pauli
952 1060 1107 1098 Epitomen
1137 1058 1281 1088 referebat
1304 1057 1405 1088 Festus
1428 1060 1535 1089 Catulli
1564 1071 1683 1090 versum
1714 1060 1753 1090 ad
1777 1061 1945 1097 Coloniam,
1980 1065 2015 1089 ut
2034 1058 2200 1089 Politianus

259 1103 328 1131 olim
357 1103 573 1132 animadvertit.
619 1103 675 1131 Sed
698 1104 728 1131 in
751 1104 866 1132 duobus
889 1103 1004 1138 verbis,
1041 1108 1073 1130 ut
1095 1102 1241 1139 arbitror,
1277 1102 1361 1130 aliter
1383 1103 1503 1141 scripsit
1525 1104 1631 1132 Festus
1654 1109 1741 1142 alque
1763 1101 1853 1132 hodie
1876 1100 1990 1132 librarii
2013 1102 2099 1131 edere
2121 1100 2201 1131 soliti

257 1150 327 1173 sunt
350 1145 427 1183 (Cat.
444 1143 544 1182 XVII,
571 1146 648 1184 19,);
687 1142 721 1174 In
740 1144 832 1187 fossa
856 1144 963 1184 Ligari
984 1145 1059 1174 iacet
1080 1152 1254 1184 suppernata
1277 1145 1378 1173 securi.
1423 1145 1585 1174 Politianus
1608 1154 1772 1186 emper-nata
1796 1146 1916 1183 maluit,
1954 1146 2032 1184 quod
2056 1145 2200 1173 Marullus

257 1188 366 1216 irrisit:
403 1187 453 1216 alii
481 1195 615 1226 separata
645 1189 834 1227 scripserunt.
881 1189 935 1216 Pro
959 1186 1066 1227 Ligari
1089 1193 1184 1216 auten]
1209 1186 1315 1226 Liguri
1338 1191 1365 1215 et
1388 1186 1504 1228 Ligeris
1527 1188 1575 1216 alii
1598 1187 1803 1220 immutarunt.
1848 1189 1907 1217 Nos
1937 1187 2018 1226 quod
2044 1187 2201 1226 opinamur

257 1230 374 1258 Festum
398 1230 550 1268 scripsisse
573 1230 687 1259 tradere
710 1231 837 1260 contenti
861 1241 970 1259 sumuS.
1015 1229 1225 1258 contentiones
1251 1229 1456 1259 Grammaticis
1479 1229 1684 1269 relinquimus.
1728 1233 1781 1260 Est
1804 1232 1892 1260 etiam
1914 1229 2039 1259 adamas
2061 1240 2200 1269 supernas

257 1273 399 1311 scriptum
428 1274 457 1301 in
482 1273 605 1310 Augusti
628 1274 663 1301 ad
687 1274 883 1302 Maecenatem
906 1269 1032 1312 epistula
1055 1272 1135 1311 apud
1158 1272 1289 1302 Macrob.
1312 1271 1363 1301 lib.
1379 1271 1412 1302 ll.
1437 1270 1526 1311 (0.4.)
1550 1275 1670 1305 Saturn.
1697 1275 1787 1303 Ant.
1806 1274 1899 1312 Aug.
1944 1272 2075 1300 Catullus
2098 1273 2129 1307 (1.
2147 1275 2199 1309 c.):

256 1331 297 1336 —
325 1313 401 1343 velut
431 1313 515 1344 alnus
544 1313 579 1343 In
599 1314 689 1355 fossa
712 1314 819 1356 Liguri
846 1316 921 1344 iacet
948 1323 1123 1354 suppernata
1147 1313 1247 1345 securi,
1292 1315 1365 1342 Cutn
1389 1314 1420 1343 id
1443 1316 1654 1353 elegantissime
1678 1315 1714 1344 ab
1739 1316 1954 1353 elegantissimo
1976 1319 2063 1353 poeta
2086 1314 2198 1343 dictum

256 1357 307 1394 sit,
339 1357 430 1385 miror
453 1367 543 1395 quare
566 1358 768 1396 superstitiose
791 1358 862 1387 adeo
886 1355 1068 1393 reiecerunt,
1105 1362 1138 1386 ut
1160 1362 1226 1385 non'
1245 1357 1307 1385 nusi
1330 1356 1387 1385 sint
1409 1358 1559 1395 vulgatam
1582 1359 1741 1388 lectionem
1764 1358 1976 1397 ineptissimam
2001 1362 2129 1386 mutare:
2156 1372 2200 1378 —-

255 1406 391 1438 separata
412 1400 512 1428 securi.
557 1400 616 1436 An,
655 1401 779 1429 obsecro
803 1411 870 1437 VOS,
907 1400 964 1429 hoe
988 1400 1088 1429 Latine
1111 1405 1154 1429 est
1175 1399 1282 1437 loqui'?
1321 1400 1428 1427 Saltem
1452 1401 1476 1428 si
1499 1401 1534 1429 de
1558 1401 1741 1429 barbarismo
1764 1411 1824 1429 non
1846 1399 2088 1438 suspicabantur,
2122 1398 2198 1427 tanti

255 1441 381 1470 debebat
410 1441 490 1480 apud
519 1451 568 1470 eos
598 1452 658 1471 esse
688 1444 849 1471 auctoritas
873 1442 963 1477 Festi,
1001 1447 1049 1479 ut,
1085 1440 1167 1480 quod
1193 1441 1255 1480 ipse
1278 1440 1308 1469 in
1330 1441 1424 1470 libros
1447 1453 1516 1471 suos
1538 1444 1705 1479 retulisset,
1740 1443 1771 1471 id
1796 1443 1898 1471 melius
1920 1447 2073 1481 putarent,
2109 1451 2198 1479 quam

256 1484 336 1521 quod
359 1484 390 1511 in
413 1484 581 1522 depravatis
605 1486 757 1514 codicibus
782 1486 890 1514 nostris
914 1485 1050 1514 habetur.
1095 1485 1219 1513 Versum
1243 1484 1345 1513 Ennii:
1382 1482 1442 1513 His
1462 1497 1566 1524 pernas
1587 1483 1713 1515 succidit
1735 1486 1837 1525 iniqua
1861 1483 1994 1523 superbia
2016 1481 2120 1520 Poeni,
2152 1483 2198 1511 in-

254 1530 436 1565 terpretatur
459 1526 559 1555 Livius
582 1527 617 1555 de
640 1528 722 1556 clade
741 1528 888 1556 Cannensi
910 1528 1049 1565 loquens,
1073 1537 1139 1555 cum
1163 1526 1204 1554 ait
1227 1526 1371 1563 quosdam
1394 1527 1523 1555 iacentes
1545 1528 1630 1556 vivos
1652 1528 1774 1556 succisis
1799 1527 1956 1556 feminibus
1977 1526 2198 1564 poplitibusque

254 1565 393 1598 inventos
415 1568 513 1597 fuisse.
545 1567 644 1599 Scal.
692 1571 880 1609 Suppernare
904 1573 947 1598 est
969 1570 1164 1608 ἕκνευρίζειν,
1197 1567 1309 1596 Gallice
1331 1580 1437 1607 couper
1459 1568 1499 1597 les
1515 1570 1630 1609 jarrets.
1674 1570 1708 1598 In
1732 1580 1819 1598 versu
1841 1569 1926 1597 Ennii
1948 1567 1974 1597 is
1997 1579 2052 1607 pro
2073 1568 2132 1605 his,
2163 1570 2197 1596 ut

255 1621 345 1650 supra
369 1621 465 1650 saepe.
512 1612 551 1639 De
575 1611 658 1639 clade
681 1613 825 1641 Cannensi
849 1612 997 1650 loquitur,
1023 1611 1058 1639 de
1082 1622 1140 1648 qua
1165 1611 1268 1638 Livius
1291 1611 1449 1640 lib.XXH.
1473 1615 1623 1644 sect.51.:
1655 1610 1806 1650 Quosdam
1829 1619 1855 1640 et
1877 1611 2002 1640 iacentes
2022 1611 2103 1640 vivos
2123 1621 2197 1639 suc-

254 1654 323 1683 cisis
333 1651 501 1695 feminiIJus
520 1652 737 1695 poplitibusque
759 1655 932 1685 invenerunt.
955 1654 1043 1683 Dae.
1082 1652 1121 1682 Et
1145 1649 1287 1683 Catullum
1323 1653 1432 1682 Versus
1456 1653 1578 1683 Catulli:

950 1720 991 1726 ———
1032 1721 1075 1726 —
1118 1711 1143 1733 et
1164 1703 1241 1733 velut
1262 1703 1348 1733 ulnus

868 1747 902 1776 In
917 1747 1009 1789 fossa
1032 1746 1139 1787 Liguri
1160 1747 1234 1776 iacet
1255 1754 1433 1787 suppernata
1454 1748 1557 1776 securi.

252 1797 287 1825 {n
316 1795 582 1867 ”ntiqmidcamffi
617 1797 797 1826 editionibus
832 1806 971 1838 separata.
1005 1798 1151 1837 scriptum
1189 1797 1304 1836 primus
1333 1798 1496 1826 Politianus
1526 1805 1689 1838 expernata
1718 1803 1841 1826 conatus
1871 1802 1916 1826 est
1944 1797 1976 1825 in
2005 1796 2198 1826 miscellaneis

255 1849 287 1866 ca
312 1842 381 1871 .73.
475 1851 534 1870 em.

289 1850 309 1878 P
413 1880 664 1922 Suppremum.
709 1882 776 1911 Tria
805 1882 972 1921 significare
999 1882 1058 1912 hoc
1089 1891 1194 1910 nomeu
1222 1882 1328 1910 Festus
1359 1883 1503 1921 exemplis
1531 1883 1691 1918 docuerat,
1731 1890 1805 1920 quae
1827 1893 1843 1910 a
1862 1882 1955 1910 Paulo
1984 1882 2088 1910 omissa
2118 1886 2197 1911 sunt.

260 1920 421 1959 Summum,
457 1929 490 1952 ut
512 1934 578 1952 cum
603 1924 725 1952 Plautus
748 1926 802 1953 ait:
840 1925 892 1954 Me
918 1937 1100 1965 suppremum
1128 1923 1256 1953 habuisti
1283 1935 1400 1964 semper.
1444 1924 1632 1961 Extremum,
1669 1935 1737 1954 cum
1760 1925 1808 1953 lex
1830 1924 1988 1953 duodecim
2009 1924 2196 1952 tabularum:

259 1961 352 1998 Solis,
376 1965 487 2003 inquit,
512 1977 634 1996 occasus
655 1978 809 2006 supprema
831 1975 984 2007 tempestas
1005 1975 1074 1996 esto.
1120 1967 1186 1996 vid.
1208 1967 1305 1996 Varro
1327 1967 1379 1997 lib.
1393 1968 1425 1997 V.
1450 1967 1487 1996 de
1509 1968 1590 2005 Ling.
1614 1968 1676 1996 Lat.
1700 1965 1761 2007 (Vt.
1785 1977 1851 2006 pag.
1866 1970 1936 1999 187.
1959 1967 2004 1997 ed.
2027 1965 2092 2006 Sp.)
2119 1966 2195 1995 Gett.

258 2003 309 2032 lib.
322 2005 412 2034 xvlt.
429 2017 454 2037 c.
467 2011 497 2039 2.
523 2014 551 2037 et
566 2009 717 2038 censorin.
742 2010 779 2039 de
802 2009 850 2039 die
871 2010 961 2039 natali
978 2011 1016 2047 (c.
1028 2010 1100 2047 24).
1133 2010 1206 2037 Item
1224 2009 1299 2038 Ptin.
1314 2009 1365 2039 lib.
1378 2010 1438 2040 Vll.
1456 2011 1543 2042 c.60.
1577 2010 1692 2038 Tertiae
1714 2010 1936 2048 significationis
1959 2009 2128 2047 exemplum
2152 2012 2196 2037 est

258 2055 391 2085 suprema
408 2048 520 2086 amulio,
543 2051 573 2079 id
595 2056 639 2080 est
660 2052 805 2090 maxima,
828 2052 865 2081 de
889 2063 947 2091 qua
969 2054 1038 2081 Sex.
1060 2052 1220 2090 Pompeius
1242 2052 1360 2091 saepius
1381 2052 1494 2081 scribit.
1516 2052 1606 2082 Ant.
1629 2052 1723 2091 Aug.
1760 2051 1951 2091 Suppmmum
1971 2050 2062 2080 modo
2083 2051 2196 2091 signifi-

259 2094 307 2116 cat
329 2099 486 2127 summum,
508 2092 596 2122 modo
619 2101 780 2123 extremum
802 2093 890 2124 modo
912 2096 1079 2124 maximum
1099 2094 1268 2124 Summum:
1291 2102 1323 2124 ut
1345 2116 1461 2124 .....
1484 2094 1572 2124 Pater
1592 2106 1754 2135 suppreme,
1778 2094 1847 2123 belli
1868 2102 1894 2123 et
1917 2103 2064 2122 armorum
2084 2100 2195 2133 potens.

260 2127 384 2157 flavius
404 2148 531 2161 ·····
553 2135 607 2163 Me
626 2146 810 2176 suppremum
833 2136 963 2166 habuisti
983 2146 1094 2177 sempev·
1114 2138 1145 2165 in
1168 2136 1302 2166 omnibus
1322 2136 1406 2166 rebus
1426 2138 1494 2166 tuis.
1537 2136 1629 2166 Alias
1648 2144 1812 2166 extremum
1833 2137 1999 2176 siguificat,
2017 2143 2052 2164 *ut
2073 2137 2103 2164 in
2124 2134 2195 2175 legi-

261 2169 312 2199 bus
330 2169 409 2202 ΧΠ.
424 2171 520 2220 ¹Solis
541 2186 662 2206 occasus
684 2189 837 2218 supprema
857 2187 1012 2219 tempestas
1033 2187 1093 2209 esto
1117 2184 1172 2209 etc.
1209 2179 1320 2208 Deinde
1343 2180 1453 2208 citabat
1474 2180 1646 2218 exemptum
1666 2180 1823 2218 scriptoris
1843 2179 2012 2214 cuiusdam,
2035 2178 2088 2216 qui
2108 2178 2195 2207 dixe-

260 2217 322 2249 Νῗ)
356 2212 393 2241 ‘²⁶
420 2212 474 2242 ¹22⁰
499 2215 613 2263 f‘pfliri
639 2218 687 2248 die
706 2231 868 2260 suppremo.
913 2222 986 2250 Item
1008 2221 1165 2250 heroicum
1187 2229 1319 2251 versum:
1353 2221 1392 2250 Et
1414 2222 1499 2262 quasi
1518 2232 1670 2262 suppremo
1692 2221 1819 2261 lugentes
1839 2229 1970 2260 tempora
1990 2219 2080 2250 voltu.
2120 2220 2196 2250 Item

261 2255 417 2292 Catonem,
454 2266 505 2294 qut
529 2257 607 2286 dixit
628 2271 809 2299 suppremam
830 2263 1063 2294 advocationem.
1107 2265 1143 2293 [n
1167 2264 1237 2294 fine:
1271 2263 1366 2294 „Alias
1387 2273 1442 2304 pro
1464 2265 1617 2294 maximo:
1650 2275 1715 2294 cum
1739 2264 1813 2293 duas
1834 2274 1899 2294 oues
1919 2269 1947 2291 et
1967 2263 2088 2302 triginta
2111 2262 2195 2292 boves

259 2307 442 2335 suppremam
462 2297 586 2327 multum
609 2298 750 2333 dicerent.-
775 2305 830 2335 hoc
853 2313 894 2334 est
915 2307 1090 2336 maximam.
1108 2305 1211 2336 Scal.
1247 2308 1424 2346 Supremum
1444 2308 1536 2335 modo
1558 2317 1720 2343 summum,
1742 2311 1776 2335 ut
1796 2317 1925 2346 supreme
1947 2303 2057 2344 Iupiter
2078 2305 2193 2334 Terent.

262 2338 402 2390 {Adelssh
416 2338 458 2376 Π,
483 2343 515 2390 1,,
538 2339 616 2378 42),
645 2344 732 2371 modo
755 2345 896 2378 ultimum.
941 2348 976 2377 ln
993 2349 1062 2377 XII.
1085 2349 1219 2378 Tabulis:
1253 2348 1287 2378 Si
1308 2348 1395 2377 umbo
1415 2356 1578 2389 praesentes
1597 2348 1645 2379 sol
1666 2360 1788 2379 occasus
1809 2357 1942 2389 suprema
1962 2354 2112 2386 tempestas
2132 2352 2192 2374 esto

261 2390 281 2430 ξ.
294 2391 322 2411 θ.
346 2390 409 2420 mou
430 2381 544 2421 ἐσχατη.
585 2383 675 2412 Modo
697 2387 877 2424 mamimum,
907 2395 940 2418 ut
961 2400 1102 2428 suprema
1123 2392 1226 2421 multa.
1266 2391 1324 2420 Sed
1346 2391 1420 2420 haec
1441 2390 1615 2429 significatio
1636 2392 1720 2420 nullo
1743 2391 1833 2421 modo
1855 2390 1973 2420 diversa
1993 2393 2040 2419 est
2060 2399 2076 2417 a
2098 2388 2192 2426 pn‘ma

262 2422 330 2459 ula,
363 2431 423 2462 qua
447 2432 619 2463 supremum
648 2434 794 2455 summum
822 2434 912 2459 notat.
954 2433 1052 2470 Supra
1078 2434 1115 2461 ab
1141 2434 1257 2462 incerto
1279 2438 1370 2472 poeta
1390 2444 1538 2463 amorum
1557 2441 1660 2472 potens
1681 2435 1800 2463 Mavors
1818 2433 1946 2469 dicitur,
1979 2430 2131 2470 quomodo
2153 2429 2190 2461 ab
