2263 2668
487 140 552 174 DE
577 139 965 175 SIGNIFICATIONE
990 139 1272 176 VERBORUM.
1326 144 1471 178 LIBER
1497 145 1537 178 11.

1954 147 2003 181 25

64 234 219 280 Agolum
237 229 263 250 ³³
288 234 456 277 pastorale
482 234 658 276 baculum,
685 246 753 279 quo
780 233 928 279 pecudes
954 238 1106 278 aguntur.

61 285 232 319 Abortum
259 284 419 330 gravidae
446 285 590 319 mulieris
617 286 737 321 dicitur
757 282 800 329 ³⁴,
827 285 918 330 quod
944 296 1012 318 non
1039 286 1078 318 sit
1103 286 1298 330 tempestive
1319 283 1344 303 '³³’
1371 294 1489 321 ortum.

801 436 1114 478 LIBER
1191 437 1261 478 II.

64 531 183 571 Bona,
210 531 245 563 id
273 536 319 563 est
345 531 524 563 substantia
550 542 678 572 rerum,
706 531 794 565 dicta
821 536 910 572 sunt,
937 530 1030 575 quod
1055 531 1158 576 digna
1184 531 1246 564 sint
1261 528 1285 549 ³⁶
1312 532 1414 565 bonis.

61 581 276 615 Bombitatio
294 578 320 598 ³⁷
346 587 393 614 est
420 593 518 615 sonus
546 583 659 627 apium
677 579 702 598 ³⁸
728 583 770 616 ab
797 582 869 627 ipso
885 579 910 599 ³⁹

62 633 201 674 Boare,
231 633 266 665 id
294 638 342 665 est
368 634 531 674 clamare,
559 646 578 666 a
606 635 740 667 Graeco
770 633 944 667 descendit
969 637 1042 679 βοω
1090 659 1096 666 .

936 583 1042 616 sonitu
1060 579 1085 599 ⁴⁰
1111 583 1234 617 dictus:
1260 588 1296 615 ut
1312 580 1335 599 ⁴¹
1363 584 1507 628 mugitus
1534 585 1645 627 boum,
1673 585 1815 619 hinnitus
1833 599 2004 631 equorum.

1063 630 1088 651 42

62 685 233 718 Boarium
260 685 371 716 forum
397 685 529 718 Romae
556 686 748 726 dicebatur,
776 686 867 729 quod
883 681 908 702 Β
932 686 978 718 ibi
1005 687 1108 718 boves
1137 685 1357 718 venderentur
1378 682 1412 717 ⁴⁴.

63 736 180 769 Boc-as
202 732 213 752 ⁴

215 732 226 752 ³
252 747 357 780 genus
384 737 481 780 piscis
510 749 529 769 a
556 737 707 774 boando,
734 737 767 769 id
797 743 843 770 est
869 748 986 770 vocem
1013 736 1193 770 emittendo
1220 737 1420 782 appellatur.

62 787 215 820 Barrire
242 787 411 831 elephanti
438 788 606 829 dicuutur,
634 789 717 822 sicut
742 800 819 821 oves
847 789 985 822 dicimus
1012 789 1142 831 balare,
1169 789 1284 831 utique
1312 801 1330 821 a
1358 800 1439 821 sono
1466 789 1539 832 ipso
1566 792 1655 822 vocis
1678 786 1711 823 ⁴¹⁵.

460 836 484 855 47
687 836 712 856 48
738 840 745 847 ·

63 838 264 872 Balacnam
290 839 438 872 belluam
509 841 668 872 marinam

64 890 312 923 Bacchanalia
339 890 536 924 dicebantur
553 889 575 908 ³¹
604 891 734 925 Bacchi
760 892 852 924 festa.

737 851 842 884 ipsam
870 840 983 874 dicunt
1006 837 1030 857 ⁴⁹
1058 852 1126 873 esse
1154 840 1337 884 pistricem,
1366 841 1471 885 ipsam
1499 853 1567 873 esse
1595 846 1626 873 et
1644 837 1669 857 5⁰
1695 848 1815 874 cetum.

64 941 224 975 Basilica
251 938 324 976 dno*
350 942 420 977 τοῦ
446 944 615 987 βασιλέως
633 939 675 984 ⁵²,
703 943 771 976 hoc
799 948 846 975 est
871 954 954 987 rege
982 942 1071 976 dicta
1098 949 1147 975 est
1165 939 1200 973 ⁵³.

62 993 257 1026 Basilicum
284 993 399 1037 regale
414 990 448 1028 ⁵³.

65 1044 260 1078 Bovinaiur
281 1041 305 1061 ⁵³
574 1041 598 1061 ³⁶

316 1070 325 1082 ,
352 1045 552 1077 conviciatur
602 1071 607 1076 .

67 1095 166 1130 Bova
182 1092 207 1113 ⁵⁷
233 1107 367 1139 serpens
394 1102 441 1128 est
475 1096 643 1139 aquatiliS‚
677 1107 778 1138 quem
792 1094 817 1113 ⁵³
844 1096 967 1130 Graeci
994 1096 1104 1144 ὕδρου
1120 1095 1145 1115 ⁵⁹
1173 1102 1311 1137 vocant,
1339 1107 1357 1127 a
1380 1092 1405 1112 ⁶⁰
1432 1107 1498 1139 qua
1532 1097 1587 1130 icti
1614 1097 1860 1140 obturgescunt.

1922 1096 2008 1129 Cru—

166 1158 239 1180 rum
266 1158 401 1190 quoque
427 1153 537 1179 tumor
564 1147 636 1180 viae
662 1148 778 1180 labore
806 1148 967 1182 collectus
994 1148 1082 1180 bova
1098 1144 1120 1165 (ἦ
1149 1147 1350 1192 appellatur.

66 1198 179 1232 Batus
203 1210 308 1243 genus
331 1196 355 1216 ⁰²
382 1198 507 1231 herbae
530 1195 563 1230 ⁶³.

65 1250 275 1283 Bacrionem
297 1247 322 1266 θ’*
348 1250 503 1283 dicebant
529 1261 633 1294 genus
659 1250 741 1282 vasis
769 1251 930 1294 longioris
956 1251 1128 1283 manubrii.

66 1301 190 1335 Bacar
208 1298 233 1318 ⁶⁸
259 1313 314 1333 vas
340 1301 499 1334 vinarium
525 1301 629 1334 simile
656 1302 807 1335 bacrioni
828 1299 861 1334 ⁶¹.

1183 1250 1261 1284 Hoc
1288 1250 1344 1283 alii
1371 1250 1504 1283 trullam
1527 1247 1552 1267 ⁶⁵
1580 1249 1760 1293 appellant.

68 1352 288 1386 Barathrum
312 1349 337 1369 ‘⁵⁵⁵
364 1353 485 1387 Graeci
513 1353 686 1397 appellant
713 1353 826 1387 locuni
854 1354 1092 1398 praecipitem,
1122 1353 1210 1386 unde
1239 1353 1366 1398 emergi
1394 1364 1459 1385 non
1483 1352 1604 1396 possit,
1631 1351 1755 1385 dictum
1775 1351 1818 1384 ab
1840 1362 1899 1391 eo,
1920 1351 2012 1394 quod

166 1410 215 1436 est
239 1400 358 1449 βαθύς
378 1401 411 1439 ⁶⁹.

273 1451 298 1471 w

66 1456 250 1490 Balaenae
323 1466 445 1489 nomen
471 1468 491 1488 a
512 1453 534 1472 ⁷¹
564 1456 697 1491 Graeco
725 1455 908 1490 descendit.

961 1455 1061 1489 Hanc
1076 1451 1102 1472 ⁷²
1127 1456 1176 1488 illi
1203 1454 1388 1502 φα’λαιναυ
1414 1452 1438 1472 ⁷³
1465 1455 1582 1488 dicunt
1608 1454 1741 1497 antiqua
1767 1453 2013 1492 consuetudine,

166 1517 232 1549 qua
258 1506 395 1553 πυρῤόν
411 1504 436 1524 ⁷⁴
462 1504 642 1548 burrum⁷⁵‚
679 1504 823 1548 nv'gov'ss
846 1509 970 1541 buxum
981 1503 1005 1523 ⁷⁷
1033 1506 1199 1541 dicebant.

68 1600 143 1627 boao
164 1608 228 1638 pr.‚
251 1602 285 1627 ut
302 1598 381 1636 vulg.
402 1597 484 1638 βοάω
504 1599 603 1628 habet.
649 1600 713 1628 Om.
737 1600 775 1628 M.
799 1600 854 1628 Gu.
876 1603 902 1632 1.
924 1602 954 1630 2.
978 1615 1018 1621 —

68 1644 113 1678 43)
144 1640 245 1679 quod]
276 1642 351 1679 quia
374 1642 404 1669 L.
442 1658 479 1663 —
522 1642 568 1680 44)
592 1642 678 1671 boves
706 1642 809 1681 renat]
839 1642 888 1671 Sic
912 1642 968 1670 Gu.
989 1644 1019 1672 2.

70 1682 156 1711 vend.
174 1683 237 1711 bow.
261 1683 342 1720 vulg.
365 1698 407 1706 —
434 1681 482 1723 45)
505 1685 620 1723 Bocas]
641 1687 739 1713 Boias
760 1686 790 1714 B.
819 1701 861 1707 —
898 1685 945 1723 46)
968 1694 1021 1712 vo-

71 1724 127 1764 cis]
153 1727 227 1764 quia
243 1726 394 1764 elephanti
416 1726 501 1754 barri
523 1727 588 1756 add.
606 1728 638 1756 L.
668 1744 710 1749 —
740 1729 786 1764 47)
808 1726 951 1766 belluam]
977 1727 1022 1754 be-

70 1769 156 1796 luam
176 1768 209 1796 B.
231 1768 268 1796 M.
291 1785 325 1789 —
350 1770 399 1805 48)
422 1768 591 1810 marinam]
614 1772 802 1799 maritimam
819 1771 877 1799 Gu.
894 1774 921 1802 2.
950 1770 1024 1798 For—

71 1815 148 1839 tasse
166 1809 224 1838 hoc
248 1820 307 1839 non
328 1810 415 1849 plane
443 1812 652 1849 reficiendum,
676 1813 789 1853 quippe
812 1811 892 1851 quod
920 1812 1022 1851 paullo

71 1852 248 1881 insolentius
279 1853 390 1882 dictum
424 1854 539 1883 librarii
567 1856 722 1885 mutarint.
776 1856 921 1884 Dicuntur
945 1854 1022 1883 enim

72 1895 160 1924 etiam
173 1895 296 1934 fluctus
313 1898 462 1924 maritimi
476 1896 506 1927 h.
524 1908 549 1928 e,
572 1900 627 1937 qui
644 1909 662 1926 a
679 1909 762 1926 mare
773 1899 1023 1937 proficiscuntur.

72 1954 114 1961 —-
143 1939 189 1975 49)
212 1936 336 1976 dicunt]
359 1948 414 1966 om.
436 1939 470 1968 B.
502 1956 539 1962 -—
580 1941 627 1979 50)
652 1951 712 1968 esse
734 1941 780 1980 et]
804 1943 895 1969 ctiam
914 1950 973 1967 esse
991 1939 1023 1966 L.

72 1986 99 2008 et
123 1990 179 2008 om.
200 1981 228 2007 S.
256 1995 298 2001 —
325 1982 370 2017 51)
394 1980 581 2022 dicebantur]
604 1983 752 2012 dicuntur
777 1984 809 2013 Β.
833 2000 873 2006 -
898 1981 944 2021 5⁶2)
961 1983 1025 2009 Ba-

74 2022 165 2051 silica
184 2021 255 2061 etc.]
280 2023 444 2051 Basilia-ha
467 2035 486 2052 a
508 2025 667 2053 basillicho
686 2026 743 2054 hoc
768 2031 809 2054 est
831 2036 897 2064 rege
919 2029 962 2051 εει
980 2023 1025 2051 di-

73 2071 153 2094 clam
180 2066 236 2093 (ιύ.
265 2067 290 2095 1.
348 2076 367 2093 a
391 2065 502 2094 basileo
531 2068 564 2096 L.
587 2068 621 2097 B.
644 2069 680 2096 Μ.
705 2069 761 2098 Gn.
792 2071 821 2099 1.
844 2071 872 2099 2-
903 2076 951 2105 ΡΥ·
986 2081 1026 2086 -

73 2105 120 2146 53)
143 2106 242 2145 dicta]
267 2112 308 2134 est
329 2118 385 2146 pro
408 2115 476 2137 ειιηι
490 2131 498 2146 ‚
522 2110 603 2148 quod
619 2111 738 2149 vulgata
755 2110 862 2146 habet,
885 2113 929 2137 est
949 2109 978 2136 in
995 2108 1027 2136 B.

74 2150 131 2178 Gu.
157 2153 186 2182 2.
213 2160 256 2189 pr.
301 2159 359 2178 om.
386 2157 457 2179 sunt
473 2152 506 2182 L.
550 2152 667 2181 dictum
691 2158 734 2181 εει
756 2152 794 2182 M.
822 2168 863 2175 —
893 2150 941 2189 54)
965 2152 1028 2179 Ba-

73 2193 199 2220 silicum
222 2191 341 2231 regale]
373 2193 440 2223 add.
461 2195 544 2233 vulg.
590 2196 670 2224 Nam
693 2191 842 2234 βασιλεύω
864 2199 905 2221 εει
928 2203 1028 2232 regno.

74 2234 228 2263 Omittunt
252 2234 311 2263 hoc
336 2236 576 2274 supplementum
595 2238 628 2267 1..
650 2238 684 2266 B.
707 2238 744 2266 M.
768 2238 824 2265 Gu.
845 2239 871 2266 1.
886 2239 914 2268 2.
929 2236 957 2264 S.
995 2235 1028 2264 ln

74 2278 148 2307 edit.
168 2278 306 2316 principe
323 2278 405 2306 Nam
421 2282 536 2308 tantum
554 2279 701 2308 omittitur
721 2284 751 2308 et
767 2279 904 2307 basileuo
919 2278 1030 2317 reperi-

74 2325 134 2350 tur.
159 2337 197 2341 —-
233 2321 278 2356 55)
300 2320 500 2360 Bovinatur]
523 2322 712 2350 Boviniatur
734 2321 771 2350 M.
796 2321 851 2350 Gu.
870 2324 897 2354 2.
920 2331 965 2360 pr.
989 2337 1031 2343 —

74 2365 120 2400 56)
144 2363 346 2402 conviciatur]
369 2363 426 2391 hoc
447 2369 489 2391 est
507 2374 590 2392 conv.
616 2365 648 2392 B.
673 2380 710 2386 —
734 2361 780 2403 57)
805 2362 906 2402 Bova]
931 2363 980 2391 Sic
997 2364 1030 2392 Β.

77 2404 115 2434 Μ.
139 2405 195 2433 Gu.
223 2408 250 2435 1.
275 2408 304 2437 2.
348 2407 419 2434 Boa
440 2406 520 2444 vulg.
547 2423 589 2429 --
621 2409 666 2440 58)
690 2405 787 2445 quem]
812 2407 861 2436 Sic
885 2406 915 2434 L.
939 2406 971 2434 B.
991 2406 1029 2436 M.

129 2464 292 2493 GRAMMAT.
318 2476 380 2492 LAT.
405 2465 437 2493 ll.

1065 1599 1121 1629 Gu.
1147 1603 1172 1630 1.
1194 1602 1222 1630 2.
1260 1610 1307 1638 pr.
1361 1608 1456 1636 quam
1482 1597 1562 1635 vulg.
1615 1613 1651 1618 —
1701 1600 1746 1634 59)
1779 1594 1892 1636 ὕδρον]
1924 1594 2014 1623 idron

1065 1642 1119 1669 Gn.
1142 1645 1170 1674 2.
1193 1652 1240 1680 pr.
1288 1640 1390 1679 ydron
1411 1640 1504 1679 υδρον
1526 1639 1558 1668 Β.
1603 1649 1660 1668 om.
1684 1640 1740 1667 Gu.
1765 1642 1793 1671 1.
1827 1654 1869 1660 —
1906 1638 1954 1677 60)
1976 1637 2012 1676 a]

1065 1695 1124 1712 oni.
1141 1684 1174 1714 L.
1218 1684 1251 1712 B.
1272 1684 1311 1712 ita
1332 1682 1439 1711 habet:
1464 1692 1645 1720 crurumque
1663 1687 1727 1709 tum
1745 1683 1812 1710 viae
1836 1681 1937 1709 labore
1955 1680 2014 1708 col-

1065 1728 1160 1754 lectas
1182 1727 1259 1755 bora
1284 1725 1474 1763 appellatur,
1503 1735 1523 1751 a
1549 1734 1613 1763 qua
1635 1725 1690 1752 icti
1721 1724 1942 1762 obturgescunt.
1971 1738 2013 1744 —

1066 1768 1112 1808 61)
1135 1769 1223 1808 bova]
1246 1768 1295 1796 Sic
1316 1768 1347 1795 L.
1361 1767 1394 1795 B.
1410 1766 1467 1795 Gu.
1483 1769 1510 1798 1.
1526 1769 1556 1798 2.
1579 1777 1625 1806 Pr.
1668 1767 1726 1795 boa
1739 1767 1819 1804 vulg.
1843 1782 1883 1787 —-
1905 1766 2013 1804 62)ge-

1066 1811 1142 1850 ηιιε]
1172 1817 1213 1839 εει
1237 1810 1305 1840 add.
1331 1810 1362 1838 L.
1395 1826 1426 1831 β
1471 1810 1517 1846 63)
1536 1808 1662 1848 herbae]
1685 1819 1801 1848 veprem
1823 1809 1892 1837 licet
1909 1806 2014 1836 dicunt

1069 1855 1179 1882 Graeci
1200 1852 1267 1882 add.
1285 1853 1315 1881 L.
1340 1868 1380 1873 —
1401 1850 1447 1890 64)
1471 1851 1664 1890 Bacrionem]
1683 1853 1878 1880 Bactrionem
1891 1850 1924 1879 L.
1960 1850 2016 1878 ba—

1102 1900 1110 1914 Ι

1068 1923 1197 1949 cirenem
1213 1918 1284 1960 (sic)
1299 1920 1331 1948 B.
1347 1935 1389 1941 —
1411 1920 1459 1956 65)
1479 1919 1619 1959 trullam]
1636 1921 1753 1948 trulam
1766 1930 1812 1959 pr.
1829 1933 1870 1939 —-
1888 1919 1934 1951 66)
1949 1919 2014 1946 Βα-

1068 1964 1133 2003 car]
1158 1965 1280 1992 Baccar
1299 1962 1332 1993 Β.
1356 1962 1410 1990 Gu.
1435 1964 1462 1993 1.
1493 1977 1533 1982 —
1571 1964 1617 2000 67)
1641 1961 1789 2000 bacrioni]
1813 1961 1964 1989 bactriani
1984 1959 2015 1987 1..

1072 2023 1106 2027 —
1139 2007 1184 2043 68)
1207 2003 1414 2043 Barathrum]
1436 2005 1609 2033 Baratrum
1631 2006 1665 2035 Β.
1692 2006 1748 2034 Gn.
1766 2008 1793 2036 1.
1821 2020 1863 2026 —
1895 2004 1943 2040 69)
1964 2003 2015 2041 βα-

1068 2046 1148 2086 θύς]
1171 2047 1271 2076 bathis
1291 2047 1328 2076 M.
1349 2047 1405 2076 Gu.
1423 2050 1449 2078 1.
1464 2049 1492 2078 2.
1515 2057 1560 2086 pr.
1605 2048 1638 2077 B.
1662 2047 1694 2076 in
1715 2056 1806 2085 marg.
1829 2042 1943 2085 βάδιως
1963 2041 2015 2084 βά-

1072 2103 1135 2131 ρυς.
1181 2090 1251 2121 add.
1273 2090 1304 2118 L.
1328 2089 1364 2118 id
1385 2095 1427 2118 est
1445 2089 1602 2128 profundo
1624 2096 1785 2128 aspectum.
1828 2089 1862 2118 B.
1879 2088 2015 2127 prosun-

1073 2133 1146 2162 dum
1165 2138 1296 2172 aspectu.
1320 2149 1361 2154 —
1383 2134 1429 2169 70)
1448 2132 1618 2171 Balaenae]
1639 2132 1787 2162 Ballenae
1800 2132 1839 2162 M.
1864 2131 1922 2159 Gu.
1939 2133 1968 2163 2.
1984 2145 2017 2150 —-

1073 2175 1119 2215 71)
1137 2187 1157 2204 a
1174 2173 1300 2214 Graeco]
1319 2174 1403 2214 quod
1417 2186 1437 2203 α
1455 2176 1508 2205 Gr.
1533 2176 1587 2206 Gu.
1605 2179 1630 2207 1.
1647 2192 1688 2199 —
1710 2178 1756 2212 72)
1772 2173 1879 2213 Hanc]
1892 2173 1974 2202 Nam
1986 2172 2014 2198 L.

1073 2235 1114 2241 —
1143 2220 1192 2256 73)
1213 2215 1382 2257 φάλαιναν]
1408 2217 1457 2247 Sic
1480 2219 1511 2247 L.
1529 2218 1570 2248 M.
1594 2218 1653 2248 Gn.
1671 2222 1700 2250 1.
1720 2222 1748 2251 2.
1768 2228 1814 2258 pr.
1837 2218 1865 2246 S.
1905 2214 2013 2260 Latine,

1073 2261 1150 2300 vulg.
1181 2259 1338 2300 φάλαινον.
1384 2277 1416 2282 -
1463 2261 1511 2298 74)
1539 2258 1675 2300 πυρῤόν]
1701 2261 1839 2300 pyrrhon
1857 2268 1903 2297 pr·
1947 2264 2017 2294 plr-

1073 2315 1127 2333 ron
1151 2304 1206 2335 Gu.
1222 2306 1250 2335 2.
1291 2303 1440 2342 mrrlzum
1460 2303 1493 2334 Β.
1517 2313 1574 2332 om.
1599 2304 1656 2334 Gu.
1681 2307 1708 2336 1.
1737 2320 1778 2325 —
1810 2302 1856 2337 75)
1879 2294 2014 2332 burrum]

1073 2347 1122 2376 Sic
1144 2348 1200 2376 Gu.
1216 2349 1244 2379 2.
1265 2346 1294 2376 S.
1327 2345 1473 2375 bur-rhum
1486 2347 1570 2386 vulg.
1586 2362 1629 2369 —
1640 2348 1685 2380 76)
1699 2342 1834 2381 πύξον]
1851 2350 1952 2380 pywn
1966 2347 2013 2376 Ps-
2061 2356 2067 2368 ⁴

1069 2392 1163 2430 pison
1179 2389 1235 2419 Gu.
1250 2391 1280 2421 2.
1322 2399 1380 2418 orn.
1402 2390 1458 2420 Gu.
1471 2392 1498 2421 1.
1515 2405 1556 2411 -—
1579 2389 1630 2424 77)
1644 2386 1768 2424 buxam]
1783 2396 1840 2423 pro
1859 2383 1967 2410 bufam
1982 2378 2011 2404 L·

1575 2456 1604 2488 Ι)
