2263 2668
390 172 464 208 256
1006 167 1146 201 SEXTI
1178 168 1376 203 POMPEll
1411 169 1548 202 FESTI

390 268 658 309 squarrosos
687 259 734 293 ab
757 259 883 293 eudem
913 271 1143 304 squamarum
1166 263 1315 307 piscium
1347 262 1559 295 similitudine
1587 262 1631 294 ait
1659 262 1785 305 dictos,
1817 275 1961 308 quorum
1987 269 2074 301 cutis
2101 281 2163 302 er-

390 320 508 360 surgat
538 314 583 346 ob
611 311 784 345 adsiduam
810 310 982 345 inluviem.
1035 312 1207 346 Lucilius:

491 374 709 405 Varonum
736 382 783 405 ac
809 372 1005 415 rupicum
1032 384 1282 417 squarrosa,
1311 371 1551 405 incondita
1578 377 1730 407 rostra.

383 429 729 469 schoeniculasl
757 432 941 475 appellare
961 432 1101 464 videtur
1122 433 1353 466 meretriculas
1376 432 1513 465 Plautus
1533 437 1674 476 propter
1696 444 1788 465 usum
1816 436 1986 479 unguenti
2004 432 2164 470 schoeni:

384 485 477 530 quod
506 490 553 517 est
586 483 718 528 pessimi
744 484 885 527 generis.
914 484 1025 526 itaque
1052 484 1159 517 dixit:
1195 485 1284 517 Dia
1298 483 1403 516 bola
1417 479 1438 531 Η
1456 493 1528 516 res
1557 484 1898 524 schoeniculae,
1933 487 2014 519 mi—
2055 487 2161 535 [139]

387 537 587 573 raculae,
616 545 706 568 cum
735 534 912 567 extritis
938 535 1064 574 talis,
1093 547 1182 568 cum
1211 535 1400 568 todellis
1427 535 1655 569 crusculis,
1710 535 1822 568 ldem:
1863 537 2075 571 Prosedas
2101 542 2164 584 pi-

389 595 549 622 storum
586 585 773 625 amicas,
810 585 1034 630 reliquias
1069 586 1327 620 halicarias
1353 586 1528 618 miseras
1565 586 1757 620 schoeno
1793 587 2030 628 dilibutas,
2066 601 2164 623 ser—

387 639 621 679 vilicolas,
659 637 879 670 sordidas.
940 636 1126 672 Scorta2
1155 638 1380 683 appellantur
1405 638 1606 671 meretrices
1633 649 1677 670 ex
1703 640 1942 672 consuetudine
1968 642 2165 674 rusticorum

388 692 462 737 qui,
489 694 526 723 ut
551 693 600 722 est
627 689 726 733 apud
755 688 936 722 Atellanos
969 689 1127 732 antiquos
1138 714 1147 729 ,
1181 690 1333 722 solebant
1360 689 1492 728 dicere,
1526 700 1564 722 se
1596 690 1754 723 attulisse
1783 701 1854 735 pro
1887 696 2002 725 scorto
2036 693 2165 727 delicu-

218 756 225 763 ·
236 754 252 778 s.
289 751 378 777 ellicu-
389 745 506 776 larum.
518 743 530 757 *
558 740 668 772 omnia
694 751 845 784 namque
873 751 916 772 ex
937 740 1091 785 pellibus
1103 740 1232 786 sacta,
1259 744 1398 774 scortea
1425 741 1647 784 appellantur.

282 795 328 812 ⁸¹¹¹·
555 792 585 825 S
591 796 734 824 cortes
762 792 799 824 id
837 795 886 824 est
920 792 1033 836 pelles
1065 793 1201 825 testium
1235 792 1455 825 arietinorum
1485 792 1527 824 ab
1562 792 1679 824 iisdem
1713 793 1857 826 scorteis
1885 794 2040 838 pellibus
2072 796 2166 829 idem

396 845 539 878 Verrius
573 843 688 876 dictas
721 853 794 875 esse
828 843 888 875 ait.
941 843 965 875 S
976 844 1080 876 cand
1091 844 1163 876 ula
1175 855 1226 877 ca
1259 854 1373 888 genus
1406 843 1539 876 herbae
1570 842 1748 889 frugibus
1781 844 1951 884 inimicae,
1993 847 2083 889 quod
2112 859 2166 880 eas

391 897 484 930 velut
512 895 648 927 hedera
674 894 892 938 implicando
918 899 1024 928 necat.
1079 895 1389 939 Scaptensula,
1415 895 1512 927 locus
1539 895 1597 928 ubi
1624 898 1815 939 argentum
1842 895 2011 943 effoditur
2034 898 2067 930 in
2087 897 2168 930 Ma-

392 948 554 987 cedonia,
580 946 631 978 ita
658 946 773 978 dictus
799 957 823 977 a
840 945 1018 990 fodiendo
1030 970 1038 985 ,
1066 947 1159 989 quod
1187 952 1235 979 est
1261 947 1394 980 Graece
1422 943 1602 980 σκάπτειν.
1658 946 1861 980 Lucretius:

496 997 663 1044 Quales
691 997 860 1040 expiret
886 998 1186 1041 Scaptensula
1202 996 1217 1018 3
1244 997 1402 1030 subter
1428 998 1601 1030 odores.

392 1052 421 1085 ,S
425 1061 541 1096 para
573 1048 754 1093 parvissimi
775 1049 919 1093 generis
945 1049 1083 1089 iacula,
1112 1049 1158 1082 ab
1185 1060 1225 1082 eo
1252 1049 1346 1094 quod
1372 1055 1591 1093 spargantur,
1619 1049 1718 1083 dicta.
1776 1050 1929 1083 Lucilius
1952 1050 2168 1094 satyrarum

219 1160 256 1184 ·f.
275 1158 381 1184 rumices
494 1153 599 1185 Tum
627 1152 781 1196 Spara‚
807 1156 888 1184 tum
915 1153 1105 1185 murices
1120 1157 1144 1193 *,
1174 1157 1426 1197 portantur
1453 1152 1643 1196 tragula
1668 1163 1815 1197 porro.

393 1206 554 1239 Scitum
582 1203 739 1247 populi
766 1202 970 1246 dicebatur,
994 1204 1087 1248 quod
1112 1205 1186 1237 sine
1212 1204 1315 1249 plebe
1342 1209 1479 1237 cunctus
1505 1203 1663 1247 patricius
1690 1204 1798 1242 ordo,
1824 1207 1979 1248 rogante
2003 1204 2167 1249 patricio,

393 1257 464 1290 suis
489 1255 665 1301 suffragiis
691 1255 788 1288 iussit.
815 1255 909 1299 quod
943 1259 1057 1288 autem
1085 1256 1202 1300 aliquo
1230 1256 1473 1301 interrogante
1500 1266 1540 1287 ex
1570 1254 1718 1298 patribus
1745 1260 1778 1288 et
1806 1254 1913 1300 plebe
1937 1254 2170 1303 suffragante

393 1309 516 1341 scitum
545 1310 650 1347 esset,
677 1306 716 1339 id
741 1306 807 1339 iam
833 1306 927 1350 leges
955 1307 1103 1340 scribtae
1129 1307 1346 1341 dicebantur.
1401 1306 1476 1340 Sed
1502 1306 1593 1339 illud
1615 1306 1734 1350 plebei
1754 1307 1875 1340 scitum
1902 1310 1950 1339 est
1976 1307 2069 1350 quod
2092 1307 2168 1341 TR.

396 1360 469 1393 PL.
497 1359 570 1391 sine
592 1357 757 1403 patriciis
785 1357 927 1402 plebem
954 1359 1104 1402 rogavit,
1144 1359 1178 1391 id
1207 1365 1273 1399 est,
1310 1358 1492 1397 consuluit,
1527 1357 1718 1401 plebesque
1749 1358 1858 1391 scivit.
1911 1358 2033 1391 Plebes
2059 1365 2168 1392 autem

395 1416 442 1443 est
469 1410 578 1443 omnis
601 1409 752 1454 populus
781 1412 930 1453 praeter
961 1414 1156 1451 senatores,
1191 1414 1222 1442 et
1249 1416 1382 1455 praeter
1415 1409 1580 1453 patricios.
1642 1409 1769 1442 &cita
1798 1408 1833 1454 s
1833 1420 1856 1441 a
1867 1409 1948 1450 cie,
1985 1421 2055 1454 pro
2082 1411 2169 1443 bona

392 1462 497 1502 facie,
525 1461 624 1501 alias,
650 1460 744 1493 bonis
765 1471 836 1505 pro
863 1461 975 1500 scitis,
1004 1473 1027 1494 a
1048 1462 1159 1506 poetis
1187 1467 1394 1507 usurpantur.
1449 1460 1635 1493 Terentius
1667 1461 1701 1493 in
1733 1460 1963 1493 Phormione:

495 1521 614 1559 satis,
641 1520 762 1563 inquit,
790 1520 908 1553 scita.

392 1587 424 1614 et
451 1582 485 1614 in
511 1580 922 1613 Heautontimorumeno:

494 1647 535 1673 at
562 1641 593 1673 si
620 1640 744 1680 scias,
773 1651 894 1684 quam
922 1641 1031 1674 scite
1059 1641 1099 1672 in
1127 1644 1311 1672 mentem
1337 1639 1519 1673 venerit.

393 1702 430 1734 L.
454 1700 578 1734 Ennius
604 1700 637 1733 in
663 1700 751 1733 libro
773 1700 830 1738 Vl.

495 1761 636 1793 lumen
689 1784 1007 1795 ......
1061 1760 1192 1793 scitus
1219 1769 1360 1803 agaso.

243 1824 278 1848 ⁸1.
296 1828 376 1849 utrum
395 1822 575 1853 Scenam
611 1831 717 1864 genus
732 1819 851 1865 fuisse
884 1820 987 1852 cultri
1015 1820 1225 1852 manifestum
1252 1824 1318 1859 est,
1355 1819 1413 1851 sed
1440 1819 1612 1852 futurum*
1639 1815 1708 1866 sel}
1725 1818 1827 1859 curis,
1861 1830 1904 1857 an
1936 1818 2030 1850 dola·
2062 1817 2169 1864 [140]

245 1873 293 1898 '11-
312 1874 327 1898 ἱ-
346 1883 386 1899 se·
397 1872 455 1903 bra
487 1873 537 1911 sit,
565 1871 754 1916 ambigitur.
790 1883 890 1915 quam
925 1871 1057 1904 Cincius
1089 1871 1122 1903 in
1148 1871 1253 1911 libro,
1296 1870 1353 1913 qui
1379 1875 1428 1903 est
1458 1871 1515 1903 ei*
1549 1870 1593 1903 de
1620 1871 1728 1903 verbis
1760 1870 1890 1913 priscis,
1925 1869 2100 1902 dolabram
2129 1870 2173 1902 ait

268 1908 361 1933 cundus
398 1934 465 1955 esse
492 1923 709 1967 pontificiam.
762 1923 876 1955 Livius
902 1924 934 1955 in
961 1923 1091 1965 Lydio:

499 1982 673 2015 Corruit
699 1982 817 2026 quasi
843 1982 956 2016 ictus
983 1992 1128 2023 scena,
1157 1981 1275 2014 haud
1305 1982 1437 2014 multo
1463 1992 1593 2014 secus.
1757 2005 1759 2007 -

399 2039 714 2123 ξιιὲιέχιζῖοΙΜΡΕι
758 2042 893 2076 Fsss'rl
937 2042 999 2075 DE
1041 2041 1313 2075 VERBORVM
1359 2041 1640 2075 SIGNtFchT.
1689 2040 1776 2074 ΜΒ.
1822 2040 1944 2074 xvtn.
1986 2038 2170 2074 lNclt’lT.

417 2108 429 2120 ,
480 2118 484 2122 .
574 2093 647 2125 111.
2039 2104 2041 2107 ’

402 2223 450 2250 hic
473 2224 688 2261 supplevimus,
711 2228 733 2254 si
757 2228 852 2256 minus
874 2228 975 2264 verba,
1000 2229 1077 2257 Festi
1101 2234 1180 2257 certe
1196 2238 1263 2257 seu·
1309 2228 1342 2257 ld
1364 2229 1441 2257 enim
1465 2238 1524 2256 non
1548 2227 1645 2256 solum
1670 2226 1783 2265 antiqui
1801 2225 1935 2255 dicebant
1957 2230 2100 2262 scortum,
2122 2223 2172 2253 sed

402 2265 524 2293 tentiam
547 2272 775 2303 repraesentant.
807 2270 884 2300 Urs,
909 2287 950 2291 —
973 2270 1000 2310 1)
1024 2271 1263 2310 Schoenieulaa]
1308 2271 1396 2301 etiam
1429 2281 1508 2299 nunc
1537 2270 1663 2299 dicimus
1694 2275 1807 2298 scortea
1835 2279 1884 2306 ea,
1919 2278 1994 2307 quae
2024 2278 2062 2297 ex
2089 2266 2171 2295 corio

406 2307 478 2335 Vide
507 2317 597 2345 supra
629 2307 659 2335 in
687 2310 844 2341 Prosedas.
888 2313 965 2343 UrS.
1003 2330 1044 2336 —
1081 2315 1109 2350 2)
1134 2316 1263 2350 Sem-ta]
1309 2319 1338 2343 et
1366 2314 1493 2353 pellibus
1520 2318 1588 2342 sunt
1615 2313 1719 2341 facta..
1762 2311 1836 2341 Inde
1867 2311 1900 2340 in
1928 2311 2043 2349 aliquot
2072 2308 2172 2342 sacris,

407 2349 428 2376 ll
436 2349 500 2377 uiue
522 2349 580 2377 loci
603 2349 751 2378 restitutio
775 2352 899 2383 debetur
921 2355 959 2383 M.
976 2355 1121 2393 Varroni,
1146 2357 1196 2396 qui
1212 2357 1264 2387 lib.
1309 2361 1338 2385 et
1360 2357 1476 2385 sacellis
1497 2355 1640 2395 scriptum
1664 2354 1824 2384 habemus:
1857 2364 1895 2383 ne
1924 2353 1995 2392 quid
2025 2355 2171 2380 scorteum

406 2395 433 2421 7.
457 2391 493 2420 de
509 2392 590 2429 Ling.
606 2391 668 2419 Lat.
689 2392 836 2431 Scortari,
858 2396 975 2434 inquit,
999 2403 1043 2426 est
1061 2399 1180 2438 saepius
1200 2409 1265 2428 me·
1307 2399 1488 2428 adhibeatur
1518 2398 1603 2434 ideo,
1643 2408 1680 2426 ne
1707 2397 1898 2426 morticinum
1931 2394 2003 2433 quid
2025 2392 2118 2422 ladsit.
2141 2392 2171 2421 in

407 2434 576 2463 retriculam
606 2434 730 2470 ducere,
767 2445 841 2472 quae
863 2443 996 2467 scortum
1026 2439 1104 2469 dicta
1129 2452 1144 2469 a
1174 2442 1262 2479 pelle.
1308 2442 1454 2471 Atellanis
1489 2441 1562 2470 licet
1591 2437 1978 2469 animadvertererusticoa
2005 2435 2112 2465 ‘dicere
2139 2445 2171 2464 se
