2263 2668
224 211 300 247 588
657 205 1002 241 COMMENTARII
1029 204 1077 238 IN
1104 203 1249 238 PAULI
1275 205 1471 240 DIACONI
1497 205 1749 241 EXCERPTA

387 299 625 340 prodegeris.
655 299 717 339 (Ad
739 310 768 339 p.
781 298 870 337 202.)
901 297 977 337 Lego
1000 308 1122 327 versum
1146 299 1258 329 Plauti:

803 340 936 371 Pollucu
955 340 1113 381 prodigum
1137 353 1195 370 esse
1217 349 1378 371 amatorem
1402 340 1534 373 addecet.

224 387 326 418 Scal.
356 387 445 424 Lege:
470 383 656 424 Prodegeris‚
681 385 908 424 consumpseris,
929 382 1100 424 perdideris.
1134 383 1291 424 prodigere
1312 389 1356 413 est
1379 395 1472 423 porro
1496 394 1599 422 agere,
1621 383 1652 412 id
1670 389 1713 413 est
1732 394 1922 423 consumere,
1946 385 2088 425 perdere,
2111 386 2181 417 inde

220 429 380 470 prodigus,
407 433 438 458 ut
460 427 538 457 infra
560 426 727 467 Prodiguae
748 426 875 464 hostiae,
902 436 977 466 quae
999 431 1079 455 totae
1103 432 1329 456 consumuntur.
1376 428 1472 457 t'laut.
1494 427 1596 457 Aulul.
1613 427 1658 465 ll,
1681 430 1718 465 8,
1742 429 1834 466 (10.):

800 486 842 491 —
885 486 923 491 —
970 468 1055 498 Festo
1079 468 1126 498 die
1147 470 1173 498 si
1194 468 1267 510 quid
1287 468 1467 509 prodegeris,

804 511 939 552 Profesto
963 523 1042 551 egere
1065 510 1166 548 liceat,
1201 513 1259 541 nisi
1278 513 1448 551 peperceris.

220 555 245 584 A
266 553 410 595 prodigus
429 553 595 595 profligitas
618 553 710 583 Lucii.
734 557 762 582 et
782 554 970 594 prodigentia
993 555 1087 583 Tacit.
1119 554 1197 583 Infra
1221 555 1251 582 iii
1275 565 1363 583 versu
1387 554 1507 582 Caecilii
1528 553 1686 592 legendum
1709 552 1839 583 inridier.
1865 554 1952 586 Dac.
1989 556 2073 586 Adde
2096 558 2114 587 l,
2129 559 2178 589 18.

219 598 251 627 fl‘.
271 599 307 627 de
327 598 376 626 oss'.
398 598 528 637 praesid.
565 597 641 626 Hinc
664 596 807 636 prodigus
830 598 859 625 in
884 597 948 625 iure
971 597 1001 625 in
1025 597 1043 625 l.
1060 600 1086 628 1.
1101 597 1130 626 ff.
1155 597 1190 625 de
1213 607 1276 626 cur.
1300 597 1358 626 sur.
1395 597 1493 626 Closs.
1518 595 1671 633 ἀνάλωτος
1693 601 1721 626 et
1740 595 1910 637 prodigitas
1932 599 2029 628 Nonio
2054 601 2095 639 (p.
2110 600 2179 632 159.

218 641 320 678 Mete.)
344 641 489 679 profusio.
516 638 618 670 Goth.
660 638 780 680 Hymni.
812 640 969 678 Hymnide.
999 638 1111 668 Idem.
1149 638 1195 670 Ῑη.
1226 640 1281 668 Me.
1311 638 1422 668 Idem.
1469 641 1509 669 De
1534 641 1600 669 luco
1624 640 1743 669 Caecilii
1766 640 1803 668 cf.
1829 642 1955 680 Spengel
1976 642 2007 671 in
2031 643 2179 681 Fragmm.

220 683 338 712 Caecilii
362 694 427 722 pag.
441 683 491 715 24.
517 682 568 711 ubi
591 687 670 711 recte
693 687 794 711 tuetur
816 681 976 711 inriderier.
1021 682 1053 711 In
1077 682 1172 710 Plauti
1195 683 1262 711 loco
1286 692 1390 711 verum
1414 682 1533 711 videtur
1558 682 1668 711 vidisse
1692 682 1832 720 Ursinus,
1856 684 1906 722 qui
1930 684 2014 723 legit:
2036 684 2179 726 producte

219 724 378 766 prodigum
402 736 460 754 esse
482 736 526 753 me
546 733 706 754 amatorem
730 723 819 754 decet.

384 766 609 796 Prodinunt.
655 766 785 804 Prodeo,
819 765 965 807 prodino,
1002 772 1036 796 ut
1065 765 1147 796 redeo
1177 766 1286 796 redino.
1332 767 1407 796 Vide
1433 766 1577 797 redinunt.
1608 766 1700 797 Dac.
1744 767 1794 796 Sic
1816 778 1908 808 supra
1932 768 2100 810 Nequinunt
2121 780 2177 809 pro

217 808 573 881 nequeunt-PrGOZYZm·
618 852 729 881 Versus
753 852 824 881 Attii
855 852 942 891 plane
966 852 1096 881 Stoicum
1126 851 1278 881 decretum
1302 857 1359 881 est:
1396 849 1485 883 οὗὸὲν
1506 848 1620 888 κακόν,
1654 852 1682 883 εἰ
1703 849 1743 891 μή
1767 851 1899 893 αἰσχρόν.
1932 853 2036 884 Scal.
2080 853 2176 890 Quasi

214 893 403 935 prohibrum,
442 895 523 934 quod
546 894 707 935 prohibere
731 906 745 924 a
770 896 854 924 nobis
878 895 1027 924 debemus.
1072 895 1109 923 Et
1130 905 1190 923 non
1214 900 1327 924 tantum
1351 895 1388 924 de
1411 895 1524 934 stupris
1547 900 1574 924 et
1597 895 1734 934 flagitiis,
1769 901 1806 925 ut
1830 897 1922 928 Plaut.
1938 897 1968 933 Ι,
1992 900 2022 929 2.
2051 896 2176 937 (Amph.

215 947 244 966 v.
265 936 342 976 15.):

921 980 1024 1021 Atque
1047 979 1230 1009 insimulabit
1253 991 1316 1009 eam
1338 979 1449 1020 probri.

214 1030 251 1060 Et
268 1031 389 1060 Sueton.
407 1031 487 1060 Caes.
501 1032 571 1063 43.:
598 1030 724 1060 Diremit
741 1031 858 1070 nuptias
871 1032 1013 1070 praetorii
1034 1032 1105 1068 viri,
1129 1033 1180 1072 qui
1202 1031 1362 1071 digressam
1381 1044 1399 1061 a
1416 1033 1524 1062 marito
1544 1038 1612 1072 post
1635 1030 1756 1061 biduum
1778 1031 1878 1060 statim
1903 1030 2047 1069 dua-erat,
2070 1044 2173 1074 quam-

214 1074 258 1102 vis
279 1074 341 1102 sine
359 1072 462 1114 probri
484 1074 664 1113 suspicione,
689 1074 739 1102 sed
763 1074 848 1102 etiam
874 1074 910 1102 de
934 1074 1065 1112 qualibet
1089 1075 1144 1103 alia
1168 1075 1369 1113 turpitudine.
1418 1075 1447 1105 P.
1473 1075 1631 1104 Africanus
1655 1075 1691 1103 de
1714 1074 1824 1103 multa:
1852 1073 1960 1103 Omnia
1983 1074 2081 1111 mala,
2103 1086 2175 1114 pro-

215 1114 283 1152 bra,
310 1116 453 1156 flagitia,
489 1127 564 1156 quae
591 1115 721 1145 homines
734 1116 875 1157 faciunt,
912 1117 942 1145 in
966 1115 1081 1145 duabus
1104 1116 1187 1146 rebus
1209 1125 1293 1155 sunt,
1329 1116 1446 1146 malitia
1470 1126 1557 1159 atque
1578 1118 1717 1159 nequitia.
1746 1116 1834 1148 Duc.
1881 1117 1965 1147 Adde
1987 1118 2070 1150 l.41.
2085 1118 2116 1148 ff.
2139 1118 2175 1147 de

214 1158 284 1188 ritu.
307 1159 392 1191 l.42.
407 1159 436 1186 ff.
460 1158 496 1187 de
519 1159 602 1188 verb.
626 1159 722 1197 signis.
769 1157 875 1188 Goth.

380 1208 507 1238 Probi.
553 1209 641 1238 Velut
660 1209 787 1249 prohibi.
827 1209 900 1238 Nam
923 1214 952 1238 et
972 1209 1093 1249 probere
1114 1210 1254 1240 dicebant
1278 1221 1334 1249 pro
1354 1210 1515 1251 prohibere.
1557 1212 1674 1241 Lucret.
1696 1209 1779 1240 lib.l.
1803 1209 1845 1250 (v.
1858 1208 1958 1251 976.):

751 1260 831 1289 Nam
854 1261 913 1289 sive
934 1267 974 1289 est
996 1259 1128 1301 aliquid,
1159 1261 1239 1302 quod
1259 1261 1381 1302 probeat
1405 1263 1585 1305 afficiatque.

379 1308 685 1350 Prodigiatores.
732 1310 807 1341 Vide
830 1322 919 1351 supra
944 1311 1094 1352 Prodigia.
1142 1312 1249 1342 Goth.

379 1361 525 1391 Prodit.
569 1361 674 1390 Prodit
696 1363 871 1400 memoriae,
902 1364 1045 1402 posteris,
1074 1374 1166 1403 porro
1190 1366 1257 1402 dat,
1290 1364 1361 1393 item
1385 1363 1479 1400 fallit,
1504 1364 1631 1402 deserit,
1654 1364 1773 1404 perdit,
1796 1374 1812 1393 a
1832 1362 1938 1404 prodo.
1985 1363 2061 1393 Vide
2083 1374 2173 1403 supra

211 1401 386 1442 prodidisse.
431 1403 535 1433 Prodit
556 1404 693 1443 procedit
716 1416 730 1433 a
751 1404 872 1445 prodeo.
915 1405 1004 1436 Dae.

377 1446 567 1476 Punicum.
613 1448 685 1475 Cum
710 1449 749 1476 ait
770 1449 909 1487 punicum
934 1458 996 1477 esse
1020 1459 1126 1477 nomen
1150 1449 1259 1486 vestis,
1289 1448 1420 1477 tunicam
1444 1448 1609 1486 intelligere
1631 1459 1697 1477 euin
1722 1453 1806 1487 putO.
1851 1448 1924 1477 Nam
1949 1458 1982 1477 ea
2006 1449 2173 1477 Poenorum

212 1487 278 1516 suit.
320 1488 405 1517 Unde
434 1490 579 1518 Tunicam
602 1491 733 1518 iuventus
756 1490 870 1519 Ennius
894 1490 929 1519 de
952 1492 1068 1520 Poenis.
1107 1492 1144 1520 Et
1167 1492 1262 1521 Plaut.
1284 1492 1314 1520 in
1339 1491 1461 1521 Poenul.
1485 1491 1538 1530 (V,
1561 1493 1599 1529 3,
1622 1493 1680 1531 2.):
1710 1490 1812 1520 Homo
1836 1492 1999 1528 tunicatus,
2028 1491 2065 1521 de
2088 1491 2171 1520 Han·

212 1541 290 1560 none
312 1530 556 1569 Carthaginiensi.
601 1532 689 1561 Dac.

377 1573 638 1614 Progenerum.
684 1573 776 1604 Socer
797 1586 922 1614 magnus
943 1574 1053 1605 dicitur
1075 1577 1181 1605 uxoris
1203 1587 1282 1604 meae
1303 1587 1390 1612 avus,
1413 1586 1466 1615 ego
1488 1574 1570 1605 illius
1591 1587 1655 1605 sum
1676 1586 1826 1616 progener.
1855 1575 2039 1606 Modestinus
2059 1575 2109 1608 lib.
2121 1576 2171 1606 IV.

214 1614 245 1644 D.
269 1615 307 1645 de
330 1616 412 1654 grad.
437 1621 464 1645 et
487 1616 524 1645 ad
547 1616 595 1647 fin.
619 1616 708 1645 Dac.
740 1619 763 1655 §.
776 1619 807 1649 5.
820 1617 850 1645 ff.
873 1617 891 1647 l.
906 1620 935 1648 3.
960 1620 983 1655 §.
998 1622 1027 1650 2.
1042 1618 1072 1648 ff.
1097 1618 1132 1647 de
1155 1618 1345 1657 postulando.
1394 1617 1500 1648 Goth.

375 1658 591 1699 Profanum.
636 1658 729 1698 (Haec
751 1665 821 1688 nota
845 1661 975 1700 pertinet
997 1661 1034 1690 ad
1058 1672 1108 1697 ea,
1133 1671 1207 1699 quae
1231 1671 1295 1700 pag.
1310 1663 1381 1691 201.
1407 1661 1462 1689 sub
1484 1670 1513 1691 v,
1537 1660 1586 1689 Po
1597 1660 1754 1690 rriciam
1777 1659 1932 1698 leguntur,
1954 1670 2030 1699 quae
2051 1660 2083 1689 in
2105 1662 2171 1690 vul-

212 1701 284 1737 gatis
307 1701 468 1740 exemplis,
501 1701 690 1740 alphabetico
713 1702 816 1731 ordine
839 1703 1012 1741 dispositis,
1046 1704 1146 1732 statim
1170 1709 1237 1742 post
1261 1703 1420 1732 articulum
1445 1702 1611 1743 Profanum
1636 1701 1862 1742 sequebantur.)
1893 1703 1949 1732 Hic
1971 1704 2055 1732 locus
2078 1705 2173 1733 totius

212 1742 279 1771 libri
303 1749 509 1781 argumentum
533 1749 586 1773 est.
632 1744 688 1773 Sed
713 1745 824 1781 miror,
848 1755 902 1773 cur
925 1750 1043 1774 tantum
1068 1756 1224 1775 numerum
1250 1746 1395 1774 libroruin
1420 1745 1515 1775 Verrii
1539 1745 1664 1782 dixerit,
1690 1755 1781 1784 seque
1804 1745 1898 1775 libros
1920 1756 2034 1785 paucos
2057 1746 2172 1784 fecisse,

213 1795 279 1813 cum
296 1786 372 1815 libro
388 1787 491 1825 quinto
509 1787 603 1815 Verrii
627 1787 744 1816 initium
761 1789 788 1816 P.
802 1788 904 1816 literae
928 1788 1026 1819 suerit,
1056 1789 1093 1817 At
1109 1789 1186 1817 Fest1
1205 1789 1325 1827 quintus
1344 1788 1486 1817 decimus.
1516 1788 1673 1826 Inscriptio
1697 1798 1817 1827 quoque
1840 1798 1901 1817 non
1925 1789 2065 1818 convenit
2089 1789 2173 1818 libris

214 1826 325 1866 Verrii,
360 1839 456 1867 neque
486 1830 573 1858 etiam
603 1829 687 1858 libris
710 1830 803 1867 Festi,
840 1831 891 1869 qui
920 1830 956 1859 de
985 1832 1144 1860 verborum
1173 1831 1388 1869 signffivatione
1411 1831 1441 1859 in
1465 1831 1590 1870 antiquo
1613 1830 1692 1859 libro
1716 1830 1931 1860 inscribuntur.
1963 1831 2052 1862 Ant.
2076 1831 2173 1872 Aug.

215 1868 307 1898 Infra:
342 1872 463 1899 verbum
495 1873 592 1900 alieno
617 1872 683 1900 loco
708 1874 849 1911 positum.
894 1874 968 1902 Nam
993 1874 1029 1902 de
1052 1874 1145 1903 verbo
1166 1876 1314 1914 porricere
1336 1874 1517 1913 disputabat.
1562 1873 1608 1902 Ad
1632 1873 1715 1912 quod
1737 1873 1836 1902 locum
1860 1883 1896 1903 ex
1918 1873 2057 1903 Plautina
2081 1875 2172 1904 Pseu-

217 1910 286 1939 dolo
309 1914 420 1950 profert
443 1915 483 1953 (Ι,
507 1917 541 1951 3,
563 1914 643 1952 31.):

669 1957 772 1997 Atque
793 1958 822 1986 in
846 1957 981 1987 manibus
1003 1966 1073 1987 exta
1098 1966 1226 1995 teneam,
1256 1966 1288 1987 ut
1310 1958 1492 1998 porriciam5
1520 1958 1628 1987 interea
1650 1956 1712 1987 loci

671 1998 706 2028 Si
728 1998 805 2029 lucri
827 1999 899 2040 quid
923 2000 1020 2037 detur,
1048 2002 1148 2040 potius
1170 2013 1227 2030 rem
1252 2000 1382 2030 divinam
1407 1999 1546 2029 deseram.

218 2035 332 2065 Deinde
355 2036 515 2068 disserebat
537 2040 574 2069 de
597 2042 804 2079 profanatione
827 2053 946 2079 eorum,
971 2053 1045 2081 quae
1069 2044 1329 2082 porriciebantur3
1359 2054 1391 2071 ea
1414 2043 1571 2079 videlicet,
1595 2052 1671 2081 quae
1691 2042 1916 2081 porriciuntur,
1939 2043 2094 2082 profanari
2116 2043 2171 2073 do-

218 2088 289 2107 cens
312 2083 341 2106 et
363 2080 515 2117 profanata
541 2084 683 2112 consumi.
730 2084 825 2114 Varro
848 2084 1007 2125 (Vh-pag.
1020 2089 1092 2117 231.
1117 2086 1196 2125 Sp.):
1228 2085 1332 2126 Itaque
1354 2085 1391 2114 ob
1414 2084 1447 2114 id
1468 2086 1497 2114 in
1513 2084 1598 2127 fano
1621 2084 1846 2114 consumebatur
1867 2095 1967 2121 omne,
1993 2085 2075 2126 quod
2093 2097 2171 2126 pro-

214 2120 322 2162 fanum
346 2129 423 2158 erat,
456 2130 485 2149 ut
509 2125 664 2154 etiamnum
678 2127 736 2165 fit,
773 2126 853 2167 quod
876 2128 997 2157 Praetor
1019 2127 1148 2157 urbanus
1171 2129 1326 2168 quotannis
1339 2127 1441 2170 facit,
1477 2139 1541 2157 cum
1566 2126 1693 2157 Herculi
1715 2126 1850 2156 immolat
1870 2127 1988 2166 publice
2010 2129 2170 2158 iuvencam.

218 2163 253 2191 ln
275 2162 333 2210 tine
356 2164 396 2191 ita
420 2164 501 2201 lego:
531 2175 562 2193 ea
586 2173 700 2205 autent,
724 2169 761 2197 de
786 2170 895 2208 quibus
919 2170 1060 2199 dissentio
1084 2176 1111 2199 et
1134 2177 1235 2210 aperte
1259 2176 1288 2199 et
1311 2171 1457 2206 breviter,
1480 2175 1513 2199 ut
1535 2171 1645 2207 sciero,
1668 2170 1780 2208 scripta
1803 2170 1833 2198 iu
1856 2169 1903 2198 his
1926 2171 2009 2199 hbris
2033 2171 2103 2200 meis
2125 2171 2171 2200 in-

217 2210 393 2242 venientur,
418 2206 468 2244 qui
491 2206 710 2239 inscribuntur:
734 2211 901 2241 Priscorum
925 2212 1074 2242 verborum
1101 2225 1165 2242 cum
1189 2212 1341 2252 ememplis.
1373 2214 1473 2252 Neque
1496 2212 1619 2241 dubium
1644 2216 1703 2249 est,
1727 2212 1800 2250 quin
1821 2212 1863 2240 ita
1886 2213 2041 2252 scripserit
2057 2213 2171 2244 Festus.

219 2247 278 2276 Sed
300 2247 368 2276 libri
390 2248 410 2275 ii
433 2248 655 2278 interciderunt.
700 2253 773 2282 Nam
804 2255 883 2293 quod
914 2255 996 2283 docti
1026 2256 1083 2284 viri
1113 2261 1221 2295 putant
1243 2256 1362 2284 Festum
1393 2256 1430 2285 de
1460 2255 1520 2292 his,
1558 2265 1633 2293 quos
1657 2255 1686 2283 in
1711 2264 1798 2283 manu
1821 2254 1980 2293 habemus,
2012 2256 2109 2295 loqui,
2141 2260 2171 2285 et

219 2294 347 2329 peccant
368 2290 425 2329 ipsi
449 2295 477 2318 et
500 2291 572 2318 alios
594 2292 624 2319 in
646 2303 773 2322 errorem
797 2297 951 2325 inducunt.
991 2298 1065 2326 Nam
1089 2309 1183 2337 neque
1206 2298 1309 2327 Festus
1333 2297 1389 2327 hos
1412 2298 1520 2335 libros,
1543 2298 1593 2336 qui
1616 2302 1735 2334 extant,
1757 2302 1893 2326 vocasset
1914 2308 1998 2334 suos,
2022 2308 2089 2327 cum
2110 2297 2170 2326 sint

221 2332 333 2368 Verrii,
357 2342 450 2371 neque
472 2333 501 2361 in
524 2333 586 2361 istis
608 2333 691 2361 libris
715 2336 838 2366 instituit
863 2339 1122 2378 reprehensionem
1144 2341 1256 2377 Verrii,
1281 2346 1490 2379 praeterquam
1513 2341 1543 2369 in
1568 2340 1642 2368 locis
1666 2340 1826 2368 admodum
1850 2341 1970 2378 paui-is,
1994 2341 2084 2378 idque
2106 2339 2168 2369 obi-

220 2378 276 2404 ter.
318 2374 420 2412 Neque
442 2385 553 2413 paucos
575 2374 629 2403 hos
652 2376 744 2404 libros
767 2387 920 2417 vocasset,
947 2392 1014 2410 cum
1038 2393 1125 2421 supra
1149 2386 1196 2415 19.
1222 2383 1391 2422 scripserit,
1423 2393 1518 2422 neque
1541 2382 1615 2411 haec
1639 2388 1682 2411 est
1704 2382 1809 2411 horum
1832 2382 1978 2411 librorum
2002 2381 2167 2421 inscriptio,

222 2427 292 2446 cum
315 2428 332 2446 a
354 2417 505 2446 Macrobio
536 2423 633 2447 vetere
664 2423 785 2447 auctore
814 2420 850 2448 de
881 2423 1040 2452 verborum
1072 2425 1283 2461 significatione
1313 2426 1452 2455 nitentur.
1496 2425 1548 2454 His
1577 2430 1606 2453 et
1630 2425 1766 2463 pluribus
1793 2424 1958 2453 rationibus
1981 2428 2069 2461 atque
2092 2424 2167 2453 adeo

222 2464 325 2489 tenore
354 2459 514 2489 verborum
538 2461 612 2490 Festi
643 2460 782 2489 inductus
812 2463 935 2500 quilibet
964 2470 1060 2503 potest
1088 2467 1244 2495 advertere
1273 2467 1364 2496 libros
1387 2468 1553 2496 Priscorum
1584 2467 1735 2496 verborum
1765 2478 1830 2496 cum
1857 2463 1999 2505 exemplis
2021 2476 2082 2494 non
2105 2477 2167 2497 esse
