2263 2668
363 157 427 190 DE
457 154 728 189 VERBORUM
756 153 1141 189 SIGNIFICATIONE
1168 153 1481 190 FRAGMENTA.
1780 155 1852 189 183

72 253 253 300 gotiatur3
279 251 350 284 sive
373 250 468 295 quod
493 250 628 291 herbis,
659 255 696 283 ut
714 261 843 296 pecora
871 251 1009 283 aluntur.
1062 248 1199 281 Nuces
1215 247 1442 294 flagitantur
1463 250 1597 295 nuptis,
1625 253 1658 282 et
1684 249 1851 283 iaciuntur

73 305 200 350 pueris,
248 308 284 336 ut
318 314 424 335 novae
456 306 587 347 nuptae
613 303 759 336 intranti
786 303 926 335 domum
954 300 1030 333 novi
1058 300 1164 332 mariti
1192 301 1379 344 auspicium
1394 300 1473 347 fiat
1498 301 1688 335 secundum
1717 305 1749 334 et
1771 301 1851 334 soli·

75 357 215 389 stimum.

238 405 408 438 Numam
443 405 700 448 Pompilium
736 405 921 438 Ianiculum
957 406 1107 436 montem
1137 402 1353 436 habitavisse
1389 403 1517 443 ferunt,
1569 404 1603 436 in
1637 415 1704 447 quo
1738 415 1850 437 arcam

74 459 142 491 eius
169 458 359 496 inventam,
408 468 486 489 cum
521 456 619 489 libris
653 456 795 490 Numae
828 456 982 495 nominis,
1022 467 1041 487 a
1075 455 1236 487 Terentio
1274 455 1428 499 quodam
1463 455 1580 488 scriba
1612 455 1851 500 repastinante

74 521 204 555 agrum.
258 509 524 541 Nonuncium
548 509 640 552 quod
676 509 784 553 vulgo
811 507 987 553 Ilffagistri
1022 506 1092 538 ludi
1126 507 1317 550 appellant,
1353 507 1525 551 significat
1559 519 1678 540 novem
1713 507 1851 539 uncias:

75 565 113 594 at
141 560 323 593 teruncium
335 585 343 600 ,
367 559 457 603 quod
474 560 602 603 singula
616 561 776 593 sexuncia
790 559 974 593 dimidium
997 558 1180 590 unciarum
1196 559 1299 590 trium
1317 558 1365 590 sit.
1393 559 1422 590 N
1435 570 1553 591 omen
1569 559 1635 592 sive
1658 570 1698 592 ex
1714 558 1848 591 Graeco

75 611 193 657 ὄνομα
222 612 352 643 dietum
381 615 450 653 est,
473 607 492 658 Η
517 612 618 655 quasi
652 612 826 651 novimen,
854 611 946 655 quod
969 610 1127 642 notitiam
1161 609 1303 654 saciat.-
1344 610 1414 642 sive
1452 610 1596 643 familiae
1624 615 1678 644 est.
1704 614 1740 642 ut
1768 608 1848 654 [23]

80 663 268 696 Terentius.
293 663 437 707 ponitur
465 664 569 695 etiam
593 673 662 707 pro
690 663 822 696 debito:
859 666 894 694 ut
920 667 1074 694 exactum
1103 660 1244 694 dicimus
1266 660 1384 706 fuisse
1414 672 1555 701 nomen,
1590 673 1669 694 cum
1702 673 1725 693 a
1753 660 1849 693 debi-

75 719 149 747 tore
176 718 304 747 exacta
332 714 472 758 pecunia
493 714 540 746 sit.
594 714 657 747 No
669 718 770 747 cirta
798 713 937 747 videtur
968 713 1065 746 (licta
1093 713 1246 745 anoctis
1273 716 1428 757 tempore
1457 725 1514 753 eo,
1547 725 1612 756 quo
1642 723 1769 745 canere
1793 723 1849 745 so-

74 767 138 807 let,
179 769 240 798 aut
267 766 398 799 volare.
426 765 471 798 ab
506 776 548 798 ea
575 766 772 810 γλαυκῶπις
797 765 988 810 appellatur
1024 764 1189 797 lllinerva
1217 775 1239 796 a
1272 764 1439 800 Graecis,
1479 765 1561 808 quia
1590 768 1716 797 noctua
1743 763 1848 796 oculis

75 823 123 850 est
150 817 277 850 caesis*
333 844 339 850 .
395 843 402 851 .
457 845 463 851 .
515 816 763 856 Νοηεοῑιιε,
791 821 961 850 vocantur
982 816 1168 861 papillae,
1197 827 1288 860 quae
1312 827 1355 848 ex
1372 815 1544 861 sctucibus
1570 827 1750 860 caprarum
1768 826 1848 859 sup-

70 869 237 913 pendent.
291 868 577 901 Noctilucam
611 880 689 901 cum
725 869 814 901 dixit
838 869 994 901 Lucilius
1026 868 1066 902 L.
1090 868 1131 900 ll.
1161 868 1344 901 obscenum
1371 866 1553 914 signifieat
1606 893 1612 899 .
1667 893 1673 899 .
1728 893 1734 899 .
1788 877 1849 899 no-

76 921 204 953 ctiluca
259 947 265 954 .
319 946 325 952 .
381 943 387 950 ·
442 947 448 954 .
504 946 511 954 .
565 948 571 954 .
626 920 765 954 medica.
820 917 1048 953 Noverca⁵
1076 919 1215 958 dicitur,
1244 931 1349 964 quam
1378 920 1453 964 quis
1475 918 1593 951 liberis
1613 918 1849 956 sublatis.1ro—

75 983 149 1004 vam
179 982 321 1004 uxorem
350 970 462 1013 ducit,
491 972 671 1004 arcendae
685 971 858 1016 fianiliae
884 972 1007 1017 gratia,
1034 970 1069 1003 id
1096 976 1160 1011 est,
1189 971 1420 1012 coercendae,
1440 971 1562 1015 prima
1578 974 1693 1002 [tutem
1717 980 1846 1002 memo-

75 1027 178 1056 ratur
204 1023 304 1067 apud
329 1024 555 1064 veterannia*‚
583 1034 674 1068 quae
700 1024 814 1068 nupsit
869 1050 877 1057 .
932 1049 937 1055 .
995 1048 1001 1055 .
1054 1021 1282 1056 Navibus-6
1309 1026 1485 1067 regnante
1512 1022 1584 1056 Ser.
1603 1021 1725 1053 Tullio.
1754 1020 1846 1063 quod

74 1075 110 1107 in
137 1074 347 1107 Aventinum
374 1079 523 1108 montem
545 1074 741 1120 paludibus
768 1075 960 1108 disclusum
982 1074 1236 1115 ascenderetur,
1264 1074 1310 1107 ab
1338 1074 1489 1107 advectu
1515 1073 1565 1106 sic
1593 1073 1723 1105 dictum
1741 1073 1847 1112 aiunt,

76 1126 131 1159 vel
161 1126 255 1170 quod
282 1125 465 1159 Aventinus
497 1127 529 1158 in
564 1127 728 1159 Aventino
762 1138 827 1159 rea·
858 1126 1015 1159 Albanus
1048 1127 1091 1159 sit
1118 1126 1284 1171 sepultus.
1337 1125 1550 1159 Novalem
1586 1135 1709 1169 agrum
1735 1124 1849 1157 Aelius

81 1177 225 1218 Gallus,
255 1181 286 1210 et
318 1177 456 1222 Opilius
482 1178 562 1211 item
590 1178 757 1211 Aurelius
789 1189 864 1210 eum
892 1178 983 1210 aiunt
1012 1189 1098 1218 esse,
1132 1189 1232 1222 quem
1262 1176 1381 1212 νεῖον7
1409 1178 1539 1210 dicunt.
1567 1176 1618 1209 ad
1647 1176 1741 1220 quod
1775 1175 1849 1207 Ho-

76 1240 170 1261 mero
196 1239 331 1272 quoque
354 1233 439 1262 teste
465 1233 622 1270 utuntur,
650 1229 709 1274 qui
736 1229 845 1262 dixit.-
882 1233 993 1264 νειοῖο
1028 1229 1176 1277 βαθείης
1209 1230 1365 1264 πέλσον*
1398 1229 1551 1264 ἱκέσθαι.
1606 1226 1684 1261 Sed
1719 1227 1850 1261 Cincius

76 1292 151 1313 vum
181 1292 266 1322 esse,
294 1281 351 1313 ubi
377 1280 513 1326 glaeba
533 1281 714 1326 proscissa
741 1281 790 1314 ad
818 1292 944 1314 novam
979 1286 1159 1314 sementem
1186 1281 1225 1313 sit
1250 1281 1379 1314 relicta..
1442 1279 1581 1313 Nauti
1614 1279 1851 1312 consulatu

76 1340 116 1364 et
143 1332 184 1364 T.
213 1331 368 1373 Sicini,
404 1332 517 1366 Volsci
545 1333 689 1378 populi,
736 1344 813 1365 cum
842 1337 947 1365 atrox
969 1333 1144 1378 proelium
1179 1333 1309 1365 inissent
1339 1332 1495 1365 adversus
1530 1331 1727 1369 Romanos,
1758 1329 1850 1363 'Pe-ib.

74 1383 150 1417 A'lIe'l.
181 1385 215 1416 in
246 1383 349 1417 Circo
376 1384 527 1417 conbusti
553 1385 702 1417 feruntur
728 1388 759 1417 et
786 1385 913 1429 sepulti
940 1385 974 1417 in
1002 1385 1200 1430 crepidine,
1234 1396 1320 1428 quae
1349 1390 1395 1417 est
1423 1383 1574 1428 proxime
1604 1382 1758 1418 Circum,
1794 1381 1852 1426 qui

74 1435 170 1468 locus
190 1438 317 1479 postea
334 1434 411 1480 suit
437 1436 557 1481 lapide
587 1437 664 1470 albo
692 1442 890 1474 constratus;
916 1437 976 1481 qui
1000 1447 1068 1481 pro
1102 1447 1176 1482 rep.
1205 1436 1239 1469 in
1268 1447 1306 1469 eo
1326 1436 1461 1481 proelio
1488 1433 1701 1473 occubuere,
1731 1433 1851 1477 Opiter

74 1487 249 1531 Verginius
281 1486 456 1521 Tricostus
509 1514 515 1520 .
570 1513 577 1519 .
631 1514 638 1521 .
698 1487 859 1521 Valerius
887 1488 1059 1521 Laevinus.
1094 1489 1269 1521 Postumus
1298 1487 1476 1521 Cominius
1501 1486 1698 1519 Amuncus.
1755 1484 1851 1517 illal-

75 1538 137 1570 lius
157 1538 336 1570 Tolerinus
381 1539 417 1571 P.
447 1539 612 1572 Veturius
648 1539 825 1572 Geminus.
885 1540 922 1572 4.
952 1540 1175 1585 Sempronius
1209 1540 1384 1572 Atratinus.
1441 1538 1627 1582 Verginius
1665 1536 1850 1569 Tricostus.

75 1589 204 1622 Alutius
231 1589 403 1623 Scaevola.
432 1590 507 1624 Sex.
530 1590 650 1624 Fusius
678 1591 906 1624 Illedullinus.
961 1591 1089 1624 Nooea
1117 1598 1151 1624 ut
1178 1592 1248 1624 Ser.
1264 1591 1431 1636 Sulpicius
1454 1589 1568 1634 Rufus
1588 1589 1656 1628 ait,
1682 1588 1850 1621 damnum

75 1639 257 1686 significat
284 1641 375 1684 apud
403 1647 519 1685 poetas
545 1647 674 1683 autem,
703 1647 735 1675 et
751 1640 771 1691 Η
787 1648 934 1675 oratores
962 1644 1097 1687 ponitur
1125 1654 1187 1687 pro
1204 1642 1314 1687 culpa.
1340 1642 1412 1674 ad*
1439 1652 1524 1673 noxa
1553 1645 1739 1684 peccatum,
1768 1637 1848 1684 [24]

77 1697 132 1723 aut
157 1702 220 1735 pro
248 1697 389 1735 peccalo
416 1703 560 1736 poenam
573 1694 600 1735 *,
633 1699 669 1726 ut.
694 1694 816 1727 Accius
843 1693 875 1725 in
902 1693 1099 1739 Melanippa
1111 1696 1162 1727 **:

177 1742 282 1775 Tete
311 1754 399 1775 esse
425 1743 527 1777 huic
550 1756 686 1777 noxae
714 1745 954 1778 obnoxium.

77 1794 179 1834 item,
215 1803 290 1826 cum
324 1794 378 1826 lex
412 1795 504 1828 iubet
530 1807 636 1829 noxae
659 1794 806 1838 dedere,
844 1807 907 1841 pro
941 1802 1084 1842 peccato
1119 1796 1198 1829 dedi
1232 1796 1332 1828 iubet.
1390 1794 1556 1827 Caecilius
1588 1793 1619 1825 in
1652 1792 1849 1837 Hypoboli-

76 1856 172 1878 maeo
195 1844 420 1880 cherestato*:

179 1896 276 1928 Nam
310 1897 391 1929 ista
426 1898 595 1942 quidem
630 1909 740 1931 noxa
775 1899 1047 1938 muliebrem,
1075 1901 1139 1931 et*
1168 1897 1299 1942 magis
1326 1907 1446 1940 quam
1473 1896 1568 1928 viri.

78 1946 254 1980 Novaess
297 1948 442 1982 curiae
478 1950 676 1994 proximae*
709 1951 894 1995 compitum
930 1950 1118 1983 Fabricium
1154 1949 1348 1982 aedificatae
1383 1953 1473 1989 sunt,
1510 1947 1602 1991 quod
1629 1957 1748 1991 parum
1776 1955 1848 1977 am-

75 1999 154 2043 plae
183 2003 275 2031 erant
296 2004 421 2033 veteres
442 2013 459 2033 a
486 2001 635 2033 Romulo
664 2001 792 2043 factae,
823 2003 920 2035 ube*
948 2003 973 2034 is
1000 2003 1185 2046 populum,
1215 2005 1246 2032 et
1272 2011 1364 2033 sacra
1394 2000 1426 2032 in
1453 1999 1556 2044 partis
1577 1998 1711 2043 triginta
1738 1995 1847 2028 distri-

76 2051 211 2091 buerat,
246 2055 281 2083 ut
312 2051 345 2083 in
378 2051 415 2083 iis
449 2063 487 2085 ea
514 2063 605 2086 sacra
639 2059 808 2094 curarent,
851 2065 938 2097 quae
971 2064 1047 2087 cum
1083 2064 1123 2086 ex
1149 2051 1314 2085 veteribus
1345 2051 1379 2084 in
1404 2062 1506 2085 novas
1531 2053 1769 2088 evocarentur,
1797 2058 1850 2080 se-

78 2176 185 2215 veram]
217 2177 289 2205 Cum
322 2177 351 2205 in
376 2177 540 2216 fragmento
565 2179 622 2215 sit,
659 2182 833 2208 veterannia
844 2203 852 2217 ‚
884 2190 943 2208 non
989 2179 1023 2208 ab
1038 2179 1162 2217 reliquis
1178 2178 1337 2216 disclusus,
1354 2179 1454 2218 itaque
1470 2187 1503 2206 eo
1520 2188 1557 2206 ex
1574 2177 1646 2206 urbe
1663 2173 1848 2204 adveheban-

76 2224 108 2247 υῑ
129 2219 179 2247 alii
201 2218 440 2258 descripserunt,
465 2223 654 2258 ceterarum,
678 2231 714 2251 rx
738 2233 770 2251 ea
794 2223 943 2261 scriptura
985 2227 1037 2250 (ur
1057 2221 1179 2250 ratibus.
1216 2222 1296 2250 Urs.
1329 2239 1368 2244 ——
1402 2220 1432 2262 7)
1453 2221 1550 2259 Quem
1569 2219 1678 2249 Graeci
1698 2220 1779 2248 νεῖον
1802 2217 1849 2245 Pr.

76 2262 219 2298 fecimus,
251 2266 364 2291 veteres
387 2263 488 2292 Annia.
520 2264 567 2292 cni
592 2270 687 2293 autem
709 2266 845 2304 nupserit
867 2264 940 2293 haec
984 2280 1026 2287 ———
1048 2264 1076 2304 8)
1103 2265 1206 2293 Nouae
1227 2265 1349 2303 curiae]
1374 2264 1518 2303 Ulpianus
1546 2263 1606 2301 Dig.
1630 2261 1690 2290 Lib.
1710 2263 1736 2291 1.
1759 2259 1804 2288 tit.
1822 2261 1851 2291 8.

75 2303 185 2340 Annia,
209 2305 419 2343 quaerendum.
453 2306 528 2334 Urs.
551 2320 593 2328 ——
611 2305 644 2346 ¹6)
662 2306 822 2346 Navibus]
846 2308 939 2336 Varro
985 2307 1151 2336 sacrarium
1169 2307 1256 2336 etiam
1272 2307 1302 2336 in
1316 2306 1450 2336 aedificio
1470 2307 1590 2346 privato
1603 2314 1669 2334 «esse
1691 2307 1798 2343 potest.
1821 2306 1850 2330 et

73 2346 124 2377 lib.
139 2346 167 2377 4.
191 2346 228 2376 de
246 2347 327 2385 Liug.
352 2349 413 2379 Lat.
429 2348 607 2377 Aventinum
629 2349 679 2378 alii
700 2350 737 2378 ab
759 2359 828 2389 rege
845 2350 939 2379 Aven-
984 2351 1083 2379 solent
1113 2350 1162 2389 qui
1187 2350 1315 2379 liberare
1343 2359 1410 2379 eum
1439 2349 1537 2379 locum
1567 2348 1711 2387 religione
1731 2345 1847 2375 volunt-

75 2389 138 2418 tino
155 2388 288 2423 Albano,
321 2391 457 2429 quodibi
477 2391 612 2430 sepultus
636 2394 681 2420 sit.
727 2393 787 2431 Ego
812 2394 939 2422 maxime
983 2402 1066 2422 soem
1083 2393 1154 2422 inde
1170 2403 1304 2423 evocare.
1335 2393 1415 2422 Ure.

77 2436 146 2469 put-o
168 2432 203 2460 ab
223 2432 365 2470 advectu3
404 2444 470 2463 nam
492 2434 562 2462 olim
585 2434 746 2473 paludibus
766 2445 849 2464 mons
875 2441 937 2465 erat

1872 824 1881 833 '
1890 823 1907 848 f.
1920 823 2011 849 caesiis

1857 1025 1865 1034 ⁸
1873 1023 1892 1048 s.
1907 1028 2007 1048 veteres

1893 1058 1973 1083 Annia

1861 1231 1869 1241 ⁶
1878 1230 1896 1255 f.
1914 1229 2006 1256 τέλσον

1896 1644 1930 1668 Ἱ.
1951 1647 1979 1668 at

1878 1695 1885 1704 '
1894 1695 1913 1719 f.
1925 1702 2007 1727 poena

1862 1731 1879 1740 ‘⁸
1886 1730 1899 1754 s
1923 1728 2012 1753 Mena-

1905 1763 1974 1796 lippo

1861 1840 1895 1866 ·f.
1914 1839 2025 1864 Chaere-

1893 1877 1974 1899 strato

1860 1908 1888 1934 Ὗ.
1896 1907 2025 1934 muliebris

1918 1944 1957 1967 est

1859 1977 1894 2001 'f.
1911 1975 2026 2010 proxime

1893 2011 1929 2036 ·f.
1947 2010 1991 2036 ubi
