2263 2668
229 102 279 138 78

647 98 790 132 PAULI
816 97 938 132 DIAC.
965 97 1221 132 EXCERPTA
1247 100 1309 134 EX
1335 100 1423 134 LIB.
1451 99 1595 136 POMP.
1623 101 1761 136 FESTI

231 195 403 242 Iugarius
436 195 526 226 vicus
559 187 687 225 dictus¹
716 191 864 233 Romae,
914 191 991 234 quia
1025 192 1071 225 ibi
1104 192 1212 226 fuerat
1238 205 1295 226 ara
1320 194 1454 228 Iunonis
1481 195 1604 240 Iugae.
1652 207 1752 239 quam
1778 198 1941 241 putabant
1967 202 2174 236 matrimonia

331 247 477 290 iungere.

232 308 303 341 Ilia
327 307 416 340 dicta
442 304 484 336 ab
510 302 563 334 ina

231 359 348 399 Ilicet,
390 356 457 388 sine
487 352 601 385 dubio.

572 297 584 318 2

586 327 595 345 ‚
630 312 717 345 quae
742 313 819 345 pars
847 301 983 336 chartae
1010 300 1078 336 est³
1100 305 1296 338 tenuissima.

231 408 428 444 Ianiculum
454 405 596 445 dictum,
637 403 730 447 quod
757 415 819 448 per
847 416 922 438 eum
950 405 1120 439 Romanus
1147 404 1316 451 populus4
1338 408 1488 452 primitus
1514 410 1673 442 transierit
1699 411 1732 443 in
1760 422 1878 456 agrum
1904 412 2088 447 Etruscum.

232 460 346 494 Idalis
371 458 441 490 ovis
469 457 640 489 dicebatur
648 480 657 498 ‚

700 467 787 498 quae
814 457 966 489 omnibus
993 457 1101 490 idibus
1126 458 1197 492 Iovi
1224 460 1441 494 mactabatur.

232 510 362 545 Ianual
388 508 447 541 libi
474 519 596 553 genus,
633 507 726 551 quod
753 508 834 540 lano
861 508 1093 542 tantummodo
1122 507 1318 543 delibatur5.

230 561 348 596 lambi
374 555 608 600 vocabantur⁶‚
643 559 701 602 qui
728 559 849 604 singuli
876 571 917 593 ex
943 561 1117 603 proscenio
1144 563 1380 605 loquebantur,
1423 559 1587 605 triambi⁷‚
1628 564 1684 606 qui
1709 565 1803 598 terni.

232 614 353 660 Igitur
374 622 461 646 nunc
488 610 624 655 quidem
650 620 714 655 pro
742 611 976 656 completionis
1011 612 1251 657 significatione
1283 613 1388 655 valet,
1437 625 1524 657 quae
1557 619 1603 648 est
1640 626 1731 659 ergo.

332 660 541 710 ponebatur⁸
563 673 627 706 pro
649 662 732 695 inde
756 668 788 696 et
804 667 930 709 postea
953 659 1004 696 et⁹
1025 668 1108 699 tum.

233 717 353 751 Ircens
362 713 386 733 ¹⁰
405 725 510 760 genus
536 713 724 749 farciminis.

1796 615 1866 648 Sed
1899 616 1993 660 apud
2027 618 2177 662 antiquos

233 767 439 814 Irquitallus
464 776 568 811 puer,
611 765 667 809 qui
693 765 803 810 primo
829 764 1019 799 virilitatem
1044 778 1136 800 suam
1148 763 1169 784 ¹¹
1191 768 1366 811 experitur.

233 820 389 853 Iovistae
417 817 640 863 compositum
667 829 686 849 a
711 817 791 850 Iove
818 822 849 850 et
874 817 986 851 iustae.

232 870 478 916 Ignitabulum
504 869 589 914 ignis
614 869 874 913 receptaculum.

231 923 344 968 Igm'a
370 917 519 955 νὶίίιιηι12
544 931 697 954 vasorum
724 920 883 956 fictilium.

232 974 379 1020 Ipsippe
404 974 485 1018 ipsi,
527 984 635 1017 neque
662 972 727 1006 alii.

231 1026 299 1059 Icit
326 1024 496 1069 percussit.

234 1077 392 1123 Insiperc
417 1075 593 1109 farinulam
604 1072 628 1093 ¹³
647 1076 755 1109 iacere
781 1073 890 1118 pullis.

329 1128 441 1174 pullis
468 1138 594 1161 escam.

234 1185 391 1222 Irnela¹⁴
413 1188 497 1221 vasis
524 1198 629 1232 genus
655 1187 688 1219 in
714 1186 820 1219 sacris

950 1073 1051 1108 Unde
1087 1074 1263 1118 dissipare,
1313 1074 1486 1118 obsipare,
1535 1079 1570 1107 ut
1603 1087 1704 1119 quum
1738 1077 1849 1110 rustici
1876 1076 2006 1111 dicuntt

2055 1075 2178 1122 obsipa

233 1240 290 1274 1ὁὶ
317 1239 452 1281 dicitur,
481 1250 583 1282 quum
610 1239 703 1273 locus
729 1237 832 1271 semel
859 1236 1119 1278 demonstratur,
1152 1235 1296 1280 ibidem,
1330 1247 1433 1279 quum
1460 1237 1598 1282 saepius.

234 1292 421 1337 Ipsullices
446 1291 602 1324 bracteae
628 1291 660 1322 in
687 1289 815 1322 virilem
843 1288 1108 1334 muliebremque
1135 1289 1280 1334 speciem
1307 1299 1489 1332 expressae.

234 1343 378 1377 Itonida
405 1342 558 1375 Minerva
582 1354 601 1374 a
621 1342 699 1375 loco
727 1342 774 1374 sic
801 1340 983 1385 appellata,

235 1390 405 1440 Irpices¹⁵
427 1405 532 1439 genus
555 1397 733 1426 rastrorum
754 1393 958 1433 ferreorum,
988 1391 1081 1435 quod
1105 1391 1219 1436 plures
1240 1387 1378 1424 habet¹⁶
1400 1390 1515 1424 dentes
1537 1392 1581 1424 ad
1602 1391 1827 1436 exstirpandas
1849 1391 1973 1424 herbas
1994 1391 2028 1423 in
2048 1387 2179 1435 agris¹⁷.

236 1446 350 1492 Irpim’
376 1445 538 1490 appellati
549 1441 573 1461 ¹³
598 1445 731 1478 nomine
741 1441 765 1462 ¹³
792 1444 881 1488 lupi,
922 1455 1023 1487 quem
1050 1440 1200 1489 irpum²⁰
1223 1442 1338 1477 dicunt
1363 1442 1542 1483 Samnites3
1585 1454 1661 1476 eum
1689 1444 1776 1476 enim
1803 1443 1925 1477 ducem
1952 1442 2055 1477 secuti
2081 1452 2182 1486 agros

336 1508 557 1541 occupavere.

238 1557 340 1603 Ignis
366 1557 489 1590 Vestae
516 1557 542 1589 si
568 1555 704 1599 quando
737 1555 953 1588 interstinctus
988 1561 1089 1596 esset,
1141 1555 1282 1599 virgines
1312 1554 1505 1587 verberibus
1539 1553 1769 1587 afficiebantur
1795 1566 1814 1586 a
1841 1554 2018 1598 pontifice,
2064 1552 2181 1596 quibus

338 1619 410 1642 mos
445 1612 514 1642 erat
547 1607 696 1640 tabulam
731 1603 871 1640 felicis²¹

341 1671 443 1693 aeneo
470 1660 566 1705 virgo
577 1656 601 1676 ²³
622 1659 655 1691 in
683 1658 801 1691 aedem
828 1658 938 1692 ferret.

899 1607 1056 1640 materiae
1088 1607 1215 1640 tamdiu
1248 1602 1459 1647 terebrare²²‚
1508 1617 1682 1650 quousque
1715 1610 1891 1651 exceptum
1923 1606 2039 1650 ignem
2072 1605 2181 1638 cribro

242 1709 366 1754 Ignem
393 1723 433 1745 ex
460 1711 563 1744 domo
590 1710 755 1744 Flaminia
781 1710 894 1743 efferri
920 1720 986 1743 non
1013 1710 1153 1751 licebat,
1195 1709 1253 1742 nisi
1281 1709 1410 1742 divinae
1436 1708 1484 1741 rei
1511 1709 1626 1753 gratia.

245 1761 389 1796 Icadion
414 1773 535 1797 nomen
562 1762 738 1797 saevissimi
764 1762 900 1807 piratae.

244 1895 331 1944 (leam
346 1898 376 1926 L.
400 1916 437 1920 —-
462 1899 488 1939 1)
505 1899 616 1939 dictas]
633 1899 750 1930 dicitur
762 1902 794 1931 L.
812 1903 846 1931 Β.
861 1902 918 1930 Gu.
931 1903 958 1933 1.
974 1911 1020 1940 pr.
1043 1916 1084 1922 -
1105 1900 1137 1937 Ξ)
1153 1901 1191 1928 ab
1237 1897 1282 1938 19)
1305 1900 1433 1936 nomine]
1458 1909 1477 1926 α
1492 1909 1569 1927 nom.
1583 1899 1614 1926 L.
1637 1914 1679 1920 —
1702 1897 1748 1938 20)
1771 1899 1890 1938 opum]
1914 1901 2013 1938 irpam
2027 1899 2084 1927 Gu.
2095 1900 2123 1929 1.
2143 1910 2186 1919 ·-—

246 1941 310 1973 ma]
329 1939 360 1968 B.
378 1940 409 1967 in
424 1951 512 1979 marg.
528 1944 575 1971 «uel
588 1955 607 1971 (ι
620 1944 694 1975 lina.
717 1961 760 1967 —
782 1948 812 1981 3)
837 1945 960 1973 chartae
974 1946 1026 1980 est]
1048 1948 1089 1972 est
1105 1943 1193 1971 clzar-
1235 1942 1282 1982 21)
1305 1940 1433 1980 felicis]
1457 1951 1512 1969 om.
1538 1941 1568 1970 L.
1598 1957 1640 1962 --
1668 1940 1716 1977 22)
1743 1941 1907 1981 terebrare]
1930 1941 2084 1970 verberare
2103 1938 2135 1968 L.
2149 1938 2183 1967 Β.

246 1986 293 2007 tae
307 1981 337 2008 L.
360 1997 401 2002 —
422 1981 449 2020 4)
474 1985 559 2013 Rom.
570 1987 654 2025 pop]
674 1998 745 2026 pop.
758 1988 846 2017 Rom.
858 1989 890 2016 B.
913 2004 954 2009 —
976 1986 1005 2026 5)
1029 1986 1192 2024 delibatur]
1239 1985 1293 2013 Gu.
1310 1988 1336 2017 1.
1358 1995 1404 2024 pr.
1434 2000 1476 2005 -—
1504 1985 1549 2021 23)
1574 1983 1669 2012 cribro
1695 1994 1782 2013 aeneo
1802 1987 1905 2024 virgo]
1930 1995 1987 2016 om.
2006 1983 2045 2014 M.
2071 1998 2113 2004 ·-
2139 1981 2185 2017 24)

248 2022 365 2070 libatur
377 2023 414 2052 M.
436 2041 477 2047 —
499 2025 526 2063 6)
551 2029 746 2069 vocabantur]
772 2029 951 2059 dicebantur
963 2031 997 2059 B.
1018 2046 1061 2051 —
1083 2031 1111 2065 7)
1137 2031 1195 2057 tri-

248 2064 347 2102 ambz]
372 2071 396 2092 el
414 2067 536 2094 triamln'
553 2069 584 2097 L.
628 2073 773 2101 traiambc'
790 2072 822 2104 B.
840 2074 879 2104 M.
899 2074 957 2101 Gu-
970 2076 1000 2104 2-
1024 2088 1066 2094 -·
1089 2071 1117 2111 8)
1135 2083 1196 2111 Po‘

248 2107 386 2145 nehatur]
402 2109 552 2146 ponebant
568 2111 596 2138 B.
614 2112 667 2141 Gu.
682 2117 709 2144 1.
735 2132 772 2137 -
792 2113 822 2154 9)
846 2116 884 2155 et]
895 2127 954 2154 pro
969 2116 1001 2146 Β.
1025 2131 1068 2137 --
1091 2113 1136 2154 10)
1153 2115 1197 2144 [Γ-

249 2150 333 2189 cens]
358 2149 458 2178 Irceus
479 2151 510 2180 L.
533 2167 573 2173 —
596 2155 642 2190 ll)
663 2157 742 2186 viril.
758 2158 868 2198 suam]
893 2169 982 2187 suam
1002 2158 1083 2187 viril.
1100 2157 1132 2187 L.
1156 2174 1195 2179 ——

250 2195 293 2227 12)
311 2192 444 2241 uitium]
469 2193 517 2221 Sic
535 2193 590 2221 Gu.
604 2197 632 2226 2.
675 2199 753 2226 vitia
769 2201 848 2238 vulg.
871 2218 910 2223 -—
936 2204 981 2236 13)
995 2199 1196 2239 farinulam]

241 2234 418 2271 sarmolam
435 2236 465 2264 L.
479 2236 517 2264 M.
536 2236 592 2266 Gu.
610 2239 636 2267 1.
651 2237 683 2265 B.
699 2249 744 2277 pr.
767 2257 808 2264 —-
831 2244 876 2278 14)
903 2243 1014 2282 [mela]
1038 2243 1151 2272 Irnella
1164 2243 1197 2271 L.

251 2287 295 2315 pr.
318 2293 359 2299 —
383 2277 427 2317 15)
451 2278 576 2317 Irpices]
601 2279 712 2318 Ircipes
726 2281 756 2308 L.
774 2282 829 2311 Gu.
845 2286 870 2314 1.
888 2295 933 2322 pr.
955 2303 997 2307 —
1022 2285 1064 2325 16)
1087 2285 1196 2324 habet]

251 2319 300 2348 Sic
313 2319 344 2349 L.
361 2319 419 2351 Gu.
431 2323 457 2352 1.
467 2323 497 2352 2.
517 2332 560 2360 pr.
594 2321 703 2350 habent
717 2323 798 2360 vulg.
812 2339 854 2346 --
872 2329 917 2360 17)
934 2327 1040 2355 herbas
1054 2329 1086 2356 in
1101 2327 1198 2367 agris]

252 2362 285 2390 in
308 2363 394 2401 agri-9
414 2363 493 2393 herb.
513 2363 542 2392 L.
564 2380 606 2387 -—
629 2361 676 2404 18)
699 2365 863 2404 appellati]
888 2369 1080 2405 appellantur
1099 2371 1132 2400 L.
1156 2385 1198 2393 —

1239 2026 1408 2057 Iracundia
1423 2025 1519 2065 dicta]
1536 2026 1736 2056 Iracundiam
1752 2027 1867 2056 dictam
1881 2027 1972 2059 Gu.1.
1986 2043 2020 2048 —-
2033 2026 2078 2063 25)
2094 2021 2185 2061 iram]

1239 2070 1288 2099 sic
1304 2071 1335 2099 L.
1350 2070 1384 2100 B.
1399 2069 1438 2098 M.
1455 2069 1588 2101 Gu.1.2.
1602 2080 1648 2109 pr.
1664 2070 1692 2098 S.
1736 2072 1785 2099 ira
1799 2071 1880 2109 vulg.
1903 2086 1940 2091 —
1964 2071 2009 2106 26)
2031 2066 2126 2106 dicta]
2144 2069 2187 2093 est

1240 2113 1308 2144 add.
1323 2113 1357 2142 B.
1401 2112 1466 2141 Om.
1487 2112 1614 2150 glossam
1638 2113 1693 2141 Gu.
1710 2116 1736 2145 1.
1762 2129 1805 2136 —
1826 2116 1874 2149 27)
1897 2111 2007 2151 italos]
2026 2110 2139 2140 vitulos
2153 2107 2188 2137 Β.

1239 2167 1284 2196 pr.
1309 2173 1345 2178 —
1370 2154 1415 2195 28)
1438 2154 1555 2194 etenim]
1579 2156 1657 2183 enim
1671 2155 1703 2186 B.
1747 2155 1823 2186 Vide
1839 2159 1902 2185 not.
1918 2155 1955 2184 ad
1971 2154 2098 2194 glossam
2114 2150 2187 2180 Au-

1239 2209 1318 2229 rum.
1340 2215 1374 2219 -
1395 2197 1441 2237 29)
1458 2198 1496 2226 ab
1510 2198 1608 2237 italis]
1625 2198 1674 2227 Sic
1688 2199 1812 2230 L.B.M.
1827 2199 1922 2230 Gu.2.
1935 2208 1981 2237 pr.
2023 2196 2094 2225 itali
2106 2192 2185 2229 vulg·

1239 2258 1281 2264 -··
1303 2244 1352 2277 3⁰)
1372 2240 1475 2269 eadem
1488 2241 1624 2280 —app.]
1646 2251 1704 2272 om.
1718 2242 1750 2272 L.
1772 2258 1815 2264 —
1836 2243 1882 2278 31)
1903 2237 2057 2277 Attelido]
2074 2236 2121 2266 Sic
2134 2233 2184 2269 M„

1241 2285 1292 2324 qui
1309 2283 1393 2313 addit
1404 2284 1503 2322 Λίχα,
1528 2284 1583 2313 Gu.
1596 2287 1625 2316 2.
1640 2284 1668 2312 S.
1712 2283 1846 2313 Atellide
1861 2284 1893 2312 B.
1903 2307 1910 2319 ‚
1938 2282 1989 2321 qui
2003 2279 2085 2309 addit
2096 2285 2184 2315 agya-

1240 2327 1353 2356 Atellio
1376 2327 1456 2365 vulg.
1499 2326 1626 2356 Attellio
1648 2337 1694 2366 pr.
1739 2328 1777 2356 ab
1791 2324 1927 2355 Attelido
1944 2334 2001 2353 om.
2021 2322 2077 2350 Gu·
2096 2322 2121 2350 1·
2143 2332 2185 2339 '-

1240 2371 1286 2407 32)
1304 2369 1451 2408 putatur]
1474 2380 1532 2398 om.
1545 2369 1579 2398 Β.
1598 2369 1652 2399 Gu.
1664 2371 1692 2400 1.
1708 2379 1752 2408 pr.
1775 2385 1816 2390 —
1836 2371 1882 2402 33)
1903 2360 2075 2403 Indeptare]
2098 2359 2185 2389 Inde-
