2263 2668
534 123 598 157 DE
624 120 1010 157 SIGNIFICATIONE
1042 116 1326 153 VERBORUM.
1389 117 1534 152 LIBER
1561 119 1587 152 1.
1963 117 2038 152 327

243 218 303 249 Ab
326 217 439 248 oloes.
483 218 532 246 Oli
555 228 609 257 pro
633 217 702 253 olli,
735 221 765 245 et
788 215 840 244 olli
864 225 919 254 pro
940 213 1001 251 illi3
1036 212 1118 241 oloes
1141 215 1238 240 autem
1260 210 1348 239 illoes
1372 215 1429 247 est,
1462 216 1490 240 et
1511 221 1567 250 pro
1589 211 1648 240 illis
1671 210 1816 249 accipitur
1839 211 1953 238 Graeca
1976 217 2039 240 ter-

81 263 252 293 minatione.
284 262 358 291 Vide
380 260 541 289 Loebesum
566 265 593 289 et
619 258 707 289 Ollio.
732 258 868 287 Arnon.
887 257 979 295 Aug.
1017 256 1048 284 ln
1071 255 1133 291 lege
1157 254 1262 291 Regia:
1294 252 1368 282 SEI.
1391 252 1631 284 PARENTES.
1653 252 1778 282 PUER.
1805 251 2037 285 VERBERIT.

80 305 176 336 AST.
210 303 332 333 OLOE.
364 301 655 332 PLORASSINT.
687 299 810 330 PUER.
840 297 1023 329 DEIVEIS.
1053 296 1313 326 PARENTUM.
1345 295 1493 327 SAGER.
1523 295 1645 325 ESTO.
1689 296 1723 324 In
1745 295 1802 324 hac
1823 296 1888 333 lege
1910 294 1974 324 oloe
1996 301 2040 324 est

82 347 137 379 olli
158 348 206 377 vel
228 346 284 376 illi.
309 347 382 375 Nam
405 347 429 374 E
450 350 520 384 post
541 347 572 373 in
593 346 635 381 0,
660 349 693 373 ut
703 342 815 383 Apelle
829 348 858 371 et
871 340 995 381 Apollo.
1029 340 1140 369 Deinde
1162 349 1222 368 non
1246 338 1434 377 geminabant
1456 340 1580 368 litteras.
1608 340 1761 367 Postremo
1784 338 1959 366 nominativi
1975 349 2039 367 ma·—

82 391 190 420 sculini
203 390 352 428 plurales,
376 388 427 427 qui
448 393 552 427 postea
577 388 606 416 in
629 388 655 423 i,
680 392 765 415 antea
787 386 818 414 in
841 396 878 414 oe
899 384 1081 413 desinebant.
1117 383 1166 411 Sic
1181 382 1211 410 in
1226 382 1356 411 carmine
1370 382 1488 410 Saliari:
1512 380 1750 411 PILUMNOE
1770 379 1958 416 POPLOE,
1981 380 2040 410 hoc

82 439 143 471 est,
165 432 294 462 Pilumni
318 431 438 471 populi3
466 436 495 459 et
515 427 744 465 FASCINOE,
767 439 824 467 pro
847 427 976 457 Fascim'.
1003 424 1107 456 Scal.
1151 425 1253 453 Potest
1273 424 1323 453 hic
1346 425 1430 453 locus
1453 425 1540 453 etiam
1561 425 1602 454 ita
1626 424 1740 463 accipi,
1766 424 1851 462 quasi
1874 423 1986 452 diceret
2006 421 2039 455 τὸ

83 487 126 506 oe
146 486 200 514 pro
222 475 234 503 i
256 474 337 514 apud
360 479 473 502 veteres
501 477 692 511 usurpatum.
736 471 784 499 Sic
807 471 885 499 infra
907 469 1070 498 Loebesum
1092 478 1148 507 pro
1171 466 1314 505 liberum5
1345 466 1546 496 Loebermtem
1569 478 1626 506 pro
1649 466 1820 497 libertatem.
1866 465 1940 495 Vide
1962 466 2040 494 infra

82 517 254 547 Loebesum.
299 517 347 544 Sic
370 517 447 544 infra
469 514 622 544 Pilumnoe
645 519 672 543 et
690 512 811 553 poploe,
831 513 986 554 fuscinae,
1015 522 1069 550 pro
1092 509 1223 539 Pilumni
1243 508 1341 550 popli,
1363 508 1494 549 fascini5
1528 515 1557 538 et
1579 509 1648 538 alibi
1670 510 1749 537 infra
1771 509 1802 537 in
1826 508 1961 538 Plorare:
1994 516 2040 537 ast

85 559 150 590 oloe
167 559 336 600 plora-esini.
381 558 439 587 Sed
460 557 652 586 verisimilius
676 556 746 585 mihi
770 556 815 592 fit,
845 555 900 584 alio
922 554 980 583 fine
1001 554 1033 583 id
1057 565 1072 582 a
1095 554 1181 582 Festo
1205 553 1283 589 dici,
1308 562 1413 591 nempe
1435 558 1467 580 ut
1491 552 1640 588 ostendat,
1665 550 1742 581 cloes
1764 561 1820 589 pro
1843 550 1905 580 illis
1928 551 2040 579 dictum

84 613 100 631 a
123 602 274 632 veteribus
296 607 387 635 tunc,
413 611 480 629 cum
503 600 701 629 abhorrerent
723 609 739 626 a
760 598 943 637 geminandis
966 597 1087 634 litteris;
1112 596 1144 625 id
1167 597 1247 634 quod
1271 595 1423 634 sequentia
1445 595 1515 624 satis
1539 595 1709 624 ostendunt.
1750 594 1918 622 Probantur
1942 598 2040 622 autem

85 644 305 674 evidentissime
327 644 404 672 infra
426 645 455 672 in
483 642 572 672 Ollic.
619 641 724 671 Goth.

248 686 470 715 Aventinus.
513 686 557 714 Ab
572 685 740 720 Aventino,
764 684 830 714 XII.
844 693 912 722 rege
925 682 1117 712 Albanorum.
1139 680 1202 711 Liv.
1220 680 1274 710 lib.
1284 680 1306 710 Ι.
1324 677 1431 720 (c.3.):
1456 678 1501 713 Is.
1524 679 1698 716 Aventinus,
1720 676 1848 718 sepultus
1862 678 1892 706 in
1906 689 1937 706 eo
1955 675 2039 710 colle,

84 729 137 770 qui
159 739 235 757 nunc
258 736 297 756 est
317 740 389 767 pars
415 727 570 757 Romanae
592 727 686 764 urbis,
711 738 869 766 cognomen
893 725 965 755 colli
979 725 1071 767 fecit.
1117 724 1213 753 Pluris
1235 723 1364 752 nominis
1387 723 1516 751 rationes
1539 722 1624 751 ass'ert
1646 722 1739 750 varro
1764 720 1815 750 lib.
1829 720 1875 748 IV.
1899 720 1935 748 de
1957 720 1987 747 L.
2011 720 2040 748 L.

85 771 142 809 (V,
164 780 231 810 pag.
244 770 294 802 48.
317 771 381 809 Sp.)
405 770 583 799 Aventinum
607 769 722 810 aliquot
745 768 780 797 (le
803 770 899 798 causis
923 767 1033 798 dicunt.
1076 766 1205 796 Naevius
1228 765 1266 794 ab
1290 764 1408 802 avibus,
1441 764 1520 805 quod
1543 775 1574 793 eo
1596 777 1625 793 se
1648 763 1685 792 ab
1713 762 1810 792 Tiberi
1823 761 1940 803 ferrem
1963 772 2039 791 aves.

85 812 156 843 Alii
178 812 215 841 ab
239 824 302 852 rege
323 814 472 843 Aventino
493 812 636 849 Albano,
674 811 816 852 quodibi
836 812 873 840 sit
895 809 1031 850 sepultus.
1075 808 1146 839 Alii
1174 808 1212 837 ab
1243 807 1369 837 adventu
1391 807 1556 844 hominnm,
1591 805 1670 847 quorl
1694 816 1843 835 commune
1868 802 2042 832 Latinorum

85 855 129 885 ibi
148 855 264 884 Dianae
286 854 423 895 templum
446 857 484 884 sit
508 856 704 885 constitutum.
750 855 817 893 Ego
839 855 971 882 maxime
990 861 1061 892 puto
1084 852 1122 881 ab
1144 850 1284 888 advectu3
1307 862 1375 879 nam
1399 849 1468 879 olim
1489 849 1650 889 paludibus
1672 859 1755 876 mons
1778 855 1840 875 erat
1863 845 1900 874 ab
1925 845 2043 886 reliquis

86 897 248 934 disclusus,
283 899 381 937 itaque
403 909 434 926 eo
458 909 498 927 ear:
519 897 589 926 urbe
611 898 661 937 qui
683 896 899 925 advehebantur
921 896 1050 933 ratibus,
1089 893 1282 935 quadrantem
1306 892 1466 922 solvebant.
1512 893 1590 920 Haec
1615 892 1724 925 Varro,
1758 894 1786 918 et
1812 889 1951 917 Varronis
1974 898 2042 917 sen-

84 940 207 969 tentiam
229 940 305 969 infra
327 946 446 969 secutus
465 941 570 969 Festus
594 944 660 979 post
679 939 822 968 Nouerca.
864 940 973 967 Locum
996 938 1053 966 adi.
1092 937 1174 966 Idem
1198 937 1293 965 Varro
1316 941 1416 964 tamen
1439 936 1469 963 in
1493 940 1578 972 gente
1600 935 1670 972 Pop.
1695 935 1779 961 Rom.
1803 932 1892 967 dicit,
1916 930 2043 959 Sabinos

86 994 106 1011 a
124 981 256 1011 Romulo
278 991 424 1022 susceptos
445 984 532 1012 istum
555 983 700 1022 accepisse
721 989 863 1018 montem,
901 993 983 1021 quem
1007 980 1044 1009 ab
1064 981 1178 1009 Auente
1200 978 1304 1008 Fluvio
1331 979 1502 1018 provinciae
1525 989 1593 1006 suae
1614 974 1831 1016 appellaverunt
1853 974 2043 1002 Aventinum.

85 1025 161 1054 Vide
175 1025 312 1053 Servium
334 1026 364 1054 in
386 1026 463 1054 VIII.
485 1025 609 1055 Aeneid.
637 1025 790 1053 Caeterum
811 1024 976 1052 Aventinus
999 1034 1014 1051 a
1037 1024 1128 1052 Remo
1151 1022 1272 1051 Romuli
1293 1022 1384 1050 fratre
1398 1020 1571 1057 Remmius,
1596 1031 1612 1047 a
1634 1018 1760 1047 Marciae
1785 1016 1944 1045 eoem-diae
1968 1016 2043 1043 Deae

86 1068 212 1102 sacello,
239 1068 391 1105 Marcius,
427 1080 442 1097 a
466 1069 576 1097 Dianae
600 1068 709 1106 templo
733 1067 818 1096 collis
843 1067 951 1095 Dianae
974 1066 1081 1095 dictus.
1125 1064 1215 1094 Dae.

250 1109 440 1139 Adorare.
486 1111 561 1139 Vide
582 1109 644 1139 Nec
666 1110 915 1140 coniunctionem.
946 1109 1035 1139 Ant.
1058 1108 1155 1147 Aug.
1195 1108 1228 1136 In
1251 1108 1306 1144 leg.
1321 1106 1388 1135 XII.
1412 1105 1493 1135 tabb.
1528 1103 1563 1133 Si
1592 1102 1701 1133 adorat
1723 1102 1857 1142 furlum,
1891 1098 1970 1140 quocl
1994 1111 2045 1129 nec

86 1151 273 1193 manifestum
297 1154 387 1190 escit,
409 1152 574 1193 duplionem
599 1151 680 1183 luizo.
706 1152 793 1182 Dac.
828 1152 903 1181 Vide
924 1152 1053 1180 Nonium
1077 1153 1108 1179 in
1130 1149 1229 1179 Ador.
1258 1149 1364 1180 Goth.
1402 1148 1561 1189 Significat
1583 1157 1677 1186 agere.
1715 1145 1796 1181 Quin
1821 1150 1849 1172 et
1872 1143 2043 1180 transigere-

87 1194 162 1223 Vide
183 1194 215 1223 in
236 1194 310 1224 Nec.
334 1212 370 1216 —
401 1194 547 1225 Oratores.
594 1195 669 1224 Vide
690 1195 772 1223 aliud
795 1200 914 1233 etymon
936 1195 967 1223 in
994 1193 1140 1223 Oratores.
1188 1191 1292 1222 Goth.

250 1236 552 1268 Armilustrium.
600 1238 667 1273 Quo
698 1247 744 1266 res
775 1238 890 1266 divinas
914 1238 1020 1266 armati
1046 1237 1201 1265 faciebant.
1247 1236 1357 1263 Saltem
1380 1233 1484 1262 debuit
1508 1232 1607 1261 dicere
1630 1242 1688 1259 rem
1712 1228 1852 1258 divinam.
1895 1228 1927 1256 ln
1950 1226 2044 1255 veteri

88 1279 252 1307 Glossario:
288 1279 530 1317 Armilustrium,
561 1277 814 1319 ὄπλοκαθαρμὸς,
844 1278 1081 1319 ὁπλοκαθαρσία.
1126 1280 1188 1317 Ego
1211 1277 1348 1307 existimo
1372 1276 1544 1305 centuriatis
1567 1273 1694 1303 comitiis
1717 1272 1876 1301 exercitum
1900 1274 2045 1298 armatum

86 1321 207 1350 lustrari
230 1322 360 1351 solitum.
405 1322 493 1358 Quod
515 1328 589 1362 puto
613 1333 674 1351 esse
698 1333 735 1350 ex
758 1323 958 1352 vetustissimo
980 1323 1120 1351 instituto
1142 1321 1385 1354 Atheniensium,
1417 1318 1497 1358 apud
1521 1328 1595 1356 quos
1618 1319 1647 1347 οἱ
1669 1315 1870 1354 περιστίαρχοι
1892 1311 2044 1340 comitium

85 1363 268 1398 lustrabant5
304 1369 332 1393 et
354 1365 525 1403 ubicunque
547 1366 675 1404 populus
699 1366 885 1403 conveniret,
926 1366 958 1394 id
980 1366 1078 1394 facere
1102 1365 1246 1393 solebant.
1289 1363 1374 1391 Unde
1396 1363 1428 1391 id
1451 1359 1621 1399 καθάρσιον
1643 1358 1800 1388 vocabant.
1846 1355 1903 1383 Sed
1924 1355 2044 1392 Longo-

88 1405 197 1435 bardus
227 1407 281 1435 iste
310 1406 361 1435 hic
390 1408 476 1436 nobis
506 1409 548 1436 rei
578 1408 795 1437 vetustissimae
826 1408 1024 1446 cognitionem
1053 1407 1179 1437 barbara
1207 1406 1395 1435 mutilatione
1424 1415 1476 1433 sua
1505 1408 1598 1432 totam
1626 1401 1711 1430 nobis
1733 1398 1901 1437 intercepit.
1944 1397 2045 1434 Neque

87 1448 229 1478 credibile
252 1454 312 1486 est,
349 1451 427 1479 tubis
447 1450 478 1479 in
504 1462 538 1480 eo
562 1461 647 1480 sacro
671 1461 774 1480 canere
796 1451 917 1488 solitos,
954 1451 1005 1480 sed
1030 1451 1164 1479 classico.
1209 1450 1304 1478 Aliter
1325 1448 1403 1477 enim
1427 1448 1536 1476 classes
1558 1450 1609 1474 aut
1632 1444 1782 1474 exercitu-s
1803 1440 1962 1470 convocari
1986 1449 2046 1467 non

86 1496 242 1530 poterant,
267 1493 349 1530 quod
371 1504 476 1522 vocare
497 1492 630 1522 inlicitam
656 1494 820 1523 dicebatur.
845 1493 945 1523 Scal.
990 1493 1214 1522 Armilustrium
1236 1492 1326 1521 fiebat
1347 1491 1427 1519 XIV.
1451 1491 1511 1519 Cal.
1535 1489 1607 1519 Nov.
1630 1488 1662 1516 in
1685 1487 1770 1515 Circo
1794 1483 1931 1512 maximo.
1955 1482 2043 1511 Dae.

86 1533 312 1605 lArmilusss-iign
337 1536 449 1605 Cilossis
471 1533 727 1576 ὄπλοκαθᾶρσιον.
770 1535 957 1566 Armilustra
979 1547 1052 1565 vero
1077 1533 1323 1575 ὁπλοκαθαρμός.
1367 1535 1406 1563 Et
1427 1533 1485 1562 alio
1508 1533 1588 1561 loeo:
1624 1528 1724 1561 ὅπλων
1745 1525 1912 1565 κάθαρσις,
1944 1524 2044 1553 Armi-

100 1581 223 1607 ustrum.
307 1585 340 1606 oi
371 1600 376 1605 .

251 1618 366 1648 Adeo.
414 1620 573 1658 Utramque
595 1620 838 1657 significationem
863 1620 1045 1649 Glossarium
1068 1620 1274 1659 amplectitur,
1304 1619 1356 1648 ubi
1378 1616 1469 1655 adeo,
1498 1616 1545 1647 ἐπὶ
1568 1617 1729 1650 τοσοῦτον,
1762 1612 1809 1642 ἐπὶ
1832 1608 1965 1646 τούτοις,
1995 1608 2045 1639 καὶ

87 1658 295 1699 προςέρχομαι.
327 1661 379 1690 Da
390 1673 415 1691 c.
460 1662 529 1691 Non
556 1662 672 1702 quidem
700 1662 857 1692 secundum
888 1664 1039 1692 rationem.
1084 1664 1143 1691 Cur
1169 1662 1228 1691 hoc
1248 1662 1353 1690 Festus
1376 1662 1439 1689 sive
1461 1659 1582 1688 Paullus
1604 1656 1767 1686 secundum
1789 1654 1934 1684 rationem
1959 1655 2046 1689 neget

88 1701 166 1738 fieri,
206 1713 263 1731 non
294 1704 431 1741 equidem
456 1705 553 1734 video.
599 1705 629 1732 Si
649 1707 727 1734 enim
750 1706 932 1744 praepositio
954 1704 995 1734 acl
1017 1706 1194 1734 accusativis
1218 1703 1478 1739 accommodatur,
1517 1700 1761 1730 accommodatur
1786 1697 1872 1726 etiam
1896 1693 2045 1724 adverbiis

89 1749 203 1779 motus,
234 1750 266 1773 ut
287 1756 335 1782 eo,
362 1757 435 1786 quo,
464 1746 540 1786 huc5
568 1747 679 1776 dicitur
701 1748 778 1776 euim
802 1747 917 1783 adhuc,
943 1759 999 1787 pro
1022 1748 1129 1778 adhoc.
1164 1749 1281 1776 Terent.
1298 1745 1424 1784 Adelph.
1443 1745 1498 1782 IV,
1521 1744 1556 1781 4,
1581 1741 1674 1782 (12.):

624 1807 667 1812 —
689 1809 722 1813 -
751 1807 792 1813 -
816 1790 869 1819 Sat
892 1789 990 1820 adhuc
1012 1799 1061 1820 tua
1085 1802 1138 1820 nos
1150 1790 1306 1831 frustrata
1327 1796 1366 1817 esi
1385 1787 1470 1826 fides.

88 1830 126 1859 Et
147 1827 188 1858 ad
210 1840 276 1869 quo.
321 1830 474 1860 Afranius:
503 1838 535 1860 ut
554 1833 628 1861 scire
647 1834 759 1872 possis,
782 1832 822 1861 ml
844 1844 902 1873 quo
926 1841 951 1861 te
973 1833 1113 1873 expediat
1135 1832 1226 1873 loqui.
1273 1832 1327 1860 Ubi
1350 1830 1391 1859 acl
1413 1841 1470 1870 quo
1494 1828 1567 1857 nihil
1590 1826 1672 1855 aliud
1695 1830 1752 1862 est,
1778 1833 1868 1863 quam
1889 1820 1931 1850 acl
1952 1816 2042 1860 quod,

90 1876 124 1901 ut
144 1882 199 1900 nec
222 1871 296 1901 adeo
321 1872 394 1902 nihil
417 1874 500 1902 aliud
522 1885 610 1913 quam
632 1874 673 1903 acl
696 1874 737 1904 id.
780 1876 882 1914 Neque
907 1876 981 1904 enim
1006 1887 1052 1912 eo,
1087 1887 1160 1915 quo,
1195 1873 1266 1912 illo,
1305 1879 1373 1902 sunt
1403 1870 1569 1900 accusativi
1590 1869 1739 1908 plurales,
1773 1872 1806 1895 ut
1826 1865 1903 1893 male
1926 1861 2043 1901 putavit

89 1914 279 1943 doctissimus
297 1916 434 1944 Sanctius
455 1917 486 1945 in
509 1928 561 1945 sua
584 1918 734 1953 Minerva,
775 1918 859 1956 quasi
882 1919 920 1946 sit
941 1918 971 1946 in
995 1919 1167 1946 accusativo
1188 1928 1235 1946 eos
1260 1928 1308 1945 eas
1332 1927 1367 1944 ea
1390 1916 1435 1943 vel
1458 1926 1509 1952 σο,-
1549 1911 1618 1942 illos
1637 1910 1708 1940 illas
1730 1908 1798 1945 illa,
1833 1907 1881 1936 vel
1903 1904 1971 1941 illo,
2009 1909 2042 1932 ut

89 1955 149 1986 (luo
171 1962 200 1986 et
222 1956 319 1987 ambo.
345 1958 397 1987 Da
407 1970 431 1988 c.
475 1958 563 1997 Quod
585 1972 673 2000 usque
694 1971 734 1988 e0.
769 1961 808 1989 Ea
831 1961 1047 1997 significatione
1069 1958 1101 1990 τὸ
1125 1959 1198 1988 adeo
1221 1961 1349 1988 sumitur
1371 1958 1402 1986 in
1422 1959 1482 1989 l.8.
1497 1956 1529 1986 ss'.
1551 1955 1586 1983 de
1609 1952 1822 1983 iurisdictione.
1847 1950 1905 1979 l.7.
1929 1947 2040 1986 §6-11·

89 1999 125 2028 de
148 2000 256 2038 pactis3
281 2000 333 2028 sed
356 2005 384 2029 et
407 2001 507 2030 eadem
529 2003 642 2031 ratione
665 2003 748 2041 apud
768 2004 896 2032 Nonium
920 2003 1027 2041 legitur
1045 2002 1102 2032 Ad
1123 2013 1200 2042 quo,
1227 2013 1282 2041 pro
1307 2002 1335 2030 in
1360 2006 1513 2038 quantum.
1551 1999 1590 2026 Et
1608 1996 1721 2025 Glossis
1737 1992 1843 2028 Adeo,
1867 1991 1913 2022 ἐπὶ
1938 1992 2040 2020 τοσοῦ-

88 2054 157 2079 τον,
187 2042 234 2073 ἐπὶ
256 2040 383 2078 τούτοις.
416 2042 523 2072 Goth.
560 2044 628 2074 Non
650 2044 767 2085 quidem
788 2045 946 2075 secundum
968 2047 1118 2074 rationem.
1162 2045 1228 2073 Hoc
1250 2045 1314 2072 vult·
1337 2044 1458 2080 Festus,
1489 2041 1624 2080 neglecta
1645 2038 1760 2068 ratione
1783 2034 1963 2075 particulam
1985 2030 2041 2061 Ad

88 2085 119 2113 in
142 2085 237 2114 verbo
258 2084 332 2114 adeo
355 2087 434 2124 iungi
458 2087 542 2115 alteri
565 2088 644 2116 casui
669 2098 755 2125 quam
779 2089 959 2118 accusativo.
1006 2086 1117 2118 Idem.

251 2127 389 2167 Argeo.
430 2129 505 2167 Lege
527 2129 638 2169 Argei,
669 2140 706 2158 ex
732 2130 875 2166 varrone,
905 2131 1031 2166 Ovidio,
1063 2129 1224 2158 Plutarcho
1248 2134 1277 2158 et
1299 2129 1375 2158 aliis.
1418 2126 1618 2156 Glossarium:
1643 2123 1811 2163 Argiarra,
1836 2115 2038 2164 ἅφιδρύματκζι

90 2169 179 2206 rege:
207 2169 317 2208 Argei,
346 2182 409 2200 m.
448 2171 482 2200 ιη
505 2172 568 2209 lege
586 2172 744 2200 flaminia:
781 2171 884 2202 CUM.
909 2172 1002 2203 EAT.
1026 2172 1096 2202 AD.
1120 2171 1304 2201 ARGEOS.
1327 2169 1480 2209 NEQUE.
1505 2166 1655 2199 CAPUT.
1679 2161 1861 2196 cozmTO.
1883 2159 2036 2198 NEQUE

90 2209 332 2241 CAPILLUM.
354 2213 604 2244 DEPEGTITO.
638 2213 734 2243 Scal.
780 2216 872 2244 Varro
895 2215 1006 2244 lib.IV.
1030 2215 1067 2244 de
1090 2216 1120 2243 L.
1144 2215 1173 2243 L.
1198 2214 1253 2251 (V,
1276 2216 1312 2250 8,
1336 2216 1426 2252 p;5l.
1450 2211 1511 2251 Sp.)
1539 2210 1705 2249 Argeorum
1727 2206 1862 2236 sacraria
1880 2205 1910 2232 in
1933 2209 2036 2241 septem

88 2261 115 2282 et
136 2254 240 2293 viginti
263 2263 362 2293 parfes
391 2256 474 2286 urbis
498 2264 565 2286 sunl
593 2255 744 2296 disposila.
788 2257 904 2298 Argeos
930 2256 1028 2287 dictos
1045 2265 1153 2298 putant
1175 2268 1193 2285 a
1212 2256 1411 2296 principibus,
1445 2255 1496 2295 qui
1517 2252 1590 2282 duce
1608 2249 1738 2280 Hercule
1753 2248 1870 2287 Argivo
1891 2250 2034 2277 venerunt,

89 2303 115 2325 ει
137 2297 167 2325 in
189 2296 331 2326 Saturnia
352 2297 548 2329 subsederunt.
586 2298 615 2328 Ε
634 2300 700 2340 quis
716 2300 816 2339 prima
837 2308 878 2329 est
900 2301 1012 2340 scr-ipim
1034 2301 1115 2340 regio·
1132 2299 1302 2336 Suburana,
1327 2297 1455 2328 secunda
1474 2294 1643 2336 Esquilina,
1668 2293 1753 2322 tertia
1772 2288 1907 2324 Collina,
1930 2291 2033 2326 quarta

89 2337 238 2369 Palatina.
283 2341 358 2369 Nam
381 2341 542 2372 distributa
563 2342 692 2381 primum
716 2342 772 2371 fuit
794 2343 865 2372 urbs
887 2343 917 2371 in
941 2348 1069 2382 quatuor
1091 2343 1156 2371 illas
1178 2342 1304 2371 urbanas
1328 2342 1443 2378 tn‘bus,
1477 2349 1530 2378 per
1554 2347 1626 2376 quas
1648 2334 1745 2365 diffusi
1769 2336 1852 2362 erant
1876 2328 2033 2376 Argespff

89 2381 195 2420 Vigiffl'ffi
215 2386 330 2420 septem
352 2384 488 2416 sacraria.
521 2385 606 2415 Unde
627 2385 658 2414 in
679 2385 772 2415 sacris
794 2387 959 2425 Argeorum
981 2385 1127 2426 scriptum
1150 2390 1207 2415 est:
1229 2386 1343 2424 primae
1364 2382 1488 2423 regionis
1509 2388 1649 2422 quartum
1669 2376 1840 2407 sacrarium.
1862 2373 1924 2399 L1v.
1949 2367 1996 2395 hb-
2012 2365 2029 2392 ¹·
