2263 2668
248 153 281 174 ,v
876 130 1557 165 PRAEFA'rio

250 231 491 284 editisque,
523 236 654 282 atque
686 225 733 266 in
766 222 1008 279 colligenda
1032 222 1233 263 lectionis
1263 222 1473 263 varietate
1501 223 1744 278 eademque
1766 224 1829 263 ita
1852 223 2185 276 conscribenda,

249 307 297 340 ut
326 296 439 339 nihil
468 295 554 336 nisi
585 289 850 335 emendandi
879 298 1061 332 restaret
1092 289 1319 346 diligentia
1344 289 1663 347 copiarumque
1686 290 2095 348 pei-lustrandarum
2120 292 2186 333 la-

250 367 340 406 bor.
411 361 605 414 Quicum
640 360 700 401 ita
740 357 921 417 partitus
959 371 1060 398 sum
1096 365 1239 398 totum
1271 370 1401 413 opuS‚
1458 365 1506 397 ut
1536 357 1629 415 ipse
1660 358 1773 398 nihil
1804 357 1985 412 quidem
2014 372 2084 399 me
2116 359 2186 400 in-

250 431 447 473 consulto
483 436 688 478 mutaret,
740 424 930 482 exceptis
962 424 1190 466 manifeste
1221 423 1456 480 corruptis,
1508 425 1733 466 variarum
1765 433 1913 466 autem
1942 425 2186 466 lectionum

248 498 512 553 farraginem
542 494 588 535 in
619 494 812 549 margine
841 492 1039 533 inferiori
1069 491 1368 532 notandarum
1400 501 1683 548 componeret
1720 491 2050 547 ordinaretque3
2109 505 2185 548 ego

249 579 349 606 vero
383 571 423 604 et
453 575 729 603 recenserem
770 559 992 617 scriptoris
1025 560 1287 610 orationem,
1349 568 1389 600 et
1430 558 1736 611 emendarem,
1795 572 1910 614 quae
1951 559 2063 600 mihi
2093 558 2187 600 visa

250 637 390 671 essent
415 629 708 678 emendanda,
740 635 785 668 et,
807 626 922 668 illius
950 626 1266 674 correctiones,
1304 626 1341 667 si
1367 639 1482 682 quae
1512 635 1675 679 essent,
1708 639 1817 682 quas
1843 625 2039 677 fecisset,
2070 624 2187 666 iudi-

249 697 313 737 cio
346 711 445 737 meo
476 696 794 745 submitterem;
828 708 914 749 quo
946 696 1062 735 facto
1093 702 1277 749 uterque
1312 693 1645 735 conveniremus
1677 693 1724 734 in
1754 707 1895 734 unum
1929 702 1970 733 et
2001 692 2187 733 coniun-

250 772 317 803 cta
348 777 481 820 opera
514 763 765 816 sociamque
795 761 940 801 studio
972 761 1135 818 scripta
1174 761 1319 801 denuo
1360 762 1740 818 perlustraremus.
1810 760 1956 815 Atque
1995 760 2055 800 ita
2087 759 2187 814 qui-

251 830 349 871 dem
390 831 436 870 111
467 831 590 870 Feslo
620 828 888 869 recensendo
929 828 1118 883 egimus,
1175 828 1253 882 qui
1291 828 1383 868 iam
1420 829 1501 869 sub
1541 828 1664 884 prelo
1698 836 1779 879 est3
1842 828 1889 867 in
1919 828 2005 868 hoc
2037 834 2187 867 autem

250 897 390 953 primo
422 897 663 946 volumine,
716 895 836 950 quod
867 910 986 936 nunc
1018 895 1065 935 in
1095 895 1325 952 publicum
1364 895 1593 945 emittitur,
1643 894 1760 934 solus
1794 907 1872 949 ego
1904 893 2053 934 omnia
2084 906 2188 933 con-

250 964 332 1004 feci
364 962 711 1019 conscripsique,
743 961 781 1002 si
813 962 1010 1019 excipias
1045 962 1348 1003 collectionem
1379 962 1436 1002 ad
1466 963 1673 1012 Phocam,
1707 961 1759 1001 de
1791 974 1880 1014 qua
1909 961 2058 1017 paullo
2089 967 2188 1016 post

249 1044 346 1071 sum
377 1031 584 1071 dicturus.

410 1097 581 1138 Deinde
623 1105 771 1137 autem
811 1095 889 1137 diu
930 1097 1091 1154 agitata
1133 1096 1187 1137 de
1219 1097 1443 1138 mutandis
1476 1095 1664 1137 librariis
1696 1095 2048 1152 redemptoribus
2080 1107 2188 1135 con-

248 1164 344 1204 silia
374 1164 539 1205 laetum
573 1165 754 1205 tandem
786 1177 837 1205 ac
870 1178 1133 1221 prosperum
1163 1164 1426 1205 invenerunt
1459 1164 1644 1214 exitum,
1676 1171 1912 1220 postquam
1945 1161 2186 1203 Teubnerus

250 1240 290 1271 et
322 1229 548 1283 Claudius,
590 1232 858 1289 bibliopolae
891 1231 1150 1281 consociati,
1190 1231 1274 1272 viri
1305 1231 1476 1287 optimi,
1511 1231 1629 1271 hanc
1662 1229 2064 1272 Grammaticorum
2095 1227 2189 1269 edi-

251 1298 411 1339 tionem
442 1299 528 1339 suis
559 1300 712 1340 formis
745 1298 1080 1356 exprimendam
1107 1298 1287 1354 suisque
1313 1298 1561 1355 sumptibus
1593 1298 1887 1355 evulgandam
1915 1304 2187 1354 receperunt.

250 1365 313 1406 Ita
344 1365 439 1406 fieri
470 1366 649 1423 poterit,
688 1375 731 1407 ut
765 1366 998 1422 quotannis
1030 1365 1112 1406 duo
1144 1366 1201 1406 ad
1231 1365 1467 1407 minimum
1497 1364 1726 1405 volumina
1755 1365 1888 1406 huius
1919 1364 2022 1405 libri
2053 1363 2188 1404 edan-

251 1440 338 1483 tur,
373 1434 487 1487 1111011
505 1434 651 1490 ipsum
675 1443 714 1474 et
731 1448 810 1474 nos
834 1443 875 1474 et
903 1433 1072 1473 librarii
1096 1432 1392 1474 honestissimi
1418 1433 1696 1473 vehementer
1721 1440 1936 1489 optamus·
1999 1428 2189 1472 Omnem

251 1508 397 1540 autem
426 1501 725 1542 collectionem
749 1500 1005 1555 quindecim
1031 1499 1327 1540 voluminibus
1350 1499 1534 1549 talibus,
1568 1500 1698 1554 quale
1728 1507 1790 1540 est
1813 1499 1950 1539 hocce
1978 1499 2186 1556 primum,

251 1566 416 1606 absolvi
446 1582 574 1624 posse
604 1582 694 1608 11011
725 1568 816 1608 sine
850 1580 1008 1609 caussa
1039 1580 1278 1623 speramus.

411 1632 505 1672 Iam
545 1635 651 1686 1111111
690 1634 862 1673 consilii
903 1648 977 1690 ego
1013 1634 1060 1674 in
1092 1633 1352 1675 adornanda
1385 1634 1732 1689 instruendaque
1764 1635 1849 1675 hac
1881 1647 1995 1675 nova
2030 1631 2188 1674 Gram-

253 1696 516 1737 maticorum
546 1698 805 1738 Latinorum
836 1707 1033 1741 veterum
1067 1700 1254 1742 editione
1286 1710 1460 1742 secutus
1493 1702 1596 1752 sim,
1646 1716 1779 1756 quem
1809 1701 2012 1752 modum,
2053 1712 2188 1754 quam

254 1763 369 1803 viam
403 1763 513 1803 mihi
544 1765 929 1820 praescripserim,
970 1768 1123 1823 paucis
1156 1768 1235 1809 erit
1266 1768 1571 1825 aperiendum.
1632 1768 1685 1809 Et
1717 1769 1838 1823 quod
1869 1769 1925 1809 ad
1957 1767 2187 1824 scriptores

255 1830 369 1885 ipsos
397 1830 567 1882 attinet,
601 1846 710 1885 quos
743 1832 1015 1873 recensitura
1048 1842 1110 1874 est
1138 1836 1248 1876 haec
1281 1835 1437 1886 editi03
1469 1835 1592 1876 haud
1624 1835 1749 1876 aliter
1780 1834 2094 1892 exspectationi
2122 1833 2189 1873 vi-

256 1910 405 1936 rorum
438 1897 667 1938 doctorum
698 1897 899 1938 satisfieri
934 1913 1061 1955 posse
1094 1902 1244 1952 credo,
1295 1902 1379 1942 nisi
1412 1901 1450 1941 si
1482 1916 1632 1943 omnes
1666 1917 1760 1953 eos,
1811 1916 1922 1957 quos
1952 1898 2187 1942 Putschius

257 1971 296 2002 et
329 1961 625 2005 Gothosredus
659 1965 761 2005 olim
795 1964 1044 2016 ediderunt,
1084 1967 1130 2006 in
1159 1982 1298 2010 unum
1330 1970 1537 2010 collectos
1570 1969 1827 2019 exhibeam,
1867 1969 2026 2024 quibus
2061 1980 2188 2008 acce-

256 2029 358 2070 dent
391 2044 560 2082 omnes,
606 2031 680 2086 11111
711 2039 805 2088 post
840 2031 1015 2072 illorum
1048 2032 1228 2074 demum
1259 2044 1458 2093 tempora
1489 2037 1535 2077 in
1563 2037 1706 2077 lucem
1740 2035 2015 2092 prodierunt,
2055 2034 2187 2076 veluti

256 2093 432 2136 Mallius
471 2096 752 2148 Theodorus,
816 2096 1101 2150 Consentius,
1163 2100 1428 2154 Arusianus,
1488 2103 1722 2160 Pompeius
1771 2111 1810 2143 et
1847 2102 1924 2158 qui
1963 2111 2064 2143 sunt
2099 2101 2186 2142 alii.

258 2159 630 2205 Commentatores
670 2173 815 2205 autem
853 2165 1097 2221 priscorum
1128 2165 1274 2207 Latini
1313 2171 1526 2211 sermonis
1563 2170 1825 2227 scriptorum
1857 2179 1898 2211 et
1927 2168 2185 2211 scholiastas

257 2229 492 2270 excludam
528 2244 700 2283 omnes,
753 2231 915 2289 quippe
948 2246 975 2272 a
1004 2246 1104 2273 meo
1142 2234 1322 2274 consilio
1354 2237 1539 2288 alienos,
1593 2252 1780 2292 quorum
1819 2247 1961 2278 {amen
1992 2235 2185 2277 edendo—

260 2308 358 2336 rum
390 2309 591 2353 operam,
643 2298 806 2355 quippe
837 2299 1120 2339 vehementer
1150 2302 1387 2356 optabilem
1420 2312 1461 2343 et
1491 2311 1703 2358 optatam,
1753 2314 1802 2345 ut
1833 2305 1974 2362 primo
2006 2315 2182 2357 quoque

261 2368 448 2417 tempore
479 2363 636 2417 aliquis
668 2364 870 2421 recipiat,
914 2379 1177 2422 magnopere
1209 2368 1397 2424 cupiam.
