2263 2668
212 168 288 204 418
643 165 986 202 COMMENTARII
1010 165 1059 199 IN
1083 165 1227 200 PAULI
1251 167 1448 203 DIACONI
1472 168 1726 203 EXGERPTA

213 261 377 301 conspicio,
407 259 484 295 onis;
515 258 557 287 sic
579 259 614 287 ab
638 271 758 289 exerceo
783 259 905 287 ductum
929 257 1143 287 substantivum
1166 260 1301 297 erret-cio,
1332 262 1404 290 onis.
1434 260 1526 291 Dae.
1570 261 1700 296 Quidam
1721 260 1761 289 ita
1782 261 1899 300 legunt:
1936 263 2154 296 Exercitionem

212 305 335 334 exerciti
358 300 490 331 diceban!
514 302 643 341 antiqui,
679 302 916 330 exercitationem
945 301 1110 329 exercitui«.
1153 302 1225 330 Nam
1256 303 1386 341 antiqui,
1422 308 1496 332 teste
1520 304 1615 332 Nonio
1646 305 1732 342 (pag.
1744 303 1815 335 485.
1838 305 1946 344 Μαι-0,)
1969 310 2085 337 exerciti
2105 310 2155 338 vel

211 346 370 376 exercituis.
416 343 493 377 Quin
517 344 646 375 Turneb.
665 344 721 380 ΙΙΙ,
746 354 769 372 c.
782 346 810 375 5.
834 342 987 381 dispungit
1009 343 1131 372 verbum
1153 346 1283 381 exerciti,
1308 346 1374 383 sed,
1400 351 1434 375 ut
1455 346 1561 384 video,
1591 346 1650 375 alia
1673 356 1754 374 mens
1777 350 1821 375 est
1843 347 1948 386 Festo,
1974 350 2009 378 ab
2030 353 2155 381 exercito

212 388 421 417 exercitionem
438 406 445 419 ,
478 385 513 412 ab
537 387 691 414 erercitato
715 386 956 414 exercitationem
980 385 1150 417 declinanti.
1197 386 1302 416 Goth.

373 425 512 464 Exsuti.
556 428 628 456 Nam
652 440 665 456 s
688 439 776 467 saepe
800 432 931 456 mutatur
954 427 983 456 in
1006 435 1027 456 t.
1062 429 1203 468 Exempla
1226 432 1340 468 passim.
1362 430 1452 460 Dae.
1484 429 1620 468 Mermt‚-
1642 430 1712 459 vide
1735 430 1813 459 infra
1836 431 1959 461 Ilffertat.
2008 432 2112 463 Goth.

372 467 517 509 Effari.
562 471 687 509 Eloqui,
717 471 828 511 effata,
860 471 987 500 elocuta.
1018 470 1119 510 virgil.
1157 473 1204 500 Sic
1227 473 1329 513 effata.
1375 473 1542 511 Aliquando
1569 473 1662 516 effata
1686 484 1700 501 a
1723 478 1806 502 recto
1834 474 1957 514 effatum
1979 474 2155 506 dicebantur

211 522 354 549 augurum
379 520 482 548 preces
507 517 536 540 et
559 513 647 554 effari
668 512 791 552 templa,
819 513 923 542 sistere
946 513 1075 552 templa,
1098 508 1248 553 conceptis
1271 515 1368 544 verbis
1391 526 1576 547 consecrare.
1616 516 1720 545 Graeci
1743 516 1847 545 dieunt
1868 518 2036 556 τεμενίζειν.
2066 518 2152 550 Duc.

209 555 313 597 Efflzri
336 551 474 592 φάσθαι,
503 554 544 590 ὥς
567 555 656 594 φάτο.
684 554 786 584 Gotlz.
831 556 875 585 Cf.
902 556 1026 585 Varron.
1052 557 1092 585 l)e
1117 557 1148 587 L.
1173 557 1202 586 L.
1225 558 1276 593 Vt,
1301 560 1450 595 pag.229.
1476 559 1526 597 Sp.

373 596 547 636 Equiria.
592 598 634 626 Ab
661 607 804 636 equorum
828 609 918 627 cursu
941 599 1021 627 dicta
1043 600 1170 639 equiria,
1194 600 1239 628 die
1262 600 1384 630 XXVII.
1401 600 1555 629 Februarii
1577 601 1721 630 celebrari
1744 602 1842 630 solita.
1867 601 1994 631 Ovidius
2016 602 2053 633 II.
2077 603 2154 634 Fast.

209 637 320 678 (859.).
352 639 444 667 Erant
465 644 495 668 et
518 641 574 669 alia
598 641 734 679 Equiria,
758 651 833 678 quae
855 641 902 669 die
924 641 1001 669 XIV.
1024 642 1122 670 Martii
1142 643 1363 681 peragebantur
1384 643 1414 671 in
1437 653 1540 682 campo
1563 644 1686 681 Martio,
1710 644 1775 681 vel,
1797 645 1822 673 si
1844 644 1870 672 is
1893 654 1969 683 aqua
1992 650 2154 682 teneretur,

209 682 240 711 in
263 687 363 711 monte
387 681 495 711 Coelio.
543 683 615 711 Vide
641 682 794 712 Zlflartialis
817 694 946 723 campus.
989 684 1075 714 Dae.

372 725 564 762 Equirine.
609 726 666 754 Per
689 725 864 762 Quirinum,
903 731 936 754 ut
957 727 1084 756 Ecastor
1105 737 1158 766 per
1180 727 1347 765 Castorem,
1378 729 1488 757 Eccere
1509 738 1564 767 per
1587 729 1733 759 Cererem.
1778 729 1853 758 Vide
1876 728 2036 760 Mecastor.
2067 729 2152 760 Dao-

211 767 257 798 Cf.
278 766 373 805 Sosip.
398 765 545 795 Charisius
570 769 716 806 pag.224.
739 769 791 797 Ed.
815 768 901 797 Fabr.

371 809 499 848 Equus
520 809 651 839 Marti.
697 811 829 840 October
851 821 953 850 equus.
978 809 1080 840 Scal.
1125 811 1199 840 Vide
1222 811 1287 841 sub.
1311 822 1341 842 v.
1369 811 1496 841 October
1517 824 1606 853 equus
1627 813 1713 842 infra.

371 852 480 890 Equo
504 852 593 882 vehi.
638 853 711 882 Vide
736 853 843 882 Edem.
889 853 977 882 Dac.

370 893 685 934 Exinsibulabat.
731 897 822 932 Quasi
846 901 928 925 extra
949 895 1056 924 insulas
1077 896 1234 926 educebat.
1272 896 1347 926 Vide
1370 896 1484 939 Insula.
1509 897 1563 926 Da
1573 909 1598 927 c.
1639 897 1725 927 Haud
1748 897 1837 927 dubie
1859 896 2030 936 legendum:
2055 898 2154 927 Exin·

204 933 341 977 fulcibat,
372 937 618 973 quemadmodum
642 938 719 967 Scal.
744 939 833 968 Goth.
857 939 927 968 Dac.
952 937 1099 967 exhibent.

371 979 570 1009 Existimo.
614 981 658 1008 Ab
682 991 715 1009 ex
737 987 766 1010 et
788 982 915 1010 aestimo.
961 981 1090 1010 Aestima
1115 985 1210 1009 autem
1233 992 1249 1009 a
1273 981 1387 1010 Graeco
1411 982 1533 1021 ἕκτιμῶ,
1562 981 1689 1020 pretium
1712 987 1829 1019 statuo,
1856 981 1993 1019 aestimo,
2017 981 2073 1010 nisi
2094 992 2154 1011 ma-

207 1020 244 1049 lis
266 1030 329 1049 esse
352 1032 367 1050 a
388 1022 502 1050 Graeco
524 1025 598 1061 τιμῶ
621 1028 649 1051 et
673 1024 774 1052 Latino
798 1035 853 1053 aes.
878 1024 963 1053 Dac.
998 1024 1255 1059 Quemadmodum
1272 1035 1287 1052 a
1302 1025 1460 1053 Sanscritis
1483 1025 1610 1053 vocibus
1632 1032 1715 1061 uota,
1740 1026 1818 1062 ucti,
1840 1026 1952 1061 auctri,
1976 1025 2078 1053 Latina
2101 1025 2154 1053 de-

207 1063 355 1092 scendunt
378 1064 525 1093 vocabula
545 1073 649 1095 auctor
672 1071 700 1094 et
721 1074 903 1103 auctumare,
932 1071 1100 1103 autumare,
1130 1067 1172 1095 sic
1195 1077 1211 1095 a
1233 1068 1383 1097 Sanscrita
1407 1067 1507 1096 radice
1529 1067 1610 1104 isch,
1640 1068 1826 1104 desiderare,
1852 1072 1881 1095 et.
1902 1067 1938 1096 ab
1960 1067 2032 1096 istas
2055 1077 2153 1104 carus,

207 1105 349 1143 dilectus,
373 1105 534 1136 deducitur
557 1115 734 1146 aestumare,
762 1108 790 1137 h.
815 1119 840 1138 e.
865 1119 967 1137 carum
991 1108 1114 1146 habere,
1140 1120 1195 1148 pro
1219 1119 1289 1138 caro
1313 1116 1341 1139 et
1363 1110 1473 1140 dilecto
1496 1115 1614 1149 putare.
1658 1111 1733 1139 Nam
1755 1110 1868 1149 syllaba
1890 1117 1952 1139 aest
1973 1120 2030 1149 pro
2052 1111 2089 1139 ist
2110 1110 2154 1138 le-

206 1149 308 1186 gitime
330 1149 455 1188 ponitur
476 1160 530 1188 per
554 1150 721 1187 vriddhim,
750 1157 782 1180 ut
806 1162 860 1190 pro
883 1164 901 1180 u
923 1151 1048 1190 ponitur
1070 1163 1107 1180 au
1130 1152 1161 1180 in
1182 1162 1210 1181 v.
1233 1160 1346 1183 auctor.

370 1193 574 1231 Exrogare.
621 1193 696 1222 Vide
719 1194 874 1233 Derogare.
919 1194 1005 1223 Dac.

369 1235 561 1264 Eximium.
608 1236 695 1271 Quod
720 1237 867 1265 eximitur.
906 1237 1008 1264 Donat.
1031 1236 1068 1265 ad
1091 1236 1198 1275 Hecyr.
1213 1237 1241 1273 Ι,
1267 1241 1312 1267 t.:
1343 1238 1464 1266 Eximio
1484 1248 1593 1276 pecora
1616 1235 1770 1274 dicuntur,
1794 1247 1869 1277 quae
1891 1247 1909 1265 a
1926 1247 2012 1276 grege
2033 1243 2152 1275 excepta

205 1282 271 1303 sunt
293 1274 335 1304 act
357 1288 424 1306 usus
448 1276 632 1306 dominorum
655 1290 788 1316 suorum,
816 1287 847 1308 ut
869 1278 983 1307 uberius
1003 1286 1173 1318 pascantur.
1218 1278 1278 1308 Sed
1298 1281 1415 1320 proprie
1437 1281 1536 1309 eximii
1557 1287 1623 1308 sunt
1643 1280 1729 1318 porci
1749 1280 1890 1315 maiores,
1919 1280 1970 1319 qui
1989 1277 2031 1307 acl
2051 1279 2152 1307 sacr-i-

198 1316 354 1358 ficamium
378 1320 488 1359 excepti
509 1319 627 1349 liberius
647 1329 817 1360 pascuntur.
861 1322 976 1349 Etenim
1001 1321 1101 1357 boz-es,
1124 1323 1175 1361 qui
1196 1320 1238 1349 ad
1259 1321 1315 1351 lzoc
1338 1321 1406 1351 lecti
1427 1330 1508 1358 sunt,
1532 1322 1638 1361 egregii
1661 1321 1798 1350 dicuntur
1820 1329 1846 1350 et
1868 1332 1933 1350 oves
1955 1320 2056 1350 lectae.
2085 1321 2152 1349 Vir-

205 1359 254 1396 gil.
276 1361 363 1399 (Aen.
384 1362 438 1397 lV,
462 1364 546 1399 57.):
575 1362 714 1392 Il1actant
738 1362 829 1393 lectas
853 1363 888 1391 de
910 1374 988 1392 mor-e
1011 1363 1147 1392 bidentes.
1186 1363 1231 1391 Ita
1255 1371 1281 1392 et
1301 1365 1386 1404 porci
1408 1365 1514 1393 eximii.
1550 1364 1659 1392 Verum
1683 1374 1742 1391 non
1764 1365 1800 1392 de
1823 1364 1922 1402 porcis
1944 1367 2076 1400 tantum,
2098 1363 2151 1392 sed

205 1401 241 1429 de
265 1403 445 1440 quibuslibet
467 1403 572 1433 hostiis
594 1406 727 1434 eximium
752 1406 811 1434 dici
835 1417 870 1435 ex
895 1406 1013 1435 Veratio
1037 1406 1126 1434 docet
1151 1406 1280 1435 Macrob.
1304 1407 1354 1436 lib.
1371 1407 1422 1436 Ill.
1447 1408 1508 1436 Sat.
1532 1416 1599 1444 cap.
1615 1407 1664 1436 5.:
1699 1404 1851 1442 Veratius,
1882 1406 1994 1444 inquit,
2023 1406 2052 1434 in
2073 1416 2148 1445 pon-

207 1445 305 1484 tfficiis
327 1446 543 1485 quaestionibus
567 1446 649 1476 docet
675 1449 796 1477 eximias
825 1448 920 1477 dictas
949 1460 1007 1477 esse
1035 1448 1161 1482 hostias,
1202 1459 1276 1488 quae
1297 1448 1339 1478 acl
1360 1449 1538 1487 sacrificium
1563 1447 1723 1476 destinatae
1744 1449 1908 1476 eximuntur·
1929 1460 1947 1476 α
1966 1459 2066 1488 grege,
2105 1445 2151 1476 vel

206 1485 286 1525 quod
307 1489 412 1517 eximia
435 1491 540 1528 specie,
572 1490 658 1530 quasi
679 1491 845 1520 numinibus
867 1490 1017 1531 offerentia
1039 1489 1191 1530 eligantur.
1215 1491 1270 1520 Da
1281 1502 1304 1521 c.
1351 1492 1395 1520 Cf.
1421 1491 1504 1520 Voss
1527 1491 1658 1529 Etymol.
1680 1500 1702 1519 s.
1725 1500 1753 1520 v.
1775 1491 1920 1519 Eximius.

368 1539 595 1580 Exemplum.
641 1541 729 1577 Quod
751 1541 849 1569 animo
873 1541 1049 1570 imitandum
1072 1541 1261 1580 proponitur.
1304 1543 1422 1571 Terent.
1445 1541 1573 1581 Adelph.
1589 1542 1646 1578 Ill,
1670 1543 1706 1578 3,
1728 1540 1824 1580 (62.):

821 1609 863 1613 —
904 1608 947 1614 —-
989 1608 1031 1613 —
1074 1592 1151 1620 Deni
1174 1604 1206 1620 ue

738 1633 882 1672 Inspicere
906 1641 1048 1675 tanquam
1071 1634 1102 1662 in
1125 1604 1271 1672 schulum
1294 1635 1325 1663 in
1347 1634 1423 1663 vitas
1444 1635 1573 1663 omnium

739 1675 827 1704 Iubeo
851 1684 938 1717 atque
959 1687 993 1705 ex
1015 1675 1085 1705 aliis
1106 1687 1215 1704 sumere
1237 1675 1396 1716 exemplum
1418 1675 1484 1707 sibi.

208 1723 363 1765 Exemplar
385 1736 474 1764 vero,
504 1726 586 1765 quod
609 1726 720 1764 oculis,
749 1731 782 1755 ut
805 1727 955 1766 picturae,
979 1728 1097 1756 tabulae
1120 1726 1296 1767 pictonibus.
1339 1727 1442 1757 Horat.
1466 1726 1559 1767 Epist.
1575 1727 1603 1763 I,
1626 1729 1663 1764 2,
1687 1724 1780 1766 (17.);

737 1776 853 1806 Rursus
876 1777 948 1818 quid
969 1779 1060 1807 virtus
1082 1785 1108 1806 et
1130 1777 1202 1818 quill
1223 1779 1368 1817 sapientia
1388 1779 1481 1817 possit

743 1819 819 1848 Utile
839 1821 992 1860 proposuit
1012 1820 1096 1849 nohis
1117 1820 1264 1860 exemplar
1286 1819 1427 1861 Ulyssem.

210 1866 262 1895 Sed
287 1869 523 1907 confunduntur,
553 1875 586 1899 ut
608 1870 785 1908 plurimum,
817 1870 891 1900 haec
913 1871 983 1900 duo.
1029 1873 1066 1900 Ut
1088 1882 1156 1900 cum
1180 1871 1292 1900 dicitur
1314 1871 1483 1910 exemplum
1508 1875 1537 1899 et
1560 1870 1713 1909 exemplar
1735 1868 1921 1908 eloquentiae
1944 1878 1999 1907 pro
2021 1867 2148 1906 imagine

211 1912 240 1935 et
260 1913 488 1950 praescriptione
511 1913 547 1941 ad
571 1913 761 1950 imitandum,
786 1917 813 1942 et
836 1914 1006 1952 exemplar,
1029 1914 1078 1943 vel
1101 1914 1271 1953 exemplum
1294 1914 1462 1951 literarum,
1489 1912 1697 1953 chirographi,
1722 1911 1904 1949 testamenti,
1927 1921 1983 1950 pro
2004 1911 2098 1940 forma
2120 1915 2149 1940 et

213 1948 376 1991 descripto,
400 1955 479 1991 quod
500 1956 589 1992 vulgo
613 1956 699 1995 copia
722 1961 854 1985 vocatur.
878 1956 965 1986 Dae.
1008 1955 1108 1993 Istud,-
1137 1961 1165 1985 et
1187 1956 1254 1986 hoc.
1302 1955 1406 1985 Goth.

375 1996 624 2028 Exhaustum.
668 1998 747 2027 Nihil
769 2004 862 2027 muto.
905 1999 950 2027 Ab
972 1998 1127 2036 exhaurio,
1157 1998 1292 2034 exhausi,
1321 1998 1505 2031 exhaustum,
1530 1997 1714 2034 exhaustam,
1738 1997 1856 2033 efferre,
1878 1996 2014 2025 educere.
2058 1994 2111 2023 Da
2121 2005 2145 2025 c.

372 2038 475 2067 Exin.
520 2040 612 2069 Cicer.
637 2041 665 2068 in
689 2042 770 2070 Orat.
793 2040 887 2079 (45.):
914 2041 990 2070 Dein
1013 2043 1100 2069 etiam
1123 2053 1205 2080 saepe
1226 2049 1251 2069 et
1275 2041 1339 2069 exin
1360 2052 1414 2080 pro
1437 2038 1540 2069 deinde
1562 2047 1587 2068 et
1610 2039 1712 2069 exinde
1732 2039 1865 2068 dicimus.
1912 2038 1998 2067 Dae.

374 2078 520 2108 Exesto.
565 2083 651 2117 Quod
675 2084 716 2112 ait
737 2084 766 2112 in
789 2082 964 2123 quibusdam
986 2084 1094 2119 sacris,
1123 2089 1203 2112 recte
1224 2084 1329 2119 docet,
1353 2093 1412 2112 non
1435 2083 1465 2111 in
1488 2083 1625 2111 omnibus
1648 2084 1739 2111 sacris
1761 2082 1791 2111 id
1815 2081 2018 2117 observatum,
2041 2079 2093 2109 sed
2115 2079 2145 2107 in

210 2117 270 2145 illis
292 2121 423 2155 tantum,
453 2131 524 2157 quae
546 2122 732 2154 Resolutoria
756 2126 945 2162 dicebantur,
980 2126 1016 2154 ad
1040 2136 1115 2164 quae
1137 2126 1194 2155 nisi
1215 2127 1320 2155 solutis
1344 2126 1429 2154 nodis
1453 2126 1555 2154 accedi
1574 2126 1616 2153 fas
1639 2136 1697 2154 non
1722 2130 1795 2154 erat.
1840 2123 1998 2152 Servianae
2020 2121 2145 2150 schedae

212 2159 340 2189 Danielis
362 2162 457 2189 nostri
480 2162 510 2189 in
532 2163 619 2192 illud:
647 2167 739 2196 Unum
763 2176 847 2196 exuta
869 2167 969 2207 pedem
991 2167 1112 2205 vinclis,
1135 2169 1165 2197 in
1187 2176 1261 2197 veste
1281 2169 1430 2205 recincta,·
1454 2167 1547 2207 (Virg.
1571 2168 1644 2197 Aen.
1660 2168 1714 2204 tv,
1737 2167 1840 2203 518.):
1865 2164 1966 2195 Solent
1987 2165 2077 2201 enim,
2099 2165 2144 2192 in-

211 2202 292 2240 quit,
321 2211 348 2231 et
371 2202 543 2232 resolutoria
565 2208 710 2245 sacrificia
733 2209 770 2238 ab
792 2210 961 2249 auspicibus
971 2212 1062 2249 fieri,
1097 2218 1123 2240 et
1143 2209 1185 2239 ad
1208 2210 1328 2240 Iunonis
1350 2209 1484 2240 Lucinae
1503 2221 1592 2240 sacra
1614 2220 1671 2240 non
1694 2209 1761 2240 licet
1783 2207 1934 2245 accedere,
1963 2208 2021 2237 nisi
2040 2205 2144 2236 soluti·

211 2242 306 2274 nudis.
330 2243 430 2276 Scal.
475 2245 551 2274 Hinc
573 2249 732 2286 capiendus
754 2251 802 2280 hic
825 2253 908 2281 locus
931 2253 1033 2282 Ovidii
1048 2253 1110 2284 VII.
1133 2253 1248 2283 Metam.
1270 2251 1388 2293 (183.):

781 2293 939 2332 Egreditur
962 2297 1043 2324 tectis
1064 2303 1152 2324 vestes
1174 2294 1277 2324 induta
1299 2297 1442 2324 recinctus

784 2335 872 2365 Nuda
893 2336 1010 2376 pedem,
1047 2337 1142 2367 nudos
1164 2337 1288 2367 humeris
1309 2337 1410 2380 infusa
1434 2335 1568 2377 capillos.

208 2367 248 2397 Et
269 2368 342 2398 alter
363 2370 471 2400 Tibulli
494 2372 543 2400 lib.
555 2372 575 2400 l.
599 2371 647 2409 (5,
672 2374 748 2410 15.):

780 2415 844 2455 Ipse
865 2430 916 2457 ego
938 2419 1048 2449 velatus
1063 2420 1120 2460 filo
1143 2422 1305 2462 tunicisque
1324 2420 1437 2451 solutis.
