2263 2668
237 142 293 165 xiv
687 122 1117 158 PRAEFATIO
1168 123 1351 159 'roMl
1402 123 1729 159 SECUNDI.

238 227 288 260 sui
314 229 346 259 et
370 219 541 268 supplevi,
568 218 613 250 ita
638 223 674 251 ut
700 218 826 259 omnia,
855 229 941 262 quae
967 217 1011 250 ibi
1038 218 1127 251 nulla
1152 217 1238 263 sigla
1265 217 1379 251 addita
1404 219 1634 262 reperiuntur,
1661 230 1681 251 a
1707 229 1762 251 me
1787 218 1941 263 profecta
1966 221 2181 255 existimanda

240 279 311 311 sint.
361 276 399 308 In
426 283 492 316 qua
519 270 709 303 recensione
735 270 804 303 hoc
829 269 911 302 mihi
938 268 1105 302 habebam
1134 270 1360 314 propositum,
1387 269 1422 302 id
1448 270 1541 313 quod
1568 281 1668 314 supra
1695 269 1779 310 dixi,
1806 274 1842 302 ut
1868 271 1959 304 locos
1979 285 1997 305 a
2018 273 2093 306 viris
2117 273 2182 306 do·-

240 330 299 364 ctis
325 327 439 360 citatos
465 322 664 364 requirerem
692 326 725 354 et
751 321 939 366 diligentius
966 320 1244 361 demonstrarem,
1286 321 1342 353 ubi
1378 321 1584 365 legerentur;
1626 321 1718 364 quod
1751 332 1853 364 quum
1885 333 1951 354 non
1977 324 2100 367 ubique
2127 324 2184 357 fa-

241 387 330 415 ctum
358 379 513 420 apparet,
555 374 657 406 sciant
683 373 843 416 lectores,
885 384 940 405 me
966 372 1079 405 locum
1105 372 1184 407 licet
1211 373 1267 405 diu
1289 372 1490 415 quaesitum,
1534 384 1600 406 non
1626 372 1796 417 reperisse.
1853 373 1983 406 Addidi
2010 380 2183 418 praeterea

240 428 399 475 quasdam
434 431 618 468 etymorum
651 424 792 457 rationes
818 436 837 456 a
862 435 917 456 me
950 424 1113 465 inventas,
1153 435 1234 468 quas
1268 423 1428 467 putabam
1461 435 1554 457 veras
1586 436 1673 462 esse3
1716 429 1862 457 ceterum
1889 435 1976 467 quae
2001 426 2045 458 ad
2071 437 2183 459 rerum

239 484 465 515 Romanarum
492 476 700 518 antiquitates
725 475 777 508 vel
805 487 825 508 a
851 486 905 508 me
932 479 1045 507 notata
1072 475 1125 508 vel
1151 487 1191 508 ex
1216 475 1354 507 aliorum
1382 475 1597 520 scriptorum,
1637 475 1857 509 recentiorum
1885 476 2044 517 maxime,
2086 488 2184 511 com-

239 531 404 566 mentariis
439 528 600 572 exscripta
633 527 819 569 habebam,
858 526 1156 571 interpretamentis
1189 527 1392 571 singularum
1427 527 1612 570 glossarum
1647 526 1765 561 adieci.
1820 526 1917 567 Quae
1946 532 2057 561 tamen
2084 539 2104 560 a
2129 539 2184 562 me

240 583 393 629 profecta
427 580 555 620 omnia,
599 579 624 611 si
656 579 824 622 ingentem
851 578 1164 611 commentariorum
1191 578 1313 610 molem
1339 578 1512 621 respicias,
1555 589 1726 622 perpauca
1753 582 1826 610 sunt
1853 582 1886 610 et
1911 578 1964 611 vix
1990 579 2024 611 in
2050 590 2185 613 censum

240 635 352 669 venire
385 635 531 676 possunt.
584 630 669 662 Satis
703 630 803 674 igitur
836 629 991 670 habebo,
1035 629 1060 662 si
1094 630 1273 662 lectoribus
1308 629 1454 662 virorum
1489 630 1666 663 doctorum
1696 630 1740 662 ad
1767 629 1903 662 Festum
1931 631 2186 663 commentarios

241 692 332 720 recte
365 683 540 727 dispositos
574 686 606 714 et
641 681 814 714 emendate
849 692 1018 725 expressos
1052 680 1182 714 dedisse
1214 681 1298 714 visus
1330 680 1436 714 fuero.
1489 681 1527 713 In
1554 682 1672 724 quibus
1700 682 1944 714 commentariis
1971 681 2185 726 disponendis

241 739 311 771 hoc
338 736 479 769 maxime
504 733 754 766 incommodum
781 732 901 766 accidit
928 737 961 765 et
985 732 1207 773 laboriosum,
1237 731 1329 775 quod
1356 744 1458 775 quum
1484 733 1670 776 superiores
1696 733 1891 775 interpretes
1918 743 2048 776 omnes,
2075 733 2186 766 Anto·-

242 791 313 823 nius
335 786 554 831 AugustinuS,
588 784 757 828 Scaliger,
787 784 964 827 Dacerius,
992 783 1225 816 Gothofredus
1252 788 1345 816 notas
1372 795 1444 816 suas
1471 784 1514 816 ad
1542 784 1669 828 glossas
1696 795 1736 816 ex
1761 783 1878 816 ordine
1903 784 1989 816 iusto
2017 783 2186 828 alphabe-

243 842 309 874 tico
337 839 458 884 positas
485 836 721 879 ascripsissent,
750 835 860 868 omnia
886 836 920 867 in
947 836 1187 868 commentariis
1213 839 1326 868 notata
1353 835 1587 879 disrumpenda
1615 840 1647 868 et
1674 835 1716 867 ad
1740 834 1909 878 antiquum
1932 835 2100 876 ordinem,
2127 835 2186 878 qui

243 892 369 925 ,nativus
396 894 460 930 est,
489 887 697 931 disponenda
728 892 827 929 atque
854 886 1047 919 adornanda
1073 887 1215 920 suerunt.
1268 887 1445 920 Praeterea
1472 887 1631 921 Dacerius
1659 887 1728 919 fere
1755 897 1887 930 semper
1912 886 2057 931 integras
2076 887 2186 920 Scali-

243 943 316 989 ger-i
349 946 441 974 notas
474 940 520 972 ita
552 939 615 971 suis
649 939 897 979 intertexuerat,
939 943 975 971 ut
1007 949 1107 983 saepe
1140 938 1195 970 vix
1226 938 1401 971 internosci
1431 944 1575 982 possent.
1628 938 1705 980 Qua
1731 938 1774 971 de
1802 949 1915 971 caussa
1941 943 1997 970 aut
2022 937 2187 983 Scaligeri

243 999 342 1027 notae
376 993 426 1024 bis
459 994 549 1024 erant
582 990 840 1030 describendae,
885 994 940 1022 aut
966 990 1097 1022 Dacerii
1129 989 1426 1022 animadversiones
1458 991 1492 1022 in
1519 990 1650 1023 brevius
1678 988 1926 1024 contrahendae
1952 994 2051 1032 atque
2077 990 2186 1022 alieno

245 1048 439 1078 ornamento
465 1041 685 1074 denudandae
711 1046 820 1081 erant,
853 1041 944 1084 quod
972 1042 1134 1085 posterius
1161 1041 1245 1083 feci,
1272 1042 1318 1074 uti
1344 1053 1407 1085 par
1432 1046 1510 1074 erat.
1563 1041 1660 1074 Idem
1686 1041 1718 1073 in
1745 1041 1828 1073 notis
1855 1039 2061 1074 Gothofredi
2086 1051 2188 1084 saepe

244 1096 437 1130 faciundum
463 1094 534 1126 fuit.
588 1093 677 1125 Tum
705 1093 738 1125 in
763 1092 848 1125 notis
871 1092 982 1125 Fulvii
1004 1092 1113 1125 Ursini
1139 1092 1328 1137 fragmento
1353 1093 1442 1125 Festi
1469 1103 1508 1126 ac
1533 1092 1667 1126 schedis
1694 1092 1845 1126 subiectis
1871 1092 1964 1125 locos
1990 1092 2188 1136 scriptorum

245 1150 419 1182 citatorum
446 1156 520 1178 raro
548 1144 738 1189 diligentius
764 1144 959 1184 monstravi,
1001 1149 1181 1188 propterea
1212 1145 1304 1188 quod
1330 1144 1433 1177 iidem
1458 1144 1526 1178 loci
1551 1145 1622 1177 fere
1649 1155 1781 1189 semper
1805 1144 1838 1176 in
1865 1143 2107 1178 commentariis
2132 1154 2188 1176 re-

245 1204 395 1239 currunt,
422 1197 480 1229 ubi
506 1196 567 1227 ista
593 1196 845 1235 demonstratio,
872 1200 908 1227 ut
935 1195 1092 1236 diximus,
1119 1196 1209 1228 facta
1235 1200 1291 1229 est.
1963 1230 1967 1233 ,

408 1249 465 1281 Sic
490 1248 592 1292 igitur
618 1247 703 1280 haec
730 1258 815 1279 nova
834 1247 944 1279 Paulli
968 1259 1008 1281 ac
1028 1247 1117 1280 Festi
1139 1247 1239 1280 editio
1262 1247 1397 1280 tandem
1421 1246 1464 1279 ad
1485 1245 1680 1279 umbilicum
1705 1251 1752 1279 est
1774 1245 1947 1290 perducta.
2000 1245 2098 1287 Quae
2118 1255 2187 1289 quo

245 1302 356 1335 utilior
383 1304 467 1333 esset
492 1299 567 1331 viris
593 1298 700 1332 doctis
727 1299 861 1341 eiusque
887 1309 961 1330 usus
986 1299 1165 1342 promtior3
1198 1299 1322 1332 indices
1347 1298 1457 1332 curavi
1484 1298 1707 1339 adiiciendos,
1738 1308 1880 1340 quorum
1907 1296 2033 1340 primus
2058 1296 2188 1341 glossas

245 1353 356 1386 Paulli
383 1357 482 1394 atque
506 1350 595 1383 Festi
631 1351 776 1383 continet
810 1350 923 1394 primis
959 1350 1066 1382 verbis
1099 1350 1144 1382 ita
1170 1350 1345 1390 indicatas,
1386 1354 1440 1390 ut,
1489 1361 1591 1392 quum
1618 1349 1769 1381 ordinem
1796 1348 2046 1392 alphabeticum
2071 1347 2189 1380 iniuria

246 1405 299 1437 his
331 1402 545 1447 scriptoribus
578 1403 749 1435 obtrusum
780 1401 1026 1444 reliquerimus,
1066 1401 1215 1446 singulae
1247 1401 1346 1435 facile
1376 1401 1513 1445 reperiri
1540 1405 1683 1444 possent.
1735 1401 1871 1432 Praeter
1896 1398 1987 1432 hunc
2012 1403 2077 1432 tres
2104 1398 2189 1431 adii-

247 1457 377 1490 ciuntur
408 1453 549 1495 indices,
591 1453 636 1486 ita
668 1453 802 1496 quidem
836 1452 1006 1494 adornati,
1046 1458 1081 1485 ut
1107 1453 1270 1487 secundus
1297 1453 1474 1496 scriptores
1501 1463 1520 1484 a
1541 1452 1660 1484 Paullo
1689 1456 1722 1484 et
1743 1451 1843 1484 Festo
1871 1450 1987 1484 citatos
2014 1454 2046 1482 et
2072 1460 2189 1483 eorum

248 1509 341 1541 locos
368 1506 425 1550 qui
449 1505 482 1537 in
508 1505 592 1537 notis
619 1509 692 1537 sunt
719 1504 903 1546 emendati,
938 1504 1120 1545 contineat,
1154 1505 1266 1537 tertius
1293 1505 1332 1537 sit
1357 1515 1467 1536 rerum
1493 1507 1525 1535 et
1550 1504 1729 1536 verborum
1756 1514 1775 1535 a
1797 1502 1935 1542 Paullo,
1969 1501 2072 1534 Festo
2100 1505 2134 1533 et
2157 1501 2192 1534 in

249 1557 492 1593 commentariis
523 1556 777 1597 illustratorum,
818 1556 875 1598 qui
909 1556 1116 1598 antiquitates
1150 1556 1292 1588 maxime
1325 1555 1482 1593 ostendit;
1522 1559 1657 1597 quartus
1691 1554 1835 1596 denique
1862 1553 1994 1586 Graeca
2022 1549 2193 1586 monstret.

249 1611 300 1643 lta
325 1610 400 1642 xii-is
427 1608 552 1648 doctis,
586 1609 643 1650 qui
668 1608 734 1641 hac
760 1612 872 1640 nostra
898 1607 1042 1640 editione
1068 1611 1140 1639 sunt
1166 1607 1271 1647 usuri,
1308 1607 1435 1651 optime
1462 1607 1646 1639 consultum
1672 1606 1711 1638 iri
1737 1604 1933 1649 putavimus.

413 1659 450 1692 ln
477 1660 644 1692 volumine
670 1660 779 1703 primo
806 1658 903 1691 liuius
925 1659 1226 1692 Grammaticorum
1253 1658 1403 1702 corporis
1428 1657 1506 1690 inde
1528 1669 1548 1689 a
1569 1668 1648 1702 pag.
1666 1656 1750 1690 309.
1776 1667 1880 1700 usque
1907 1655 1950 1688 ad
1977 1655 2096 1696 finem,
2122 1653 2192 1688 hoc

252 1716 298 1743 est
323 1711 356 1743 in
375 1711 495 1755 Asperi
520 1711 659 1743 lunioris
686 1716 718 1744 et
738 1710 876 1743 Phocae
904 1710 1070 1754 opusculis
1097 1721 1136 1742 ex
1163 1721 1275 1743 errore
1300 1708 1551 1753 typographico
1575 1720 1689 1741 omnes
1710 1708 1777 1742 loci
1800 1719 1840 1740 ex
1860 1707 1968 1751 poetis
1991 1706 2079 1740 citati
2101 1705 2192 1738 uncis

253 1762 366 1795 inclusi
392 1768 472 1794 sunt.
526 1762 594 1802 Qui
621 1763 697 1796 unci
724 1762 823 1806 plane
850 1762 945 1794 otiosi
972 1763 1202 1805 manuscriptis
1227 1761 1359 1794 schedis
1386 1773 1403 1792 a
1432 1772 1484 1793 me
1511 1765 1692 1804 propterea
1725 1764 1817 1792 erant
1849 1758 1984 1798 adiecti,
2025 1761 2060 1789 ut
2089 1761 2193 1800 typo-

254 1812 364 1845 thetae
390 1813 614 1857 ostenderem,
659 1825 745 1856 quae
772 1814 848 1846 loca
873 1814 1049 1857 separatim
1078 1813 1273 1846 excudenda
1306 1816 1426 1849 essent3
1467 1811 1501 1843 id
1528 1812 1620 1855 quod
1647 1812 1680 1844 in
1706 1810 1871 1855 prioribus
1898 1808 2044 1853 plagulis
2071 1808 2193 1851 ubique

256 1863 407 1896 feceram.
460 1865 586 1898 Verum
612 1866 722 1899 nescio
749 1876 816 1908 quo
843 1875 921 1898 casu
943 1865 1068 1898 factum
1091 1869 1156 1905 est,
1184 1869 1220 1897 ut
1243 1864 1300 1897 ille
1323 1864 1391 1897 hoc
1413 1864 1544 1907 signum
1566 1875 1632 1896 non
1654 1863 1794 1907 amplius
1816 1861 2016 1905 intelligeret
2037 1864 2070 1892 et
2092 1859 2193 1905 plane

256 1913 395 1945 otiosum
423 1921 453 1946 et
480 1928 760 1960 supervacaneum
788 1920 935 1960 poneret.
988 1916 1067 1949 Hoc
1099 1916 1240 1949 lectores
1272 1916 1371 1949 etiam
1405 1915 1546 1948 monitos
1578 1915 1744 1949 volebam.
1797 1913 1924 1957 Scripsi
1951 1912 1983 1945 in
2010 1909 2191 1956 Gymnasio

258 1964 445 1996 zittaviensi
471 1966 581 2001 Idibus
607 1968 719 2001 Sextii.
746 1968 1013 2001 cloloeccxxxu.
