2263 2668
508 134 571 167 DE
598 132 986 168 SIGNIFICATIONE
1013 133 1298 169 VERBORUM.
1349 136 1495 170 LIBER
1520 136 1627 169 XVII.
1964 141 2039 175 669

261 223 396 256 Solum.
439 225 506 255 Non
527 231 606 255 terra
629 231 760 263 tantum,
791 225 841 254 sed
865 235 959 261 mare,
985 235 1049 263 aer,
1075 227 1170 256 solum
1195 228 1314 259 dicitur.
1360 229 1480 258 Servius
1503 228 1539 257 ad
1563 228 1639 257 illud
1658 228 1693 257 V.
1718 227 1788 258 Aen.
1812 229 1923 267 (199,):
1954 232 2039 262 Sub..

96 268 276 309 trahitur-que
298 267 400 298 solum.
446 268 566 305 Solum,
590 270 701 307 inquit,
725 269 879 308 unicuique
901 269 941 296 rei
962 267 1041 307 quod
1063 269 1206 307 subiacet,
1236 270 1311 300 unde
1333 279 1372 300 est
1395 270 1489 300 solum
1513 273 1610 308 navis,
1632 282 1713 300 mare
1734 279 1760 300 et
1782 282 1831 300 aer
1853 275 1960 303 avium.
2006 277 2039 304 111

94 312 187 351 priori
208 321 295 340 versu
314 311 398 339 Ennii
416 309 490 339 Sola
509 312 605 350 regni,
629 313 692 340 sola
714 322 773 340 non
798 316 854 339 tam
877 315 970 338 terras
993 311 1114 340 videtur
1136 313 1319 351 significare,
1344 324 1431 352 quam
1454 313 1540 343 solia.
1563 313 1650 343 Dac.
1679 312 1796 343 Aliuhi.
1818 315 1907 345 Alibi.
1933 315 2038 349 Goth..

95 352 215 390 Solum,
239 359 362 391 terrain,
385 363 400 381 a
422 352 556 382 saliendo
577 359 657 383 recte
681 354 815 383 derivare
838 353 955 382 videtur
980 353 1145 383 Doederlin.
1168 357 1238 394 Syn.
1262 361 1291 385 et
1313 357 1409 394 Etym.
1434 357 1464 384 L.
1484 357 1514 384 L.
1537 356 1641 385 tomi.
1666 366 1731 394 pag.
1747 357 1816 389 175.
1831 367 1893 396 seq.
1931 359 2037 388 Demu-

94 396 165 424 tatio
189 397 337 425 vocalium
361 401 405 424 est
428 395 544 431 eadem,
574 407 649 434 quae
671 397 701 425 in
723 395 837 434 salvus,
868 406 980 431 servus,
1012 394 1119 425 soluere
1141 398 1270 434 obtinet3
1303 399 1524 436 significationis
1547 409 1620 428 vero
1644 399 1884 429 communitatem
1909 402 2039 431 ostendit

95 438 279 468 Graecorum
302 441 398 479 χῶρος
421 443 447 466 et
468 437 566 477 χορός.

259 480 378 510 Solea.
422 480 444 508 A
469 481 549 516 solo,
579 480 610 509 id
633 486 675 509 est
696 481 798 520 planta
821 480 914 519 perlis:
959 479 1059 518 Neque
1083 481 1247 511 audiendus
1270 483 1446 521 Salmasius,
1476 483 1526 522 qui
1551 494 1565 511 a
1591 483 1704 511 Graeco
1727 480 1814 519 ὖλίας
1832 483 1919 523 pellis
1942 487 2037 514 soleas

93 523 222 552 deducit.
258 524 336 552 Infra
361 533 415 562 pro
439 525 561 551 materia
586 522 705 552 robusta
728 524 897 561 legendum,
921 527 954 551 ut
977 524 1006 550 in
1029 528 1085 551 vet.
1108 524 1173 553 cod.
1198 526 1320 553 materia
1343 525 1475 554 robustea
1499 525 1545 554 vel
1568 525 1698 554 roborea.
1724 525 1811 554 Dae.
1848 525 1947 556 Paries
1969 539 2037 557 cra-

92 565 188 594 ticius.
230 565 304 595 Vide
327 566 346 594 Ι.
369 575 434 594 cum
457 565 575 593 duobus
599 566 648 597 52.
672 568 695 603 ᾗ,
720 566 770 594 ubi
795 566 866 594 Mela
890 565 1011 601 scribit,
1039 566 1062 593 si
1085 565 1144 594 duo
1168 567 1258 595 vicini
1282 567 1443 606 semipedes
1466 568 1544 596 inter
1566 578 1596 596 se
1620 567 1828 605 contulerunt,
1852 573 1886 596 ut
1907 570 1947 597 ibi
1971 581 2038 599 cra·

91 608 196 636 ticium
220 608 362 647 parietem
385 609 463 636 inter
487 618 517 636 se
541 607 769 637 aedificarentur
788 611 835 639 13.
852 607 880 636 ff.
895 618 949 646 pro
972 607 1068 645 socio,
1093 608 1142 636 ubi
1167 610 1286 648 quidam
1310 610 1410 648 legunt
1434 611 1651 640 concran'cium.
1685 610 1751 638 Dixi
1774 610 1810 637 ad
1832 611 1911 639 illam
1934 612 2035 650 legem.

91 649 166 679 Vide
188 661 279 690 supra
301 650 504 690 Intergerinus.
532 649 636 681 Gotlz.
660 650 777 680 Soleam
792 661 808 678 a
823 648 954 679 saliendo
970 655 1050 679 recte
1069 650 1190 680 deducit
1207 652 1374 681 Doederlin.
1391 655 1460 692 Syn.
1478 657 1507 681 et
1522 653 1618 691 Etym.
1631 653 1662 682 L.
1679 653 1709 681 L.
1725 657 1796 681 tom.
1809 652 1831 681 I.
1847 663 1876 691 p.
1891 656 1958 685 177.
1974 660 2036 684 not.

255 700 388 731 Solosn
435 701 633 730 Glossarium:
658 700 772 738 Solooe,
796 699 879 740 ἱερὸν
900 701 948 731 καὶ
970 698 1081 739 παχύς,’
1107 702 1182 739 lege:
1205 702 1285 742 ἔριον
1308 701 1397 743 παχύ.
1431 704 1628 732 Tertullianus
1649 703 1679 731 in
1702 702 1878 732 scholastica
1903 705 2036 734 oratione

91 742 127 772 de
150 744 243 772 Pallio
266 743 378 783 (c.4.):
401 742 592 772 Endromidis
614 742 739 772 solocem
764 743 867 784 aliqua
888 742 1017 772 multitia
1039 743 1165 781 synthesi
1187 746 1348 774 exstruxerit.
1373 745 1474 775 Scal.
1511 746 1630 784 Proprie
1654 755 1744 785 pecus
1764 746 1931 783 intonsum,
1954 748 2035 785 quod

89 787 223 824 pascitur
246 791 274 815 et
297 797 355 814 non
378 791 507 823 tectum,
532 797 546 814 a
570 787 668 824 solus,
694 791 790 823 totus,
815 787 895 825 quod
916 788 954 814 sit
977 796 1042 814 cum
1069 791 1126 814 tola
1151 787 1226 815 lana.
1271 788 1380 818 Lucih:

624 837 747 867 Pascali
766 850 869 878 pecore
890 850 927 868 ac
948 845 1103 874 montano,
1126 837 1202 867 hirto
1225 847 1311 880 atque
1333 839 1438 869 soloce.

89 887 208 916 Pascale
232 898 339 927 pecus,
371 889 449 927 quod
474 889 582 928 passim
605 890 751 928 pascitur,
783 894 815 918 ut
837 890 966 928 pascales
991 889 1132 917 Gallinae.
1178 889 1375 927 ZVIonianum‚
1398 891 1504 920 hirtum
1528 901 1562 918 ac
1584 889 1674 919 solox
1698 900 1752 929 pro
1776 890 1924 928 squalido,
1948 892 2035 929 quale

88 930 162 958 solet
186 940 248 959 esse
272 942 378 970 pecus,
417 934 495 970 quod
520 931 548 959 in
573 932 722 960 montibus
746 932 878 971 pascitur
902 943 961 960 non
984 937 1105 960 tectum.
1151 932 1220 960 Inde
1248 932 1376 970 factum,
1413 938 1444 962 ut
1472 933 1558 961 solox
1585 933 1655 960 lana
1685 933 1801 960 dicatur
1826 943 1940 969 crassa,
1976 944 2035 962 non

87 972 259 1003 carminata.
294 975 406 1003 Closs:
432 973 531 1003 Solone
550 974 631 1013 ε’ρίον
655 972 745 1012 παχύ.
777 975 850 1003 Inde
866 974 1059 1013 Symmachus
1082 974 1132 1002 lib.
1147 975 1167 1002 l.
1190 974 1244 1011 Ep.
1261 978 1305 1006 1.:
1332 975 1428 1013 Quare
1449 973 1630 1004 elaboratam
1654 974 1748 1003 soloci
1765 973 1821 1013 filo
1843 975 1943 1015 accipe
1966 987 2035 1004 can-

86 1013 215 1043 tilenam.
248 1015 300 1044 Da
312 1028 335 1045 c.
384 1017 511 1045 Titinius
534 1017 562 1044 in
585 1016 743 1046 Barathro.
787 1017 889 1045 Titinii
913 1016 1084 1045 Barathrum
1109 1018 1180 1044 citat
1202 1017 1245 1044 Fl.
1270 1017 1422 1056 Sosipater
1444 1017 1634 1055 (aliquoties,
1671 1017 1763 1045 veluti
1787 1027 1852 1055 pag.
1868 1019 1936 1049 181.
1963 1021 2032 1049 183.

87 1059 158 1088 185.
183 1061 273 1092 212.;
305 1059 493 1087 scribendum
518 1063 614 1087 tamen
641 1059 750 1097 ubique
774 1069 835 1088 esse
860 1059 1007 1095 Barbam,
1038 1059 1114 1087 vidit
1136 1059 1257 1088 mercer.
1280 1060 1318 1088 ad
1341 1061 1415 1090 Non.
1439 1062 1569 1098 pag.3.).
1606 1060 1719 1088 Nonius
1743 1059 1829 1087 etiam
1852 1070 1911 1087 non
1933 1061 2032 1090 semel.

85 1097 198 1128 Idem.
232 1099 338 1131 Hirco.
375 1102 469 1139 Atque
492 1101 575 1129 hirco
599 1102 645 1129 vel
668 1101 821 1140 hircoque.
849 1100 952 1131 Goth.
991 1102 1234 1138 Distinguendum
1259 1112 1334 1129 esse:
1360 1101 1459 1131 Solooe
1481 1101 1567 1138 lana,
1593 1111 1693 1130 crassa
1716 1107 1771 1130 cet.
1794 1101 1933 1130 viderunt
1957 1103 2033 1130 Doe-

85 1142 219 1170 derlinus
242 1147 270 1170 et
295 1143 428 1171 Buthius.
460 1145 596 1172 Ceterum
621 1144 657 1172 cf.
679 1145 760 1174 Voss.
784 1145 882 1182 Etym.
906 1154 933 1172 v.
949 1142 1055 1173 Solem.
1089 1145 1127 1172 De
1151 1149 1249 1182 etymo
1274 1144 1415 1173 differunt
1438 1145 1598 1173 sententiae
1621 1145 1754 1172 virorum
1778 1144 1869 1175 doctt.
1900 1144 1942 1172 Cf.
1961 1146 2033 1173 Doe-

84 1184 190 1215 derlin.
216 1186 286 1224 Syn.
311 1191 338 1213 et
362 1187 456 1224 Etym.
484 1187 513 1214 L.
534 1187 562 1215 L.
589 1191 650 1214 tom
673 1187 695 1216 Ι,
722 1189 872 1225 pag-178.
912 1186 983 1214 Mihi
1008 1187 1089 1214 nulla
1112 1187 1230 1214 illarum
1254 1187 1404 1215 satisfecit.
1444 1188 1517 1215 Nam
1542 1187 1566 1214 si
1590 1187 1672 1222 loca,
1700 1186 1751 1214 ubi
1774 1186 1951 1215 adiectivum
1973 1186 2032 1215 hoc

82 1227 249 1265 reperitur,
289 1229 512 1266 componimus,
551 1239 609 1257 non
638 1233 698 1257 tam
721 1229 902 1257 soliditatem
926 1235 954 1257 et
977 1229 1217 1265 crassitudinem,
1257 1239 1344 1266 quam
1368 1229 1467 1268 potius
1491 1230 1633 1257 vilitatem
1659 1228 1805 1266 quandam
1829 1234 1858 1257 et
1880 1228 2031 1258 rudiorem

83 1269 216 1298 habitum
241 1270 406 1308 significare
430 1271 558 1299 voluisse
581 1272 742 1309 scriptores
765 1271 982 1306 intelliguntur.
1016 1271 1048 1299 ld
1071 1271 1152 1309 quod
1175 1272 1330 1299 manifesto
1355 1272 1441 1300 docet
1464 1272 1548 1300 locus
1570 1271 1737 1310 Symmachi
1759 1281 1847 1310 supra
1872 1271 2029 1300 excitatus:

85 1310 183 1349 Quare
205 1311 384 1341 elaboratam
408 1312 503 1342 soloci
514 1312 576 1352 filo
599 1314 700 1352 accipe
722 1312 898 1342 cantilenam
922 1314 938 1343 i.
963 1324 985 1341 e.
1008 1314 1139 1349 rudiori,
1174 1314 1346 1351 vulgariori.
1393 1314 1491 1349 Quare
1515 1315 1679 1342 rectissime
1702 1313 1819 1342 Festus:
1855 1312 1954 1342 Soloae
1974 1325 2031 1353 pe-

82 1365 148 1390 cus,
178 1353 258 1394 quod
277 1357 388 1393 passim
410 1356 559 1394 pascitur,
591 1366 649 1383 non
673 1362 787 1384 tectum.
830 1356 906 1383 Lana
931 1354 1022 1384 solox
1045 1361 1088 1384 est
1111 1355 1227 1393 rudior,
1257 1355 1359 1393 vilior,
1390 1357 1480 1394 grobe
1503 1357 1617 1393 WVolle3
1647 1365 1733 1394 pecus
1756 1354 1861 1390 solox,
1891 1356 2029 1393 gemeine,

81 1397 274 1425 unveredelte
297 1397 419 1431 Sclmfe,
444 1407 515 1425 oves
539 1398 611 1425 viles
635 1408 669 1426 ac
691 1398 845 1436 vulgares,
870 1408 943 1435 quae
964 1403 1091 1436 propter
1115 1399 1211 1426 lanam
1235 1399 1386 1436 viliorem,
1410 1410 1497 1437 quam
1522 1400 1635 1435 ferunt,
1659 1409 1716 1426 non
1740 1402 1888 1435 teguntur.
1923 1398 1964 1426 Cf.
1982 1398 2030 1426 in-

79 1444 178 1477 terpp.
202 1438 238 1466 ad
264 1439 364 1469 Horat.
391 1440 509 1475 0d.11,
533 1442 567 1476 6,
595 1442 642 1470 10.
691 1440 733 1468 lbi
758 1441 807 1478 qui
831 1440 979 1468 excitatur
1004 1441 1097 1469 Varro
1121 1441 1157 1469 ‹le
1180 1442 1215 1470 R.
1234 1442 1267 1469 R.
1290 1441 1334 1477 ΙΙ,
1358 1445 1387 1473 2.
1413 1442 1456 1469 sic
1479 1441 1611 1470 exhibet:
1643 1439 1785 1469 Similiter
1800 1438 1975 1480 faciendum
1999 1442 2030 1469 in

79 1481 180 1510 ovibus
199 1480 328 1520 pellitis,
351 1494 425 1522 quae
443 1490 562 1521 propter
585 1481 673 1511 lanae
695 1482 867 1518 bonitatem,
890 1490 923 1511 ut
944 1490 1011 1511 sunt
1032 1484 1206 1512 Tarentinae
1227 1490 1253 1511 et
1269 1483 1408 1521 Atticae,
1432 1483 1558 1523 pellibus
1580 1484 1762 1522 integuntur,
1785 1494 1819 1510 ne
1839 1481 1910 1512 lana
1933 1483 2029 1522 inqui-

78 1531 177 1560 netur,
214 1535 272 1564 quo
294 1525 390 1553 minus
412 1523 458 1552 vel
480 1525 562 1563 infici
584 1532 657 1553 recte
676 1525 784 1563 possit,
822 1523 868 1553 vel
889 1523 986 1553 lavari
1006 1536 1042 1554 ac
1061 1526 1173 1564 parari.
1217 1525 1302 1553 Falso
1328 1536 1397 1564 ergo
1424 1527 1531 1564 legitur
1554 1525 1634 1564 apud
1657 1525 1791 1553 Paullum
1814 1536 1902 1563 pecus
1924 1531 2028 1553 conie-

78 1573 172 1602 ctum,
204 1566 377 1604 falliturque
403 1567 599 1594 Doederlinus
623 1567 641 1596 l.
663 1577 704 1602 c.,
736 1567 787 1594 ubi
810 1567 839 1594 in
863 1571 933 1595 nota
957 1568 1111 1604 marginali
1134 1567 1177 1595 sic
1199 1567 1318 1595 scribit:
1354 1568 1444 1596 Lana
1467 1575 1630 1597 coniectum
1653 1568 1681 1595 d.
1701 1567 1730 1597 h.
1754 1566 1834 1595 dicht
1856 1567 1909 1595 mit
1932 1567 2028 1595 Wolle

76 1608 212 1637 bedeckt.
258 1607 303 1636 Im
327 1608 427 1636 Festus
455 1607 542 1636 selbst
571 1609 608 1636 ist
636 1607 682 1636 die
706 1607 796 1637 Stelle
815 1609 918 1647 gewiss
940 1616 1079 1648 corrupt.-
1116 1608 1255 1646 Solooe,
1291 1608 1364 1638 lana
1386 1621 1487 1639 crassa
1510 1617 1536 1638 et
1555 1622 1643 1649 pecus
1665 1608 1744 1650 quod
1765 1609 1874 1648 passim
1895 1609 2028 1648 pascitur

77 1661 135 1679 non
157 1657 271 1679 iccium.
317 1650 374 1679 Die
401 1649 499 1679 Worre
521 1648 620 1690 quod
639 1652 784 1689 passim
804 1652 977 1690 pascitur
1000 1650 1129 1679 bezielzen
1153 1650 1232 1688 sich,
1252 1650 1381 1691 freilich
1402 1651 1588 1691 ungeschickt
1608 1663 1720 1691 going,
1749 1650 1813 1691 auf
1828 1650 1882 1679 den
1894 1649 2027 1691 folgen-

77 1690 132 1721 den
146 1691 336 1722 Lucilisclzen
355 1692 449 1722 Vers:
473 1691 636 1721 Pascali
654 1704 798 1732 pecore.
833 1693 953 1722 Minime
975 1703 1056 1724 vero.
1091 1692 1182 1722 Pecus
1204 1692 1285 1732 quod
1304 1695 1414 1732 passim
1436 1695 1567 1733 pascitur
1590 1695 1732 1731 optimam
1756 1693 1888 1722 continet
1909 1693 2026 1732 pecoris

75 1733 184 1764 solacis
205 1735 498 1774 interpretationem,
523 1735 679 1772 quoniam,
704 1740 737 1764 ut
759 1741 801 1763 est
825 1736 904 1773 apud
928 1736 1057 1764 Plinium
1077 1735 1111 1763 H.
1130 1736 1164 1764 N.
1185 1736 1270 1771 VIII,
1293 1739 1344 1767 72.
1370 1747 1442 1764 oves
1463 1737 1531 1765 illae
1555 1737 1674 1775 pellitae
1696 1747 1754 1764 non
1778 1735 1886 1775 passim
1910 1740 1939 1765 et
1962 1735 2026 1764 ubi-

75 1787 148 1815 que,
187 1778 238 1806 sed
268 1778 296 1806 in
327 1776 434 1806 liberos
457 1778 588 1806 maxime
611 1788 732 1817 campos
754 1785 780 1806 et
803 1779 883 1806 omni
904 1777 1021 1807 surculo
1045 1776 1173 1816 ruboque
1194 1786 1332 1807 vacantes
1354 1783 1471 1816 pastum
1495 1779 1674 1815 agebantur,
1711 1778 1748 1807 ad
1770 1779 1868 1807 lanam
1891 1777 2025 1807 efficien-

74 1819 141 1848 dam
165 1829 200 1847 ac
223 1831 258 1848 ne
279 1818 350 1848 lana
373 1827 539 1859 carperetur
560 1827 586 1848 et
609 1827 755 1858 tegumen,
793 1820 872 1857 quod
896 1821 994 1859 ipsum
1020 1821 1182 1860 pretiosum
1207 1826 1285 1857 erat,
1322 1819 1491 1850 laederetur.
1536 1822 1601 1857 Qua
1625 1821 1662 1850 de
1684 1831 1788 1849 caussa
1810 1821 1842 1849 in
1865 1830 1952 1849 versu
1974 1820 2024 1848 illo

74 1861 194 1891 Lucillii
216 1861 308 1891 soloae
329 1872 421 1901 pecus
446 1862 556 1890 hirtum
581 1872 698 1900 quoque
721 1862 832 1891 dicitur
854 1873 889 1891 ac
911 1870 1099 1899 monianum,
1124 1864 1236 1902 quippe
1259 1863 1338 1902 quod
1361 1874 1421 1891 non
1444 1864 1474 1891 in
1497 1864 1609 1902 campis
1632 1874 1668 1892 ac
1689 1865 1782 1903 pratis
1799 1863 1950 1899 fecundis,
1972 1862 2025 1890 sed

73 1905 180 1943 passim
203 1905 234 1933 in
256 1905 404 1933 montanis
430 1915 549 1943 quoque
573 1905 690 1943 pascuis
711 1905 905 1935 inveniretur.
937 1906 1021 1940 Quae
1045 1905 1141 1934 omnia
1165 1906 1189 1933 si
1211 1915 1281 1934 vera
1304 1910 1388 1942 sunt,
1414 1907 1601 1935 manifestum
1625 1911 1684 1943 est,
1703 1917 1792 1946 pecus
1807 1904 1897 1935 solox
1913 1905 2023 1943 opponi

74 1948 190 1976 Graeco
212 1947 333 1986 pecori,
362 1957 454 1985 quare
477 1957 563 1975 nemo
586 1948 659 1983 erit,
686 1948 738 1985 qui
761 1947 891 1984 dubitet,
921 1958 987 1976 voc.
1010 1946 1101 1977 solox
1124 1959 1140 1975 a
1162 1948 1255 1976 verbo
1276 1947 1367 1976 solere
1389 1959 1449 1977 esse
1472 1948 1677 1978 derivandum.
1722 1949 1760 1977 Ut
1782 1948 1859 1977 enim
1881 1945 1970 1976 celox·
1993 1952 2023 1975 et

73 1988 153 2019 celer
174 1999 191 2017 a
213 1988 331 2026 cellere,
353 1988 443 2019 velox
464 1995 492 2018 et
512 1988 601 2025 veles,
624 1990 692 2018 item
716 1988 828 2019 velatus
850 1991 902 2027 (cf.
927 2000 1001 2028 quae
1024 1990 1192 2019 notavimus
1215 2000 1305 2029 supra
1329 1991 1366 2018 ad
1388 2001 1416 2019 v.
1434 1989 1648 2031 Adscripiicii)
1672 2001 1687 2019 a
1709 1989 1803 2019 velare
1825 1989 1843 2019 i.
1863 1999 1885 2018 e.
1908 1989 2021 2024 volare,

73 2031 151 2061 unde
180 2032 267 2060 etiam
295 2030 405 2067 volox,
449 2042 523 2070 quae
553 2032 737 2061 descendunt
759 2043 774 2060 a
798 2032 949 2061 Sanscrito
973 2031 1055 2073 ςυαῖ,
1100 2033 1178 2061 unde
1207 2033 1283 2061 duac
1312 2033 1425 2062 radices
1453 2034 1690 2072 progerminatae
1721 2031 1791 2062 cel-
1814 2036 1841 2060 et
1863 2030 1936 2060 vel-
1958 2032 1976 2061 i.
1997 2042 2020 2059 e.

71 2074 163 2111 vol-‚
188 2074 431 2112 Graecorumque
454 2075 579 2111 κὲλλειν,
605 2074 705 2113 ulline,-
733 2075 772 2103 ita
795 2074 887 2105 solox
909 2086 923 2103 a
946 2073 1039 2104 solere
1061 2085 1241 2114 procusum,
1267 2076 1346 2104 unde
1369 2081 1482 2105 certum
1507 2081 1564 2112 est,
1586 2074 1678 2106 solox
1699 2074 1865 2113 significare
1889 2072 2018 2109 solitum,

73 2115 209 2156 vulgare,
232 2115 297 2146 vile.
342 2117 452 2145 Contra
476 2115 589 2146 solidus
610 2116 688 2145 haud
714 2116 801 2146 dubie
825 2128 839 2145 a
863 2116 926 2147 solo
949 2117 967 2145 i.
987 2128 1009 2145 e.
1032 2116 1141 2153 humo,
1168 2118 1361 2147 fundamento
1384 2119 1546 2148 deductum
1570 2123 1621 2147 est.

235 2166 309 2196 Sos.
357 2168 408 2196 Dia
432 2168 568 2205 uiarum,
593 2168 641 2198 δῖα
660 2165 773 2198 θεάων.
818 2169 892 2206 Lege
915 2169 1041 2197 alterum
1065 2178 1181 2197 versum
1205 2168 1261 2197 ita:

602 2216 719 2247 Circum
740 2229 788 2247 sos
811 2230 886 2259 quae
907 2226 973 2248 sunt
996 2230 1121 2259 magnae
1140 2227 1238 2259 gentes
1261 2218 1422 2259 opulentae.

68 2262 119 2292 Et:

602 2301 678 2331 Dum
702 2310 815 2332 censent
838 2310 940 2332 terrere
961 2304 1064 2340 minis,
1093 2302 1248 2333 hortantur
1270 2305 1296 2333 ei
1317 2315 1372 2333 sos.

67 2346 119 2376 Et:

605 2385 789 2417 Contendunt
814 2386 938 2417 Graios:
967 2387 1097 2418 Graecos
1119 2399 1278 2418 memorare
1299 2387 1391 2418 solent
1413 2399 1468 2417 308.
