2263 2668
240 182 315 217 650
668 173 1011 208 COMMENTARII
1037 176 1086 209 IN
1111 174 1255 209 PAULI
1280 174 1476 208 DIACOM
1502 175 1760 210 EXCERPTA

239 274 359 305 comitia
387 277 476 300 essent
499 264 672 295 dimittenda
692 274 812 306 peracto
835 267 984 307 sacrficio
1007 267 1094 307 quasi.
1103 268 1181 307 finis
1203 268 1372 307 impetratus
1393 274 1478 303 esset,
1513 275 1539 296 et
1560 269 1646 308 quasi
1661 267 1768 309 forent
1791 268 1915 297 comitia
1931 267 2080 308 perfecta,
2109 271 2184 300 sumi

239 325 299 346 tum
321 325 397 344 reum
421 309 556 340 iubebant
578 307 742 338 sacerdotes
763 320 815 338 suo
837 320 930 346 more,
956 309 1080 350 aliisque
1099 311 1228 349 peractis
1249 311 1337 339 iuxta
1361 309 1595 339 consuetudinem
1619 309 1694 346 luci,
1717 312 1747 338 in
1771 321 1828 350 quo
1846 322 1930 339 sacra
1943 309 2113 351 faciebant,
2137 323 2183 342 reo

239 369 260 387 a
283 353 468 388 Cularoribus
489 349 687 391 ingeniculato
708 359 797 391 atque
817 353 859 380 ira
881 351 1027 381 inclinato
1049 353 1147 381 vinum
1170 354 1200 381 in
1223 360 1312 392 caput
1333 351 1530 393 infundebant
1552 352 1665 382 solenni
1688 364 1750 381 cum
1772 354 1949 392 precatione.
1993 351 2066 382 Inde
2086 352 2185 382 Plau-

239 409 303 429 tus.-
335 398 515 434 Besecroque
536 401 643 430 maier,
673 394 752 434 quod
776 393 885 423 dudum
909 393 1136 424 obsecraveram.
1176 395 1294 424 Dicitur
1315 396 1400 422 etiam
1425 406 1558 424 resecror.
1599 396 1666 424 Non
1689 396 1829 431 dubium,
1860 396 1934 433 quin
1955 395 1996 423 ita
2019 400 2184 434 conceptus

237 444 319 471 locus
342 437 442 467 suerit.
486 437 646 465 Sciendum
671 441 714 465 est
737 441 852 471 autem,
889 447 920 465 ea
943 438 1153 476 superstitione
1175 438 1305 466 imbutos
1329 438 1419 465 fuisse
1442 443 1573 474 veteres,
1611 443 1644 466 ut
1666 438 1689 466 si
1713 439 1779 476 quis
1803 437 1921 466 obsecro
1945 437 2076 475 dixerat,
2106 448 2183 474 eum,

237 493 322 522 quem
350 479 577 518 alloquebatur,
613 479 796 517 obstringere
826 479 1018 518 obligat-eque
1048 480 1174 518 quodam
1198 484 1380 509 sacramento
1405 485 1434 509 et
1456 480 1648 509 iureiurando
1676 481 1844 516 videretur,
1881 480 1960 509 unde
1982 480 2102 509 liberari
2123 491 2183 510 non

236 529 351 564 posset,
374 523 429 551 nisi
454 522 531 551 idem
555 523 606 560 qui
629 522 856 559 obsecraverat,
880 527 1054 560 resecraret,
1078 523 1110 551 id
1132 528 1175 552 est
1198 533 1231 551 ea
1252 523 1394 560 religione
1416 523 1553 552 solveret.
1596 524 1693 553 Plaut.
1715 524 1847 553 Aulular.
1871 522 1940 562 (IV,
1961 525 1997 559 7,
2020 523 2155 562 2.seq.):

813 591 850 594 ——
896 591 937 594 —
982 590 1021 594 —
1066 573 1152 603 Nunc
1175 581 1202 602 ie
1225 573 1342 603 obsecro

813 615 875 644 Fac
897 617 1067 645 mentionem
1091 628 1155 645 cum
1178 614 1323 645 avunculo
1345 623 1438 644 maier
1459 628 1531 653 mea,

813 659 994 699 Resecroque
1016 667 1107 687 maier
1129 658 1208 699 quod
1232 657 1340 687 dudum
1365 658 1590 689 obsecraveram.

234 710 345 748 Nempe
368 710 577 738 obsecraverat
606 713 746 744 matrem,
784 713 815 737 ut
838 720 873 737 ne
897 720 963 737 cuin
988 710 1135 738 avunculo
1158 710 1336 738 mentionem
1360 709 1472 737 faceret
1495 711 1531 738 de
1555 710 1702 739 Euclionis
1726 710 1792 738 filia.
1838 709 1923 738 Nunc
1944 714 2049 738 contra
2071 714 2181 739 mutata

234 753 377 781 sententia
400 762 463 779 eam
487 751 637 787 obsecrat,
662 756 692 779 ut
716 761 783 779 cum
807 762 839 780 eo
863 752 899 781 de
922 752 1022 780 cadem
1045 753 1240 790 colloquatur.
1278 752 1313 779 Et
1337 751 1403 790 quia
1427 757 1521 782 mater
1542 753 1635 792 priori
1660 753 1864 781 obsecratione
1887 752 2029 781 obstricta
2053 757 2082 780 et
2105 753 2182 781 obli—

233 801 298 833 gata
321 794 477 830 manebat,
499 794 697 823 resecratione
721 804 797 832 opus
820 800 898 831 erat,
923 805 979 832 qua
1004 805 1067 823 eam
1090 795 1230 832 religione
1253 795 1392 823 solverat.
1439 796 1517 831 Quin
1542 797 1643 832 etiam,
1669 796 1693 823 si
1717 796 1782 834 quis
1808 796 1882 824 Deos
1905 799 2031 824 testatus
2054 799 2128 823 esset
2151 805 2182 824 se

234 836 347 875 aliquid
369 837 537 874 facturum,
569 837 593 865 is
617 847 650 865 eo
675 836 874 874 obligabatur,
900 847 995 875 neque
1018 842 1087 866 voto
1110 837 1229 866 libcrari
1253 842 1370 875 poterat
1393 837 1448 865 nisi
1471 849 1501 866 se
1524 839 1621 877 ipsum
1644 842 1829 867 rest-‘crassen
1873 837 1949 865 Hinc
1971 837 2182 877 intelligendus

232 878 317 908 locus
340 879 520 915 Marcellini,
544 879 594 908 lib.
607 879 715 909 XXtV.
739 879 819 917 quod
843 879 918 908 vidit
942 880 1029 908 etiam
1054 880 1174 909 doctiss.
1198 881 1301 908 Petrus
1325 879 1477 909 Pithoeus:
1501 880 1693 909 Exclamat-it
1716 879 1886 919 indignatus
1908 880 2015 908 acriter
2038 878 2182 917 Iulianus,

233 920 385 962 Iovemque
413 928 533 950 testatus
560 929 616 957 est,
654 920 737 950 nulla
758 921 857 951 Marti
885 933 973 951 sacra
991 922 1166 964 faciurum,
1205 934 1255 951 nec
1281 923 1449 959 resecravit‚
1488 922 1573 952 celeri
1596 930 1687 952 morte
1706 929 1886 962 praeceptus.
1931 922 2042 961 Nempe
2063 922 2181 952 Iuliano

233 969 325 993 morte
347 969 511 1002 praevento
535 974 596 992 non
618 964 703 992 licuit
725 975 755 992 se
779 964 994 993 obsecrationis
1024 965 1165 1003 religione
1195 965 1358 993 absolvere.
1403 966 1460 994 Sed
1486 966 1640 994 redeamus
1670 965 1706 993 ad
1731 965 1858 994 Festum.
1903 965 1981 993 Reus
2006 965 2036 993 in
2060 964 2181 994 comitio

232 1007 376 1045 populum
400 1011 479 1043 orat,
502 1011 535 1035 ut
557 1017 586 1035 se
609 1006 743 1045 periculo
767 1007 879 1036 liberet.
911 1007 1005 1036 ludex
1029 1008 1233 1037 obsecratione
1256 1013 1354 1037 motus
1377 1008 1460 1037 iubet
1482 1019 1548 1037 eum
1572 1018 1738 1044 resecrare,
1762 1007 1841 1046 quod
1860 1007 2075 1037 obsecraverat.
2106 1007 2180 1036 Nam

231 1049 288 1078 nisi
310 1054 486 1078 resecrasset
507 1060 586 1086 reus,
610 1050 746 1088 quamvis
769 1060 805 1078 ex
828 1050 904 1078 iusta
928 1060 1029 1078 caussa
1047 1062 1062 1079 a
1082 1052 1195 1090 populo
1219 1050 1374 1079 damnatus
1397 1055 1487 1088 esset,
1511 1051 1640 1090 populus
1664 1050 1727 1089 ipse
1750 1050 1893 1088 religione
1917 1050 2076 1078 obstrictus
2099 1060 2179 1079 man-

231 1091 325 1120 sisset.
369 1093 448 1120 Reus
471 1097 573 1121 contra
599 1097 699 1129 urget,
724 1097 751 1120 et
775 1093 853 1131 quod
877 1093 1020 1121 innocens
1044 1094 1098 1130 sit,
1123 1098 1292 1129 caussatur,
1316 1093 1510 1132 tandemque,
1537 1104 1604 1122 cum
1627 1103 1694 1122 reus
1719 1094 1783 1131 cogi
1808 1103 1867 1120 non
1890 1097 2004 1132 potest,
2027 1097 2060 1121 ut
2084 1103 2180 1133 popu-

230 1134 291 1163 lum
314 1139 493 1171 resecraret,
525 1134 695 1163 sacerdotes
719 1145 784 1163 eum
809 1136 882 1163 sumi
906 1135 1020 1172 iubent,
1053 1141 1142 1174 atque
1166 1137 1203 1164 ita
1229 1146 1282 1174 per
1305 1136 1465 1171 calatores,
1503 1136 1532 1165 id
1558 1141 1601 1165 est
1624 1136 1811 1165 sacerdotum
1835 1145 1950 1171 servos,
1979 1135 2180 1173 ingeniculato

230 1177 333 1206 vinum
356 1175 539 1214 infunditur,
561 1188 682 1216 nempe,
707 1183 739 1205 ut
762 1179 872 1216 optime
895 1179 1041 1216 Scaliger,
1069 1184 1102 1207 ut
1125 1179 1154 1206 in
1178 1189 1243 1207 eum
1268 1179 1363 1207 omnis
1386 1179 1489 1216 religio
1513 1184 1666 1208 contracta
1688 1182 1826 1207 verteret.
1872 1178 1982 1216 Religio
2007 1177 2084 1206 enim
2107 1188 2181 1207 con-

231 1223 327 1248 tracta
351 1220 528 1258 intelligitur
558 1230 595 1249 ex
624 1220 843 1256 obsecratione,
880 1226 1065 1259 quapropter
1088 1231 1146 1249 non
1170 1221 1258 1249 aliter
1279 1221 1502 1258 resecrabatur,
1538 1221 1568 1250 id
1590 1226 1635 1250 est
1657 1231 1742 1249 sacro
1766 1225 1817 1249 aut
1839 1221 1983 1258 religione
2007 1220 2181 1250 solvebatur

229 1263 435 1300 magistratus,
460 1273 546 1301 quain
564 1263 587 1290 si
606 1263 757 1301 piaculum
781 1268 950 1291 contractae
973 1263 1123 1302 religionis
1148 1264 1175 1292 in
1199 1264 1241 1292 rei
1265 1269 1353 1303 caput
1377 1269 1505 1293 verteret
1508 1286 1659 1293 ......
1683 1271 1714 1292 ut
1738 1286 1744 1292 .
1768 1285 1774 1292 .
1799 1285 1805 1292 .
1830 1285 1837 1292 .
1860 1263 1918 1292 Ista
1937 1263 2071 1302 quamvis
2091 1263 2179 1293 etiam

230 1304 261 1332 in
284 1304 402 1334 schedis
425 1305 631 1333 resecrationis
656 1310 747 1344 caput
770 1305 898 1334 medium
922 1306 1049 1343 findant,
1074 1307 1131 1335 alio
1155 1312 1253 1334 tamen
1276 1307 1425 1345 pertinere
1448 1312 1563 1335 certum
1587 1311 1638 1336 est.
1682 1307 1718 1335 Et
1740 1306 1883 1334 videntur
1905 1316 1966 1334 esse
1989 1305 2080 1334 verba
2100 1305 2180 1334 Festi

230 1345 266 1375 de
289 1359 318 1375 re
337 1346 601 1387 comperendinata.
629 1348 702 1376 Nam
726 1349 880 1387 superiora
900 1349 980 1376 Pauli
1005 1360 1065 1378 esse
1089 1349 1239 1388 epitomen
1263 1349 1369 1387 quovis
1393 1349 1488 1388 pretio
1514 1349 1700 1378 contendam.
1728 1348 1785 1377 Sed
1802 1348 1879 1376 Festi
1902 1349 1991 1377 verba
2015 1348 2086 1377 dum
2109 1348 2179 1378 alie-

232 1400 284 1417 nas
307 1389 393 1418 sedes
416 1389 566 1418 invadunt
589 1391 685 1430 capite
707 1401 760 1418 suo
785 1395 918 1419 truncata
942 1396 1025 1427 sunt,
1051 1391 1131 1430 quod
1154 1393 1298 1420 reiectum
1322 1397 1365 1420 cst
1386 1396 1456 1430 post
1478 1392 1561 1420 Pauli
1584 1393 1683 1420 locum
1708 1412 1930 1420 ........
1953 1391 1978 1419 is
2001 1402 2057 1420 con
2080 1413 2087 1420 .

229 1429 271 1460 Eo
294 1432 385 1469 igitur
407 1432 465 1460 huc
488 1437 619 1461 retracto
644 1443 753 1471 corpus
776 1434 924 1470 integrum
948 1435 989 1461 sic
1013 1435 1139 1462 sortasse
1162 1434 1322 1462 restaurari
1346 1435 1455 1472 possit:
1490 1435 1548 1462 Res
1572 1432 1826 1473 comperendinata
1850 1432 1974 1470 dicitur,
2004 1440 2035 1461 ut
2058 1432 2179 1462 Verrius

229 1475 286 1511 ait,
311 1473 453 1504 iudicium
476 1476 506 1503 in
530 1474 605 1504 diem
627 1474 816 1515 perendinum
841 1477 902 1504 iure
925 1477 1130 1512 constitutum,
1156 1477 1198 1504 ila
1222 1484 1251 1505 ut
1275 1487 1331 1505 uno
1355 1484 1467 1505 tantum
1492 1477 1639 1505 interiecto
1664 1474 1710 1504 die
1733 1487 1776 1504 res
1797 1473 1949 1506 iudicetur.
1994 1475 2081 1506 Dac,

391 1525 461 1554 Res
491 1525 836 1565 comperendinata.
883 1527 1232 1565 Comperendinationem
1263 1528 1384 1566 quidam
1414 1532 1569 1565 exponunt
1595 1526 1830 1563 condictionem,
1863 1525 1895 1554 id
1918 1531 1962 1555 est
1984 1526 2019 1554 ab
2045 1526 2178 1567 utrisque

227 1567 427 1605 litigatoribus
451 1573 584 1597 mutuam
608 1568 861 1598 denuntiationem
885 1570 914 1597 in
938 1569 1133 1607 perendinum
1157 1570 1244 1600 diem.
1289 1571 1348 1598 Sed
1373 1570 1471 1607 potius
1495 1569 1770 1608 comperendinatio
1794 1579 1808 1596 a
1831 1568 1930 1597 iudice
1951 1568 2047 1598 fiebat.
2089 1567 2179 1598 Com-

225 1608 415 1649 perendinare
431 1615 528 1639 autem
544 1616 603 1647 est,
627 1612 670 1639 rei
686 1611 830 1640 iudicium
852 1612 881 1639 in
904 1611 1063 1640 secundam
1086 1612 1232 1640 actionem
1258 1613 1398 1651 perendie
1420 1611 1586 1640 habendam
1611 1611 1795 1646 diffundere,
1821 1611 1936 1639 tametsi
1953 1610 2045 1649 prima
2064 1612 2177 1641 actione

228 1651 369 1680 iudicium
392 1652 456 1681 fieri
479 1654 626 1692 potuerit,
650 1654 706 1681 nisi
729 1653 760 1681 id
784 1654 832 1683 lex
855 1653 969 1682 iuberet
993 1654 1129 1693 proferri.
1174 1655 1210 1683 Et
1232 1655 1331 1684 differt
1354 1654 1618 1693 comperendinare
1641 1654 1675 1682 ab
1700 1653 1856 1692 ampliare,
1881 1653 1961 1691 quod
1983 1653 2076 1683 iudex
2098 1654 2179 1684 iube-

229 1698 277 1723 tur
300 1696 578 1734 comperendinare,
600 1696 670 1724 licet
693 1696 716 1724 ei
741 1701 856 1725 constet
879 1696 915 1724 de
940 1707 1043 1725 caussa
1066 1697 1125 1733 rei,
1151 1697 1224 1725 adeo
1248 1702 1280 1726 ut
1304 1697 1397 1736 possit
1421 1697 1514 1735 prima
1538 1697 1656 1725 actione
1679 1696 1828 1733 iudicare3
1858 1695 2000 1734 ampliare
2023 1705 2095 1725 vero
2117 1707 2178 1726 non

229 1737 358 1775 cogitur,
381 1738 432 1766 sed
456 1738 579 1777 ampliat
603 1749 656 1776 pro
680 1738 811 1767 arbitrio.
847 1739 919 1767 Item
944 1740 1188 1778 comperendinat
1210 1741 1300 1769 semel
1323 1745 1446 1768 tantum.
1480 1740 1518 1768 At
1541 1739 1657 1777 quoties
1680 1739 1778 1775 lubet,
1802 1738 1944 1777 ampliare
1966 1743 2072 1777 potest.
2105 1739 2178 1770 Item

231 1780 474 1819 comperendinet
496 1791 556 1809 uno
579 1785 694 1809 tantum
717 1781 872 1810 interiecto
896 1781 959 1817 die,
994 1782 1069 1810 inter
1093 1782 1216 1821 primam
1241 1787 1269 1811 et
1291 1782 1451 1811 secundam
1474 1782 1635 1817 actionem
1669 1781 1793 1820 ampliat
1815 1790 1885 1809 vero
1909 1781 2083 1810 intermissis
2106 1787 2180 1821 quot

230 1821 311 1850 lubet
339 1822 454 1851 diebus.
499 1823 557 1851 Cic.
578 1823 661 1852 Verr.
679 1823 736 1860 III,
761 1826 811 1855 26.
837 1822 958 1863 (0-9.):
997 1822 1125 1854 Glaucia
1146 1826 1273 1863 primum
1296 1824 1363 1854 tulit
1386 1832 1417 1853 ut
1439 1823 1742 1864 comperendinaretur
1764 1835 1842 1859 reus,
1877 1830 1962 1852 antea
1984 1822 2030 1852 vel
2050 1822 2180 1857 iudicari

230 1864 323 1901 primo
345 1872 474 1903 poterat,
500 1864 547 1894 vel
567 1865 694 1905 amplius
714 1867 910 1905 pronuntiari.
955 1867 1055 1902 Quare
1078 1869 1190 1905 optime
1214 1867 1553 1907 comperendinationem
1576 1866 1668 1895 tridui
1692 1866 1862 1895 dilationem
1886 1866 2007 1895 Glossae
2029 1866 2179 1907 interpre-

233 1908 339 1933 tantur.
384 1907 662 1946 Comperendinatio
685 1906 843 1948 τριήμερος
865 1906 1036 1946 ὑπέρθεσις.
1082 1909 1196 1938 Dicitur
1219 1915 1247 1939 et
1270 1908 1541 1950 comperendinatus
1564 1909 1648 1938 Verr.
1665 1909 1719 1945 111,
1743 1911 1794 1940 26.
1819 1909 1926 1946 (c.9.):
1952 1907 2068 1938 Adime
2091 1920 2178 1939 com-

231 1946 464 1986 perendinatum‚
495 1949 576 1991 quod
597 1950 683 1979 hahet
706 1949 758 1980 lex
780 1950 1014 1980 molestissimum
1040 1951 1083 1980 bis
1105 1959 1136 1980 ut
1159 1963 1265 1982 caussa
1288 1951 1414 1982 dicatur.
1440 1952 1528 1981 Duc.
1573 1952 1647 1980 Vide
1671 1952 1830 1980 Asconium
1853 1951 1883 1980 in
1906 1957 2043 1990 praetura
2065 1952 2178 1981 urbana

237 1986 335 2062 migr]
356 1990 492 2062 VGei-re11p3
522 1997 550 2022 et
573 1992 745 2023 Ciceronem
767 2004 824 2033 pro
848 1993 987 2023 Muraena
1008 1997 1058 2027 10.
1096 1994 1170 2026 Gell.
1186 1995 1294 2024 xxiv.
1316 1997 1343 2033 §.
1354 1998 1385 2027 7.
1409 2005 1474 2035 cap.
1489 1997 1516 2027 1.
1557 1993 1635 2024 Hinc
1656 1994 1720 2023 dies
1742 1994 1976 2037 comperendiui.
2008 1994 2177 2027 Macrob.1.

235 2039 261 2059 c.
319 2052 327 2060 .
403 2041 438 2061 ot
466 2055 473 2062 .

396 2081 508 2113 Rana.
552 2085 654 2114 Festus
683 2085 732 2115 hic
756 2091 785 2115 et
807 2087 901 2116 verbo
922 2087 1030 2116 Bavim
1054 2086 1130 2115 duos
1152 2097 1256 2116 versus
1279 2088 1374 2117 Plauti
1396 2088 1503 2124 refert,
1539 2098 1614 2126 quos
1637 2087 1725 2117 etiam
1747 2087 1860 2116 Nonius
1884 2086 1962 2127 (pag.
1978 2088 2049 2120 164.
2071 2087 2176 2127 Mei-c.)

235 2121 341 2169 adfert.
386 2122 470 2152 Alter
493 2131 536 2154 est
557 2127 587 2154 in
611 2129 709 2157 Aulul.
733 2129 790 2166 (11,
816 2131 853 2165 5,
880 2130 957 2167 10.):
998 2128 1055 2158 Ubi
1077 2130 1102 2158 si
1124 2128 1196 2169 quid
1216 2141 1388 2169 poscamus,
1420 2129 1461 2159 ad
1483 2131 1576 2159 ravim
1596 2141 1754 2170 poscamus
1774 2131 1865 2169 prius.
1909 2130 1992 2160 Alter
2014 2131 2045 2160 iu
2069 2131 2177 2163 Cistel-

235 2163 306 2192 131‘13
327 2162 424 2212 (apqd.
442 2166 513 2195 NOR-
536 2178 599 2205 pag.
614 2171 683 2201 164.
708 2171 829 2210 Merc.):
851 2170 1035 2210 Expurgabo
1058 2171 1153 2201 hercle
1175 2173 1273 2202 omnia
1295 2172 1335 2202 ad
1354 2184 1478 2202 raucam
1501 2173 1604 2202 ravim.
1628 2172 1714 2201 Ant.
1739 2172 1833 2211 Aug.
1874 2173 1973 2201 Ravus
1995 2174 2118 2213 proprie
2140 2174 2177 2203 de

236 2206 338 2234 colore
366 2206 491 2254 dieitur,
525 2220 612 2246 quein
641 2222 694 2240 nos
723 2214 813 2251 vulgo
842 2214 969 2243 dicimus
992 2225 1072 2243 τουπ,-
1094 2213 1212 2251 ardent,
1249 2216 1334 2253 quasi
1357 2214 1495 2252 rabidus,
1529 2215 1701 2245 ravistellus
1724 2220 1752 2244 et
1771 2215 1947 2245 ravastellus
1970 2227 2008 2245 un
2031 2227 2175 2248 rousseoeu.

237 2248 311 2277 Inde
333 2248 369 2296 ad
391 2249 446 2277 aha
470 2251 590 2287 quaevis
613 2262 688 2289 quae
710 2255 787 2284 ssava
810 2262 907 2286 essent
934 2262 962 2286 et
984 2262 1117 2292 matura,
1151 2258 1288 2287 traducta
1312 2263 1356 2287 est
1376 2268 1438 2287 vox
1461 2269 1554 2286 ravus.
1599 2258 1647 2286 Sic
1665 2258 1824 2300 frumenta
1845 2269 1932 2294 rava,
1966 2257 1999 2287 id
2021 2264 2065 2289 est
2076 2260 2174 2299 flava.

237 2290 308 2319 tude
330 2296 415 2319 etiam
439 2293 516 2339 ranis
538 2297 566 2320 et
588 2304 657 2320 rava
678 2306 755 2333 vox,
780 2308 839 2327 vox
861 2308 969 2336 rauca,
993 2309 1060 2327 cum
1082 2299 1200 2329 scilicet
1222 2300 1258 2329 ob
1281 2300 1401 2329 nimiam
1424 2301 1587 2330 siccitatem
1609 2310 1669 2329 vox
1692 2301 1848 2330 raucescit.
1893 2301 1976 2336 Quae
1997 2300 2049 2330 hic
2070 2300 2175 2330 lauda-

237 2332 347 2361 bantur
363 2334 506 2362 eLssclho
528 2334 560 2362 in
581 2334 644 2362 eius
666 2336 834 2373 fragmentis
856 2341 946 2371 hodie
968 2342 1077 2370 frustra
1101 2352 1234 2380 quaeras.
1255 2342 1312 2371 Da
1322 2354 1345 2373 c.
1373 2343 1459 2372 Rava
1475 2354 1544 2373 vox.
1569 2341 1699 2374 Babula.
1726 2342 1801 2372 Vide
1816 2353 1908 2382 supra
1921 2343 2044 2374 Rabula.
2070 2341 2173 2372 Goth.

341 2424 348 2431 ·
401 2383 533 2431 Rpuu-
576 2385 681 2412 Caesar
705 2385 846 2423 Vopiscus
873 2401 941 2419 cum
969 2401 1103 2419 caussam
1133 2393 1213 2431 apud
1237 2394 1378 2422 Censores
1408 2398 1521 2431 ageret,
1563 2403 1684 2432 campos
1707 2395 1819 2423 Roseae
1844 2394 1923 2422 dixit
1943 2394 2046 2422 Italiae
2071 2402 2174 2422 sumen

241 2436 317 2462 esse,
339 2435 371 2454 m
394 2425 498 2464 quibus
520 2427 649 2467 perticas
669 2428 784 2466 priedie
805 2431 922 2460 relictas
944 2442 1062 2470 gramen
1087 2435 1228 2472 operiret.
1258 2436 1318 2464 Sed
1340 2446 1398 2465 uon
1417 2436 1475 2466 nisi
1497 2435 1534 2464 ad
1556 2436 1699 2474 pabulum
1721 2436 1897 2475 probantur.
1921 2436 1995 2465 Plio.
2017 2435 2066 2464 lib.
2079 2435 2171 2465 XVII.
