<?xml version="1.0" encoding="UTF-8"?>
<!DOCTYPE html PUBLIC "-//W3C//DTD XHTML 1.0 Transitional//EN"
    "http://www.w3.org/TR/xhtml1/DTD/xhtml1-transitional.dtd">
<html xmlns="http://www.w3.org/1999/xhtml" xml:lang="en" lang="en">
 <head>
  <title>
</title>
<meta http-equiv="Content-Type" content="text/html;charset=utf-8" />
  <meta name='ocr-system' content='tesseract 3.04.00' />
  <meta name='ocr-capabilities' content='ocr_page ocr_carea ocr_par ocr_line ocrx_word'/>
</head>
<body>
  <div class='ocr_page' id='page_1' title='image "./corpusgrammatico01linduoft_0245.png"; bbox 0 0 2263 2668; ppageno 0'>
   <div class='ocr_carea' id='block_1_1' title="bbox 742 138 1369 175">
    <p class='ocr_par' dir='ltr' id='par_1_1' title="bbox 742 138 1369 175">
     <span class='ocr_line' id='line_1_1' title="bbox 742 138 1369 175; baseline 0 -1"><span class='ocrx_word' id='word_1_1' title='bbox 742 140 972 175; x_wconf 83' lang='lat' dir='ltr'><em>EXEMPLA</em></span> <span class='ocrx_word' id='word_1_2' title='bbox 1005 138 1369 174; x_wconf 79' lang='lat' dir='ltr'><em>ELOCUTIONUM.</em></span> 
     </span>
    </p>
   </div>
   <div class='ocr_carea' id='block_1_2' title="bbox 1949 144 2023 179">
    <p class='ocr_par' dir='ltr' id='par_1_2' title="bbox 1949 144 2023 179">
     <span class='ocr_line' id='line_1_2' title="bbox 1949 144 2023 179; baseline 0.014 -1"><span class='ocrx_word' id='word_1_3' title='bbox 1949 144 2023 179; x_wconf 84' lang='lat'><em>229</em></span> 
     </span>
    </p>
   </div>
   <div class='ocr_carea' id='block_1_3' title="bbox 78 228 2021 592">
    <p class='ocr_par' dir='ltr' id='par_1_3' title="bbox 79 228 1329 280">
     <span class='ocr_line' id='line_1_3' title="bbox 79 228 1329 280; baseline -0.002 -12"><span class='ocrx_word' id='word_1_4' title='bbox 79 233 215 268; x_wconf 82' lang='lat' dir='ltr'><em>Effoeta</em></span> <span class='ocrx_word' id='word_1_5' title='bbox 240 232 338 266; x_wconf 79' lang='lat' dir='ltr'><em>huius</em></span> <span class='ocrx_word' id='word_1_6' title='bbox 364 228 453 267; x_wconf 81' lang='lat' dir='ltr'><em>rei²⁰.</em></span> <span class='ocrx_word' id='word_1_7' title='bbox 480 232 574 277; x_wconf 85' lang='lat' dir='ltr'><em>Virg.</em></span> <span class='ocrx_word' id='word_1_8' title='bbox 601 232 685 265; x_wconf 88' lang='lat' dir='ltr'><em>Aen.</em></span> <span class='ocrx_word' id='word_1_9' title='bbox 712 232 801 268; x_wconf 84' lang='lat' dir='ltr'>VIL:</span> <span class='ocrx_word' id='word_1_10' title='bbox 833 233 980 279; x_wconf 78' lang='lat' dir='ltr'><em>Verique</em></span> <span class='ocrx_word' id='word_1_11' title='bbox 1007 231 1137 280; x_wconf 75' lang='lat' dir='ltr'><em>effoeta</em></span> <span class='ocrx_word' id='word_1_12' title='bbox 1163 237 1329 266; x_wconf 81' lang='lat' dir='ltr'><em>senectus.</em></span> 
     </span>
    </p>

    <p class='ocr_par' dir='ltr' id='par_1_4' title="bbox 78 280 2021 381">
     <span class='ocr_line' id='line_1_4' title="bbox 78 280 2021 334; baseline 0.002 -15"><span class='ocrx_word' id='word_1_13' title='bbox 78 286 140 319; x_wconf 80' lang='lat' dir='ltr'><em>Est</em></span> <span class='ocrx_word' id='word_1_14' title='bbox 163 296 308 319; x_wconf 87' lang='lat' dir='ltr'><em>cernere.</em></span> <span class='ocrx_word' id='word_1_15' title='bbox 336 283 455 330; x_wconf 87' lang='lat' dir='ltr'><em>virgil.</em></span> <span class='ocrx_word' id='word_1_16' title='bbox 475 285 558 318; x_wconf 86' lang='lat' dir='ltr'><em>Aen.</em></span> <span class='ocrx_word' id='word_1_17' title='bbox 576 280 683 317; x_wconf 78' lang='lat' dir='ltr'><em>V1.²¹:</em></span> <span class='ocrx_word' id='word_1_18' title='bbox 719 284 852 319; x_wconf 82' lang='lat' dir='ltr'><strong><em>Terrae</em></strong></span> <span class='ocrx_word' id='word_1_19' title='bbox 877 285 1116 329; x_wconf 73' lang='lat' dir='ltr'><em>omnipotentis</em></span> <span class='ocrx_word' id='word_1_20' title='bbox 1143 284 1322 317; x_wconf 83' lang='lat' dir='ltr'><em>alumnum</em></span> <span class='ocrx_word' id='word_1_21' title='bbox 1356 284 1507 318; x_wconf 72' lang='lat' dir='ltr'><em>Cernere</em></span> <span class='ocrx_word' id='word_1_22' title='bbox 1533 290 1621 321; x_wconf 87' lang='lat' dir='ltr'><em>erat.</em></span> <span class='ocrx_word' id='word_1_23' title='bbox 1663 286 1708 320; x_wconf 82' lang='lat' dir='ltr'><em>Et</em></span> <span class='ocrx_word' id='word_1_24' title='bbox 1742 287 1871 334; x_wconf 82' lang='lat' dir='ltr'><em>Georg.</em></span> <span class='ocrx_word' id='word_1_25' title='bbox 1907 287 2021 323; x_wconf 80' lang='lat' dir='ltr'><em>1V.²²:</em></span> 
     </span>
     <span class='ocr_line' id='line_1_5' title="bbox 180 332 1720 381; baseline 0.001 -12"><span class='ocrx_word' id='word_1_26' title='bbox 180 336 303 381; x_wconf 83' lang='lat' dir='ltr'><em>Neque</em></span> <span class='ocrx_word' id='word_1_27' title='bbox 330 339 380 369; x_wconf 85' lang='lat' dir='ltr'><em>est</em></span> <span class='ocrx_word' id='word_1_28' title='bbox 413 340 447 369; x_wconf 91' lang='lat' dir='ltr'><em>te</em></span> <span class='ocrx_word' id='word_1_29' title='bbox 464 334 603 380; x_wconf 82' lang='lat' dir='ltr'><em>fallere</em></span> <span class='ocrx_word' id='word_1_30' title='bbox 629 336 823 381; x_wconf 80' lang='lat' dir='ltr'><em>quiequam.</em></span> <span class='ocrx_word' id='word_1_31' title='bbox 848 337 893 370; x_wconf 89' lang='lat' dir='ltr'><em>Et</em></span> <span class='ocrx_word' id='word_1_32' title='bbox 918 332 1089 370; x_wconf 79' lang='lat' dir='ltr'><em>Bucol.²³:</em></span> <span class='ocrx_word' id='word_1_33' title='bbox 1116 334 1192 369; x_wconf 83' lang='lat' dir='ltr'><em>Nec</em></span> <span class='ocrx_word' id='word_1_34' title='bbox 1217 335 1261 368; x_wconf 74' lang='lat' dir='ltr'><em>sit</em></span> <span class='ocrx_word' id='word_1_35' title='bbox 1287 335 1373 368; x_wconf 72' lang='lat' dir='ltr'><em>mihi</em></span> <span class='ocrx_word' id='word_1_36' title='bbox 1399 336 1545 369; x_wconf 81' lang='lat' dir='ltr'><em>eredere</em></span> <span class='ocrx_word' id='word_1_37' title='bbox 1574 341 1720 372; x_wconf 81' lang='lat' dir='ltr'><em>tantum.</em></span> 
     </span>
    </p>

    <p class='ocr_par' dir='ltr' id='par_1_5' title="bbox 79 385 1723 433">
     <span class='ocr_line' id='line_1_6' title="bbox 79 385 1723 433; baseline 0.001 -12"><span class='ocrx_word' id='word_1_38' title='bbox 79 387 225 432; x_wconf 83' lang='lat' dir='ltr'><em>Excipio</em></span> <span class='ocrx_word' id='word_1_39' title='bbox 252 388 301 420; x_wconf 84' lang='lat' dir='ltr'><em>itti</em></span> <span class='ocrx_word' id='word_1_40' title='bbox 327 388 383 421; x_wconf 86' lang='lat' dir='ltr'><em>rei.</em></span> <span class='ocrx_word' id='word_1_41' title='bbox 416 387 511 419; x_wconf 82' lang='lat' dir='ltr'><strong>Idem</strong></span> <span class='ocrx_word' id='word_1_42' title='bbox 535 387 617 421; x_wconf 90' lang='lat' dir='ltr'><em>Aen.</em></span> <span class='ocrx_word' id='word_1_43' title='bbox 640 385 747 420; x_wconf 78' lang='lat' dir='ltr'><em>lx.²⁴:</em></span> <span class='ocrx_word' id='word_1_44' title='bbox 773 388 964 433; x_wconf 75' lang='lat' dir='ltr'><em>Excipiam</em></span> <span class='ocrx_word' id='word_1_45' title='bbox 990 388 1093 428; x_wconf 83' lang='lat' dir='ltr'><em>sorti,</em></span> <span class='ocrx_word' id='word_1_46' title='bbox 1121 388 1193 419; x_wconf 75' lang='lat' dir='ltr'><em>iam</em></span> <span class='ocrx_word' id='word_1_47' title='bbox 1219 398 1309 421; x_wconf 82' lang='lat' dir='ltr'><em>nunc</em></span> <span class='ocrx_word' id='word_1_48' title='bbox 1334 391 1397 419; x_wconf 81' lang='lat' dir='ltr'><em>tua</em></span> <span class='ocrx_word' id='word_1_49' title='bbox 1418 388 1600 432; x_wconf 77' lang='lat' dir='ltr'><em>praemia,</em></span> <span class='ocrx_word' id='word_1_50' title='bbox 1628 388 1723 422; x_wconf 79' lang='lat' dir='ltr'><em>Nise.</em></span> 
     </span>
    </p>

    <p class='ocr_par' dir='ltr' id='par_1_6' title="bbox 79 436 1724 482">
     <span class='ocr_line' id='line_1_7' title="bbox 79 436 1724 482; baseline 0.001 -10"><span class='ocrx_word' id='word_1_51' title='bbox 79 439 179 472; x_wconf 84' lang='lat' dir='ltr'>Exuit</span> <span class='ocrx_word' id='word_1_52' title='bbox 205 439 271 472; x_wconf 88' lang='lat' dir='ltr'><em>hac</em></span> <span class='ocrx_word' id='word_1_53' title='bbox 297 450 333 471; x_wconf 89' lang='lat' dir='ltr'><em>re</em></span> <span class='ocrx_word' id='word_1_54' title='bbox 358 438 450 470; x_wconf 82' lang='lat' dir='ltr'><em>ittam</em></span> <span class='ocrx_word' id='word_1_55' title='bbox 475 449 555 471; x_wconf 83' lang='lat' dir='ltr'><em>rem.</em></span> <span class='ocrx_word' id='word_1_56' title='bbox 584 437 654 471; x_wconf 89' lang='lat' dir='ltr'>Cic.</span> <span class='ocrx_word' id='word_1_57' title='bbox 681 450 743 482; x_wconf 91' lang='lat' dir='ltr'><em>pro</em></span> <span class='ocrx_word' id='word_1_58' title='bbox 771 436 927 473; x_wconf 80' lang='lat' dir='ltr'><em>Deiot.²⁵:</em></span> <span class='ocrx_word' id='word_1_59' title='bbox 953 439 1076 472; x_wconf 86' lang='lat' dir='ltr'><em>Nonne</em></span> <span class='ocrx_word' id='word_1_60' title='bbox 1104 449 1238 471; x_wconf 85' lang='lat' dir='ltr'><em>omnem</em></span> <span class='ocrx_word' id='word_1_61' title='bbox 1265 438 1518 472; x_wconf 75' lang='lat' dir='ltr'><em>humanitatem</em></span> <span class='ocrx_word' id='word_1_62' title='bbox 1545 439 1724 474; x_wconf 73' lang='lat' dir='ltr'><em>exuisses?</em></span> 
     </span>
    </p>

    <p class='ocr_par' dir='ltr' id='par_1_7' title="bbox 79 487 1246 533">
     <span class='ocr_line' id='line_1_8' title="bbox 79 487 1246 533; baseline -0.001 -10"><span class='ocrx_word' id='word_1_63' title='bbox 79 490 210 523; x_wconf 83' lang='lat' dir='ltr'><em>Exosus</em></span> <span class='ocrx_word' id='word_1_64' title='bbox 235 489 330 525; x_wconf 89' lang='lat' dir='ltr'><em>illud.</em></span> <span class='ocrx_word' id='word_1_65' title='bbox 356 489 450 533; x_wconf 82' lang='lat' dir='ltr'><em>Virg.</em></span> <span class='ocrx_word' id='word_1_66' title='bbox 477 490 559 521; x_wconf 88' lang='lat' dir='ltr'><em>Aen.</em></span> <span class='ocrx_word' id='word_1_67' title='bbox 587 487 710 522; x_wconf 75' lang='lat' dir='ltr'><em>xt1.²‘¹&#39;:</em></span> <span class='ocrx_word' id='word_1_68' title='bbox 737 490 893 523; x_wconf 68' lang='lat' dir='ltr'><em>Exosum</em></span> <span class='ocrx_word' id='word_1_69' title='bbox 920 490 1014 523; x_wconf 83' lang='lat' dir='ltr'><em>bella</em></span> <span class='ocrx_word' id='word_1_70' title='bbox 1040 490 1246 522; x_wconf 69' lang='lat' dir='ltr'><em>Blenoetem.</em></span> 
     </span>
    </p>

    <p class='ocr_par' dir='ltr' id='par_1_8' title="bbox 79 536 2020 592">
     <span class='ocr_line' id='line_1_9' title="bbox 79 536 2020 592; baseline 0.002 -18"><span class='ocrx_word' id='word_1_71' title='bbox 79 541 228 575; x_wconf 82' lang='lat' dir='ltr'><em>Extorris</em></span> <span class='ocrx_word' id='word_1_72' title='bbox 254 541 316 574; x_wconf 82' lang='lat' dir='ltr'><em>his.</em></span> <span class='ocrx_word' id='word_1_73' title='bbox 340 540 434 585; x_wconf 84' lang='lat' dir='ltr'><em>Virg.</em></span> <span class='ocrx_word' id='word_1_74' title='bbox 461 541 545 573; x_wconf 90' lang='lat' dir='ltr'><em>Aen.</em></span> <span class='ocrx_word' id='word_1_75' title='bbox 573 537 681 574; x_wconf 81' lang='lat' dir='ltr'><em>1V.²⁷:</em></span> <span class='ocrx_word' id='word_1_76' title='bbox 700 541 843 575; x_wconf 77' lang='lat' dir='ltr'><strong><em>Finibus</em></strong></span> <span class='ocrx_word' id='word_1_77' title='bbox 870 542 1028 575; x_wconf 73' lang='lat' dir='ltr'><em>extorris.</em></span> <span class='ocrx_word' id='word_1_78' title='bbox 1064 541 1183 574; x_wconf 80' lang='lat' dir='ltr'><em>Salust.</em></span> <span class='ocrx_word' id='word_1_79' title='bbox 1210 541 1295 574; x_wconf 81' lang='lat' dir='ltr'><em>Hist.</em></span> <span class='ocrx_word' id='word_1_80' title='bbox 1317 536 1411 573; x_wconf 75' lang='lat'><em>11.²⁸:</em></span> <span class='ocrx_word' id='word_1_81' title='bbox 1452 539 1547 574; x_wconf 81' lang='lat' dir='ltr'><em>Orbe</em></span> <span class='ocrx_word' id='word_1_82' title='bbox 1580 546 1759 575; x_wconf 83' lang='lat' dir='ltr'><em>terrarum</em></span> <span class='ocrx_word' id='word_1_83' title='bbox 1792 554 1853 577; x_wconf 75' lang='lat' dir='ltr'><em>ex-</em></span> <span class='ocrx_word' id='word_1_84' title='bbox 1907 542 2020 592; x_wconf 82' lang='lat'>[515]</span> 
     </span>
    </p>
   </div>
   <div class='ocr_carea' id='block_1_4' title="bbox 180 596 303 625">
    <p class='ocr_par' dir='ltr' id='par_1_9' title="bbox 180 596 303 625">
     <span class='ocr_line' id='line_1_10' title="bbox 180 596 303 625; baseline -0.016 0"><span class='ocrx_word' id='word_1_85' title='bbox 180 596 303 625; x_wconf 86' lang='lat' dir='ltr'><em>torres.</em></span> 
     </span>
    </p>
   </div>
   <div class='ocr_carea' id='block_1_5' title="bbox 79 638 2017 692">
    <p class='ocr_par' dir='ltr' id='par_1_10' title="bbox 79 638 2017 692">
     <span class='ocr_line' id='line_1_11' title="bbox 79 638 2017 692; baseline 0.002 -16"><span class='ocrx_word' id='word_1_86' title='bbox 79 643 235 677; x_wconf 89' lang='lat' dir='ltr'><em>Edormit</em></span> <span class='ocrx_word' id='word_1_87' title='bbox 261 642 338 675; x_wconf 97' lang='grc'><strong>1100.</strong></span> <span class='ocrx_word' id='word_1_88' title='bbox 374 642 508 676; x_wconf 86' lang='lat' dir='ltr'><em>Terent.</em></span> <span class='ocrx_word' id='word_1_89' title='bbox 542 640 695 686; x_wconf 84' lang='lat' dir='ltr'><strong>Adelph.</strong></span> <span class='ocrx_word' id='word_1_90' title='bbox 707 638 747 675; x_wconf 71' lang='lat'><em>²⁹:</em></span> <span class='ocrx_word' id='word_1_91' title='bbox 772 642 1021 677; x_wconf 81' lang='lat' dir='ltr'><em>Edormiscam</em></span> <span class='ocrx_word' id='word_1_92' title='bbox 1048 643 1113 676; x_wconf 81' lang='lat' dir='ltr'><em>hoe</em></span> <span class='ocrx_word' id='word_1_93' title='bbox 1138 643 1217 676; x_wconf 80' lang='lat' dir='ltr'><em>vini.</em></span> <span class='ocrx_word' id='word_1_94' title='bbox 1253 642 1323 676; x_wconf 86' lang='lat' dir='ltr'><strong>Cic.</strong></span> <span class='ocrx_word' id='word_1_95' title='bbox 1350 641 1502 687; x_wconf 71' lang='lat' dir='ltr'><em>Philipp.</em></span> <span class='ocrx_word' id='word_1_96' title='bbox 1528 643 1569 678; x_wconf 90' lang='grc' dir='ltr'><em>ΙΙ.</em></span> <span class='ocrx_word' id='word_1_97' title='bbox 1579 640 1618 678; x_wconf 84' lang='lat'><em>³⁰:</em></span> <span class='ocrx_word' id='word_1_98' title='bbox 1651 644 1804 679; x_wconf 82' lang='lat' dir='ltr'><em>Edormi</em></span> <span class='ocrx_word' id='word_1_99' title='bbox 1831 647 2017 692; x_wconf 76' lang='lat' dir='ltr'><em>crapulam</em></span> 
     </span>
    </p>
   </div>
   <div class='ocr_carea' id='block_1_6' title="bbox 183 693 384 726">
    <p class='ocr_par' dir='ltr' id='par_1_11' title="bbox 183 693 384 726">
     <span class='ocr_line' id='line_1_12' title="bbox 183 693 384 726; baseline 0 0"><span class='ocrx_word' id='word_1_100' title='bbox 183 697 216 726; x_wconf 83' lang='lat' dir='ltr'><em>et</em></span> <span class='ocrx_word' id='word_1_101' title='bbox 242 693 384 726; x_wconf 78' lang='lat' dir='ltr'><em>exhula.</em></span> 
     </span>
    </p>
   </div>
   <div class='ocr_carea' id='block_1_7' title="bbox 78 758 2022 962">
    <p class='ocr_par' dir='ltr' id='par_1_12' title="bbox 79 758 1649 808">
     <span class='ocr_line' id='line_1_13' title="bbox 79 758 1649 808; baseline 0.001 -12"><span class='ocrx_word' id='word_1_102' title='bbox 79 762 133 796; x_wconf 85' lang='lat' dir='ltr'><em>Ex</em></span> <span class='ocrx_word' id='word_1_103' title='bbox 158 761 350 797; x_wconf 85' lang='lat' dir='ltr'><em>commodo.</em></span> <span class='ocrx_word' id='word_1_104' title='bbox 378 761 498 795; x_wconf 85' lang='lat' dir='ltr'><em>Salust.</em></span> <span class='ocrx_word' id='word_1_105' title='bbox 524 762 598 806; x_wconf 86' lang='lat' dir='ltr'><em>lug.</em></span> <span class='ocrx_word' id='word_1_106' title='bbox 608 758 648 794; x_wconf 77' lang='lat'><em>³¹:</em></span> <span class='ocrx_word' id='word_1_107' title='bbox 675 761 805 795; x_wconf 67' lang='lat' dir='ltr'><em>BIelz&#39;us</em></span> <span class='ocrx_word' id='word_1_108' title='bbox 831 773 904 796; x_wconf 88' lang='lat' dir='ltr'><em>esse</em></span> <span class='ocrx_word' id='word_1_109' title='bbox 929 765 1029 795; x_wconf 83' lang='lat' dir='ltr'><em>ratus</em></span> <span class='ocrx_word' id='word_1_110' title='bbox 1056 773 1100 795; x_wconf 72' lang='lat' dir='ltr'><em>ex</em></span> <span class='ocrx_word' id='word_1_111' title='bbox 1126 761 1307 795; x_wconf 79' lang='lat' dir='ltr'><em>commodo</em></span> <span class='ocrx_word' id='word_1_112' title='bbox 1329 772 1494 807; x_wconf 80' lang='lat' dir='ltr'><em>pugnam</em></span> <span class='ocrx_word' id='word_1_113' title='bbox 1510 763 1649 808; x_wconf 80' lang='lat' dir='ltr'><em>faeere.</em></span> 
     </span>
    </p>

    <p class='ocr_par' dir='ltr' id='par_1_13' title="bbox 80 809 1625 858">
     <span class='ocr_line' id='line_1_14' title="bbox 80 809 1625 858; baseline 0.001 -12"><span class='ocrx_word' id='word_1_114' title='bbox 80 813 236 847; x_wconf 82' lang='lat' dir='ltr'><em>Escendo</em></span> <span class='ocrx_word' id='word_1_115' title='bbox 264 825 397 857; x_wconf 88' lang='lat' dir='ltr'><em>equum.</em></span> <span class='ocrx_word' id='word_1_116' title='bbox 432 814 551 847; x_wconf 84' lang='lat' dir='ltr'><em>Salust.</em></span> <span class='ocrx_word' id='word_1_117' title='bbox 578 809 703 857; x_wconf 81' lang='lat' dir='ltr'><em>lug.³²:</em></span> <span class='ocrx_word' id='word_1_118' title='bbox 730 813 824 847; x_wconf 86' lang='lat' dir='ltr'><em>Pars</em></span> <span class='ocrx_word' id='word_1_119' title='bbox 851 824 953 858; x_wconf 81' lang='lat' dir='ltr'><em>equos</em></span> <span class='ocrx_word' id='word_1_120' title='bbox 980 814 1183 855; x_wconf 81' lang='lat' dir='ltr'><em>escendere,</em></span> <span class='ocrx_word' id='word_1_121' title='bbox 1223 812 1360 846; x_wconf 76' lang='lat' dir='ltr'><em>obviam</em></span> <span class='ocrx_word' id='word_1_122' title='bbox 1387 814 1439 847; x_wconf 81' lang='lat' dir='ltr'><em>ire</em></span> <span class='ocrx_word' id='word_1_123' title='bbox 1465 814 1625 848; x_wconf 78' lang='lat' dir='ltr'><em>hostibus.</em></span> 
     </span>
    </p>

    <p class='ocr_par' dir='ltr' id='par_1_14' title="bbox 79 861 1715 911">
     <span class='ocr_line' id='line_1_15' title="bbox 79 861 1715 911; baseline 0.001 -13"><span class='ocrx_word' id='word_1_124' title='bbox 79 865 236 909; x_wconf 87' lang='lat' dir='ltr'><em>Erumpit</em></span> <span class='ocrx_word' id='word_1_125' title='bbox 262 877 297 898; x_wconf 87' lang='lat' dir='ltr'><em>se</em></span> <span class='ocrx_word' id='word_1_126' title='bbox 323 865 409 898; x_wconf 86' lang='lat' dir='ltr'><em>inde.</em></span> <span class='ocrx_word' id='word_1_127' title='bbox 444 865 539 909; x_wconf 71' lang='lat' dir='ltr'><em>virg.</em></span> <span class='ocrx_word' id='word_1_128' title='bbox 565 865 694 908; x_wconf 84' lang='lat' dir='ltr'><em>Georg.</em></span> <span class='ocrx_word' id='word_1_129' title='bbox 723 861 833 898; x_wconf 79' lang='lat' dir='ltr'><em>1v.³²³:</em></span> <span class='ocrx_word' id='word_1_130' title='bbox 881 865 983 898; x_wconf 84' lang='lat' dir='ltr'><em>Unde</em></span> <span class='ocrx_word' id='word_1_131' title='bbox 1015 866 1108 898; x_wconf 82' lang='lat' dir='ltr'><em>altus</em></span> <span class='ocrx_word' id='word_1_132' title='bbox 1129 865 1285 909; x_wconf 60' lang='lat' dir='ltr'><em>prunum</em></span> <span class='ocrx_word' id='word_1_133' title='bbox 1312 876 1349 897; x_wconf 87' lang='lat' dir='ltr'><em>se</em></span> <span class='ocrx_word' id='word_1_134' title='bbox 1375 867 1525 910; x_wconf 78' lang='lat' dir='ltr'><em>erumpit</em></span> <span class='ocrx_word' id='word_1_135' title='bbox 1551 866 1715 911; x_wconf 78' lang='lat' dir='ltr'><em>Enipeus.</em></span> 
     </span>
    </p>

    <p class='ocr_par' dir='ltr' id='par_1_15' title="bbox 78 912 2022 962">
     <span class='ocr_line' id='line_1_16' title="bbox 78 912 2022 962; baseline 0.002 -12"><span class='ocrx_word' id='word_1_136' title='bbox 78 916 235 960; x_wconf 83' lang='lat' dir='ltr'><em>Emergit</em></span> <span class='ocrx_word' id='word_1_137' title='bbox 261 928 305 949; x_wconf 80' lang='lat' dir='ltr'><em>se.</em></span> <span class='ocrx_word' id='word_1_138' title='bbox 348 916 466 949; x_wconf 81' lang='lat' dir='ltr'><em>Salust.</em></span> <span class='ocrx_word' id='word_1_139' title='bbox 494 916 579 948; x_wconf 85' lang='lat' dir='ltr'><em>Hist.</em></span> <span class='ocrx_word' id='word_1_140' title='bbox 605 912 716 948; x_wconf 80' lang='lat' dir='ltr'><em>1v.³⁸:</em></span> <span class='ocrx_word' id='word_1_141' title='bbox 749 915 818 949; x_wconf 75' lang='lat' dir='ltr'><em>Ubi</em></span> <span class='ocrx_word' id='word_1_142' title='bbox 842 928 879 950; x_wconf 90' lang='lat' dir='ltr'><em>se</em></span> <span class='ocrx_word' id='word_1_143' title='bbox 905 916 1042 950; x_wconf 81' lang='lat' dir='ltr'><em>laniata</em></span> <span class='ocrx_word' id='word_1_144' title='bbox 1068 917 1217 961; x_wconf 76' lang='lat' dir='ltr'><em>navigia</em></span> <span class='ocrx_word' id='word_1_145' title='bbox 1241 915 1362 961; x_wconf 78' lang='lat' dir='ltr'><em>fimdo</em></span> <span class='ocrx_word' id='word_1_146' title='bbox 1389 921 1584 962; x_wconf 84' lang='lat' dir='ltr'><em>emergunt.</em></span> <span class='ocrx_word' id='word_1_147' title='bbox 1618 919 1752 952; x_wconf 79' lang='lat' dir='ltr'><em>Terent.</em></span> <span class='ocrx_word' id='word_1_148' title='bbox 1779 914 1936 952; x_wconf 50' lang='grc' dir='ltr'><em>Δηὼ-,ὣς</em></span> <span class='ocrx_word' id='word_1_149' title='bbox 1962 919 2022 953; x_wconf 75' lang='lat' dir='ltr'><em>Ex</em></span> 
     </span>
    </p>
   </div>
   <div class='ocr_carea' id='block_1_8' title="bbox 180 967 690 1001">
    <p class='ocr_par' dir='ltr' id='par_1_16' title="bbox 180 967 690 1001">
     <span class='ocr_line' id='line_1_17' title="bbox 180 967 690 1001; baseline -0.002 0"><span class='ocrx_word' id='word_1_150' title='bbox 180 967 250 1001; x_wconf 76' lang='lat' dir='ltr'><em>illis</em></span> <span class='ocrx_word' id='word_1_151' title='bbox 274 978 313 1000; x_wconf 86' lang='lat' dir='ltr'><em>se</em></span> <span class='ocrx_word' id='word_1_152' title='bbox 338 977 553 1001; x_wconf 83' lang='lat' dir='ltr'><em>emersurum</em></span> <span class='ocrx_word' id='word_1_153' title='bbox 577 967 690 1000; x_wconf 81' lang='lat' dir='ltr'><em>malis.</em></span> 
     </span>
    </p>
   </div>
   <div class='ocr_carea' id='block_1_9' title="bbox 59 1031 2022 1235">
    <p class='ocr_par' dir='ltr' id='par_1_17' title="bbox 79 1031 1467 1081">
     <span class='ocr_line' id='line_1_18' title="bbox 79 1031 1467 1081; baseline 0.001 -13"><span class='ocrx_word' id='word_1_154' title='bbox 79 1036 226 1070; x_wconf 77' lang='lat' dir='ltr'><em>Exorsus</em></span> <span class='ocrx_word' id='word_1_155' title='bbox 253 1035 446 1069; x_wconf 87' lang='lat' dir='ltr'><em>orationem.</em></span> <span class='ocrx_word' id='word_1_156' title='bbox 474 1035 593 1068; x_wconf 87' lang='lat' dir='ltr'><em>Salust.</em></span> <span class='ocrx_word' id='word_1_157' title='bbox 619 1035 704 1067; x_wconf 79' lang='lat' dir='ltr'><em>Hist.</em></span> <span class='ocrx_word' id='word_1_158' title='bbox 732 1031 856 1069; x_wconf 72' lang='lat'><em>1111.³⁶:</em></span> <span class='ocrx_word' id='word_1_159' title='bbox 885 1035 1067 1081; x_wconf 68' lang='lat' dir='ltr'><em>Blagnum</em></span> <span class='ocrx_word' id='word_1_160' title='bbox 1095 1046 1237 1069; x_wconf 80' lang='lat' dir='ltr'><em>exorsus</em></span> <span class='ocrx_word' id='word_1_161' title='bbox 1265 1036 1467 1069; x_wconf 82' lang='lat' dir='ltr'><em>orationem.</em></span> 
     </span>
    </p>

    <p class='ocr_par' dir='ltr' id='par_1_18' title="bbox 79 1083 1623 1133">
     <span class='ocr_line' id='line_1_19' title="bbox 79 1083 1623 1133; baseline 0.001 -14"><span class='ocrx_word' id='word_1_162' title='bbox 79 1087 268 1131; x_wconf 81' lang='lat' dir='ltr'><strong>Expostulo</strong></span> <span class='ocrx_word' id='word_1_163' title='bbox 295 1097 371 1120; x_wconf 89' lang='lat' dir='ltr'><em>cum</em></span> <span class='ocrx_word' id='word_1_164' title='bbox 399 1098 450 1121; x_wconf 89' lang='lat' dir='ltr'><em>e0.</em></span> <span class='ocrx_word' id='word_1_165' title='bbox 477 1086 612 1119; x_wconf 84' lang='lat' dir='ltr'><em>Terent.</em></span> <span class='ocrx_word' id='word_1_166' title='bbox 641 1086 745 1120; x_wconf 86' lang='lat' dir='ltr'><em>Andr.</em></span> <span class='ocrx_word' id='word_1_167' title='bbox 755 1083 798 1119; x_wconf 81' lang='lat'><em>³⁷:</em></span> <span class='ocrx_word' id='word_1_168' title='bbox 823 1086 872 1119; x_wconf 85' lang='lat' dir='ltr'><em>Et</em></span> <span class='ocrx_word' id='word_1_169' title='bbox 900 1099 978 1120; x_wconf 77' lang='lat' dir='ltr'><em>eum</em></span> <span class='ocrx_word' id='word_1_170' title='bbox 1006 1099 1044 1120; x_wconf 86' lang='lat' dir='ltr'><em>eo</em></span> <span class='ocrx_word' id='word_1_171' title='bbox 1072 1088 1234 1120; x_wconf 75' lang='lat' dir='ltr'><em>iniuriam</em></span> <span class='ocrx_word' id='word_1_172' title='bbox 1261 1088 1354 1121; x_wconf 81' lang='lat' dir='ltr'><em>hanc</em></span> <span class='ocrx_word' id='word_1_173' title='bbox 1381 1086 1623 1133; x_wconf 71' lang='lat' dir='ltr'><em>expostulem?</em></span> 
     </span>
    </p>

    <p class='ocr_par' dir='ltr' id='par_1_19' title="bbox 59 1134 1340 1173">
     <span class='ocr_line' id='line_1_20' title="bbox 59 1134 1340 1173; baseline 0 -1"><span class='ocrx_word' id='word_1_174' title='bbox 59 1139 208 1172; x_wconf 80' lang='lat' dir='ltr'><em>¹Evolve</em></span> <span class='ocrx_word' id='word_1_175' title='bbox 233 1143 267 1172; x_wconf 86' lang='lat' dir='ltr'><em>te</em></span> <span class='ocrx_word' id='word_1_176' title='bbox 294 1138 374 1173; x_wconf 92' lang='lat' dir='ltr'><em>hoc.</em></span> <span class='ocrx_word' id='word_1_177' title='bbox 402 1139 537 1172; x_wconf 88' lang='lat' dir='ltr'><em>Terent.</em></span> <span class='ocrx_word' id='word_1_178' title='bbox 555 1138 640 1170; x_wconf 90' lang='lat' dir='ltr'><em>Eun.</em></span> <span class='ocrx_word' id='word_1_179' title='bbox 651 1134 692 1170; x_wconf 66' lang='lat'><em>³³:</em></span> <span class='ocrx_word' id='word_1_180' title='bbox 713 1137 797 1170; x_wconf 83' lang='lat' dir='ltr'><em>Hac</em></span> <span class='ocrx_word' id='word_1_181' title='bbox 822 1149 862 1171; x_wconf 85' lang='lat' dir='ltr'><em>re</em></span> <span class='ocrx_word' id='word_1_182' title='bbox 888 1142 921 1172; x_wconf 89' lang='lat' dir='ltr'><em>te</em></span> <span class='ocrx_word' id='word_1_183' title='bbox 948 1139 1039 1172; x_wconf 83' lang='lat' dir='ltr'><em>omni</em></span> <span class='ocrx_word' id='word_1_184' title='bbox 1065 1138 1170 1172; x_wconf 79' lang='lat' dir='ltr'><em>turba</em></span> <span class='ocrx_word' id='word_1_185' title='bbox 1198 1140 1340 1172; x_wconf 83' lang='lat' dir='ltr'><em>evolves.</em></span> 
     </span>
    </p>

    <p class='ocr_par' dir='ltr' id='par_1_20' title="bbox 79 1186 2022 1235">
     <span class='ocr_line' id='line_1_21' title="bbox 79 1186 2022 1235; baseline 0 -12"><span class='ocrx_word' id='word_1_186' title='bbox 79 1190 223 1235; x_wconf 83' lang='lat' dir='ltr'><em>Elapsus</em></span> <span class='ocrx_word' id='word_1_187' title='bbox 257 1189 323 1222; x_wconf 86' lang='lat' dir='ltr'><em>hac</em></span> <span class='ocrx_word' id='word_1_188' title='bbox 349 1189 497 1223; x_wconf 87' lang='lat' dir='ltr'><em>muliere.</em></span> <span class='ocrx_word' id='word_1_189' title='bbox 529 1189 663 1221; x_wconf 88' lang='lat' dir='ltr'><em>Terent.</em></span> <span class='ocrx_word' id='word_1_190' title='bbox 698 1186 870 1233; x_wconf 76' lang='lat' dir='ltr'><em>Hecyr.³⁹:</em></span> <span class='ocrx_word' id='word_1_191' title='bbox 914 1190 1097 1223; x_wconf 78' lang='lat' dir='ltr'><em>Paulatim</em></span> <span class='ocrx_word' id='word_1_192' title='bbox 1135 1191 1276 1235; x_wconf 85' lang='lat' dir='ltr'><em>elapsus</em></span> <span class='ocrx_word' id='word_1_193' title='bbox 1309 1194 1358 1223; x_wconf 85' lang='lat' dir='ltr'><em>est</em></span> <span class='ocrx_word' id='word_1_194' title='bbox 1391 1190 1574 1233; x_wconf 81' lang='lat' dir='ltr'><em>Baehide,</em></span> <span class='ocrx_word' id='word_1_195' title='bbox 1611 1194 1715 1235; x_wconf 81' lang='lat' dir='ltr'><em>atque</em></span> <span class='ocrx_word' id='word_1_196' title='bbox 1747 1190 1815 1224; x_wconf 80' lang='lat' dir='ltr'><em>huc</em></span> <span class='ocrx_word' id='word_1_197' title='bbox 1844 1190 2022 1224; x_wconf 74' lang='lat' dir='ltr'><em>transtulit</em></span> 
     </span>
    </p>
   </div>
   <div class='ocr_carea' id='block_1_10' title="bbox 180 1240 358 1325">
    <p class='ocr_par' dir='ltr' id='par_1_21' title="bbox 180 1240 358 1325">
     <span class='ocr_line' id='line_1_22' title="bbox 183 1240 358 1274; baseline 0 0"><span class='ocrx_word' id='word_1_198' title='bbox 183 1240 358 1274; x_wconf 81' lang='lat' dir='ltr'><em>Amorem.</em></span> 
     </span>
     <span class='ocr_line' id='line_1_23' title="bbox 180 1291 321 1325; baseline -0.007 0"><span class='ocrx_word' id='word_1_199' title='bbox 180 1291 321 1325; x_wconf 87' lang='lat' dir='ltr'><em>Polites.</em></span> 
     </span>
    </p>
   </div>
   <div class='ocr_carea' id='block_1_11' title="bbox 426 1238 2022 1288">
    <p class='ocr_par' dir='ltr' id='par_1_22' title="bbox 426 1238 2022 1288">
     <span class='ocr_line' id='line_1_24' title="bbox 426 1238 2022 1288; baseline 0.001 -16"><span class='ocrx_word' id='word_1_200' title='bbox 426 1240 569 1285; x_wconf 85' lang='lat' dir='ltr'><em>Elapsus</em></span> <span class='ocrx_word' id='word_1_201' title='bbox 601 1240 646 1273; x_wconf 90' lang='lat' dir='ltr'><em>de</em></span> <span class='ocrx_word' id='word_1_202' title='bbox 682 1239 757 1274; x_wconf 86' lang='lat' dir='ltr'><em>hac.</em></span> <span class='ocrx_word' id='word_1_203' title='bbox 802 1240 896 1286; x_wconf 86' lang='lat' dir='ltr'><em>Virg.</em></span> <span class='ocrx_word' id='word_1_204' title='bbox 926 1242 1010 1277; x_wconf 88' lang='lat' dir='ltr'><em>Aen.</em></span> <span class='ocrx_word' id='word_1_205' title='bbox 1051 1242 1093 1274; x_wconf 90' lang='lat'><em>11.</em></span> <span class='ocrx_word' id='word_1_206' title='bbox 1105 1238 1145 1275; x_wconf 81' lang='lat'><em>⁴⁰:</em></span> <span class='ocrx_word' id='word_1_207' title='bbox 1187 1242 1283 1275; x_wconf 84' lang='lat' dir='ltr'><em>Ecce</em></span> <span class='ocrx_word' id='word_1_208' title='bbox 1317 1246 1434 1275; x_wconf 84' lang='lat' dir='ltr'><em>nutem</em></span> <span class='ocrx_word' id='word_1_209' title='bbox 1469 1243 1610 1288; x_wconf 79' lang='lat' dir='ltr'><em>elapsus</em></span> <span class='ocrx_word' id='word_1_210' title='bbox 1644 1242 1778 1287; x_wconf 63' lang='lat' dir='ltr'><em>Pyrrhi</em></span> <span class='ocrx_word' id='word_1_211' title='bbox 1827 1242 1872 1276; x_wconf 86' lang='lat' dir='ltr'><em>de</em></span> <span class='ocrx_word' id='word_1_212' title='bbox 1911 1241 2022 1276; x_wconf 82' lang='lat' dir='ltr'><em>caede</em></span> 
     </span>
    </p>
   </div>
   <div class='ocr_carea' id='block_1_12' title="bbox 78 1339 1976 1441">
    <p class='ocr_par' dir='ltr' id='par_1_23' title="bbox 78 1339 1976 1441">
     <span class='ocr_line' id='line_1_25' title="bbox 78 1339 1404 1390; baseline 0.002 -15"><span class='ocrx_word' id='word_1_213' title='bbox 78 1343 238 1387; x_wconf 86' lang='lat' dir='ltr'><em>Emungo</em></span> <span class='ocrx_word' id='word_1_214' title='bbox 259 1343 327 1377; x_wconf 89' lang='lat' dir='ltr'><em>hac</em></span> <span class='ocrx_word' id='word_1_215' title='bbox 350 1353 387 1375; x_wconf 87' lang='lat' dir='ltr'><em>re</em></span> <span class='ocrx_word' id='word_1_216' title='bbox 405 1342 508 1375; x_wconf 86' lang='lat' dir='ltr'><em>illum.</em></span> <span class='ocrx_word' id='word_1_217' title='bbox 543 1342 679 1375; x_wconf 87' lang='lat' dir='ltr'><em>Terent.</em></span> <span class='ocrx_word' id='word_1_218' title='bbox 703 1339 893 1376; x_wconf 75' lang='lat' dir='ltr'><em>Ph01·1n.⁴¹:</em></span> <span class='ocrx_word' id='word_1_219' title='bbox 918 1343 1074 1377; x_wconf 79' lang='lat' dir='ltr'><em>Emunxi</em></span> <span class='ocrx_word' id='word_1_220' title='bbox 1100 1348 1252 1390; x_wconf 82' lang='lat' dir='ltr'><em>argento</em></span> <span class='ocrx_word' id='word_1_221' title='bbox 1277 1355 1404 1378; x_wconf 85' lang='lat' dir='ltr'><em>senem.</em></span> 
     </span>
     <span class='ocr_line' id='line_1_26' title="bbox 79 1391 1976 1441; baseline 0.001 -14"><span class='ocrx_word' id='word_1_222' title='bbox 79 1394 278 1439; x_wconf 79' lang='lat' dir='ltr'><em>(Exsequias</em></span> <span class='ocrx_word' id='word_1_223' title='bbox 296 1395 372 1438; x_wconf 85' lang='lat' dir='ltr'><em>ire.)</em></span> <span class='ocrx_word' id='word_1_224' title='bbox 393 1394 528 1427; x_wconf 87' lang='lat' dir='ltr'><em>Terent.</em></span> <span class='ocrx_word' id='word_1_225' title='bbox 547 1391 737 1430; x_wconf 79' lang='lat' dir='ltr'><em>Phorm.⁴²:</em></span> <span class='ocrx_word' id='word_1_226' title='bbox 763 1394 962 1440; x_wconf 72' lang='lat' dir='ltr'><em>Exsequias</em></span> <span class='ocrx_word' id='word_1_227' title='bbox 992 1395 1169 1429; x_wconf 78' lang='lat' dir='ltr'><em>Chremeti</em></span> <span class='ocrx_word' id='word_1_228' title='bbox 1194 1395 1316 1441; x_wconf 79' lang='lat' dir='ltr'><em>quibus</em></span> <span class='ocrx_word' id='word_1_229' title='bbox 1342 1399 1394 1430; x_wconf 89' lang='lat' dir='ltr'><em>est</em></span> <span class='ocrx_word' id='word_1_230' title='bbox 1419 1395 1639 1429; x_wconf 83' lang='lat' dir='ltr'><em>commodum</em></span> <span class='ocrx_word' id='word_1_231' title='bbox 1664 1395 1727 1439; x_wconf 77' lang='lat' dir='ltr'><em>ire,</em></span> <span class='ocrx_word' id='word_1_232' title='bbox 1757 1399 1892 1441; x_wconf 82' lang='lat' dir='ltr'><em>tempus</em></span> <span class='ocrx_word' id='word_1_233' title='bbox 1917 1398 1976 1428; x_wconf 85' lang='lat' dir='ltr'><em>est.</em></span> 
     </span>
    </p>
   </div>
   <div class='ocr_carea' id='block_1_13' title="bbox 76 1512 1030 2440">
    <p class='ocr_par' dir='ltr' id='par_1_24' title="bbox 76 1512 1030 2440">
     <span class='ocr_line' id='line_1_27' title="bbox 79 1512 1030 1551; baseline 0 -9"><span class='ocrx_word' id='word_1_234' title='bbox 79 1522 221 1542; x_wconf 84' lang='lat' dir='ltr'><em>numerus</em></span> <span class='ocrx_word' id='word_1_235' title='bbox 251 1512 283 1541; x_wconf 89' lang='lat' dir='ltr'><em>in</em></span> <span class='ocrx_word' id='word_1_236' title='bbox 305 1512 378 1541; x_wconf 78' lang='lat' dir='ltr'><em>eod.</em></span> <span class='ocrx_word' id='word_1_237' title='bbox 403 1512 460 1541; x_wconf 91' lang='lat' dir='ltr'><em>Gu.</em></span> <span class='ocrx_word' id='word_1_238' title='bbox 493 1512 616 1541; x_wconf 89' lang='lat' dir='ltr'><em>omissus</em></span> <span class='ocrx_word' id='word_1_239' title='bbox 650 1517 703 1541; x_wconf 87' lang='lat' dir='ltr'><em>est.</em></span> <span class='ocrx_word' id='word_1_240' title='bbox 740 1513 856 1541; x_wconf 82' lang='lat' dir='ltr'><em>Priores</em></span> <span class='ocrx_word' id='word_1_241' title='bbox 883 1513 1030 1551; x_wconf 77' lang='lat' dir='ltr'><em>Fragmm.</em></span> 
     </span>
     <span class='ocr_line' id='line_1_28' title="bbox 79 1555 1030 1594; baseline -0.001 -10"><span class='ocrx_word' id='word_1_242' title='bbox 79 1556 160 1594; x_wconf 82' lang='lat' dir='ltr'><em>apud</em></span> <span class='ocrx_word' id='word_1_243' title='bbox 176 1555 234 1584; x_wconf 88' lang='lat' dir='ltr'><em>Sal.</em></span> <span class='ocrx_word' id='word_1_244' title='bbox 244 1555 418 1584; x_wconf 87' lang='lat' dir='ltr'><em>collectores</em></span> <span class='ocrx_word' id='word_1_245' title='bbox 434 1555 601 1584; x_wconf 80' lang='lat' dir='ltr'><em>ediderant:</em></span> <span class='ocrx_word' id='word_1_246' title='bbox 625 1555 700 1583; x_wconf 81' lang='lat' dir='ltr'><em>Urbe</em></span> <span class='ocrx_word' id='word_1_247' title='bbox 709 1557 877 1594; x_wconf 77' lang='lat' dir='ltr'><em>patriaque</em></span> <span class='ocrx_word' id='word_1_248' title='bbox 893 1562 1030 1588; x_wconf 69' lang='lat' dir='ltr'><em>extorres,</em></span> 
     </span>
     <span class='ocr_line' id='line_1_29' title="bbox 80 1598 1030 1637; baseline -0.001 -11"><span class='ocrx_word' id='word_1_249' title='bbox 80 1598 219 1627; x_wconf 82' lang='lat' dir='ltr'><em>Gerlach.</em></span> <span class='ocrx_word' id='word_1_250' title='bbox 240 1598 336 1627; x_wconf 80' lang='lat' dir='ltr'><em>dedit:</em></span> <span class='ocrx_word' id='word_1_251' title='bbox 363 1598 439 1627; x_wconf 81' lang='lat' dir='ltr'><em>Orbe</em></span> <span class='ocrx_word' id='word_1_252' title='bbox 455 1603 606 1626; x_wconf 79' lang='lat' dir='ltr'><em>terrarum</em></span> <span class='ocrx_word' id='word_1_253' title='bbox 619 1600 785 1637; x_wconf 69' lang='lat' dir='ltr'><em>patriaque</em></span> <span class='ocrx_word' id='word_1_254' title='bbox 807 1604 943 1627; x_wconf 70' lang='lat' dir='ltr'><em>extorres.</em></span> <span class='ocrx_word' id='word_1_255' title='bbox 967 1600 1030 1627; x_wconf 89' lang='lat' dir='ltr'><em>No-</em></span> 
     </span>
     <span class='ocr_line' id='line_1_30' title="bbox 80 1639 1028 1680; baseline 0.003 -12"><span class='ocrx_word' id='word_1_256' title='bbox 80 1645 171 1669; x_wconf 79' lang='lat' dir='ltr'><em>stram</em></span> <span class='ocrx_word' id='word_1_257' title='bbox 191 1641 347 1669; x_wconf 82' lang='lat' dir='ltr'><em>lectionem</em></span> <span class='ocrx_word' id='word_1_258' title='bbox 372 1641 443 1668; x_wconf 83' lang='lat' dir='ltr'><em>Cod.</em></span> <span class='ocrx_word' id='word_1_259' title='bbox 465 1645 590 1678; x_wconf 86' lang='lat' dir='ltr'><em>uterque</em></span> <span class='ocrx_word' id='word_1_260' title='bbox 607 1645 716 1669; x_wconf 86' lang='lat' dir='ltr'><em>tuetur.</em></span> <span class='ocrx_word' id='word_1_261' title='bbox 742 1657 784 1662; x_wconf 88' lang='lat'><em>—-</em></span> <span class='ocrx_word' id='word_1_262' title='bbox 805 1639 852 1680; x_wconf 69' lang='lat'><em>29)</em></span> <span class='ocrx_word' id='word_1_263' title='bbox 865 1642 929 1671; x_wconf 75' lang='lat' dir='ltr'><em>Ter.</em></span> <span class='ocrx_word' id='word_1_264' title='bbox 938 1642 1028 1671; x_wconf 81' lang='lat' dir='ltr'><em>Adel.</em></span> 
     </span>
     <span class='ocr_line' id='line_1_31' title="bbox 79 1683 1027 1723; baseline 0.001 -11"><span class='ocrx_word' id='word_1_265' title='bbox 79 1683 111 1714; x_wconf 86' lang='grc'><em>5.</em></span> <span class='ocrx_word' id='word_1_266' title='bbox 134 1686 164 1714; x_wconf 80' lang='grc'><em>2.</em></span> <span class='ocrx_word' id='word_1_267' title='bbox 187 1685 233 1714; x_wconf 86' lang='lat'><em>11-</em></span> <span class='ocrx_word' id='word_1_268' title='bbox 261 1683 294 1713; x_wconf 85' lang='lat' dir='ltr'><em>A.</em></span> <span class='ocrx_word' id='word_1_269' title='bbox 321 1683 358 1712; x_wconf 93' lang='lat' dir='ltr'><em>M.</em></span> <span class='ocrx_word' id='word_1_270' title='bbox 386 1683 463 1711; x_wconf 65' lang='lat' dir='ltr'><em>Villi</em></span> <span class='ocrx_word' id='word_1_271' title='bbox 487 1683 596 1721; x_wconf 82' lang='lat' dir='ltr'><em>legitur</em></span> <span class='ocrx_word' id='word_1_272' title='bbox 621 1683 699 1721; x_wconf 84' lang='lat' dir='ltr'><em>apud</em></span> <span class='ocrx_word' id='word_1_273' title='bbox 720 1683 787 1711; x_wconf 81' lang='lat' dir='ltr'><em>Ter.</em></span> <span class='ocrx_word' id='word_1_274' title='bbox 816 1700 859 1705; x_wconf 95' lang='lat'><em>—-</em></span> <span class='ocrx_word' id='word_1_275' title='bbox 888 1683 935 1723; x_wconf 89' lang='lat'><em>30)</em></span> <span class='ocrx_word' id='word_1_276' title='bbox 967 1685 1027 1714; x_wconf 68' lang='lat' dir='ltr'><em>Cic.</em></span> 
     </span>
     <span class='ocr_line' id='line_1_32' title="bbox 78 1724 1028 1765; baseline 0.002 -12"><span class='ocrx_word' id='word_1_277' title='bbox 78 1724 162 1753; x_wconf 75' lang='lat' dir='ltr'><em>Phil.</em></span> <span class='ocrx_word' id='word_1_278' title='bbox 180 1727 220 1754; x_wconf 87' lang='lat' dir='ltr'><em>II.</em></span> <span class='ocrx_word' id='word_1_279' title='bbox 239 1728 286 1757; x_wconf 78' lang='lat'><em>12.</em></span> <span class='ocrx_word' id='word_1_280' title='bbox 309 1726 345 1755; x_wconf 84' lang='lat' dir='ltr'><em>A.</em></span> <span class='ocrx_word' id='word_1_281' title='bbox 363 1725 401 1756; x_wconf 87' lang='lat' dir='ltr'><em>M.</em></span> <span class='ocrx_word' id='word_1_282' title='bbox 416 1726 517 1753; x_wconf 66' lang='lat' dir='ltr'><em>Exala</em></span> <span class='ocrx_word' id='word_1_283' title='bbox 534 1726 604 1754; x_wconf 85' lang='lat' dir='ltr'><em>Cod.</em></span> <span class='ocrx_word' id='word_1_284' title='bbox 625 1726 657 1754; x_wconf 89' lang='lat' dir='ltr'><em>A.</em></span> <span class='ocrx_word' id='word_1_285' title='bbox 681 1726 720 1754; x_wconf 89' lang='lat' dir='ltr'><em>M.</em></span> <span class='ocrx_word' id='word_1_286' title='bbox 744 1741 784 1747; x_wconf 92' lang='lat'><em>·-—</em></span> <span class='ocrx_word' id='word_1_287' title='bbox 806 1728 853 1762; x_wconf 87' lang='grc'><em>31)</em></span> <span class='ocrx_word' id='word_1_288' title='bbox 878 1728 940 1756; x_wconf 80' lang='lat' dir='ltr'><em>Sal.</em></span> <span class='ocrx_word' id='word_1_289' title='bbox 959 1725 1028 1765; x_wconf 74' lang='lat' dir='ltr'><em>Ing.</em></span> 
     </span>
     <span class='ocr_line' id='line_1_33' title="bbox 78 1767 1027 1806; baseline 0.002 -11"><span class='ocrx_word' id='word_1_290' title='bbox 78 1769 130 1799; x_wconf 87' lang='lat'><em>84.</em></span> <span class='ocrx_word' id='word_1_291' title='bbox 148 1767 181 1796; x_wconf 90' lang='lat' dir='ltr'><em>A.</em></span> <span class='ocrx_word' id='word_1_292' title='bbox 198 1767 237 1796; x_wconf 88' lang='lat' dir='ltr'><em>M.</em></span> <span class='ocrx_word' id='word_1_293' title='bbox 262 1768 333 1806; x_wconf 88' lang='lat' dir='ltr'><em>Cap.</em></span> <span class='ocrx_word' id='word_1_294' title='bbox 352 1771 402 1800; x_wconf 78' lang='lat'><em>82.</em></span> <span class='ocrx_word' id='word_1_295' title='bbox 426 1768 469 1796; x_wconf 85' lang='lat' dir='ltr'><em>ed.</em></span> <span class='ocrx_word' id='word_1_296' title='bbox 495 1768 576 1798; x_wconf 85' lang='lat' dir='ltr'><em>Cort.</em></span> <span class='ocrx_word' id='word_1_297' title='bbox 594 1768 673 1796; x_wconf 74' lang='lat' dir='ltr'><em>Gerl.</em></span> <span class='ocrx_word' id='word_1_298' title='bbox 693 1767 764 1796; x_wconf 68' lang='lat' dir='ltr'><em>Esse</em></span> <span class='ocrx_word' id='word_1_299' title='bbox 790 1769 927 1797; x_wconf 80' lang='lat' dir='ltr'><em>omiserat</em></span> <span class='ocrx_word' id='word_1_300' title='bbox 948 1770 1027 1797; x_wconf 85' lang='lat' dir='ltr'><em>Cort.</em></span> 
     </span>
     <span class='ocr_line' id='line_1_34' title="bbox 78 1809 1025 1846; baseline 0 -8"><span class='ocrx_word' id='word_1_301' title='bbox 78 1809 210 1838; x_wconf 77' lang='lat' dir='ltr'><em>restituit</em></span> <span class='ocrx_word' id='word_1_302' title='bbox 236 1820 251 1838; x_wconf 85' lang='lat' dir='ltr'><em>e</em></span> <span class='ocrx_word' id='word_1_303' title='bbox 275 1810 365 1839; x_wconf 87' lang='lat' dir='ltr'><em>Codd.</em></span> <span class='ocrx_word' id='word_1_304' title='bbox 392 1810 528 1839; x_wconf 78' lang='lat' dir='ltr'><em>Gerlach.</em></span> <span class='ocrx_word' id='word_1_305' title='bbox 553 1827 594 1833; x_wconf 89' lang='lat'>—</span> <span class='ocrx_word' id='word_1_306' title='bbox 615 1813 661 1846; x_wconf 75' lang='lat'><em>32)</em></span> <span class='ocrx_word' id='word_1_307' title='bbox 687 1809 770 1838; x_wconf 77' lang='lat' dir='ltr'><em>Idem</em></span> <span class='ocrx_word' id='word_1_308' title='bbox 788 1812 819 1838; x_wconf 77' lang='lat' dir='ltr'><em>in</em></span> <span class='ocrx_word' id='word_1_309' title='bbox 840 1811 1025 1843; x_wconf 74' lang='lat' dir='ltr'><em>eodem102,</em></span> 
     </span>
     <span class='ocr_line' id='line_1_35' title="bbox 79 1851 1027 1890; baseline 0 -10"><span class='ocrx_word' id='word_1_310' title='bbox 79 1851 114 1880; x_wconf 82' lang='lat' dir='ltr'><em>A.</em></span> <span class='ocrx_word' id='word_1_311' title='bbox 129 1851 168 1881; x_wconf 85' lang='lat' dir='ltr'><em>M.</em></span> <span class='ocrx_word' id='word_1_312' title='bbox 191 1852 259 1890; x_wconf 82' lang='lat' dir='ltr'><em>Cap.</em></span> <span class='ocrx_word' id='word_1_313' title='bbox 277 1855 326 1884; x_wconf 86' lang='lat'><em>97.</em></span> <span class='ocrx_word' id='word_1_314' title='bbox 346 1853 425 1881; x_wconf 82' lang='lat' dir='ltr'><em>Cort.</em></span> <span class='ocrx_word' id='word_1_315' title='bbox 450 1853 526 1883; x_wconf 84' lang='lat' dir='ltr'><em>Gerl.</em></span> <span class='ocrx_word' id='word_1_316' title='bbox 547 1852 658 1882; x_wconf 87' lang='lat' dir='ltr'><em>Verba:</em></span> <span class='ocrx_word' id='word_1_317' title='bbox 682 1853 803 1881; x_wconf 65' lang='lat' dir='ltr'><em>obulum</em></span> <span class='ocrx_word' id='word_1_318' title='bbox 823 1854 866 1881; x_wconf 78' lang='lat' dir='ltr'><em>ire</em></span> <span class='ocrx_word' id='word_1_319' title='bbox 889 1854 1027 1882; x_wconf 67' lang='lat' dir='ltr'><em>hostibus</em></span> 
     </span>
     <span class='ocr_line' id='line_1_36' title="bbox 81 1893 1026 1930; baseline 0.001 -8"><span class='ocrx_word' id='word_1_320' title='bbox 81 1893 190 1922; x_wconf 82' lang='lat' dir='ltr'><em>desunt</em></span> <span class='ocrx_word' id='word_1_321' title='bbox 202 1893 234 1921; x_wconf 86' lang='lat' dir='ltr'><em>in</em></span> <span class='ocrx_word' id='word_1_322' title='bbox 251 1894 321 1925; x_wconf 87' lang='lat' dir='ltr'><em>Cod.</em></span> <span class='ocrx_word' id='word_1_323' title='bbox 336 1895 371 1925; x_wconf 89' lang='lat' dir='ltr'><em>A.</em></span> <span class='ocrx_word' id='word_1_324' title='bbox 390 1895 428 1923; x_wconf 88' lang='lat' dir='ltr'><em>M.</em></span> <span class='ocrx_word' id='word_1_325' title='bbox 455 1895 555 1924; x_wconf 87' lang='lat' dir='ltr'><em>addidi</em></span> <span class='ocrx_word' id='word_1_326' title='bbox 574 1905 588 1923; x_wconf 87' lang='lat' dir='ltr'><em>e</em></span> <span class='ocrx_word' id='word_1_327' title='bbox 606 1895 677 1924; x_wconf 88' lang='lat' dir='ltr'><em>cod.</em></span> <span class='ocrx_word' id='word_1_328' title='bbox 697 1896 752 1923; x_wconf 91' lang='lat' dir='ltr'><em>Gu.</em></span> <span class='ocrx_word' id='word_1_329' title='bbox 780 1913 814 1917; x_wconf 91' lang='lat'><em>-—</em></span> <span class='ocrx_word' id='word_1_330' title='bbox 842 1899 889 1930; x_wconf 78' lang='lat'><em>33)</em></span> <span class='ocrx_word' id='word_1_331' title='bbox 912 1897 1026 1924; x_wconf 75' lang='lat' dir='ltr'><em>Erum-</em></span> 
     </span>
     <span class='ocr_line' id='line_1_37' title="bbox 76 1934 1027 1975; baseline 0.003 -13"><span class='ocrx_word' id='word_1_332' title='bbox 76 1937 126 1974; x_wconf 79' lang='lat' dir='ltr'><em>pit</em></span> <span class='ocrx_word' id='word_1_333' title='bbox 147 1934 216 1963; x_wconf 79' lang='lat' dir='ltr'><em>inde</em></span> <span class='ocrx_word' id='word_1_334' title='bbox 237 1936 307 1965; x_wconf 90' lang='lat' dir='ltr'><em>Cod.</em></span> <span class='ocrx_word' id='word_1_335' title='bbox 335 1937 371 1967; x_wconf 92' lang='lat' dir='ltr'><em>A.</em></span> <span class='ocrx_word' id='word_1_336' title='bbox 395 1937 434 1966; x_wconf 88' lang='lat' dir='ltr'><em>M.</em></span> <span class='ocrx_word' id='word_1_337' title='bbox 461 1937 570 1966; x_wconf 82' lang='lat' dir='ltr'><em>Addidi</em></span> <span class='ocrx_word' id='word_1_338' title='bbox 599 1948 628 1965; x_wconf 79' lang='lat' dir='ltr'><em>se</em></span> <span class='ocrx_word' id='word_1_339' title='bbox 656 1948 670 1966; x_wconf 88' lang='lat' dir='ltr'><em>e</em></span> <span class='ocrx_word' id='word_1_340' title='bbox 696 1938 767 1966; x_wconf 87' lang='lat' dir='ltr'><em>Cod.</em></span> <span class='ocrx_word' id='word_1_341' title='bbox 792 1938 847 1966; x_wconf 89' lang='lat' dir='ltr'><em>Gu.</em></span> <span class='ocrx_word' id='word_1_342' title='bbox 870 1938 965 1975; x_wconf 82' lang='lat' dir='ltr'><em>Atque</em></span> <span class='ocrx_word' id='word_1_343' title='bbox 987 1939 1027 1965; x_wconf 82' lang='lat' dir='ltr'><em>ita</em></span> 
     </span>
     <span class='ocr_line' id='line_1_38' title="bbox 80 1978 1025 2018; baseline -0.001 -10"><span class='ocrx_word' id='word_1_344' title='bbox 80 1978 250 2008; x_wconf 77' lang='lat' dir='ltr'><em>restitutum</em></span> <span class='ocrx_word' id='word_1_345' title='bbox 273 1978 391 2007; x_wconf 86' lang='lat' dir='ltr'><em>volebat</em></span> <span class='ocrx_word' id='word_1_346' title='bbox 413 1981 470 2007; x_wconf 84' lang='lat' dir='ltr'><em>iam</em></span> <span class='ocrx_word' id='word_1_347' title='bbox 491 1980 586 2008; x_wconf 91' lang='lat' dir='ltr'><em>Nicol.</em></span> <span class='ocrx_word' id='word_1_348' title='bbox 608 1980 747 2008; x_wconf 82' lang='lat' dir='ltr'><em>Heinsius</em></span> <span class='ocrx_word' id='word_1_349' title='bbox 774 1980 852 2018; x_wconf 80' lang='lat' dir='ltr'><em>apud</em></span> <span class='ocrx_word' id='word_1_350' title='bbox 876 1979 974 2009; x_wconf 84' lang='lat' dir='ltr'><em>Rhod.</em></span> <span class='ocrx_word' id='word_1_351' title='bbox 995 1980 1025 2007; x_wconf 87' lang='lat' dir='ltr'><em>in</em></span> 
     </span>
     <span class='ocr_line' id='line_1_39' title="bbox 80 2020 1026 2060; baseline -0.001 -10"><span class='ocrx_word' id='word_1_352' title='bbox 80 2021 190 2050; x_wconf 82' lang='lat' dir='ltr'><em>Lexico</em></span> <span class='ocrx_word' id='word_1_353' title='bbox 213 2020 346 2048; x_wconf 85' lang='lat' dir='ltr'><em>Scribon.</em></span> <span class='ocrx_word' id='word_1_354' title='bbox 377 2031 400 2049; x_wconf 90' lang='lat' dir='ltr'><em>s.</em></span> <span class='ocrx_word' id='word_1_355' title='bbox 420 2032 450 2049; x_wconf 86' lang='lat' dir='ltr'><em>v.</em></span> <span class='ocrx_word' id='word_1_356' title='bbox 472 2023 624 2060; x_wconf 78' lang='lat' dir='ltr'><em>Erumpit.</em></span> <span class='ocrx_word' id='word_1_357' title='bbox 655 2023 730 2050; x_wconf 85' lang='lat' dir='ltr'><em>Tum</em></span> <span class='ocrx_word' id='word_1_358' title='bbox 754 2021 828 2050; x_wconf 72' lang='lat' dir='ltr'><em>Inde</em></span> <span class='ocrx_word' id='word_1_359' title='bbox 851 2022 934 2049; x_wconf 73' lang='lat' dir='ltr'><em>allus</em></span> <span class='ocrx_word' id='word_1_360' title='bbox 955 2022 1026 2049; x_wconf 83' lang='lat' dir='ltr'><em>Cod.</em></span> 
     </span>
     <span class='ocr_line' id='line_1_40' title="bbox 81 2061 1026 2103; baseline 0 -12"><span class='ocrx_word' id='word_1_361' title='bbox 81 2063 118 2093; x_wconf 88' lang='lat' dir='ltr'><em>A.</em></span> <span class='ocrx_word' id='word_1_362' title='bbox 141 2063 177 2091; x_wconf 88' lang='lat' dir='ltr'><em>M.</em></span> <span class='ocrx_word' id='word_1_363' title='bbox 215 2061 317 2090; x_wconf 73' lang='lat' dir='ltr'><em>Unde</em></span> <span class='ocrx_word' id='word_1_364' title='bbox 345 2073 374 2091; x_wconf 87' lang='grc' dir='ltr'><em>α.</em></span> <span class='ocrx_word' id='word_1_365' title='bbox 412 2063 484 2092; x_wconf 89' lang='lat' dir='ltr'><em>Cod.</em></span> <span class='ocrx_word' id='word_1_366' title='bbox 513 2065 569 2092; x_wconf 90' lang='grc'><strong>(311.</strong></span> <span class='ocrx_word' id='word_1_367' title='bbox 602 2065 850 2103; x_wconf 85' lang='lat' dir='ltr'><em>quemadmodum</em></span> <span class='ocrx_word' id='word_1_368' title='bbox 877 2069 921 2091; x_wconf 83' lang='lat' dir='ltr'><em>est</em></span> <span class='ocrx_word' id='word_1_369' title='bbox 947 2063 1026 2102; x_wconf 86' lang='lat' dir='ltr'><em>apud</em></span> 
     </span>
     <span class='ocr_line' id='line_1_41' title="bbox 81 2104 1023 2143; baseline 0.001 -10"><span class='ocrx_word' id='word_1_370' title='bbox 81 2104 161 2143; x_wconf 84' lang='lat' dir='ltr'><em>Virg.</em></span> <span class='ocrx_word' id='word_1_371' title='bbox 185 2105 221 2132; x_wconf 78' lang='lat' dir='ltr'><em>Se</em></span> <span class='ocrx_word' id='word_1_372' title='bbox 242 2106 368 2143; x_wconf 78' lang='lat' dir='ltr'><em>erumpit</em></span> <span class='ocrx_word' id='word_1_373' title='bbox 390 2105 498 2134; x_wconf 85' lang='lat' dir='ltr'><em>iterum</em></span> <span class='ocrx_word' id='word_1_374' title='bbox 521 2107 588 2135; x_wconf 89' lang='lat' dir='ltr'><em>dedi</em></span> <span class='ocrx_word' id='word_1_375' title='bbox 612 2117 627 2134; x_wconf 85' lang='lat' dir='ltr'><em>e</em></span> <span class='ocrx_word' id='word_1_376' title='bbox 653 2107 722 2135; x_wconf 88' lang='lat' dir='ltr'><em>Cod.</em></span> <span class='ocrx_word' id='word_1_377' title='bbox 754 2107 809 2133; x_wconf 88' lang='lat' dir='ltr'><em>Gu.</em></span> <span class='ocrx_word' id='word_1_378' title='bbox 841 2110 873 2133; x_wconf 90' lang='lat' dir='ltr'><em>ut</em></span> <span class='ocrx_word' id='word_1_379' title='bbox 902 2110 945 2133; x_wconf 81' lang='lat' dir='ltr'><em>est</em></span> <span class='ocrx_word' id='word_1_380' title='bbox 976 2116 1023 2143; x_wconf 76' lang='lat' dir='ltr'><em>ap.</em></span> 
     </span>
     <span class='ocr_line' id='line_1_42' title="bbox 81 2146 1024 2185; baseline -0.002 -8"><span class='ocrx_word' id='word_1_381' title='bbox 81 2147 163 2185; x_wconf 83' lang='lat' dir='ltr'><em>Virg.</em></span> <span class='ocrx_word' id='word_1_382' title='bbox 187 2149 222 2175; x_wconf 80' lang='lat' dir='ltr'><em>Se</em></span> <span class='ocrx_word' id='word_1_383' title='bbox 243 2146 369 2184; x_wconf 57' lang='lat' dir='ltr'><em>deestin</em></span> <span class='ocrx_word' id='word_1_384' title='bbox 393 2147 462 2175; x_wconf 88' lang='lat' dir='ltr'><em>Cod.</em></span> <span class='ocrx_word' id='word_1_385' title='bbox 476 2148 514 2179; x_wconf 93' lang='lat' dir='ltr'><em>A.</em></span> <span class='ocrx_word' id='word_1_386' title='bbox 533 2149 568 2179; x_wconf 79' lang='lat' dir='ltr'><em>M.</em></span> <span class='ocrx_word' id='word_1_387' title='bbox 583 2149 677 2176; x_wconf 90' lang='lat' dir='ltr'><em>Locus</em></span> <span class='ocrx_word' id='word_1_388' title='bbox 699 2153 743 2176; x_wconf 83' lang='lat' dir='ltr'><em>est</em></span> <span class='ocrx_word' id='word_1_389' title='bbox 766 2148 868 2184; x_wconf 73' lang='lat' dir='ltr'><em>Georg.</em></span> <span class='ocrx_word' id='word_1_390' title='bbox 888 2147 936 2180; x_wconf 79' lang='lat' dir='ltr'><em>IV,</em></span> <span class='ocrx_word' id='word_1_391' title='bbox 953 2149 1024 2178; x_wconf 82' lang='grc'><strong>368.</strong></span> 
     </span>
     <span class='ocr_line' id='line_1_43' title="bbox 81 2189 1023 2227; baseline 0.001 -10"><span class='ocrx_word' id='word_1_392' title='bbox 81 2206 124 2212; x_wconf 94' lang='grc'><strong>-</strong></span> <span class='ocrx_word' id='word_1_393' title='bbox 144 2189 261 2227; x_wconf 65' lang='lat' dir='ltr'><em>34)Sal.</em></span> <span class='ocrx_word' id='word_1_394' title='bbox 278 2190 362 2218; x_wconf 67' lang='lat' dir='ltr'><em>Ili-sl.</em></span> <span class='ocrx_word' id='word_1_395' title='bbox 379 2191 451 2218; x_wconf 89' lang='grc' dir='ltr'><strong>ΙΙΙΙ.</strong></span> <span class='ocrx_word' id='word_1_396' title='bbox 467 2190 500 2221; x_wconf 82' lang='lat' dir='ltr'><em>A.</em></span> <span class='ocrx_word' id='word_1_397' title='bbox 516 2191 553 2221; x_wconf 86' lang='lat' dir='ltr'><em>M.</em></span> <span class='ocrx_word' id='word_1_398' title='bbox 576 2191 720 2227; x_wconf 75' lang='lat' dir='ltr'><em>Fragmm.</em></span> <span class='ocrx_word' id='word_1_399' title='bbox 739 2190 786 2218; x_wconf 91' lang='lat' dir='ltr'><em>IV.</em></span> <span class='ocrx_word' id='word_1_400' title='bbox 802 2190 852 2220; x_wconf 85' lang='grc'><em>35-</em></span> <span class='ocrx_word' id='word_1_401' title='bbox 872 2189 950 2218; x_wconf 76' lang='lat' dir='ltr'><em>Gerl.</em></span> <span class='ocrx_word' id='word_1_402' title='bbox 968 2190 1023 2217; x_wconf 83' lang='lat' dir='ltr'><em>Pro</em></span> 
     </span>
     <span class='ocr_line' id='line_1_44' title="bbox 82 2231 1023 2271; baseline 0 -12"><span class='ocrx_word' id='word_1_403' title='bbox 82 2233 211 2269; x_wconf 63' lang='lat' dir='ltr'><em>navigia</em></span> <span class='ocrx_word' id='word_1_404' title='bbox 231 2232 312 2260; x_wconf 85' lang='lat' dir='ltr'><em>dedit</em></span> <span class='ocrx_word' id='word_1_405' title='bbox 335 2241 350 2260; x_wconf 90' lang='lat' dir='ltr'><em>e</em></span> <span class='ocrx_word' id='word_1_406' title='bbox 367 2231 437 2259; x_wconf 85' lang='lat' dir='ltr'><em>Cod.</em></span> <span class='ocrx_word' id='word_1_407' title='bbox 455 2242 506 2260; x_wconf 87' lang='lat' dir='ltr'><em>suo</em></span> <span class='ocrx_word' id='word_1_408' title='bbox 529 2234 657 2271; x_wconf 69' lang='lat' dir='ltr'><em>vestigia</em></span> <span class='ocrx_word' id='word_1_409' title='bbox 675 2233 708 2262; x_wconf 93' lang='lat' dir='ltr'><em>A.</em></span> <span class='ocrx_word' id='word_1_410' title='bbox 724 2232 762 2260; x_wconf 89' lang='lat' dir='ltr'><em>M.</em></span> <span class='ocrx_word' id='word_1_411' title='bbox 787 2231 842 2258; x_wconf 86' lang='lat' dir='ltr'><em>Sed</em></span> <span class='ocrx_word' id='word_1_412' title='bbox 868 2236 946 2259; x_wconf 81' lang='lat' dir='ltr'><em>recte</em></span> <span class='ocrx_word' id='word_1_413' title='bbox 967 2243 1023 2259; x_wconf 75' lang='lat' dir='ltr'><em>na-</em></span> 
     </span>
     <span class='ocr_line' id='line_1_45' title="bbox 81 2272 1022 2314; baseline 0 -13"><span class='ocrx_word' id='word_1_414' title='bbox 81 2275 170 2313; x_wconf 78' lang='lat' dir='ltr'><em>vigia</em></span> <span class='ocrx_word' id='word_1_415' title='bbox 193 2273 264 2302; x_wconf 88' lang='lat' dir='ltr'><em>cod.</em></span> <span class='ocrx_word' id='word_1_416' title='bbox 293 2274 349 2302; x_wconf 87' lang='lat' dir='ltr'><em>Gu.</em></span> <span class='ocrx_word' id='word_1_417' title='bbox 380 2289 422 2296; x_wconf 87' lang='lat'><em>-—</em></span> <span class='ocrx_word' id='word_1_418' title='bbox 451 2272 497 2314; x_wconf 83' lang='lat'><em>35)</em></span> <span class='ocrx_word' id='word_1_419' title='bbox 532 2275 596 2305; x_wconf 77' lang='lat' dir='ltr'><em>Ter,</em></span> <span class='ocrx_word' id='word_1_420' title='bbox 619 2273 719 2303; x_wconf 82' lang='lat' dir='ltr'><em>Andr.</em></span> <span class='ocrx_word' id='word_1_421' title='bbox 751 2276 779 2304; x_wconf 83' lang='grc'><em>3.</em></span> <span class='ocrx_word' id='word_1_422' title='bbox 802 2275 831 2303; x_wconf 86' lang='grc'><em>3.</em></span> <span class='ocrx_word' id='word_1_423' title='bbox 858 2275 907 2304; x_wconf 86' lang='lat'><em>30.</em></span> <span class='ocrx_word' id='word_1_424' title='bbox 931 2274 963 2303; x_wconf 90' lang='lat' dir='ltr'><em>A.</em></span> <span class='ocrx_word' id='word_1_425' title='bbox 984 2274 1022 2303; x_wconf 82' lang='lat' dir='ltr'><em>M.</em></span> 
     </span>
     <span class='ocr_line' id='line_1_46' title="bbox 81 2315 1022 2355; baseline -0.001 -9"><span class='ocrx_word' id='word_1_426' title='bbox 81 2316 172 2355; x_wconf 81' lang='lat' dir='ltr'><em>Apud</em></span> <span class='ocrx_word' id='word_1_427' title='bbox 190 2317 255 2345; x_wconf 87' lang='lat' dir='ltr'><em>Ter.</em></span> <span class='ocrx_word' id='word_1_428' title='bbox 278 2317 375 2344; x_wconf 78' lang='lat' dir='ltr'><em>editur</em></span> <span class='ocrx_word' id='word_1_429' title='bbox 400 2325 469 2343; x_wconf 75' lang='lat' dir='ltr'><em>sese.</em></span> <span class='ocrx_word' id='word_1_430' title='bbox 498 2315 523 2343; x_wconf 86' lang='lat' dir='ltr'><em>A</em></span> <span class='ocrx_word' id='word_1_431' title='bbox 547 2317 653 2354; x_wconf 87' lang='lat' dir='ltr'><em>quibus</em></span> <span class='ocrx_word' id='word_1_432' title='bbox 675 2315 854 2344; x_wconf 81' lang='lat' dir='ltr'><em>editionibus</em></span> <span class='ocrx_word' id='word_1_433' title='bbox 879 2327 908 2343; x_wconf 81' lang='lat' dir='ltr'><em>se</em></span> <span class='ocrx_word' id='word_1_434' title='bbox 933 2317 1022 2355; x_wconf 79' lang='lat' dir='ltr'><em>plane</em></span> 
     </span>
     <span class='ocr_line' id='line_1_47' title="bbox 82 2357 1019 2394; baseline -0.001 -7"><span class='ocrx_word' id='word_1_435' title='bbox 82 2359 184 2388; x_wconf 81' lang='lat' dir='ltr'><em>abesse</em></span> <span class='ocrx_word' id='word_1_436' title='bbox 209 2359 287 2387; x_wconf 80' lang='lat' dir='ltr'><em>dicat</em></span> <span class='ocrx_word' id='word_1_437' title='bbox 314 2359 348 2387; x_wconf 89' lang='lat' dir='ltr'><em>A.</em></span> <span class='ocrx_word' id='word_1_438' title='bbox 371 2358 408 2388; x_wconf 86' lang='lat' dir='ltr'><em>M.</em></span> <span class='ocrx_word' id='word_1_439' title='bbox 440 2357 549 2386; x_wconf 84' lang='lat' dir='ltr'><em>nescio.</em></span> <span class='ocrx_word' id='word_1_440' title='bbox 572 2374 614 2380; x_wconf 65' lang='grc' dir='ltr'><em>ι-</em></span> <span class='ocrx_word' id='word_1_441' title='bbox 634 2361 679 2394; x_wconf 87' lang='grc'><em>36)</em></span> <span class='ocrx_word' id='word_1_442' title='bbox 704 2358 767 2386; x_wconf 85' lang='lat' dir='ltr'><em>Sal.</em></span> <span class='ocrx_word' id='word_1_443' title='bbox 790 2358 874 2386; x_wconf 56' lang='lat' dir='ltr'><em>llas-t.</em></span> <span class='ocrx_word' id='word_1_444' title='bbox 899 2360 972 2389; x_wconf 86' lang='lat' dir='ltr'><em>IIII.</em></span> <span class='ocrx_word' id='word_1_445' title='bbox 993 2362 1019 2389; x_wconf 89' lang='lat'><em>1.</em></span> 
     </span>
     <span class='ocr_line' id='line_1_48' title="bbox 82 2399 1018 2440; baseline -0.002 -9"><span class='ocrx_word' id='word_1_446' title='bbox 82 2401 118 2432; x_wconf 87' lang='lat' dir='ltr'><em>A.</em></span> <span class='ocrx_word' id='word_1_447' title='bbox 137 2402 176 2431; x_wconf 97' lang='lat' dir='ltr'><em>M.</em></span> <span class='ocrx_word' id='word_1_448' title='bbox 196 2401 344 2440; x_wconf 79' lang='lat' dir='ltr'><em>Fragmm.</em></span> <span class='ocrx_word' id='word_1_449' title='bbox 362 2400 413 2438; x_wconf 87' lang='lat' dir='ltr'><em>IV,</em></span> <span class='ocrx_word' id='word_1_450' title='bbox 430 2402 457 2432; x_wconf 89' lang='lat'><em>6.</em></span> <span class='ocrx_word' id='word_1_451' title='bbox 476 2400 555 2430; x_wconf 83' lang='lat' dir='ltr'><em>Gerl.</em></span> <span class='ocrx_word' id='word_1_452' title='bbox 576 2416 618 2422; x_wconf 93' lang='lat'><strong>—</strong></span> <span class='ocrx_word' id='word_1_453' title='bbox 639 2403 683 2436; x_wconf 90' lang='lat'><em>37)</em></span> <span class='ocrx_word' id='word_1_454' title='bbox 713 2401 773 2429; x_wconf 78' lang='lat' dir='ltr'><em>Ter.</em></span> <span class='ocrx_word' id='word_1_455' title='bbox 790 2399 873 2430; x_wconf 81' lang='lat' dir='ltr'><em>And.</em></span> <span class='ocrx_word' id='word_1_456' title='bbox 891 2401 958 2433; x_wconf 84' lang='lat'><em>4.1.</em></span> <span class='ocrx_word' id='word_1_457' title='bbox 971 2401 1018 2433; x_wconf 85' lang='lat'><em>15.</em></span> 
     </span>
    </p>
   </div>
   <div class='ocr_carea' id='block_1_14' title="bbox 1063 1512 2019 2390">
    <p class='ocr_par' dir='ltr' id='par_1_25' title="bbox 1063 1512 2019 2390">
     <span class='ocr_line' id='line_1_49' title="bbox 1073 1512 2019 1553; baseline -0.003 -10"><span class='ocrx_word' id='word_1_458' title='bbox 1073 1514 1107 1545; x_wconf 89' lang='lat' dir='ltr'><em>A.</em></span> <span class='ocrx_word' id='word_1_459' title='bbox 1126 1515 1164 1545; x_wconf 87' lang='lat' dir='ltr'><em>M.</em></span> <span class='ocrx_word' id='word_1_460' title='bbox 1186 1531 1228 1538; x_wconf 93' lang='lat'>—</span> <span class='ocrx_word' id='word_1_461' title='bbox 1249 1515 1297 1553; x_wconf 80' lang='lat'><em>38)</em></span> <span class='ocrx_word' id='word_1_462' title='bbox 1320 1514 1404 1543; x_wconf 78' lang='lat' dir='ltr'><em>Idem</em></span> <span class='ocrx_word' id='word_1_463' title='bbox 1420 1515 1501 1543; x_wconf 34' lang='lat' dir='ltr'><em>Eun..</em></span> <span class='ocrx_word' id='word_1_464' title='bbox 1519 1516 1547 1545; x_wconf 90' lang='lat'><em>4.</em></span> <span class='ocrx_word' id='word_1_465' title='bbox 1566 1515 1595 1545; x_wconf 88' lang='grc'><em>4.</em></span> <span class='ocrx_word' id='word_1_466' title='bbox 1613 1514 1661 1546; x_wconf 88' lang='grc'><em>56.</em></span> <span class='ocrx_word' id='word_1_467' title='bbox 1682 1514 1715 1543; x_wconf 89' lang='grc' dir='ltr'><em>Α.</em></span> <span class='ocrx_word' id='word_1_468' title='bbox 1738 1514 1776 1543; x_wconf 82' lang='grc' dir='ltr'><em>Μ.</em></span> <span class='ocrx_word' id='word_1_469' title='bbox 1806 1514 1847 1542; x_wconf 86' lang='lat' dir='ltr'><em>Te</em></span> <span class='ocrx_word' id='word_1_470' title='bbox 1866 1512 1902 1541; x_wconf 74' lang='lat' dir='ltr'><em>de</em></span> <span class='ocrx_word' id='word_1_471' title='bbox 1928 1513 2019 1540; x_wconf 79' lang='lat' dir='ltr'><em>turba</em></span> 
     </span>
     <span class='ocr_line' id='line_1_50' title="bbox 1075 1556 2018 1596; baseline -0.001 -11"><span class='ocrx_word' id='word_1_472' title='bbox 1075 1558 1147 1586; x_wconf 85' lang='lat' dir='ltr'><em>Cod.</em></span> <span class='ocrx_word' id='word_1_473' title='bbox 1176 1558 1210 1588; x_wconf 87' lang='lat' dir='ltr'><em>A.</em></span> <span class='ocrx_word' id='word_1_474' title='bbox 1233 1557 1270 1586; x_wconf 88' lang='lat' dir='ltr'><em>M.</em></span> <span class='ocrx_word' id='word_1_475' title='bbox 1292 1562 1470 1596; x_wconf 85' lang='lat' dir='ltr'><em>quapropter</em></span> <span class='ocrx_word' id='word_1_476' title='bbox 1492 1556 1584 1584; x_wconf 84' lang='lat' dir='ltr'><em>edidit</em></span> <span class='ocrx_word' id='word_1_477' title='bbox 1607 1562 1634 1583; x_wconf 84' lang='lat' dir='ltr'><em>le</em></span> <span class='ocrx_word' id='word_1_478' title='bbox 1654 1557 1753 1585; x_wconf 77' lang='lat' dir='ltr'><em>turba.</em></span> <span class='ocrx_word' id='word_1_479' title='bbox 1771 1556 1874 1585; x_wconf 76' lang='lat' dir='ltr'><em>Adieei</em></span> <span class='ocrx_word' id='word_1_480' title='bbox 1897 1557 1979 1584; x_wconf 76' lang='lat' dir='ltr'><em>omni</em></span> <span class='ocrx_word' id='word_1_481' title='bbox 2002 1565 2018 1584; x_wconf 90' lang='lat' dir='ltr'><em>e</em></span> 
     </span>
     <span class='ocr_line' id='line_1_51' title="bbox 1075 1597 2017 1638; baseline -0.003 -10"><span class='ocrx_word' id='word_1_482' title='bbox 1075 1600 1146 1629; x_wconf 84' lang='lat' dir='ltr'><em>cod.</em></span> <span class='ocrx_word' id='word_1_483' title='bbox 1168 1601 1221 1630; x_wconf 92' lang='lat' dir='ltr'><em>Gu.</em></span> <span class='ocrx_word' id='word_1_484' title='bbox 1245 1610 1304 1638; x_wconf 89' lang='lat' dir='ltr'><em>quo</em></span> <span class='ocrx_word' id='word_1_485' title='bbox 1327 1600 1427 1627; x_wconf 85' lang='lat' dir='ltr'><em>eodem</em></span> <span class='ocrx_word' id='word_1_486' title='bbox 1448 1598 1530 1627; x_wconf 88' lang='lat' dir='ltr'><em>ducit</em></span> <span class='ocrx_word' id='word_1_487' title='bbox 1552 1598 1693 1627; x_wconf 77' lang='lat' dir='ltr'><em>mendum</em></span> <span class='ocrx_word' id='word_1_488' title='bbox 1720 1599 1790 1627; x_wconf 82' lang='lat' dir='ltr'><em>cod.</em></span> <span class='ocrx_word' id='word_1_489' title='bbox 1810 1599 1846 1628; x_wconf 89' lang='lat' dir='ltr'><em>A.</em></span> <span class='ocrx_word' id='word_1_490' title='bbox 1866 1598 1905 1626; x_wconf 87' lang='lat' dir='ltr'><em>M.</em></span> <span class='ocrx_word' id='word_1_491' title='bbox 1927 1597 2017 1636; x_wconf 88' lang='lat' dir='ltr'><em>Apud</em></span> 
     </span>
     <span class='ocr_line' id='line_1_52' title="bbox 1073 1639 2016 1678; baseline -0.003 -8"><span class='ocrx_word' id='word_1_492' title='bbox 1073 1643 1139 1671; x_wconf 85' lang='lat' dir='ltr'><em>Ter.</em></span> <span class='ocrx_word' id='word_1_493' title='bbox 1166 1643 1280 1671; x_wconf 80' lang='lat' dir='ltr'><em>editur:</em></span> <span class='ocrx_word' id='word_1_494' title='bbox 1316 1643 1388 1669; x_wconf 76' lang='lat' dir='ltr'><em>Hae</em></span> <span class='ocrx_word' id='word_1_495' title='bbox 1411 1651 1442 1667; x_wconf 88' lang='lat' dir='ltr'><em>re</em></span> <span class='ocrx_word' id='word_1_496' title='bbox 1465 1645 1497 1667; x_wconf 79' lang='lat' dir='ltr'><em>et</em></span> <span class='ocrx_word' id='word_1_497' title='bbox 1523 1645 1550 1666; x_wconf 78' lang='lat' dir='ltr'><em>te</em></span> <span class='ocrx_word' id='word_1_498' title='bbox 1579 1642 1661 1668; x_wconf 81' lang='grc' dir='ltr'><em>ωηηί</em></span> <span class='ocrx_word' id='word_1_499' title='bbox 1681 1647 1701 1670; x_wconf 81' lang='lat' dir='ltr'><em>t.</em></span> <span class='ocrx_word' id='word_1_500' title='bbox 1731 1652 1753 1668; x_wconf 80' lang='lat' dir='ltr'><em>e.</em></span> <span class='ocrx_word' id='word_1_501' title='bbox 1784 1658 1830 1664; x_wconf 89' lang='lat'><em>—-</em></span> <span class='ocrx_word' id='word_1_502' title='bbox 1858 1639 1903 1678; x_wconf 79' lang='lat'><em>39)</em></span> <span class='ocrx_word' id='word_1_503' title='bbox 1935 1639 2016 1668; x_wconf 76' lang='lat' dir='ltr'><em>Idem</em></span> 
     </span>
     <span class='ocr_line' id='line_1_53' title="bbox 1071 1682 2017 1722; baseline -0.003 -10"><span class='ocrx_word' id='word_1_504' title='bbox 1071 1686 1163 1722; x_wconf 55' lang='lat' dir='ltr'><em>Jleqv.</em></span> <span class='ocrx_word' id='word_1_505' title='bbox 1186 1688 1211 1716; x_wconf 87' lang='lat'><em>1.</em></span> <span class='ocrx_word' id='word_1_506' title='bbox 1236 1688 1264 1716; x_wconf 81' lang='lat'><em>2.</em></span> <span class='ocrx_word' id='word_1_507' title='bbox 1288 1686 1337 1715; x_wconf 73' lang='lat'><em>94.</em></span> <span class='ocrx_word' id='word_1_508' title='bbox 1362 1682 1395 1710; x_wconf 87' lang='lat' dir='ltr'><em>A.</em></span> <span class='ocrx_word' id='word_1_509' title='bbox 1417 1682 1455 1710; x_wconf 83' lang='lat' dir='ltr'><em>M.</em></span> <span class='ocrx_word' id='word_1_510' title='bbox 1477 1682 1578 1720; x_wconf 79' lang='lat' dir='ltr'><em>Atque</em></span> <span class='ocrx_word' id='word_1_511' title='bbox 1596 1683 1678 1710; x_wconf 75' lang='lat' dir='ltr'><em>sume</em></span> <span class='ocrx_word' id='word_1_512' title='bbox 1697 1683 1732 1711; x_wconf 88' lang='lat' dir='ltr'><em>A.</em></span> <span class='ocrx_word' id='word_1_513' title='bbox 1755 1683 1793 1712; x_wconf 81' lang='lat' dir='ltr'><em>M.</em></span> <span class='ocrx_word' id='word_1_514' title='bbox 1818 1683 1918 1719; x_wconf 77' lang='lat' dir='ltr'><em>Atque</em></span> <span class='ocrx_word' id='word_1_515' title='bbox 1937 1682 2017 1710; x_wconf 72' lang='lat' dir='ltr'><em>hanc</em></span> 
     </span>
     <span class='ocr_line' id='line_1_54' title="bbox 1073 1723 2015 1761; baseline -0.004 -6"><span class='ocrx_word' id='word_1_516' title='bbox 1073 1728 1143 1755; x_wconf 71' lang='lat' dir='ltr'><em>(lod.</em></span> <span class='ocrx_word' id='word_1_517' title='bbox 1165 1728 1222 1755; x_wconf 88' lang='lat' dir='ltr'><em>Gu.</em></span> <span class='ocrx_word' id='word_1_518' title='bbox 1249 1727 1340 1753; x_wconf 85' lang='lat' dir='ltr'><em>Error</em></span> <span class='ocrx_word' id='word_1_519' title='bbox 1372 1728 1453 1751; x_wconf 83' lang='lat' dir='ltr'><em>ortus</em></span> <span class='ocrx_word' id='word_1_520' title='bbox 1478 1734 1515 1751; x_wconf 79' lang='lat' dir='ltr'><em>ex</em></span> <span class='ocrx_word' id='word_1_521' title='bbox 1545 1725 1623 1753; x_wconf 86' lang='lat' dir='ltr'><em>malo</em></span> <span class='ocrx_word' id='word_1_522' title='bbox 1650 1725 1801 1753; x_wconf 83' lang='lat' dir='ltr'><em>intellecto</em></span> <span class='ocrx_word' id='word_1_523' title='bbox 1828 1723 2015 1761; x_wconf 81' lang='lat' dir='ltr'><em>compendio,</em></span> 
     </span>
     <span class='ocr_line' id='line_1_55' title="bbox 1072 1765 2016 1808; baseline -0.003 -11"><span class='ocrx_word' id='word_1_524' title='bbox 1072 1769 1161 1808; x_wconf 84' lang='lat' dir='ltr'><em>Apud</em></span> <span class='ocrx_word' id='word_1_525' title='bbox 1181 1770 1298 1797; x_wconf 81' lang='lat' dir='ltr'><em>Terent.</em></span> <span class='ocrx_word' id='word_1_526' title='bbox 1320 1770 1385 1794; x_wconf 87' lang='lat' dir='ltr'><em>ante</em></span> <span class='ocrx_word' id='word_1_527' title='bbox 1401 1765 1495 1794; x_wconf 84' lang='lat' dir='ltr'><em>Bentl.</em></span> <span class='ocrx_word' id='word_1_528' title='bbox 1518 1767 1659 1794; x_wconf 82' lang='lat' dir='ltr'><em>edebatur</em></span> <span class='ocrx_word' id='word_1_529' title='bbox 1675 1767 1764 1800; x_wconf 77' lang='lat' dir='ltr'><em>huic,</em></span> <span class='ocrx_word' id='word_1_530' title='bbox 1788 1766 1839 1804; x_wconf 85' lang='lat' dir='ltr'><em>qui</em></span> <span class='ocrx_word' id='word_1_531' title='bbox 1861 1770 1941 1794; x_wconf 81' lang='lat' dir='ltr'><em>recte</em></span> <span class='ocrx_word' id='word_1_532' title='bbox 1956 1765 2016 1794; x_wconf 78' lang='lat' dir='ltr'><em>huc</em></span> 
     </span>
     <span class='ocr_line' id='line_1_56' title="bbox 1070 1807 2012 1847; baseline -0.002 -8"><span class='ocrx_word' id='word_1_533' title='bbox 1070 1811 1197 1840; x_wconf 73' lang='lat' dir='ltr'><em>restituit</em></span> <span class='ocrx_word' id='word_1_534' title='bbox 1222 1820 1236 1837; x_wconf 90' lang='lat' dir='ltr'><em>e</em></span> <span class='ocrx_word' id='word_1_535' title='bbox 1260 1809 1336 1836; x_wconf 83' lang='lat' dir='ltr'><em>libro</em></span> <span class='ocrx_word' id='word_1_536' title='bbox 1359 1808 1507 1837; x_wconf 84' lang='lat' dir='ltr'><em>Bembino.</em></span> <span class='ocrx_word' id='word_1_537' title='bbox 1531 1824 1572 1829; x_wconf 90' lang='lat'>-</span> <span class='ocrx_word' id='word_1_538' title='bbox 1593 1807 1639 1847; x_wconf 83' lang='lat'><em>40)</em></span> <span class='ocrx_word' id='word_1_539' title='bbox 1667 1809 1753 1847; x_wconf 66' lang='lat' dir='ltr'><em>Visg.</em></span> <span class='ocrx_word' id='word_1_540' title='bbox 1777 1808 1852 1837; x_wconf 81' lang='lat' dir='ltr'><em>Aen.</em></span> <span class='ocrx_word' id='word_1_541' title='bbox 1875 1810 1915 1837; x_wconf 89' lang='grc' dir='ltr'><em>ΙΙ.</em></span> <span class='ocrx_word' id='word_1_542' title='bbox 1941 1810 2012 1840; x_wconf 74' lang='grc'><strong>526.</strong></span> 
     </span>
     <span class='ocr_line' id='line_1_57' title="bbox 1072 1850 2013 1889; baseline -0.002 -8"><span class='ocrx_word' id='word_1_543' title='bbox 1072 1854 1104 1882; x_wconf 92' lang='lat' dir='ltr'><em>A.</em></span> <span class='ocrx_word' id='word_1_544' title='bbox 1123 1854 1160 1880; x_wconf 82' lang='lat' dir='ltr'><em>M.</em></span> <span class='ocrx_word' id='word_1_545' title='bbox 1188 1853 1274 1888; x_wconf 72' lang='lat' dir='ltr'><em>I&#39;e&#39;rg.</em></span> <span class='ocrx_word' id='word_1_546' title='bbox 1300 1851 1371 1879; x_wconf 84' lang='lat' dir='ltr'><em>cod.</em></span> <span class='ocrx_word' id='word_1_547' title='bbox 1394 1851 1449 1881; x_wconf 91' lang='lat' dir='ltr'><em>Gu.</em></span> <span class='ocrx_word' id='word_1_548' title='bbox 1476 1850 1542 1878; x_wconf 85' lang='grc'><strong>1000</strong></span> <span class='ocrx_word' id='word_1_549' title='bbox 1565 1861 1627 1879; x_wconf 90' lang='lat' dir='ltr'><em>non</em></span> <span class='ocrx_word' id='word_1_550' title='bbox 1649 1851 1818 1889; x_wconf 86' lang='lat' dir='ltr'><em>diligentius</em></span> <span class='ocrx_word' id='word_1_551' title='bbox 1841 1851 2013 1889; x_wconf 81' lang='lat' dir='ltr'><em>significato.</em></span> 
     </span>
     <span class='ocr_line' id='line_1_58' title="bbox 1069 1892 2012 1931; baseline 0 -10"><span class='ocrx_word' id='word_1_552' title='bbox 1069 1911 1110 1916; x_wconf 85' lang='lat'><em>—-</em></span> <span class='ocrx_word' id='word_1_553' title='bbox 1132 1896 1176 1931; x_wconf 84' lang='lat'><em>41)</em></span> <span class='ocrx_word' id='word_1_554' title='bbox 1205 1894 1269 1921; x_wconf 64' lang='lat' dir='ltr'><em>Ter.</em></span> <span class='ocrx_word' id='word_1_555' title='bbox 1298 1893 1389 1921; x_wconf 66' lang='lat' dir='ltr'><em>Phor.</em></span> <span class='ocrx_word' id='word_1_556' title='bbox 1414 1892 1443 1924; x_wconf 82' lang='lat'><em>4.</em></span> <span class='ocrx_word' id='word_1_557' title='bbox 1467 1894 1495 1923; x_wconf 87' lang='lat'><em>4.</em></span> <span class='ocrx_word' id='word_1_558' title='bbox 1523 1895 1550 1923; x_wconf 91' lang='lat'><em>1.</em></span> <span class='ocrx_word' id='word_1_559' title='bbox 1580 1893 1613 1921; x_wconf 91' lang='lat' dir='ltr'><em>A.</em></span> <span class='ocrx_word' id='word_1_560' title='bbox 1634 1893 1672 1921; x_wconf 87' lang='lat' dir='ltr'><em>M.</em></span> <span class='ocrx_word' id='word_1_561' title='bbox 1707 1894 1784 1922; x_wconf 86' lang='lat' dir='ltr'><em>Ante</em></span> <span class='ocrx_word' id='word_1_562' title='bbox 1809 1904 1918 1922; x_wconf 84' lang='lat' dir='ltr'><em>nomen</em></span> <span class='ocrx_word' id='word_1_563' title='bbox 1945 1893 2012 1922; x_wconf 83' lang='lat' dir='ltr'><em>Ter.</em></span> 
     </span>
     <span class='ocr_line' id='line_1_59' title="bbox 1069 1935 2013 1975; baseline 0.002 -12"><span class='ocrx_word' id='word_1_564' title='bbox 1069 1937 1183 1974; x_wconf 77' lang='lat' dir='ltr'><em>signum</em></span> <span class='ocrx_word' id='word_1_565' title='bbox 1203 1935 1335 1964; x_wconf 80' lang='lat' dir='ltr'><em>asterisci</em></span> <span class='ocrx_word' id='word_1_566' title='bbox 1359 1939 1401 1963; x_wconf 87' lang='lat' dir='ltr'><em>est</em></span> <span class='ocrx_word' id='word_1_567' title='bbox 1425 1935 1455 1962; x_wconf 89' lang='lat' dir='ltr'><em>in</em></span> <span class='ocrx_word' id='word_1_568' title='bbox 1481 1935 1552 1966; x_wconf 87' lang='lat' dir='ltr'><em>cod.</em></span> <span class='ocrx_word' id='word_1_569' title='bbox 1579 1936 1634 1965; x_wconf 91' lang='lat' dir='ltr'><em>Gu.</em></span> <span class='ocrx_word' id='word_1_570' title='bbox 1665 1936 1702 1964; x_wconf 78' lang='lat' dir='ltr'><em>ad</em></span> <span class='ocrx_word' id='word_1_571' title='bbox 1726 1936 1806 1975; x_wconf 87' lang='lat' dir='ltr'><em>quod</em></span> <span class='ocrx_word' id='word_1_572' title='bbox 1828 1937 1860 1964; x_wconf 91' lang='lat' dir='ltr'><em>in</em></span> <span class='ocrx_word' id='word_1_573' title='bbox 1882 1935 2013 1974; x_wconf 82' lang='lat' dir='ltr'><em>margine</em></span> 
     </span>
     <span class='ocr_line' id='line_1_60' title="bbox 1069 1977 2011 2016; baseline 0.001 -10"><span class='ocrx_word' id='word_1_574' title='bbox 1069 1978 1230 2016; x_wconf 80' lang='lat' dir='ltr'><em>ascriptum</em></span> <span class='ocrx_word' id='word_1_575' title='bbox 1245 1979 1287 2007; x_wconf 86' lang='lat' dir='ltr'><em>M.</em></span> <span class='ocrx_word' id='word_1_576' title='bbox 1306 1979 1477 2006; x_wconf 80' lang='lat' dir='ltr'><em>Lacunam.</em></span> <span class='ocrx_word' id='word_1_577' title='bbox 1498 1977 1573 2005; x_wconf 90' lang='lat' dir='ltr'><em>Tum</em></span> <span class='ocrx_word' id='word_1_578' title='bbox 1586 1983 1751 2016; x_wconf 82' lang='lat' dir='ltr'><em>sequuntur</em></span> <span class='ocrx_word' id='word_1_579' title='bbox 1771 1979 1800 2007; x_wconf 88' lang='lat' dir='ltr'><em>in</em></span> <span class='ocrx_word' id='word_1_580' title='bbox 1816 1982 1902 2007; x_wconf 75' lang='lat' dir='ltr'><em>textu</em></span> <span class='ocrx_word' id='word_1_581' title='bbox 1923 1977 2011 2007; x_wconf 84' lang='lat' dir='ltr'><em>haec:</em></span> 
     </span>
     <span class='ocr_line' id='line_1_61' title="bbox 1071 2020 2011 2060; baseline 0 -12"><span class='ocrx_word' id='word_1_582' title='bbox 1071 2021 1185 2050; x_wconf 64' lang='lat' dir='ltr'><em>Terent.</em></span> <span class='ocrx_word' id='word_1_583' title='bbox 1206 2021 1328 2048; x_wconf 76' lang='lat' dir='ltr'><em>Phorm.</em></span> <span class='ocrx_word' id='word_1_584' title='bbox 1354 2021 1509 2058; x_wconf 68' lang='lat' dir='ltr'><em>Exequias</em></span> <span class='ocrx_word' id='word_1_585' title='bbox 1543 2020 1689 2048; x_wconf 73' lang='lat' dir='ltr'><em>Chremeti</em></span> <span class='ocrx_word' id='word_1_586' title='bbox 1717 2021 1827 2060; x_wconf 76' lang='lat' dir='ltr'><em>quibus</em></span> <span class='ocrx_word' id='word_1_587' title='bbox 1855 2027 1897 2049; x_wconf 74' lang='lat' dir='ltr'><em>est</em></span> <span class='ocrx_word' id='word_1_588' title='bbox 1929 2031 2011 2049; x_wconf 84' lang='lat' dir='ltr'><em>com-</em></span> 
     </span>
     <span class='ocr_line' id='line_1_62' title="bbox 1069 2062 2010 2100; baseline 0.001 -10"><span class='ocrx_word' id='word_1_589' title='bbox 1069 2062 1192 2090; x_wconf 79' lang='lat' dir='ltr'><em>modum</em></span> <span class='ocrx_word' id='word_1_590' title='bbox 1221 2064 1279 2099; x_wconf 81' lang='lat' dir='ltr'><em>ire,</em></span> <span class='ocrx_word' id='word_1_591' title='bbox 1316 2068 1432 2100; x_wconf 78' lang='lat' dir='ltr'><em>tempus</em></span> <span class='ocrx_word' id='word_1_592' title='bbox 1461 2068 1513 2092; x_wconf 79' lang='lat' dir='ltr'><em>est.</em></span> <span class='ocrx_word' id='word_1_593' title='bbox 1541 2063 1688 2092; x_wconf 88' lang='lat' dir='ltr'><em>Nimirum</em></span> <span class='ocrx_word' id='word_1_594' title='bbox 1718 2063 1866 2092; x_wconf 79' lang='lat' dir='ltr'><em>aberravit</em></span> <span class='ocrx_word' id='word_1_595' title='bbox 1897 2063 2010 2092; x_wconf 84' lang='lat' dir='ltr'><em>librarii</em></span> 
     </span>
     <span class='ocr_line' id='line_1_63' title="bbox 1068 2105 2011 2143; baseline 0.001 -10"><span class='ocrx_word' id='word_1_596' title='bbox 1068 2106 1171 2133; x_wconf 79' lang='lat' dir='ltr'><em>oculus</em></span> <span class='ocrx_word' id='word_1_597' title='bbox 1191 2116 1205 2133; x_wconf 85' lang='lat' dir='ltr'>a</span> <span class='ocrx_word' id='word_1_598' title='bbox 1229 2106 1346 2134; x_wconf 86' lang='lat' dir='ltr'><em>nomine</em></span> <span class='ocrx_word' id='word_1_599' title='bbox 1379 2106 1487 2134; x_wconf 80' lang='lat' dir='ltr'><em>Terent.</em></span> <span class='ocrx_word' id='word_1_600' title='bbox 1509 2105 1630 2134; x_wconf 77' lang='lat' dir='ltr'><em>Plzorm.</em></span> <span class='ocrx_word' id='word_1_601' title='bbox 1657 2105 1694 2134; x_wconf 83' lang='lat' dir='ltr'><em>ad</em></span> <span class='ocrx_word' id='word_1_602' title='bbox 1725 2107 1803 2135; x_wconf 86' lang='lat' dir='ltr'><em>idem</em></span> <span class='ocrx_word' id='word_1_603' title='bbox 1827 2116 1952 2143; x_wconf 86' lang='lat' dir='ltr'><em>nomen,</em></span> <span class='ocrx_word' id='word_1_604' title='bbox 1981 2110 2011 2134; x_wconf 83' lang='lat' dir='ltr'><em>et:</em></span> 
     </span>
     <span class='ocr_line' id='line_1_64' title="bbox 1067 2148 2010 2186; baseline 0.002 -11"><span class='ocrx_word' id='word_1_605' title='bbox 1067 2148 1233 2185; x_wconf 81' lang='lat' dir='ltr'><em>exemplum</em></span> <span class='ocrx_word' id='word_1_606' title='bbox 1255 2152 1340 2186; x_wconf 83' lang='lat' dir='ltr'><em>atque</em></span> <span class='ocrx_word' id='word_1_607' title='bbox 1363 2152 1530 2186; x_wconf 86' lang='lat' dir='ltr'><em>sequentem</em></span> <span class='ocrx_word' id='word_1_608' title='bbox 1557 2148 1752 2177; x_wconf 83' lang='lat' dir='ltr'><em>elocutionem</em></span> <span class='ocrx_word' id='word_1_609' title='bbox 1777 2149 1886 2177; x_wconf 82' lang='lat' dir='ltr'><em>omisit.</em></span> <span class='ocrx_word' id='word_1_610' title='bbox 1908 2149 2010 2186; x_wconf 83' lang='lat' dir='ltr'><em>Itaque</em></span> 
     </span>
     <span class='ocr_line' id='line_1_65' title="bbox 1067 2190 2009 2230; baseline 0.001 -12"><span class='ocrx_word' id='word_1_611' title='bbox 1067 2200 1121 2228; x_wconf 84' lang='lat' dir='ltr'><em>ope</em></span> <span class='ocrx_word' id='word_1_612' title='bbox 1142 2190 1211 2218; x_wconf 81' lang='lat' dir='ltr'><em>Cod.</em></span> <span class='ocrx_word' id='word_1_613' title='bbox 1228 2190 1260 2218; x_wconf 88' lang='lat' dir='ltr'><em>A.</em></span> <span class='ocrx_word' id='word_1_614' title='bbox 1278 2190 1317 2218; x_wconf 88' lang='lat' dir='ltr'><em>M.</em></span> <span class='ocrx_word' id='word_1_615' title='bbox 1336 2191 1436 2218; x_wconf 88' lang='lat' dir='ltr'><em>locum</em></span> <span class='ocrx_word' id='word_1_616' title='bbox 1459 2190 1652 2219; x_wconf 81' lang='lat' dir='ltr'><em>restituimus.</em></span> <span class='ocrx_word' id='word_1_617' title='bbox 1673 2191 1702 2220; x_wconf 90' lang='lat' dir='ltr'><em>Is</em></span> <span class='ocrx_word' id='word_1_618' title='bbox 1724 2202 1794 2220; x_wconf 86' lang='lat' dir='ltr'><em>vero</em></span> <span class='ocrx_word' id='word_1_619' title='bbox 1815 2191 1916 2220; x_wconf 83' lang='lat' dir='ltr'><em>Codex</em></span> <span class='ocrx_word' id='word_1_620' title='bbox 1939 2195 2009 2230; x_wconf 88' lang='lat' dir='ltr'><em>post</em></span> 
     </span>
     <span class='ocr_line' id='line_1_66' title="bbox 1066 2232 2006 2271; baseline -0.001 -10"><span class='ocrx_word' id='word_1_621' title='bbox 1066 2242 1093 2261; x_wconf 90' lang='lat' dir='ltr'><em>v.</em></span> <span class='ocrx_word' id='word_1_622' title='bbox 1121 2243 1216 2260; x_wconf 78' lang='lat' dir='ltr'><em>senem</em></span> <span class='ocrx_word' id='word_1_623' title='bbox 1241 2232 1339 2261; x_wconf 82' lang='lat' dir='ltr'><em>statim</em></span> <span class='ocrx_word' id='word_1_624' title='bbox 1361 2232 1480 2261; x_wconf 79' lang='lat' dir='ltr'><em>exhibet</em></span> <span class='ocrx_word' id='word_1_625' title='bbox 1508 2233 1729 2271; x_wconf 83' lang='lat' dir='ltr'><em>eloquutionem</em></span> <span class='ocrx_word' id='word_1_626' title='bbox 1756 2234 1784 2263; x_wconf 85' lang='lat' dir='ltr'><em>E</em></span> <span class='ocrx_word' id='word_1_627' title='bbox 1810 2235 1872 2262; x_wconf 87' lang='lat' dir='ltr'><em>loco</em></span> <span class='ocrx_word' id='word_1_628' title='bbox 1896 2237 2006 2269; x_wconf 66' lang='lat' dir='ltr'><em>evocat,</em></span> 
     </span>
     <span class='ocr_line' id='line_1_67' title="bbox 1065 2274 2007 2315; baseline 0 -13"><span class='ocrx_word' id='word_1_629' title='bbox 1065 2274 1179 2303; x_wconf 82' lang='lat' dir='ltr'><em>omissis</em></span> <span class='ocrx_word' id='word_1_630' title='bbox 1203 2275 1340 2304; x_wconf 86' lang='lat' dir='ltr'><em>omnibus</em></span> <span class='ocrx_word' id='word_1_631' title='bbox 1363 2275 1555 2314; x_wconf 83' lang='lat' dir='ltr'><em>interpositis,</em></span> <span class='ocrx_word' id='word_1_632' title='bbox 1578 2286 1651 2314; x_wconf 84' lang='lat' dir='ltr'><em>quae</em></span> <span class='ocrx_word' id='word_1_633' title='bbox 1672 2286 1686 2304; x_wconf 91' lang='lat' dir='ltr'><em>e</em></span> <span class='ocrx_word' id='word_1_634' title='bbox 1706 2277 1777 2305; x_wconf 88' lang='lat' dir='ltr'><em>Cod.</em></span> <span class='ocrx_word' id='word_1_635' title='bbox 1797 2277 1852 2306; x_wconf 91' lang='lat' dir='ltr'><em>Gu.</em></span> <span class='ocrx_word' id='word_1_636' title='bbox 1875 2275 2007 2315; x_wconf 80' lang='lat' dir='ltr'><em>praecla-</em></span> 
     </span>
     <span class='ocr_line' id='line_1_68' title="bbox 1063 2316 2004 2357; baseline 0.001 -12"><span class='ocrx_word' id='word_1_637' title='bbox 1063 2317 1177 2346; x_wconf 85' lang='lat' dir='ltr'><em>rissimo</em></span> <span class='ocrx_word' id='word_1_638' title='bbox 1195 2317 1296 2348; x_wconf 81' lang='lat' dir='ltr'><em>adieci.</em></span> <span class='ocrx_word' id='word_1_639' title='bbox 1336 2334 1372 2340; x_wconf 88' lang='lat'><em>-</em></span> <span class='ocrx_word' id='word_1_640' title='bbox 1404 2319 1450 2353; x_wconf 72' lang='lat'><em>42)</em></span> <span class='ocrx_word' id='word_1_641' title='bbox 1487 2318 1597 2350; x_wconf 71' lang='lat' dir='ltr'><em>:lt-rent.</em></span> <span class='ocrx_word' id='word_1_642' title='bbox 1617 2319 1741 2348; x_wconf 78' lang='lat' dir='ltr'><em>Phorm.</em></span> <span class='ocrx_word' id='word_1_643' title='bbox 1769 2319 1807 2357; x_wconf 81' lang='lat' dir='ltr'><em>V,</em></span> <span class='ocrx_word' id='word_1_644' title='bbox 1830 2321 1860 2356; x_wconf 85' lang='lat'><em>8,</em></span> <span class='ocrx_word' id='word_1_645' title='bbox 1880 2320 1930 2351; x_wconf 82' lang='grc'><em>37.</em></span> <span class='ocrx_word' id='word_1_646' title='bbox 1954 2316 2004 2346; x_wconf 83' lang='lat' dir='ltr'><em>ubi</em></span> 
     </span>
     <span class='ocr_line' id='line_1_69' title="bbox 1064 2360 1319 2390; baseline 0.008 -2"><span class='ocrx_word' id='word_1_647' title='bbox 1064 2360 1160 2390; x_wconf 75' lang='lat' dir='ltr'><em>editur</em></span> <span class='ocrx_word' id='word_1_648' title='bbox 1180 2361 1223 2389; x_wconf 85' lang='lat' dir='ltr'><em>ire</em></span> <span class='ocrx_word' id='word_1_649' title='bbox 1244 2362 1319 2390; x_wconf 86' lang='grc' dir='ltr'><strong>ιάιη.</strong></span> 
     </span>
    </p>
   </div>
  </div>
 </body>
</html>
