2263 2668
530 163 593 196 DE
620 162 1007 197 SIGNIFICATIONE
1037 161 1317 196 VERBORUM.
1370 162 1514 196 LIBER
1539 163 1596 198 lx.
1954 161 2028 196 453

97 260 192 289 Plaut.
214 259 300 288 Milit.
318 258 358 293 V,
383 257 418 292 5,
443 258 493 288 31.
518 256 568 284 ubi
593 256 682 293 vulgo
709 255 819 294 legitur
840 263 993 295 antequam
1015 254 1122 290 minis,
1158 255 1209 283 ubi
1233 255 1324 284 codd.
1347 256 1476 284 animam
1499 257 1590 284 mittis
1612 261 1641 285 et
1663 257 1790 285 animam
1813 255 1937 292 amittis,
1972 266 2026 294 pro

96 312 156 341 quo
179 301 333 339 rescripsit
354 298 495 327 Bothius:
519 309 557 326 an
580 299 620 326 im
641 299 760 328 amittis.
805 297 849 326 Cf.
872 308 945 336 quae
968 296 1005 325 ad
1027 296 1121 325 Plaut.
1144 297 1163 328 l.
1183 307 1208 327 c.
1232 309 1248 325 a
1270 298 1353 326 nobis
1376 304 1443 327 sunt
1465 299 1617 328 adnotata.

260 342 404 371 Ianeus.
448 342 472 369 A
496 342 581 376 lano,
606 341 657 379 qui
679 341 793 369 foribus
816 345 942 378 praeest.
966 339 1053 368 Dac.
1094 337 1197 376 Ianus,
1222 341 1273 378 qui
1296 341 1382 369 etiam
1404 341 1537 378 Dianus,
1558 340 1636 369 unde
1660 339 1734 369 Iana
1757 345 1784 369 et
1806 339 1907 369 Diana
1927 350 2026 378 quem-

96 386 255 415 admodum
279 385 383 414 Diovis
405 388 434 412 et
456 383 536 412 lovis
558 383 693 421 (Iupiter)
718 393 754 411 ex
777 383 877 421 eodem
899 383 981 410 fonte
1003 386 1063 417 est,
1095 386 1183 420 atque
1205 382 1323 419 Diovis,
1355 382 1447 420 Iovis,
1478 388 1507 412 et
1529 382 1652 423 Iupiter,
1683 383 1796 411 scilicet
1818 393 1855 411 ex
1877 383 2025 412 Sanscrito

96 427 148 457 diu
170 429 301 464 coelum,
325 427 391 463 lux,
416 431 444 455 et
466 424 556 465 dia(s)
579 425 651 456 dies,
696 424 799 454 Ianum
822 435 856 453 ac
880 424 1005 453 Dianum
1030 433 1092 451 esse
1114 425 1221 461 solem,
1250 430 1354 454 contra
1377 426 1480 454 lanam
1504 436 1538 453 ac
1560 426 1689 454 Dianam
1709 426 1809 454 lunam
1832 425 1908 454 vidit
1930 425 2026 453 Scali—

95 481 147 509 ger
169 471 205 499 de
228 470 342 499 emend.
364 474 531 507 temporum
552 468 596 504 ΙΙ,
620 477 684 505 pag.
700 467 769 499 174.
795 467 982 505 ostenditque
1005 466 1145 495 Varronis
1168 468 1251 496 locus
1273 467 1308 496 de
1331 468 1365 496 R.
1387 469 1419 496 R.
1440 468 1469 505 Ι,
1494 470 1582 499 c.37.

259 511 377 540 Iussa.
423 511 542 550 Optime
564 510 621 538 viri
645 510 744 547 docti,
774 510 825 548 qui
847 510 949 548 legunt
970 509 1033 537 insa
1056 509 1074 537 i.
1095 519 1119 538 e.
1143 510 1222 547 iura,
1250 522 1263 538 s
1285 520 1341 549 pro
1365 522 1393 546 r,
1421 515 1454 538 ut
1475 509 1633 540 maiosibus
1655 520 1709 548 pro
1731 508 1906 544 maioribus,
1931 506 2027 536 Lasi—

95 554 148 584 Bus
168 565 222 594 pro
245 553 357 583 laribus
379 558 435 582 etc.
480 552 568 581 Dae.

258 595 395 624 Iubere.
440 595 502 623 Hoc
531 595 622 622 verbo
650 594 779 632 populus
803 595 856 624 Ro.
880 594 1031 629 utebatur,
1070 603 1136 621 cum
1168 594 1257 631 legem
1287 599 1338 622 aut
1364 594 1445 622 aliud
1467 600 1586 632 rogatus
1609 606 1624 623 a
1646 594 1818 632 magistratu
1840 592 1898 621 hoc
1920 591 2025 621 modo:

96 637 204 667 Velitis
226 637 348 666 iubearis
374 637 516 676 Quirites3
539 637 578 665 ita
602 636 817 675 respondebat,
841 639 865 665 si
887 637 1068 674 rogationem
1092 636 1247 674 probaret:
1274 635 1418 665 Volumus
1440 636 1632 676 iubemusque,
1666 635 1767 665 Iubere
1786 635 1945 674 aliquando
1970 644 2024 672 pro

93 680 226 719 hortari,
249 685 281 708 ut
304 679 386 709 iubeo
410 687 435 708 te
457 678 550 708 valere
573 685 626 708 etc.
652 678 740 708 Dac.
781 680 866 708 Adde
889 679 1014 707 Nonium
1038 679 1115 717 (pag.
1128 680 1200 710 324.
1224 679 1324 715 Mero.)
1348 679 1379 706 in
1402 679 1511 708 lubere.
1557 679 1662 708 Goth.

256 721 411 752 Iunium.
455 721 547 750 Multa
576 722 611 750 de
638 719 685 749 his
714 721 799 750 Ovid.
819 722 865 752 vl.
896 722 973 752 Fast.
991 723 1041 752 26.
1072 726 1101 749 et
1128 721 1258 749 Macrob.
1286 721 1369 750 lib.1.
1393 722 1508 749 Saturn.
1531 721 1618 750 Ant.
1640 721 1732 760 Aug.
1775 719 1919 748 Iunonius
1943 722 2025 746 antea

92 765 201 794 dictus.
233 764 319 793 Ovid.
343 765 361 793 l.
385 775 409 792 c.
431 763 519 793 Dae.
557 764 650 792 Varro
674 763 723 794 lib.
737 764 787 792 IX.
811 764 847 793 de
869 765 901 793 L.
923 765 953 793 L.
978 764 1050 800 (Lib.
1063 763 1119 799 Vl,
1143 764 1215 795 214.
1241 766 1313 802 Sp).
1355 763 1434 798 Quin
1458 768 1485 791 et
1506 764 1570 801 ipse
1594 764 1695 792 Festus
1718 763 1748 790 in
1770 762 1884 791 Maius.
1920 759 2024 790 Goth.

91 806 199 844 Iunus,
224 808 304 836 unde
329 806 404 835 Iuno
429 804 530 846 (Ζανώ
555 804 695 844 Graece),
719 811 762 835 est
783 807 956 846 splendens,
980 817 995 835 a
1017 806 1082 834 rad.
1105 807 1223 835 Sanscr.
1244 806 1319 841 Diu,
1343 806 1446 834 addito
1470 806 1575 834 suffixo
1600 818 1667 841 nus,
1690 815 1781 844 quare
1804 804 1903 833 Iunius
1925 803 2024 841 potius

93 860 108 877 a
130 849 260 887 Iunone,
297 859 386 888 quam
410 859 425 877 a
447 848 603 878 iuvenibus
632 849 770 878 videatur
793 849 994 879 derivandum.
1036 849 1095 877 sed
1117 847 1218 877 Iunius
1241 853 1273 876 ut
1296 847 1408 877 DInius.
1453 849 1491 876 Ut
1515 848 1589 876 enim
1614 847 1717 876 Ilffaius
1740 859 1756 875 a
1778 848 1890 875 Sanscr.
1913 843 2023 880 mahat,

90 891 195 920 malms
218 892 339 931 (maias)
362 893 471 930 magis,
504 892 615 928 maior-,-
645 891 688 919 sic
711 902 726 919 a
750 890 854 928 Iunus,
885 890 1003 927 Iunius,
1032 891 1084 929 qui
1106 891 1291 929 splendorem
1314 890 1416 927 habet,
1446 891 1514 929 quia
1537 890 1645 918 mensis
1668 895 1727 925 est,
1759 889 1809 917 ubi
1832 889 1876 918 sol
1899 887 2025 916 maxime

90 933 235 972 splendet.
268 935 363 971 Igitur
385 938 418 962 ut
432 933 536 962 Maius
559 934 614 962 erit
635 939 772 971 auctaas,
796 944 927 963 crescere
948 934 1075 968 faciens3
1100 935 1143 962 sic
1158 934 1260 962 lunius
1282 933 1473 972 splendidus,
1497 933 1655 972 splendore
1673 933 1747 961 Solis
1768 931 1900 970 insigniS.
1932 929 2023 964 Adde,

90 986 166 1014 quae
189 987 211 1005 s.
232 986 261 1005 v.
284 976 353 1004 Dies
376 976 513 1006 diximus,

252 1017 386 1047 Iulius.
433 1018 573 1053 Quintilis
595 1022 678 1046 antea
702 1018 816 1055 dictus,
850 1018 931 1057 quod
954 1018 1074 1057 quintus
1097 1023 1192 1046 essent
1214 1028 1229 1045 a
1252 1017 1375 1054 Martio,
1399 1018 1450 1056 qui
1473 1018 1565 1045 mensi
1588 1017 1676 1045 dabat
1697 1016 1823 1047 initium.
1867 1016 1971 1044 Postea
1993 1014 2023 1042 in

88 1060 233 1090 honorem
256 1060 388 1089 Caesaris
411 1059 505 1090 Iulius
528 1061 642 1097 dictus,
669 1061 749 1099 quod
773 1061 796 1089 is
818 1061 867 1091 lV.
892 1061 962 1089 Idus
986 1061 1114 1090 eiusdem
1138 1061 1245 1089 mensis
1269 1065 1355 1088 natus
1377 1060 1423 1088 sit.
1467 1059 1555 1089 Dac.

254 1101 439 1142 Iurgafio·
484 1103 577 1131 Varro
600 1103 651 1131 lib·
665 1103 713 1132 VI·
738 1104 899 1142 (pag-371.
924 1105 1002 1142 Sp-):
1028 1102 1148 1143 Iurgare
1170 1110 1210 1131 est
1232 1103 1293 1132 iure
1315 1113 1413 1142 agere,
1440 1113 1504 1131 cum
1527 1103 1591 1142 quis
1613 1102 1673 1130 iure
1695 1099 1826 1139 litigarit.
1872 1099 1929 1127 Sed
1951 1109 2023 1137 pro-

87 1145 153 1184 prie
175 1145 304 1185 iurgatio
327 1150 355 1174 et
376 1146 501 1184 iurgium
526 1150 568 1174 est
589 1146 667 1174 inter
690 1145 849 1174 benevolos
871 1150 900 1174 et
922 1146 1105 1184 propinquos
1136 1145 1275 1174 dissentio
1299 1145 1347 1174 vel
1368 1145 1526 1174 contentio.
1572 1145 1628 1172 Lis
1651 1143 1835 1172 inimicorum
1867 1146 2022 1170 concerta—

86 1188 131 1216 tio
153 1187 366 1216 vehementior.
407 1188 509 1215 Cicero
526 1188 575 1216 IV.
599 1188 636 1216 de
659 1188 748 1226 Rep.2
774 1187 809 1217 Si
830 1189 947 1227 iurgant
970 1187 1169 1218 benevolorum
1192 1188 1368 1217 concertatio
1391 1195 1449 1223 est,
1478 1186 1514 1216 lis
1537 1187 1721 1215 inimicorum
1745 1197 1801 1215 non
1823 1185 1946 1224 iurgium
1970 1181 2023 1211 di-

87 1231 172 1259 citur.
219 1230 317 1265 Quare
345 1230 423 1268 apud
453 1231 564 1269 probos
590 1235 728 1259 auctores
751 1230 974 1268 distinguuntur
997 1231 1061 1260 Liv.
1084 1231 1133 1261 lib.
1150 1231 1196 1260 V.:
1233 1229 1340 1270 Iurgiis
1363 1241 1398 1260 ac
1421 1228 1522 1259 litibus
1544 1236 1738 1269 temperatum.
1783 1227 1869 1256 Ovid.
1885 1226 1921 1255 H.
1944 1225 2019 1255 Fast.

87 1271 132 1310 (I,
155 1271 234 1310 74.):

659 1314 728 1343 Lite
749 1323 851 1344 vacent
874 1327 972 1353 aures,
997 1316 1158 1356 insanaque
1176 1317 1310 1355 protinus
1332 1314 1429 1344 absint

704 1355 819 1397 Iurgia,
856 1357 945 1399 dss'er
966 1369 1037 1398 opus
1059 1358 1152 1387 livida
1172 1358 1273 1398 lingua
1295 1365 1384 1387 tuum.

83 1407 172 1438 1)αο,
216 1408 260 1437 lta
282 1408 410 1445 iurgium
433 1408 519 1447 (iuris
542 1408 634 1446 actio)
658 1408 797 1438 definitur
819 1409 849 1437 in
872 1419 896 1438 c.
918 1410 1000 1439 forus
1024 1411 1047 1447 §.
1070 1409 1199 1447 iurgium
1223 1408 1258 1437 de
1280 1408 1363 1438 verb.
1386 1408 1482 1447 signif.
1516 1407 1599 1436 Adde
1621 1406 1747 1436 Nonium
1770 1407 1810 1446 (p.
1824 1407 1895 1437 430.
1919 1404 2020 1440 Mero.)

83 1450 113 1479 in
135 1448 277 1490 Iurgium.
324 1449 427 1481 Goth.

245 1500 345 1530 Iusti
371 1500 460 1530 dies.
504 1501 598 1530 Unico
621 1501 713 1530 verbo
739 1502 923 1531 Glossarium
945 1513 1012 1532 cum
1037 1503 1092 1531 alia
1116 1503 1377 1542 interpretatione:
1415 1501 1590 1538 Iustidium,
1625 1496 1785 1540 οἷρχοντικὴ
1809 1496 1919 1538 ἡμέρα,
1956 1503 2020 1527 tan-

83 1553 171 1581 quam
195 1543 264 1572 iusti
288 1544 350 1572 dies
375 1544 446 1579 sint,
475 1544 584 1582 quibus
607 1544 652 1572 ius
676 1544 734 1572 dici
757 1550 889 1582 poterat,
913 1547 992 1583 quod
1015 1556 1116 1574 verum
1139 1556 1199 1573 non
1223 1551 1275 1574 est.
1300 1544 1402 1574 Scal.
1445 1546 1537 1573 Erant
1560 1543 1692 1572 continui
1714 1542 1832 1579 triginta
1855 1542 1932 1577 dies,
1956 1540 2020 1579 qui·

82 1585 138 1614 bus
161 1586 304 1614 exercitui
325 1587 468 1624 imperato
492 1586 635 1613 vexillum
658 1586 712 1614 rufi
737 1587 844 1615 coloris
868 1588 899 1614 in
919 1597 985 1615 arce
1008 1589 1137 1626 positum
1161 1592 1233 1623 erat,
1257 1592 1286 1616 et
1308 1587 1504 1625 praeliaribus
1527 1586 1628 1615 diebus
1651 1585 1807 1620 differunt,
1833 1585 1913 1622 quod
1937 1592 2019 1622 prae-

82 1627 207 1656 liaribus
228 1628 271 1656 fas
295 1633 357 1656 erat
378 1638 439 1656 rem
462 1632 596 1666 repetere
619 1633 646 1656 et
668 1627 784 1657 hostem
807 1629 963 1665 lacessere,
1001 1630 1086 1657 iustis
1109 1634 1206 1658 autem
1228 1639 1288 1657 non
1309 1629 1389 1658 item.
1415 1629 1503 1658 Dac.
1548 1629 1612 1657 Alia
1635 1627 1847 1666 significatione
1869 1627 1938 1655 iusti
1959 1623 2019 1654 dies

84 1675 242 1698 sumuntur
264 1670 343 1708 apud
368 1670 443 1698 Gell.
460 1671 527 1698 XX.
552 1680 616 1708 cap.
632 1673 659 1701 1.
684 1680 740 1709 pro
764 1671 889 1708 iustitio,
920 1671 995 1700 iuris
1017 1671 1211 1699 interstitione
1234 1675 1261 1699 et
1284 1672 1443 1699 cessatione
1465 1671 1543 1699 inter
1565 1671 1736 1708 litigatores.
1781 1667 1887 1698 Goth.

247 1710 346 1750 Iuge.
391 1712 494 1741 Cicero
510 1712 547 1741 Π,
572 1713 607 1740 de
632 1712 724 1741 llivin.
748 1712 815 1751 (36,
837 1712 917 1752 77.):
954 1713 1038 1742 Huic
1058 1712 1153 1742 simile
1174 1721 1232 1749 est,
1269 1712 1349 1753 quod
1369 1723 1420 1741 nos
1443 1724 1564 1751 augures
1584 1713 1793 1753 praecipimus,
1823 1722 1857 1739 ne
1878 1712 1943 1750 iuge
1964 1721 2017 1738 au-

82 1753 206 1793 spicium
229 1752 378 1790 obveniat,
409 1761 441 1782 ut
462 1755 588 1783 iumenta
611 1754 727 1783 iubeant
751 1753 921 1795 disiungere.
967 1756 1061 1785 Servii
1085 1756 1244 1793 fragmenta
1268 1758 1296 1783 in
1319 1755 1411 1783 illud:
1448 1754 1579 1783 Primum
1610 1766 1693 1783 omen
1721 1764 1807 1794 equos
1836 1754 1865 1781 in
1886 1753 2019 1792 gramine

81 1795 153 1824 vidi.
179 1795 275 1833 (Virg.
302 1796 371 1825 Aen.
393 1796 447 1831 HI,
470 1798 574 1831 537.):
598 1796 694 1825 Multi
716 1795 750 1825 de
773 1796 856 1826 libris
876 1809 1018 1838 augurum
1042 1806 1166 1828 tracium
1188 1796 1318 1826 tradunt.
1352 1795 1460 1836 lugetis
1482 1797 1570 1833 enim,
1594 1795 1673 1837 quod
1695 1807 1734 1825 ex
1756 1795 1863 1824 iunctis
1883 1794 2017 1823 iumentis

71 1839 143 1878 fiat.
186 1836 363 1867 Observata»-
384 1840 474 1875 enim,
498 1850 532 1867 ne
551 1837 705 1877 prodituro
727 1840 914 1879 magistratui
937 1839 1089 1870 disiunctis
1112 1840 1203 1869 bubus
1222 1839 1388 1879 plausirum
1408 1839 1524 1868 obvium
1545 1841 1657 1876 venisti,-
1688 1843 1716 1867 et
1738 1838 1830 1866 infra:
1863 1836 1934 1866 Cum
1956 1847 2017 1864 au-

81 1887 137 1908 iem
161 1878 234 1909 dicit
257 1881 340 1918 iugo
362 1891 458 1909 veram
483 1881 725 1920 significationem
748 1883 888 1921 iugetis
909 1882 997 1923 facit,
1022 1882 1122 1912 Scal.
1159 1883 1286 1911 Pessime
1310 1883 1448 1910 tractavit
1470 1881 1550 1910 hunc
1573 1882 1670 1910 locum
1693 1880 1855 1918 Schegkius
1879 1879 1920 1919 (in
1939 1879 2016 1906 Gru-

79 1928 134 1951 ter.
157 1923 258 1961 Lamp.
275 1922 321 1951 lv.
346 1921 481 1964 p.893.),
519 1923 679 1962 Auspicato
701 1925 779 1952 viam
802 1929 852 1953 aut
874 1925 953 1953 aliud
977 1925 1073 1963 agenti
1096 1927 1258 1953 iumentum
1282 1925 1368 1953 alteri
1390 1925 1522 1952 iumento
1545 1925 1693 1960 iunctum,
1716 1923 1741 1951 si
1763 1927 1876 1951 stercus
1896 1921 2014 1955 faceret,

80 1975 117 1993 ex
141 1965 294 2002 Augurum
317 1965 423 1993 ritibus
446 1965 565 1994 vitiabat
589 1966 769 2004 auspicium,
793 1967 873 2005 quod
898 1978 957 1996 non
981 1968 1108 1996 faciebat
1129 1967 1164 1995 ab
1188 1968 1245 1995 alio
1267 1967 1442 1995 seiunctum.
1484 1966 1616 2005 ideoque
1638 1976 1674 1995 ne
1696 1966 1754 1994 tale
1775 1963 1937 2003 auspicium
1961 1961 2014 1990 ob-

79 2008 211 2043 veniret,
241 2007 383 2036 iubebant
405 2008 579 2045 disiungere.
625 2009 695 2037 Mihi
718 2009 845 2047 suspicio
868 2015 925 2047 est,
956 2020 970 2038 e
993 2010 1095 2038 Servio
1119 2009 1232 2048 aliquid
1255 2009 1409 2038 excidisse.
1453 2010 1540 2049 Forte
1564 2010 1707 2047 scriptum
1729 2008 1840 2036 fuerat:
1871 2004 1916 2034 Ne
1935 2015 2012 2044 pro-

79 2048 176 2079 dituro
199 2050 385 2088 magistratui
406 2051 464 2079 nisi
486 2050 638 2080 disiunctis
661 2051 751 2080 hobus
774 2056 828 2080 etc.
864 2053 957 2081 Porro
980 2063 1014 2081 eo
1038 2053 1171 2081 allusisse
1195 2052 1314 2080 videtur
1336 2057 1440 2080 auctor
1464 2051 1622 2085 Glossarii,
1647 2060 1712 2079 cum
1734 2049 1868 2087 scripsit:
1893 2046 2010 2086 Iugiies,

80 2092 312 2132 συνεζευγμένοι.
342 2091 430 2122 Dac.
477 2091 547 2122 Cum
569 2094 715 2130 iunctum,
739 2104 805 2122 cum
829 2094 972 2123 vinctum.
1019 2093 1122 2124 Goth.

242 2141 365 2172 Iubar.
410 2142 505 2172 Varro
528 2142 578 2173 lib.
593 2143 642 2172 VI.
666 2143 702 2173 (le
726 2145 756 2173 L.
778 2145 826 2173 L.:
856 2143 947 2174 Iubar
970 2144 1078 2175 dicitur
1099 2144 1184 2174 stella
1207 2144 1329 2186 lucifer,
1352 2155 1426 2184 quae
1447 2145 1478 2173 in
1499 2154 1611 2173 summo
1632 2140 1716 2171 habet
1739 2140 1880 2183 diffusum
1903 2139 2008 2174 lumen,

78 2193 108 2213 ut
131 2183 175 2214 Zeo
199 2186 229 2214 in
252 2185 346 2224 capite
367 2184 477 2215 iubam.
521 2185 578 2214 Sed
601 2190 680 2215 recte
703 2187 739 2216 de
763 2187 893 2225 Vespero
917 2188 1003 2216 etiam
1027 2187 1111 2217 iubar
1133 2188 1190 2216 dici
1214 2188 1328 2216 monuit
1351 2188 1462 2216 Festus.
1507 2187 1614 2215 Calvus
1636 2185 1666 2212 in
1689 2183 1898 2223 Epithalamio:

770 2236 941 2275 Hesperium
964 2246 1030 2267 anie
1051 2237 1137 2267 iubar
1157 2239 1296 2278 quatiens.

74 2286 195 2315 Stellam
224 2285 353 2314 iubatam
379 2290 468 2314 vocat
489 2286 595 2315 Varro.
625 2287 683 2325 (Cs.
708 2288 813 2325 Scalig.
840 2289 921 2318 coni.
945 2289 975 2318 in
999 2289 1083 2318 Varr.
1107 2299 1172 2327 pag.
1186 2290 1252 2326 72.)
1280 2289 1316 2317 Et
1338 2287 1534 2316 Callimachus
1564 2286 1685 2326 (Hymn.
1708 2285 1738 2314 in
1762 2285 1824 2315 Del.
1849 2280 2002 2318 302.seq·)

75 2328 210 2357 alludens
239 2324 327 2363 οὖλος
356 2327 486 2368 ἐθείραις
514 2329 652 2368 ἕσπερος,
689 2331 740 2368 qui
770 2331 852 2359 locus
882 2332 955 2360 male
986 2331 1021 2359 ab
1052 2332 1212 2370 interprete
1235 2336 1374 2370 acceptus
1396 2336 1455 2367 est,
1491 2329 1562 2358 dum
1585 2328 1693 2358 vertit:
1731 2326 1866 2357 Salubris
1888 2321 2002 2361 capillis

74 2381 179 2410 vesper.
220 2365 315 2407 Οῧλος
337 2370 468 2408 ἐθείραις
491 2372 569 2401 dixit
592 2372 803 2410 Callimachus,
833 2374 912 2412 quod
936 2375 984 2402 alii
1009 2371 1227 2412 οὐλοκάρηνος,
1252 2374 1337 2403 unica
1359 2383 1432 2402 voce
1455 2369 1613 2411 οὖλόθριξ,
1638 2370 1762 2408 crispus·
1788 2369 1874 2397 Duc·
1915 2362 2001 2391 '¹⁴⁶⁰'

75 2412 150 2442 nihil
173 2417 216 2442 est
238 2413 294 2441 nisi
315 2413 473 2451 splendor,
505 2425 520 2442 a
544 2415 687 2443 Sanscrita
710 2415 810 2444 radice
834 2415 910 2454 dim,
939 2415 1007 2455 diu,
1035 2415 1195 2456 splendere,
1220 2415 1330 2455 lucere5
1359 2415 1538 2455 proprieque
1561 2413 1667 2443 diubar
1690 2413 1800 2441 dictum
1824 2413 1881 2442 est,
1907 2404 1955 2432 sed
1981 2403 2000 2431 ἆ
