2263 2668
217 987 224 993 ”
234 986 251 1010 t'.
271 983 344 1010 Pauli

375 220 450 255 23⁴
992 215 1133 250 SEXTI
1165 216 1364 251 POMPEll
1398 216 1537 256 FESTI

372 313 498 347 bellum
525 321 565 344 ac
598 320 720 354 pacem
745 309 953 354 pertinentia.
1006 310 1185 345 Rutilae
1212 323 1355 353 canes,
1389 310 1424 344 id
1445 314 1509 352 est,
1536 321 1603 343 non
1630 311 1751 355 procul
1775 322 1794 344 a
1817 311 1919 344 rubro
1946 312 2062 347 colore
2088 313 2154 346 im-

373 364 552 402 molantur,
580 366 616 394 ut
638 362 684 394 ait
704 362 819 395 Ateius
840 362 981 406 Capit0,
1010 363 1143 395 canario
1168 363 1329 398 sacrificio
1357 374 1420 407 pro
1445 363 1599 407 frugibus
1621 362 1857 407 deprecandae
1879 364 2032 398 saevitiae
2053 376 2154 399 causa

373 414 488 448 sideris
515 414 695 447 caniculae.
749 411 1024 458 Religionisl
1052 416 1254 459 praecipuae
1281 410 1362 462 hall
1380 415 1476 447 betur
1499 414 1667 448 Censoria
1693 415 1879 456 maiestas,
1924 416 2020 449 cuius
2072 415 2152 462 [94]

372 467 407 499 in
435 464 533 498 libris
567 465 613 499 de
644 465 718 499 vita
745 464 785 498 P.
808 465 852 498 R.
877 465 982 498 Varro
1017 467 1177 511 exempla
1210 467 1300 499 haec
1329 465 1481 511 profert.
1542 465 1594 499 M.
1615 466 1760 499 Fulvius
1779 465 1956 507 Nobilior,
1999 477 2075 500 cum
2101 467 2153 501 M.

372 517 524 551 Aemilio
549 516 687 562 Lepido
718 516 848 550 Censor
863 516 1008 562 sactus,
1049 529 1128 550 cum
1156 518 1187 551 ei
1212 517 1399 551 admodum
1424 518 1583 551 inimicus
1615 521 1722 551 antea
1755 517 1938 559 extitisset,
1979 529 2154 564 saepeque

373 569 497 602 iudicia
524 580 601 602 cum
628 579 668 601 eo
694 568 760 601 sibi
774 568 947 614 Jitissent,
979 568 1146 614 publicae
1172 570 1224 602 νει·
1250 581 1378 611 causa,
1415 581 1502 613 quae
1529 570 1561 602 in
1588 569 1707 613 primis
1732 572 1932 614 spectatur,
1968 569 2088 603 statim
2115 581 2154 604 eo

373 621 494 654 delato
520 631 661 652 munere
686 619 815 652 homini
842 620 1000 653 inimicus
1025 622 1168 655 remisit.
1194 621 1287 665 quod
1313 621 1386 654 cius
1413 622 1523 654 animi
1547 621 1707 655 iudicium
1734 621 1798 654 fuit
1823 619 1980 654 omnibus
2005 624 2155 666 gratum

374 676 406 706 et
429 670 631 716 probatum.
683 671 726 705 A.
752 671 944 705 Postumius
971 672 1013 713 Q.
1036 672 1180 706 Fulvius
1207 672 1375 706 Censores
1391 672 1507 718 facti,
1553 673 1636 717 quia
1664 672 1808 706 Fulvius
1834 672 1923 705 duos
1937 671 2042 718 filios
2068 672 2154 705 ami-

373 728 458 757 serat
484 724 518 756 in
545 723 690 767 Illyrico
715 724 922 764 militantes,
968 727 1001 757 et
1022 728 1172 769 propter
1197 735 1351 769 gravem
1384 725 1542 757 morbum
1570 725 1767 765 oculorum,
1812 734 1998 757 censuram
2023 734 2156 769 gerere

373 786 441 808 non
461 778 626 819 poterat,
660 778 697 807 ut
724 775 802 807 libri
829 775 989 819 Sibyllini
1015 776 1216 816 adirentur,
1244 780 1369 809 (auctor
1384 775 1481 821 fuit:
1514 780 1546 809 et
1573 779 1610 808 ut
1632 776 1775 821 publice
1801 775 2063 820 supplicaretur
2083 786 2155 821 pro

373 827 576 860 valetudine
602 826 774 871 collegae.
827 827 882 861 Ti.
908 827 1146 871 Sempronius,
1185 838 1265 860 cum
1286 839 1310 860 a
1334 828 1466 860 Rutilio
1497 827 1553 860 Tr.
1575 828 1626 872 pl.
1652 827 1819 861 Censoria
1846 826 1929 859 fides
1956 826 2153 872 labefacta-

373 882 489 918 retur,
531 878 589 922 qui
612 877 654 911 ob
674 879 850 922 parietem
877 879 1033 912 dirutum
1060 880 1173 912 iratus
1199 890 1276 912 cum
1303 884 1387 912 essct
1414 879 1511 912 aedis
1534 880 1716 924 privatae,
1762 879 1823 911 die
1848 878 1947 911 dicta
1974 878 2155 924 collegam

378 929 570 963 Claudium
596 930 902 972 condemnaverat,
941 930 1035 976 fecit
1055 934 1092 964 ut
1115 931 1261 964 eaedem
1288 931 1391 971 illae,
1440 931 1563 964 eodem
1590 942 1681 975 quae
1707 931 1742 963 in
1768 930 1844 963 loco
1872 935 1981 974 erant,
2024 929 2155 964 conde-

373 985 532 1015 mnatum
557 981 777 1015 absolverent
803 982 990 1015 centuriae.
1043 982 1082 1015 L.
1108 983 1209 1015 Amili
1231 983 1377 1015 Paulus*
1405 986 1438 1015 et
1463 982 1505 1029 Q.
1528 982 1690 1028 Philippi
1715 982 1888 1027 religiosa
1911 992 2061 1015 censura
2080 981 2153 1015 fuit.

373 1033 555 1066 Laboravit
580 1033 716 1066 Paulus
747 1032 868 1066 morbo
899 1035 1027 1079 gravi,
1071 1037 1102 1067 et
1133 1045 1251 1079 paene
1286 1034 1459 1067 amissione
1493 1034 1610 1078 capitis
1637 1035 1671 1067 in
1699 1045 1738 1067 eo
1764 1033 1905 1067 honore.
1965 1033 2154 1079 Religiosa

373 1085 456 1118 item
483 1090 515 1118 et
540 1085 579 1118 P.
602 1084 737 1118 Corneli
758 1085 932 1130 Scipionis
952 1085 1128 1125 Nasicae,
1156 1086 1212 1118 cui
1243 1086 1387 1130 collega
1408 1085 1460 1119 M.
1486 1086 1659 1130 Popilius,
1687 1090 1764 1131 post
1794 1085 1967 1118 consulem
1989 1085 2048 1129 qui
2063 1084 2155 1130 fra·

373 1140 463 1170 trem
494 1136 601 1177 vidit,
649 1147 797 1170 censura
831 1137 893 1169 fuit
925 1137 1063 1170 vadatus
1098 1137 1188 1170 enim
1221 1148 1300 1170 cum
1328 1141 1416 1170 esset
1778 1148 1804 1170 a
1826 1137 1867 1170 P.
1892 1136 1937 1170 R.
1965 1136 2155 1170 liberatum

374 1191 513 1222 constat.
565 1187 616 1220 M.
642 1188 801 1221 Valerius
827 1188 1007 1235 Messala,
1046 1188 1084 1222 C.
1116 1188 1259 1222 Cassius
1281 1189 1455 1233 Longinus
1481 1188 1662 1230 Censores,
1699 1199 1848 1233 quorum
1874 1188 1910 1221 in
1935 1188 2154 1233 magistratu

372 1238 541 1272 subversa
562 1239 734 1284 pudicitia
761 1240 886 1280 fuerat,
931 1241 1050 1273 famosi
1078 1241 1283 1274 extiterunt.-
1329 1252 1415 1274 nam
1438 1240 1621 1285 palmam,
1661 1251 1753 1285 quae
1778 1240 1812 1273 in
1839 1239 2010 1284 Capitolio
2037 1239 2071 1272 in
2098 1250 2155 1272 ara

372 1291 452 1336 ipsa
479 1290 573 1324 Iovis
599 1291 720 1335 optimi
745 1292 912 1332 maximi,
957 1292 1045 1326 bello
1072 1292 1214 1326 Persico
1240 1296 1317 1324 nata
1344 1292 1469 1333 fuerat,
1514 1296 1596 1325 tunc
1616 1295 1839 1337 prostratam
1855 1291 2003 1337 serunt,
2048 1294 2082 1324 et
2106 1289 2156 1323 iln·

373 1348 509 1376 enatam
534 1343 655 1382 ficum,
682 1343 822 1376 infames
848 1355 935 1387 quae
955 1355 1078 1377 rursus
1094 1343 1206 1389 fecit,
1237 1344 1296 1388 qm·
1316 1343 1389 1376 sine
1414 1344 1486 1377 ullo
1506 1344 1689 1388 pudicitiae
1709 1347 1867 1388 respectu
1883 1342 2037 1388 fuerant
2062 1341 2153 1376 Cen-

371 1404 477 1428 sores.
529 1394 569 1429 L.
595 1394 730 1427 Corneli
750 1395 884 1428 Lentuli
916 1395 953 1429 C.
976 1395 1157 1430 Censorini
1180 1395 1336 1439 sequitur
1363 1406 1531 1428 censura:
1572 1395 1733 1428 Lentulus
1765 1394 1889 1428 iudicio
1921 1393 2061 1438 publico
2093 1403 2154 1426 re—

366 1446 609 1491 petundarum
641 1447 834 1480 damnatus
866 1447 984 1480 fuerat.
1028 1447 1163 1492 plurimi
1197 1447 1310 1491 itaque
1343 1457 1527 1481 censuram
1563 1446 1694 1492 adepto
1727 1445 1864 1480 damna
1879 1441 2016 1495 litionis
2068 1442 2152 1491 [95]

381 1563 460 1592 Urs.
503 1563 543 1592 At
564 1563 688 1592 verbum
712 1568 756 1593 est
776 1564 915 1602 monere,
938 1574 999 1593 non
1023 1566 1167 1601 revitare,
1191 1574 1240 1594 ne·

374 1615 432 1643 que
462 1605 597 1634 rebitare.
628 1622 665 1628 —
705 1605 735 1646 1)
766 1607 966 1645 Religionis]
1001 1607 1118 1646 Opinor
1145 1607 1195 1635 hic
1225 1618 1242 1635 a

374 1647 460 1676 Festo
484 1649 588 1678 referri
611 1649 755 1678 Varronis
778 1650 869 1679 verba
901 1660 939 1678 ex
961 1649 1038 1678 libro
1060 1660 1160 1679 rerum
1182 1648 1241 1678 hu-

373 1700 545 1728 manarum,
568 1692 616 1720 vel
642 1691 678 1721 de
696 1691 757 1721 vita
780 1692 885 1731 populi
908 1692 1048 1729 Romani,
1074 1692 1106 1720 iu
1129 1702 1188 1731 quo
1203 1691 1241 1721 de

373 1732 513 1763 censoria
536 1735 687 1763 maiestate
710 1734 824 1772 agebat.
869 1735 1012 1763 Censores
1036 1739 1134 1763 autem
1158 1735 1188 1763 in
1204 1735 1240 1763 iis

371 1777 562 1805 nominantur
606 1777 786 1806 continuatis
832 1777 1043 1816 quinquenniis
1087 1777 1122 1805 ab
1165 1788 1241 1806 anno

372 1817 530 1847 DLXXIV.
555 1819 592 1847 ad
616 1830 726 1848 annum
747 1820 972 1848 DCXXII.na1n
996 1820 1092 1859 prima
1117 1830 1242 1849 censura

372 1861 502 1890 refertur
525 1862 565 1891 M.
581 1861 688 1890 Aemili
704 1862 824 1901 Lepidi,
848 1867 877 1892 et
899 1862 938 1891 M.
962 1863 1048 1891 Fulvi
1073 1863 1242 1900 Nobilioris,

375 1903 425 1939 qui
450 1904 575 1933 lustrum
598 1905 742 1935 fecerunt.
765 1906 796 1936 L.
823 1915 899 1934 anno
919 1905 1080 1935 DLXXIV.
1104 1906 1243 1934 Secunda

375 1944 410 1979 Q.
426 1945 513 1975 Fulvi
535 1947 653 1983 Flacci,
678 1952 706 1976 et
731 1947 764 1976 A.
786 1948 920 1976 Postumi
943 1948 1061 1984 Albini,
1085 1949 1136 1986 qui
1162 1949 1192 1977 [ι.
1211 1948 1241 1978 F.

376 1986 420 2013 Ll.
449 1988 482 2016 A.
514 1989 672 2018 DLXXIX.
717 1990 816 2019 Tertia
848 1991 879 2019 C.
905 1990 1011 2019 Claudi
1044 1990 1182 2027 Pulchri,
1213 1995 1242 2019 et

376 2027 418 2056 Ti.
443 2030 595 2068 Semproni
621 2032 768 2069 Gracchi,
793 2032 846 2071 qui
870 2034 900 2062 L.
920 2033 950 2062 F.
966 2033 1024 2061 Lll.
1043 2033 1241 2062 A.DXXCIV.

379 2070 489 2102 Quarta
516 2074 544 2100 [ι.
562 2074 665 2103 Aemili
690 2075 783 2104 Paulli
805 2080 834 2105 et
858 2076 895 2111 Q.
913 2075 1006 2104 Marci
1023 2075 1166 2115 Philippi,
1190 2077 1241 2115 qui

379 2109 408 2157 L⁷
433 2111 463 2158 F:
490 2113 562 2143 Llll.
587 2117 619 2144 A.
642 2118 803 2147 DXXCIX.
849 2118 961 2154 Quinta
984 2119 1014 2147 P.
1039 2118 1156 2147 Corneli
1177 2119 1241 2147 Sci·-

379 2162 476 2189 pionis
500 2155 632 2193 Nasicae,
660 2165 688 2188 et
710 2161 748 2189 M.
772 2161 881 2199 Popilli
907 2161 1052 2195 Laenatis,
1077 2161 1129 2200 qui
1152 2161 1184 2190 L.
1209 2161 1240 2190 F.

379 2193 460 2241 LIV..
477 2195 509 2224 A.
531 2197 656 2229 DXClV.
700 2203 788 2231 Sexta
813 2203 852 2232 M.
869 2203 966 2232 Valeri
990 2204 1140 2239 Messalae,
1164 2208 1192 2232 et
1209 2204 1240 2234 C.

380 2236 459 2264 Cassr
484 2237 621 2285 Longini,
648 2243 698 2279 qui
722 2245 751 2272 L.
769 2245 800 2272 F.
818 2245 875 2273 LV.
894 2246 927 2273 A.
951 2246 1081 2274 DXCIX.
1111 2247 1241 2285 Septima

379 2278 555 2326 L.-Corneh
583 2281 696 2311 Lentuli
720 2285 809 2323 Lupi,
847 2292 876 2316 et
899 2288 930 2318 C.
954 2288 1048 2317 Marci
1077 2288 1242 2325 Censorini,

380 2330 431 2368 qtu
458 2321 490 2351 L.
514 2322 545 2351 F.
569 2323 639 2353 LVI.
664 2325 696 2353 A.
719 2326 815 2359 DCVI,
860 2329 974 2358 Octava
997 2331 1027 2362 P.
1044 2331 1162 2360 Corneli
1179 2331 1240 2359 Sci·

380 2364 476 2401 pionis
500 2364 631 2393 Africani
657 2367 830 2406 Aemiliani,
854 2376 883 2400 et
906 2372 939 2401 L,
963 2372 1086 2401 Mummi
1111 2373 1240 2409 Achaici,

380 2405 431 2452 qui
452 2406 483 2434 L.
507 2407 537 2434 F.
563 2407 648 2435 LV11.
671 2407 705 2437 A.
728 2409 827 2439 next.
869 2413 953 2442 Nona
977 2414 1013 2449 Q.
1035 2415 1123 2443 Fulvi
1146 2416 1239 2444 Nobi-

379 2447 474 2484 horis,
493 2454 521 2477 et
534 2450 566 2478 T.
584 2450 662 2478 Anni
679 2450 775 2487 Lusci,
793 2452 843 2489 qui
857 2454 886 2481 L.
895 2455 927 2485 F.
943 2455 1033 2485 LllX.
1049 2456 1081 2485 A.
1095 2457 1239 2487 DCXVII.

377 2488 493 2518 Decima
517 2491 553 2527 Q.
577 2492 684 2521 Caecili
709 2493 815 2522 Metelli
839 2494 1029 2533 Macedonici,
1052 2499 1131 2534 etQ.
1148 2500 1240 2527 Pom-

1285 1565 1352 1604 pei,
1373 1564 1424 1604 qui
1446 1564 1479 1595 L.
1501 1565 1534 1596 F.
1557 1565 1634 1594 LIX.
1663 1564 1697 1593 A.
1720 1563 1867 1594 DCXXII.
1911 1563 1953 1593 De
1975 1562 2014 1592 Μ.
2037 1561 2154 1599 Aemili,

1285 1612 1314 1636 et
1337 1607 1375 1637 M.
1398 1607 1485 1637 Fulvi
1507 1617 1631 1636 censura
1653 1607 1789 1636 Valerius
1810 1606 1959 1636 Maximus
1980 1605 2067 1638 lib.4.
2089 1608 2152 1638 c.2.

1285 1650 1327 1678 sic
1350 1650 1469 1679 scribit:
1514 1650 1551 1679 M.
1575 1650 1719 1679 Aemilius
1741 1649 1871 1689 Lepidus
1892 1649 1938 1678 bis
1956 1648 2064 1678 consul
2085 1648 2153 1677 diu-

1284 1693 1382 1729 tinas,
1412 1703 1447 1721 ac
1469 1692 1659 1722 vehementes
1681 1692 1853 1722 inimicitias
1885 1702 1953 1721 cum
1974 1692 2014 1720 M.
2045 1690 2152 1720 Fulvio

1284 1735 1437 1764 Nobiliore
1460 1735 1565 1774 gessit:
1595 1745 1686 1774 quas,
1716 1740 1748 1764 ut
1770 1735 1859 1764 simul
1882 1744 2022 1764 censores
2043 1743 2153 1763 renun-

1284 1778 1352 1806 tiati
1375 1783 1444 1807 sunt
1474 1778 1505 1807 in
1535 1789 1656 1817 campo,
1700 1778 1854 1817 deposuit,
1894 1776 2070 1807 existimans
2093 1786 2150 1804 non

1286 1825 1426 1859 oportere
1449 1831 1498 1849 eos
1519 1821 1638 1860 privato
1664 1820 1734 1849 odio
1759 1819 1920 1856 dissidere,
1957 1819 2009 1858 qui
2033 1818 2151 1858 publice

1284 1873 1398 1892 summa
1421 1863 1514 1892 vincti
1537 1868 1635 1893 essent
1662 1867 1818 1902 potestate.
1841 1862 1873 1891 id
1896 1861 2039 1891 iudicium
2062 1860 2151 1889 animi

1285 1905 1363 1943 eius,
1401 1910 1430 1935 et
1461 1916 1600 1945 praesens
1633 1910 1714 1935 aetas
1742 1904 1965 1945 comprobavit,
2006 1909 2036 1934 et
2066 1903 2151 1934 nobis

1283 1952 1399 1978 veteres
1427 1948 1587 1978 Annalium
1616 1948 1779 1987 scriptores
1809 1947 1989 1977 laudandum
2019 1946 2151 1976 tradide—

1283 1995 1363 2020 runt.
1407 1991 1448 2020 De
1472 1991 1507 2028 Q.
1524 1991 1648 2027 Flacco,
1672 1995 1701 2019 et
1723 1991 1755 2020 A.
1777 1990 1884 2020 Albino
1908 2000 1987 2020 cens.
2010 1989 2074 2018 Liv.
2098 1988 2150 2018 lib.

1283 2035 1334 2065 43.
1359 2033 1417 2062 sic:
1442 2033 1551 2062 Censor
1573 2033 1700 2063 Fulvius
1722 2043 1761 2062 ex
1782 2032 1906 2062 Iunonis
1927 2032 2064 2061 Laciniae
2076 2036 2151 2060 tem-

1283 2075 1334 2115 plo
1365 2086 1545 2105 marmoreas
1579 2076 1694 2115 tegulas
1722 2086 1789 2105 cum
1821 2074 2004 2112 abstulisset,
2040 2073 2150 2113 quibus

1283 2118 1385 2147 aedem
1412 2119 1560 2148 Fortunae
1585 2118 1753 2158 Equestris,
1784 2128 1872 2157 quam
1896 2119 2005 2147 Romae
2028 2117 2149 2154 fecerat,

1283 2165 1411 2199 tegeret,
1445 2167 1474 2190 et
1498 2167 1594 2195 mente
1615 2166 1722 2200 captus
1746 2167 1809 2198 est,
1841 2165 1872 2190 et
1893 2160 2006 2190 amissis
2028 2159 2146 2190 duobus

1283 2203 1352 2232 siliis
1379 2204 1407 2232 in
1435 2204 1556 2243 illyrico
1585 2203 1781 2234 militantibus
1810 2213 1927 2233 summo
1949 2203 2040 2233 animi
2060 2212 2146 2233 moe-

1283 2256 1352 2275 rore
1366 2252 1559 2286 consumptus
1582 2251 1633 2276 est.
1679 2247 1719 2275 De
1741 2246 1784 2276 Ti.
1800 2245 1934 2276 Graccho
1958 2250 1987 2275 et
2010 2246 2040 2274 C.
2056 2245 2144 2274 Clau-

1284 2288 1333 2317 dio
1355 2288 1396 2317 ita
1422 2289 1525 2318 scribit
1549 2289 1613 2320 Val.
1637 2288 1782 2318 Maximus
1805 2288 1854 2317 lib.
1874 2291 1903 2320 6.
1927 2298 1991 2329 cap.
2005 2288 2034 2320 6.
2062 2286 2143 2315 Diem

1283 2330 1330 2360 his
1352 2331 1382 2361 P.
1406 2332 1535 2361 Rutilius
1558 2332 1637 2361 Trib.
1668 2332 1709 2371 pl.
1740 2330 1953 2371 perduellionis
1982 2329 2019 2358 nd
2047 2337 2144 2368 popu-

1282 2373 1345 2402 lum
1368 2373 1454 2403 dixit.
1497 2375 1534 2404 Et
1548 2379 1667 2414 postea:
1692 2384 1751 2413 quo
1766 2375 1798 2402 in
1816 2373 1928 2402 iudicio
1947 2372 2055 2411 primae
2070 2370 2142 2399 clas-

1283 2416 1323 2444 sis
1351 2416 1514 2454 permultae
1543 2417 1692 2446 centuriae
1720 2420 1820 2454 aperte
1849 2414 2002 2443 Claudium
2024 2412 2142 2441 damna-

1282 2458 1364 2486 bant.
1422 2459 1525 2489 Cicero
1555 2459 1605 2488 lib.
1621 2462 1648 2490 6.
1687 2458 1723 2486 de
1755 2459 1823 2496 Rep.
1855 2455 1969 2486 Claudii
1999 2455 2140 2484 invidiam

1283 2499 1409 2528 Gracchi
1433 2501 1540 2528 caritas
1570 2500 1793 2538 deprecabatur.
1837 2497 1989 2526 Videndus
2013 2497 2140 2535 Agellius
