2263 2668
249 190 324 227 470
675 182 1017 220 COMMENTARII
1042 184 1090 217 IN
1115 184 1257 220 PAULI
1283 186 1477 221 DlACONI
1503 184 1757 220 EXCERPTA

249 292 340 325 pater.
384 280 500 310 Idcirco
522 276 613 307 simili
634 277 749 306 nomine
770 275 885 304 Diiovis
908 273 1004 303 dictus
1026 282 1082 311 ese,
1120 284 1146 305 et
1166 277 1320 315 Laenius,
1354 277 1434 318 quod
1457 290 1508 307 nos
1531 277 1578 307 die
1599 286 1624 307 et
1647 277 1711 308 luce
1733 280 1818 319 quasi
1840 280 1900 307 vita
1922 280 1985 319 ipsa
2008 283 2135 324 afficeret
2158 291 2184 312 et

252 329 370 357 iuvaret.
409 322 526 351 Servius
551 320 586 349 acl
610 318 686 348 illud
710 319 787 355 Virg.
805 318 856 345 lx.
879 317 998 346 Aeneid.
1023 317 1138 356 (570.):
1160 319 1314 350 Lucetium
1335 327 1438 360 portae
1459 319 1633 349 subeuntem.
1669 319 1772 350 Solum
1796 320 1850 350 hoc
1873 332 1976 352 nomen
1999 332 2053 361 est,
2076 326 2184 364 inquit,

252 367 332 410 quod
354 365 461 394 dictum
484 374 502 391 a
529 361 656 401 Virgilio
679 370 698 388 a
721 359 802 389 nullo
826 358 887 389 alio
910 360 1048 399 reperitur
1069 368 1196 391 auctore.
1241 362 1319 391 Sane
1342 361 1444 402 lingua
1470 361 1547 392 Osca
1568 362 1708 392 Lucerias
1730 370 1770 392 est
1794 362 1920 402 Iupiter,
1955 364 2050 395 (lictus
2072 377 2091 395 a
2113 367 2186 402 luce,

252 421 338 451 quam
358 413 506 447 praestare
528 403 636 433 dicitur
657 401 838 438 hominibus,
871 403 931 441 ipse
952 409 992 430 est
1015 408 1113 431 nostra
1135 402 1237 443 lingua
1261 405 1418 444 Diespiter,
1448 406 1467 434 i.
1487 417 1510 434 e.
1533 404 1592 434 diei
1610 413 1702 444 pater.
1747 406 1886 435 Horatius
1909 407 1978 446 (Od.
1995 408 2023 444 1,
2046 410 2104 445 34,
2125 409 2187 448 5,);

253 452 384 490 Namque
407 448 556 487 Diespiter.
580 446 666 475 Dac.
711 445 743 473 111
767 445 861 472 Gloss.
885 445 963 482 lege:
995 443 1141 475 Lucetius.
1185 445 1296 476 Idem.

413 489 609 519 Lemnisci.
657 489 744 525 Lege:
774 486 895 516 Fasciae
916 485 1052 515 coloriae.
1075 486 1174 517 Scal.
1212 489 1234 517 A
1259 490 1374 517 Graeco
1397 491 1491 528 λῆνος
1513 489 1572 518 dici
1596 494 1712 528 putant.
1750 490 1807 519 Sed
1831 489 1982 521 Lemnisci
2004 493 2187 531 Syracusana

253 545 312 566 vox
335 538 387 563 est.
430 530 570 571 Hesycl1.:
609 531 819 569 Λημνίσκσυς,
855 527 908 565 τὰς
936 526 1039 565 στενὰς
1060 528 1263 569 Συρακούσιοι
1291 532 1415 567 ταινίας.
1460 531 1534 560 Male
1563 533 1682 570 quidam
1712 532 1793 561 hunc
1815 532 1892 561 Festi
1916 534 2011 563 locum
2035 535 2186 572 sollicitat,

253 578 303 617 qui
326 587 384 605 non
407 575 555 604 Lemnisci
576 573 627 602 sed
650 572 776 602 Lanisci
797 571 952 610 legendum
975 581 1036 600 esse
1058 574 1219 604 contendit.
1241 574 1295 602 Da
1305 583 1329 603 c.
1359 574 1556 603 Glossarium:
1578 574 1784 612 Lemniscata,
1810 576 1902 605 maior
1923 577 2022 615 palma
2044 577 2187 616 gladiato-

253 632 326 650 rum.
351 617 453 648 Goth.
501 615 621 646 Fasciae
643 614 804 645 colorisiae.
840 614 958 643 fasciae
979 614 1118 644 coloriae.
1163 614 1273 646 Idem.

416 659 560 689 Lectus.
603 658 629 687 A
652 657 783 695 legendis
806 657 900 694 soliis,
924 667 961 685 ex
984 657 1091 695 quibus
1113 657 1169 687 sibi
1192 659 1283 687 lectos
1304 663 1421 687 veteres
1443 658 1623 691 sternebant.
1653 661 1756 698 Eurip.
1779 660 1808 689 in
1832 659 1930 689 Rheso
1953 662 2070 700 (V.9.):
2093 665 2188 692 Λεῑπε

253 701 398 744 χαμεύνας
420 698 673 739 φυλλοστρώτους.
705 701 761 728 Sed
784 700 889 728 melius
913 699 1007 727 lectus
1023 711 1038 728 a
1055 700 1177 740 λέκτρον
1197 701 1302 729 amisso
1326 713 1351 740 ρ.
1384 701 1477 729 Varro
1500 701 1550 731 lib.
1562 701 1612 732 IV.
1636 702 1689 739 (V,
1713 704 1764 734 35.
1788 705 1938 742 pag.166,
1962 704 2040 742 Sp.):
2064 704 2187 733 Lectica

254 745 333 788 quod
354 743 501 784 legebant,
532 742 607 772 unde
628 754 690 771 eam
704 741 860 784 facerent,
890 748 1049 770 stramenta.
1068 749 1156 783 atque
1177 742 1295 779 herbas,
1332 750 1363 771 ut
1385 744 1471 772 etiam
1495 754 1572 772 nunc
1585 745 1629 783 fit
1651 744 1680 773 in
1704 746 1817 775 castris.
1863 745 1970 774 Lectos
1991 756 2026 774 ne
2046 753 2135 774 essent
2157 747 2188 774 in

256 798 346 825 terra,
368 785 504 815 sublimes
524 786 555 814 in
576 785 621 814 his
641 784 806 824 ponebant;
828 785 884 813 nisi
905 783 942 812 ab
965 795 996 813 eo
1019 784 1099 824 quod
1125 784 1230 814 Graeci
1252 786 1367 826 antiqui
1389 785 1523 815 dicebant
1545 786 1665 826 λέκτρον
1685 786 1790 816 lectum
1811 788 1917 827 potius.
1939 787 1994 816 Da
2004 799 2028 817 c.
2059 788 2187 816 Descen-

254 832 297 861 dit
325 830 392 859 lecti
419 838 484 857 voc.
508 838 522 856 a
547 828 697 856 communi
725 827 971 865 Indogermanicis
1001 827 1185 856 sermonibus
1213 827 1313 856 radice
1343 826 1389 867 ἱρόν
1416 837 1492 866 quae
1520 828 1632 865 iacere,
1667 835 1870 868 prosternere,
1907 829 2059 868 significat.
2103 830 2189 859 Unde

255 875 435 902 Graecorum
458 871 549 911 λέγω,
578 871 659 909 quod
682 875 817 908 superest
839 870 869 897 in
892 866 1069 909 τανυλεγής,
1094 871 1191 909 λέχος,
1217 870 1355 909 λέκτρον,·
1386 871 1600 899 Germanorum
1623 870 1720 911 legen,
1744 871 1852 912 Hegea,
1874 871 1970 912 loger,
1993 870 2076 912 lage5
2106 873 2189 911 Angl.

254 924 283 946 to
305 915 374 956 lay5
397 914 496 942 Batav.
521 911 634 952 leggen,
659 918 715 940 cet.

420 954 597 995 Lapidem
620 953 777 984 silicem.
812 953 873 982 Etsi
896 953 986 982 sciam
1008 953 1152 983 iuratores
1174 954 1351 992 simpliciter
1372 954 1429 983 liae
1452 955 1579 984 formula
1604 965 1686 990 usos,
1710 966 1797 994 quam
1820 956 1924 985 Festus
1945 957 2051 989 refert,
2073 955 2123 985 hic
2144 961 2189 985 ta-

253 1011 318 1030 men
342 1009 394 1038 per
416 995 615 1027 iusiurandum
637 997 715 1025 illud
738 996 870 1034 intelligo
893 1007 952 1034 quo
975 996 1092 1025 foedera
1117 996 1319 1026 firmabantur.
1364 997 1437 1026 Vide
1462 998 1563 1036 Polyb.
1588 998 1638 1027 lib.
1650 998 1708 1035 ΙΙΙ,
1733 998 1801 1036 (25,
1825 998 1876 1038 6.).
1921 999 1985 1027 Alia
2013 999 2100 1028 etiam
2125 999 2189 1027 for-

253 1044 332 1072 mula
355 1051 421 1070 usos
443 1045 556 1069 veteres
578 1040 608 1068 in
632 1039 801 1068 foederibus
824 1039 962 1067 feriendis
985 1043 1065 1077 patet
1086 1049 1122 1068 ex
1145 1039 1228 1068 Livio
1252 1039 1344 1076 lib.I,
1375 1039 1480 1079 (24),
1512 1051 1586 1078 quae
1610 1040 1681 1069 haec
1704 1041 1774 1069 fuit:
1810 1039 1869 1079 Qui
1887 1042 1970 1080 prior
1991 1040 2107 1083 defexit
2126 1052 2190 1081 pu-

253 1084 331 1115 blico
355 1082 478 1113 consilio
501 1081 571 1111 dolo
594 1081 690 1118 malo,
713 1088 743 1110 tu
760 1080 814 1110 illo
832 1080 893 1119 die,
917 1080 1040 1121 Iupiter,
1062 1080 1201 1121 populum
1225 1093 1287 1110 eum
1310 1083 1354 1110 sic
1369 1081 1481 1124 ferito,
1504 1090 1535 1110 ut
1557 1094 1608 1122 ego
1630 1082 1708 1112 lianc
1726 1094 1847 1123 porcum
1871 1082 1957 1113 bodie
1966 1083 2098 1124 feriam,
2121 1090 2190 1112 tan—

253 1137 337 1168 toque
359 1127 451 1165 magis
472 1132 552 1164 potes
572 1123 730 1164 pellesque.
774 1122 859 1153 Haec
881 1123 932 1152 ubi
953 1122 1050 1160 dixit,
1075 1134 1195 1163 porcum
1219 1134 1297 1153 saxo
1320 1123 1402 1153 silice
1421 1126 1554 1164 percutit.
1600 1125 1654 1154 Da
1664 1137 1687 1154 c.

416 1167 581 1207 Lepista.
628 1167 752 1195 Naevius
775 1165 855 1205 apud
877 1166 1121 1195 Fortunatianum
1145 1166 1180 1194 de
1203 1167 1343 1195 Saturnio
1366 1177 1453 1195 versu
1477 1168 1553 1205 (pag.
1567 1169 1660 1199 2680.
1683 1166 1829 1204 Putsch.):
1853 1167 1960 1196 Ferunt
1976 1166 2116 1207 pulchros
2135 1178 2191 1207 pa-

252 1221 343 1249 teras,
367 1221 465 1239 aereas
487 1207 612 1249 lepistus.
645 1209 702 1238 Sed
726 1216 854 1238 crateras·
875 1219 930 1248 pro
951 1215 1068 1248 pateras
1090 1209 1279 1238 scribendum
1312 1208 1417 1238 Fulv.
1445 1209 1523 1239 Urs.
1555 1210 1588 1238 In
1613 1209 1777 1238 Glossario:
1799 1208 1952 1250 Lepistra,
1974 1207 2053 1245 εἶδος
2073 1206 2191 1249 χύτρας.

254 1256 294 1283 De
315 1253 373 1282 hoc
396 1253 466 1281 satis
489 1252 559 1281 olim
581 1252 611 1280 in
630 1251 834 1280 Coniectaneis
857 1251 935 1291 (pag.
949 1253 997 1282 53.
1019 1251 1064 1279 ed.
1079 1250 1144 1289 St.).
1174 1251 1266 1280 Varro
1289 1251 1326 1280 de
1350 1253 1408 1280 vita
1431 1252 1538 1291 populi
1556 1253 1610 1281 Ro.
1628 1253 1677 1281 lib.
1692 1253 1731 1283 l.:
1759 1251 1816 1281 Ubi
1837 1259 1899 1281 erat
1920 1253 2018 1281 vinum
2041 1252 2070 1280 in
2093 1261 2192 1280 mensa

250 1296 376 1336 positum
398 1302 449 1324 aut
471 1293 623 1335 lepestam,
659 1300 711 1323 aut
735 1292 883 1334 galeolam
905 1300 956 1322 aut
977 1294 1070 1322 sinum
1094 1292 1240 1326 dicebant.
1289 1294 1360 1322 Tria
1387 1295 1481 1330 enim,
1518 1305 1573 1334 pro
1596 1294 1700 1335 quibus
1724 1306 1801 1324 nunc
1822 1294 2051 1334 Acratophoron
2075 1292 2191 1324 dicitur.

252 1338 313 1375 Qui
335 1339 417 1367 locus
440 1341 658 1375 coagmentatus
682 1337 788 1376 partim
812 1345 847 1365 ex
870 1337 981 1373 Nonio,
1020 1337 1129 1374 partim
1153 1346 1189 1364 ex
1212 1335 1327 1365 schedis
1350 1336 1516 1372 Servianis,
1554 1346 1628 1374 quae
1651 1341 1721 1366 sunt
1742 1347 1833 1376 penes
1855 1336 2059 1365 doctissimum
2083 1337 2191 1365 Danie-

251 1381 308 1410 lem
331 1385 474 1410 nostrum.
507 1378 607 1409 Scal.
650 1379 723 1408 Inde
751 1384 833 1418 patet
860 1389 911 1409 vas
942 1378 1088 1407 vinarium
1117 1378 1209 1407 fuisse
1232 1378 1353 1407 Graecis
1380 1376 1516 1416 λεπαστή.
1562 1379 1709 1417 Dolopum
1731 1388 1834 1407 vocem
1857 1388 1921 1408 esse
1943 1379 2032 1408 docet
2053 1378 2190 1408 Eustath.

251 1424 327 1453 Puto
351 1434 413 1453 esse
436 1434 451 1451 a
475 1422 590 1452 Graeco
612 1421 701 1458 λέπας
723 1421 853 1458 concha,
877 1421 957 1461 quod
981 1420 1102 1449 conchis
1124 1431 1180 1460 pro
1203 1421 1280 1449 vasis
1302 1426 1465 1450 uterentur.
1510 1420 1604 1449 Varro
1625 1421 1676 1450 lib.
1689 1422 1710 1449 1.
1735 1421 1770 1449 de
1792 1421 1853 1449 vita
1877 1430 1948 1459 pop.
1974 1422 2071 1449 Rom:
2100 1419 2191 1459 Lepi-

251 1474 313 1495 stae
335 1467 491 1495 etiamnum
515 1463 692 1494 Sabinorum
706 1463 797 1506 fanis
817 1463 1039 1503 pauperioribus
1058 1462 1204 1503 plerisque
1224 1470 1275 1492 out
1290 1462 1401 1504 fictiles
1423 1470 1504 1500 sunt,
1544 1470 1594 1491 aut
1617 1473 1727 1493 aeneae.
1753 1463 1808 1491 Da
1818 1473 1842 1492 c.
1889 1463 1955 1491 Dixi
1977 1462 2014 1492 ad
2037 1463 2125 1492 Varr.
2140 1462 2189 1491 lv.

252 1509 289 1538 de
311 1509 343 1538 L.
364 1509 394 1537 L.
425 1507 509 1536 Adde
524 1507 651 1535 Nonium
673 1506 704 1534 iu
726 1508 859 1546 Lepistae
883 1506 962 1545 (pag.
974 1508 1046 1538 547.
1064 1505 1175 1543 Mero).
1200 1503 1303 1534 Goth.
1338 1505 1448 1534 Locum
1466 1505 1570 1535 Naevii
1593 1505 1761 1535 emendavit
1777 1506 1872 1535 Bentl.
1895 1505 1925 1534 in
1943 1506 2030 1545 Resp.
2053 1505 2091 1533 ad
2107 1505 2191 1543 Boyl.

253 1561 318 1590 pag.
332 1553 400 1583 123.
447 1550 490 1579 Cf.
513 1549 611 1578 Herm.
634 1549 725 1578 Elem.
748 1549 829 1578 doct.
854 1553 940 1578 metr.
965 1558 1030 1587 pag.
1044 1550 1116 1579 610.
1141 1552 1169 1576 et
1191 1556 1255 1586 pag.
1267 1549 1339 1579 636.

417 1591 534 1631 Legio
557 1590 775 1621 Samnitum.
820 1590 971 1619 Videndus
994 1589 1095 1618 Livius
1118 1589 1169 1618 lib.
1182 1590 1218 1619 X.
1251 1589 1282 1617 111
1305 1588 1362 1618 fine
1386 1589 1575 1619 scribendum
1599 1589 1774 1618 iuraverant.
1796 1587 1901 1618 Fulv.
1929 1589 2006 1618 Urs.
2039 1588 2105 1618 Hoc
2127 1589 2193 1617 fuse

254 1634 392 1664 describit
416 1634 477 1663 Liv.
499 1634 549 1662 lib.
561 1635 599 1662 X.
623 1643 687 1672 cap.
702 1636 768 1665 38.:
803 1633 848 1662 Ea
871 1632 946 1672 legio
970 1631 1137 1672 (sexdecim
1161 1631 1286 1660 millium
1308 1631 1382 1671 suit)
1406 1631 1528 1660 linteata
1548 1631 1586 1660 ab
1610 1631 1802 1670 integumento
1823 1632 1966 1670 consepti,
1996 1641 2053 1671 quo
2075 1638 2193 1660 sacrato

254 1675 391 1706 nobilitas
413 1684 491 1712 erat,
514 1674 665 1716 appellata
687 1682 736 1704 est.
780 1676 853 1704 Num
876 1675 978 1714 paullo
1000 1674 1137 1713 superius
1160 1674 1238 1703 idem
1262 1674 1440 1713 scripserat:
1472 1673 1520 1703 Ibi
1542 1672 1645 1702 mediis
1663 1672 1728 1713 fere
1750 1673 1855 1702 castris
1877 1671 1960 1702 locus
1982 1680 2022 1701 est
2045 1680 2195 1713 conseptus

257 1718 385 1749 cratibus
406 1718 568 1758 pluteisque
590 1725 615 1746 et
637 1716 733 1746 linteis
756 1725 919 1753 contectus,
940 1724 1044 1757 patens
1066 1715 1204 1745 ducentos
1225 1717 1357 1745 maxime
1375 1715 1463 1756 pedes
1486 1716 1515 1745 in
1539 1727 1635 1744 omnes
1655 1716 1766 1754 pariter
1786 1722 1893 1754 partes.
1932 1715 2006 1743 Male
2027 1715 2117 1753 igitur
2140 1725 2193 1752 pro

255 1759 467 1790 circumdatam
491 1760 610 1799 quidam
634 1760 745 1789 habent
767 1758 956 1796 circumdati,
993 1767 1088 1797 neque
1117 1758 1193 1787 enim
1219 1759 1276 1797 ipsi
1299 1760 1444 1788 Sanmites
1466 1758 1561 1787 linteis
1584 1758 1670 1794 tecti,
1708 1757 1760 1786 sed
1784 1761 1956 1796 conseptum
1982 1757 2032 1786 11111
2055 1766 2106 1786 ara
2126 1757 2194 1794 fuit,

257 1803 292 1832 ad
315 1813 400 1842 quam
425 1808 537 1832 sacrata
561 1803 705 1832 nobilitas.
729 1802 817 1832 Dae.
862 1801 1041 1831 Iuraverunt.
1078 1802 1259 1830 iuraverant.
1307 1799 1413 1831 Goth.

418 1844 594 1876 Lenones.
641 1845 743 1873 Melius
766 1845 936 1873 Priscianus
964 1843 1039 1883 (IV,
1064 1848 1098 1881 2,
1122 1847 1151 1874 7.
1176 1843 1289 1879 ton1.I,
1312 1853 1378 1882 pag.
1394 1842 1463 1874 144.
1487 1841 1557 1882 Kr.)
1587 1846 1616 1871 et
1638 1842 1770 1871 Isidorus
1793 1852 1809 1870 a
1832 1840 1982 1878 leniendo,
2017 1841 2099 1880 quod
2123 1841 2195 1870 dili-

263 1887 366 1916 uiendo
391 1888 590 1917 adolescentes
614 1888 765 1916 seducant.
789 1887 876 1916 Dae.
914 1886 967 1916 Ab
990 1885 1158 1916 alliciendo.
1198 1886 1229 1914 ld
1253 1891 1296 1914 est
1319 1885 1509 1924 decipiendo3
1531 1895 1560 1913 v.
1583 1894 1672 1923 supra
1694 1883 1815 1913 Adlicit
1836 1889 1864 1913 et
1887 1884 1986 1912 Lacit.
2033 1882 2138 1914 Goth.

422 1929 561 1959 Letum.
608 1929 700 1959 Varro
723 1930 774 1959 lib.
788 1930 836 1960 Vl.
860 1930 942 1967 (VII,
967 1938 1030 1967 pag.
1045 1931 1114 1960 328.
1136 1928 1216 1966 Sp.):
1243 1927 1337 1967 Quom
1361 1927 1487 1957 dicimus
1510 1926 1587 1956 ollas
1608 1926 1665 1956 leto
1688 1926 1775 1955 datus
1796 1934 1852 1964 est,
1876 1925 1957 1966 quod
1972 1924 2100 1955 Graecus
2122 1924 2195 1955 dicit

263 1965 358 2010 λήθῃ,
386 1969 416 1997 id
438 1979 478 2000 est
500 1971 650 2002 oblivioni.
695 1973 730 2001 Et
754 1983 787 2001 eo
809 1972 950 2001 Varronis
973 1971 1109 2010 Festique
1132 1981 1213 1999 mens
1236 1975 1369 2010 spectat,
1399 1970 1480 2009 quod
1501 1974 1617 1998 veteres
1639 1967 1823 1998 abstinebant
1846 1970 1949 1997 mortis
1972 1968 2136 2004 mentione,
2159 1975 2196 1996 ne.

264 2016 436 2080 {agereatur
457 2014 624 2094 δυῗφημεῖν
647 2020 680 2044 ut
701 2015 730 2043 in
754 2025 828 2044 voce
850 2014 942 2044 abitio
966 2014 1079 2043 dictum
1102 2018 1162 2051 est3
1201 2018 1230 2043 et
1252 2013 1295 2042 sic
1317 2012 1429 2042 lethum
1452 2012 1537 2051 quasi
1558 2009 1657 2051 λήθην
1681 2011 1834 2048 dicebant,
1871 2011 1941 2050 quia
1962 2011 2072 2040 mortui
2100 2008 2194 2051 (Virg.

293 2061 336 2080 en.
396 2076 403 2088 ,
426 2057 494 2087 715.
518 2067 524 2083 ;

876 2097 1001 2128 Securos
1022 2097 1125 2127 latices
1145 2105 1171 2126 et
1193 2096 1282 2137 longa
1306 2096 1416 2126 oblivia
1436 2103 1550 2136 potant.

267 2136 328 2165 Εἲῦἰ
351 2135 515 2182 Ρξῑῧθῑῧῐῑῦδ
544 2140 619 2176 (IX,
645 2144 692 2172 10.
717 2147 787 2170 tom.
802 2142 829 2177 1,
853 2143 1002 2180 pag-469.
1025 2141 1095 2177 ΚΓ.)
1122 2151 1137 2168 a
1160 2139 1220 2177 leo,
1257 2139 1325 2177 levi,
1361 2138 1448 2168 letum
1475 2138 1605 2169 deducit.
1634 2137 1722 2167 Dac.
1766 2138 1802 2167 Et
1825 2148 1840 2165 a
1862 2138 2011 2166 Sanscrita
2039 2137 2140 2166 radice
2163 2135 2194 2173 li,

268 2186 342 2216 quae
364 2177 556 2217 liquefacere,
585 2183 711 2219 solvere,
739 2184 836 2212 delere
858 2183 1021 2221 significat,
1044 2183 1129 2212 cuius
1151 2182 1314 2211 infinitivus
1335 2180 1423 2211 letum
1445 2185 1474 2209 et
1496 2179 1588 2209 latum
1610 2180 1763 2209 formatur.

433 2217 609 2250 Lemonia
633 2224 758 2255 tribus.
803 2227 937 2255 Meminit
960 2226 1061 2255 Cicero
1087 2223 1214 2264 Philipp,
1229 2227 1259 2257 9.
1284 2223 1333 2263 (7,
1359 2223 1420 2262 17.)
1445 2228 1473 2252 et
1495 2223 1526 2251 in
1549 2223 1630 2251 Orat.
1654 2232 1710 2263 pro
1734 2223 1841 2251 Planco
1864 2222 1933 2259 (16,
1956 2222 2028 2258 38.).
2066 2220 2153 2249 Dac.

432 2261 552 2291 Levir.
602 2265 744 2295 Glossma:
775 2265 1002 2308 Ἀνὸράδελφος.
1034 2266 1132 2297 Fulv.
1160 2267 1236 2297 Urs.
1282 2266 1404 2296 Graecis
1433 2262 1647 2304 ἆνδράὸελφος.
1690 2266 1743 2294 Est
1769 2269 1866 2294 autem
1896 2274 1934 2294 ex
1963 2265 2077 2292 Graeco
2106 2259 2191 2299 ὸαήρ.

270 2303 369 2339 Quare
390 2309 545 2342 Propterea
568 2306 661 2343 prima
685 2308 874 2346 producitur,
898 2316 929 2339 ut
952 2310 1034 2349 apud
1055 2312 1196 2339 Senecam
1218 2309 1249 2338 in
1274 2310 1407 2338 Octavia.
1450 2308 1526 2336 Male
1548 2309 1624 2336 enim
1648 2308 1768 2346 quidam
1790 2307 1871 2335 docti
1893 2306 2067 2344 corripiunt.
2097 2301 2194 2333 Scal.

272 2346 409 2374 Veterum
431 2346 575 2376 librorum
598 2347 774 2385 scripturam
797 2353 904 2388 probo:
929 2352 1033 2394 frater
1054 2364 1142 2382 meus.
1184 2352 1272 2380 Levir
1293 2352 1369 2380 enim
1392 2355 1435 2379 est
1458 2351 1513 2378 viri
1537 2350 1644 2385 frater,
1676 2348 1768 2389 δαήρ,
1800 2349 1895 2388 qualis
1918 2349 2029 2377 Hector
2051 2351 2113 2375 erat
2136 2345 2193 2373 He-

272 2387 364 2419 lenae.
387 2386 473 2418 Dac.
515 2388 628 2418 Uxoris
651 2400 728 2417 meae
739 2390 847 2429 frater.
888 2395 978 2423 Uxori
1001 2405 1082 2422 meae
1104 2395 1196 2422 frater
1219 2404 1309 2425 meus.
1333 2403 1361 2422 v.
1375 2396 1405 2425 9.
1428 2392 1532 2421 isidor.
1549 2394 1577 2424 8.
1600 2393 1683 2431 quasi
1706 2393 1808 2421 laevus
1831 2390 1893 2426 vir3
1921 2399 1948 2419 v.
1969 2389 2042 2418 Non.
2065 2387 2107 2427 (p.
2120 2389 2191 2419 557.

273 2428 375 2469 Mero.)
397 2430 428 2458 in
450 2429 545 2460 Levir.
577 2431 640 2460 Viri
662 2431 753 2460 frater
775 2431 852 2461 levir.
875 2435 936 2466 1.4.
960 2438 983 2472 §.
996 2439 1024 2467 6.
1045 2446 1120 2466 vers.
1149 2436 1211 2464 Viri
1233 2437 1326 2464 frater
1346 2436 1376 2464 ff.
1399 2435 1436 2464 de
1458 2434 1607 2473 gradibus.
1634 2432 1738 2464 Goth.
1773 2432 1942 2471 Respondet
1964 2438 2024 2459 vox
2046 2429 2193 2459 Sanscrita
