2263 2668
745 116 975 152 EXEMPLA
1006 114 1375 155 ELOCUTIONUM.

1957 129 2032 164 217

80 213 296 250 Administrat
323 211 537 257 provinciam.
565 210 684 246 Cicero
712 211 756 245 (le
782 207 945 257 Signis²³:
976 209 1081 256 Quod
1106 210 1301 255 vigilanter
1316 213 1541 258 provinciam
1568 215 1856 251 administrasset.

79 266 239 311 Adspirat
260 265 320 299 illi.
349 264 443 309 Virg.
467 266 548 299 Aen.
576 260 670 297 11.²⁴:
693 264 871 309 Adspirat
891 262 1010 308 primo
1026 261 1180 307 fortuna
1203 262 1327 297 labori.

621 316 655 347 ui
681 316 732 348 acl
759 316 912 348 alienam
936 324 1082 346 causam
1105 314 1278 346 accedere
1301 319 1363 348 aut
1390 316 1581 361 adspirare
1609 319 1751 352 audeat.

182 321 296 350 contra
323 315 505 349 Caecilium
513 312 553 350 ²⁵:
585 314 617 361 Q

77 368 205 403 Adolet
231 379 312 400 araz.
348 367 439 412 Virg.
470 368 553 400 Aen.
581 363 657 401 l.²⁶:
690 367 848 401 Adolere
880 366 1041 399 Penates.

182 419 388 452 adolescunt
415 417 557 463 ignibus
583 428 682 451 arae.

1380 265 1539 309 Adspirat
1565 267 1608 299 ad
1635 268 1727 302 illud.
1764 268 1834 306 cic.
1861 269 1894 302 in
1920 271 2027 306 Divin.

1104 365 1312 399 Adolescunt
1345 378 1432 400 arae.
1474 369 1570 402 Idem
1604 367 1787 415 Georg.²¹:
1826 371 2028 408 Panchaeis

77 470 208 515 Alligat
230 470 273 502 ad
299 468 376 503 hoc.
400 469 469 503 Cic.
497 469 540 501 de
566 465 798 513 Suppliciisffi:
824 468 874 501 Et
900 466 951 500 ad
968 467 1093 512 palum
1110 466 1380 513 alligabantur.

77 523 181 556 Avius
208 522 249 554 ab
276 521 335 553 illa
360 532 405 554 re.
432 520 502 553 Cic.
530 531 594 564 pro
621 517 763 564 Syllam:
789 520 838 553 Et
865 519 965 552 avius
988 530 1011 551 a
1034 519 1196 552 sanitate.

76 574 166 608 Ante
193 576 402 616 expectatum
429 582 494 615 pro
520 577 696 616 antequam
724 576 923 616 expectatus.
959 570 1055 616 Virg.
1080 570 1209 616 Georg.
1233 566 1343 604 111.³⁰:
1376 569 1469 604 Ante
1498 576 1719 618 expectatum
1746 574 1871 619 positis
1896 579 1967 610 stat
1991 577 2028 611 in

179 623 325 669 agmine
348 623 483 656 castris.

76 674 191 709 Audet
224 674 302 710 hoc.
338 673 408 709 Cic.
443 674 568 719 Philip.
596 671 689 707 11.³¹:
730 673 828 720 Quid
858 673 948 706 enim
975 675 1024 705 est
1052 673 1146 718 quod
1178 676 1215 705 tu
1241 684 1308 706 non
1335 671 1502 707 audeas?
1553 675 1664 709 Audet
1688 675 1757 709 hoc
1782 677 1903 710 faeere.
1931 678 2026 723 Virg.

179 726 264 760 Aen.
298 721 388 759 V.³²:
419 725 540 759 Audet
566 726 670 759 adire
700 726 832 767 virum,
867 723 1093 768 manibusque
1121 724 1297 758 inducere.

182 776 279 823 Quos
305 776 364 809 ubi
389 776 563 822 confertos
584 777 719 810 audere
745 777 780 810 in
799 776 939 821 proelia
965 775 1048 808 vidi.

1355 725 1471 758 Audet
1502 726 1536 758 in
1561 726 1639 761 hoc.
1673 728 1792 773 virgil.
1821 729 1905 762 Aen.
1929 729 1972 762 11.
1983 727 2025 763 ³³:

75 828 165 863 Acer
190 829 242 862 his
269 829 378 863 rebus.
407 829 502 875 Virg.
530 829 659 874 Georg.
687 825 797 864 111.³⁴:
822 827 1047 873 Humeroque
1066 826 1195 873 Pelops
1220 826 1369 873 insignis
1394 826 1541 870 eburno,
1565 828 1660 863 Acer
1686 829 1792 875 equis.

73 1056 167 1090 Bibit
191 1056 285 1090 illud.
318 1057 412 1103 Virg.
436 1057 518 1091 Aen.
547 1053 628 1093 [ὅδε
649 1056 781 1102 Infelix
810 1057 909 1092 Dido
930 1057 1143 1103 longumque
1169 1055 1309 1090 bibebat
1335 1067 1502 1091 amorem.
1554 1056 1646 1090 Bibit
1678 1057 1740 1090 illo
1762 1058 1898 1102 poculo.
1925 1057 2020 1104 Virg.

177 1108 307 1154 Georg.
333 1110 375 1144 ll.
385 1106 424 1142 ³¹⁵:
457 1109 608 1142 Gemma
632 1108 737 1143 bibat.

72 1183 209 1218 Bellum
236 1196 311 1219 cum
339 1186 398 1218 illo
418 1186 512 1230 gerit.
541 1185 609 1219 Cic.
635 1186 668 1218 in
696 1185 875 1218 Hortensio
890 1181 924 1217 ³⁷.
981 1183 1052 1230 Qui
1079 1194 1158 1217 cum
1186 1184 1292 1218 hodie
1318 1184 1447 1217 bellum
1474 1195 1552 1218 cum
1579 1189 1714 1218 mortuo
1739 1189 1878 1230 gerant.
1914 1185 2020 1233 [499]

175 1235 270 1280 Virg.
298 1236 381 1270 Aen,
408 1233 518 1270 XL³⁸=
544 1237 684 1270 Bellum
710 1238 943 1282 importunum
972 1237 1063 1269 cives
1090 1247 1168 1269 cam
1195 1240 1303 1281 gente
1322 1236 1481 1269 Deorum
1509 1236 1718 1281 Invictisque
1743 1237 1827 1270 viris
1851 1238 2020 1282 gerimus.

173 1287 310 1320 Bellum
337 1293 452 1321 contra
478 1288 571 1320 illum
599 1289 696 1333 gerit.
726 1289 797 1322 Cic.
826 1288 976 1331 Philipp.
1003 1287 1062 1320 111.
1072 1283 1114 1320 ³⁹:
1148 1287 1235 1322 Cum
1262 1287 1390 1321 bellum
1413 1287 1590 1332 nefarium
1618 1292 1741 1321 eontra
1767 1289 1876 1321 vitam
1893 1288 2018 1333 fortu-

173 1349 307 1383 nasque
332 1343 471 1373 nostras
496 1351 561 1373 non
591 1340 750 1386 ,cogitari
781 1340 845 1373 sed
871 1339 955 1384 geri
990 1339 1063 1371 iam
1095 1339 1264 1374 viderem.
1316 1339 1418 1372 Bello
1446 1339 1561 1372 bonus.
1594 1339 1688 1384 Virg.
1713 1340 1852 1372 Aeneid.
1875 1340 1965 1374 VIII.
1977 1337 2020 1373 ⁴⁸¹:

180 1389 276 1423 Gens
303 1389 392 1424 bello
412 1392 621 1436 praeclara.
673 1392 762 1424 Belli
788 1402 850 1436 pro
877 1391 909 1423 in
935 1390 1037 1423 bello.
1067 1390 1201 1423 Terent.
1231 1391 1458 1423 Heautontim.
1500 1416 1508 1423 .

1468 1387 1508 1410 ⁴¹·
1542 1390 1633 1423 Rem
1660 1394 1693 1423 et
1723 1391 1880 1436 gloriam
1907 1391 2017 1425 armis

174 1439 257 1475 belli
282 1443 434 1489 repperi.
461 1443 581 1477 Salust.
608 1440 731 1489 Iug.⁴²:
757 1443 960 1477 Paucorum
987 1441 1135 1476 arbitrio
1161 1442 1243 1478 belli
1270 1442 1433 1488 domique
1459 1442 1703 1487 agitabantur.

72 1576 150 1605 Tum
169 1576 384 1616 alligabantur
396 1578 466 1608 eod.
482 1579 538 1608 Gu.
556 1579 729 1618 alligantur
743 1578 777 1607 A.
795 1578 832 1607 M.
851 1578 932 1616 quod
945 1578 1025 1618 apud

71 1619 134 1649 Cic.
159 1619 266 1651 editur.
293 1621 389 1649 Locus
415 1627 459 1650 est
480 1623 546 1652 Act.
570 1622 602 1650 in
627 1622 710 1651 Verr.
739 1621 775 1651 II.
797 1621 848 1649 lib.
870 1621 911 1659 V,
935 1623 964 1654 5.
986 1637 1023 1642 ——

70 1661 119 1699 29)
141 1660 225 1690 Idem
241 1674 299 1701 pro
320 1664 405 1702 Sylla
429 1666 479 1696 30.
502 1665 537 1693 A.
560 1665 598 1695 Μ,
623 1664 775 1694 Editiones
792 1663 872 1702 apud
891 1664 950 1694 Cic.
967 1673 1023 1692 ex-

69 1702 175 1732 hibent
190 1705 320 1736 alienus,
338 1707 408 1735 Cod.
428 1707 459 1735 in
474 1707 610 1746 exemplo
630 1708 706 1737 auii.
723 1707 790 1735 Non
806 1705 925 1743 dubito,
951 1707 1024 1745 quin

70 1746 232 1786 utrobique
254 1748 410 1786 legendum
436 1749 475 1777 sit
499 1751 627 1779 alienus.
651 1765 694 1772 -—
727 1748 775 1789 30)
804 1750 891 1787 Virg.
912 1750 1022 1786 Georg-

71 1785 132 1818 ΙΙΙ.
158 1790 228 1822 348.
251 1791 284 1819 A.
310 1791 350 1821 Μ.
376 1792 411 1820 111
435 1792 506 1821 cod.
529 1793 607 1822 Gud.
635 1797 695 1821 est:
720 1792 808 1830 Virg.
834 1793 941 1830 Geor-g.
967 1792 1023 1822 IV.

71 1829 106 1859 ln
128 1831 194 1870 ipso
216 1834 352 1872 exemplo
376 1834 448 1863 cod.
470 1835 504 1864 A.
526 1835 564 1865 M.
597 1845 652 1874 pro
676 1840 878 1872 exspectatum
903 1834 1023 1862 exhibet

71 1879 267 1911 exspectatus,
297 1877 387 1905 Recte
415 1883 617 1916 exspectatum
643 1878 714 1906 Cod.
733 1877 787 1905 Gu.
818 1894 856 1898 —
888 1876 934 1915 31)
961 1875 1020 1906 Cic.

71 1915 154 1944 Phil·
178 1914 226 1951 ῙῙ,
250 1920 277 1948 7.
308 1919 342 1947 A.
358 1919 394 1948 Μ.
410 1925 452 1947 est
473 1920 561 1957 Ιιοο,
585 1919 668 1959 quod
686 1926 720 1947 tu
735 1930 795 1947 non
818 1930 847 1947 a.
871 1919 943 1947 Cod.
962 1920 1020 1947 Gu.

74 1974 110 1979 —-
136 1956 181 1997 32)
211 1959 297 1997 Virg.
319 1961 394 1991 Aen.
421 1963 458 1991 V.
481 1964 551 1994 379.
575 1963 607 1991 A.
622 1963 660 1991 M.
685 1962 797 1990 Verba:
819 1961 1021 1998 manibusque

72 1999 212 2028 inducere
229 2002 328 2030 addita
348 2008 417 2032 sunt
438 2014 453 2032 e
469 2005 540 2034 Cod.
563 2005 620 2034 Gu.
639 2005 757 2042 Ignorat
783 2014 814 2032 ea
838 2003 909 2031 cod.
929 2003 961 2031 A.
985 2002 1023 2030 M.

70 2059 114 2066 -
139 2042 185 2082 33)
209 2041 293 2071 Idem
319 2043 363 2074 II.
383 2049 453 2078 374.
482 2048 515 2076 A.
539 2047 575 2077 Μ,
609 2047 689 2075 Idem
720 2057 735 2074 e
758 2045 828 2074 cod.
850 2055 903 2072 suo
930 2044 1023 2072 edidit

72 2091 235 2121 οοηεενιοε,
259 2086 310 2114 sed
332 2087 405 2116 Cod.
423 2089 479 2117 Gu.
495 2100 562 2118 cum
580 2089 696 2127 Virgilii
719 2088 791 2117 Edd.
809 2086 927 2114 exbibet
947 2096 1021 2113 con-

63 2129 174 2166 fertos.
201 2145 241 2150 —
264 2130 309 2162 34)
336 2129 418 2158 Idem
445 2132 553 2171 Georg.
577 2132 630 2162 ΙΙΙ.
654 2134 684 2162 7.
707 2131 741 2158 A.
759 2129 797 2157 M.
820 2128 897 2156 Huic
918 2138 1020 2156 exem-

71 2170 125 2210 plo
150 2170 299 2207 subiungit
319 2171 390 2200 cod.
415 2173 469 2203 Gu.
494 2174 579 2202 aliam
604 2173 801 2202 elocutionem
830 2180 897 2198 cum
922 2180 1021 2198 exem-

72 2213 123 2252 plo
141 2212 363 2241 huiuscemodi:
386 2215 503 2243 Arrisit
525 2217 583 2245 illi.
606 2213 806 2253 §simmachus
819 2211 862 2239 ad
881 2211 1019 2241 Theodo-

72 2256 155 2283 sium
182 2253 412 2293 Imperatorem.-
448 2259 594 2292 Beatum,
624 2259 687 2285 iarn
711 2255 881 2293 parvulum
914 2265 1019 2292 meum,

71 2299 229 2335 cuipiam
241 2319 398 2329 ......
421 2299 477 2336 (sic
499 2301 605 2329 mutilo
627 2297 717 2336 loco).
762 2296 827 2325 Hoc
844 2296 915 2325 mihi
933 2297 1020 2325 addi-

71 2344 236 2369 tamentum
256 2340 312 2368 inm
329 2346 486 2380 propterea
504 2347 672 2380 suspectum
688 2339 824 2375 videtur,
849 2339 927 2378 quod
946 2339 1020 2368 Aru-

71 2382 172 2411 nianus
193 2393 208 2410 e
232 2388 372 2421 quattuor
392 2388 510 2413 tantum
532 2385 591 2414 illis
618 2381 834 2422 scriptoribus,
871 2381 1019 2421 Cicerone,

121 2443 285 2471 Gmmu.
307 2452 374 2471 mr.
397 2442 417 2472 Ι.

1067 1578 1223 1615 Salustio,
1257 1578 1406 1616 Virgilio,
1448 1578 1579 1606 Terentio
1605 1577 1738 1615 exempla
1767 1587 1819 1605 sua
1845 1576 2018 1616 depromere

1066 1621 1152 1650 solet.
1197 1621 1297 1656 Quare
1321 1621 1372 1649 vix
1395 1619 1536 1648 credibile
1560 1623 1619 1656 est,
1652 1629 1718 1648 eum
1750 1619 1786 1648 ad
1814 1623 1873 1648 tam
1898 1621 2018 1649 serioris

1067 1663 1170 1692 aetatis
1192 1668 1342 1691 auctorem
1364 1672 1424 1690 esse
1445 1661 1606 1700 delapsum.
1635 1677 1676 1683 -
1703 1660 1750 1700 35)
1779 1660 1864 1689 Idem
1889 1662 1965 1690 Aen.
1988 1662 2015 1691 I.

1066 1708 1140 1737 749.
1178 1705 1214 1733 A.
1245 1705 1284 1733 M.
1321 1705 1408 1741 Vir-g.
1435 1703 1511 1734 Aen.
1540 1704 1598 1732 IV.
1623 1703 1693 1732 cod.
1716 1703 1772 1730 Gu.
1795 1719 1836 1725 —
1860 1706 1905 1737 36)
1931 1703 2016 1732 Idem

1069 1750 1176 1785 Georg.
1201 1745 1243 1775 II.
1267 1747 1339 1777 506.
1370 1746 1406 1774 A.
1429 1745 1468 1774 M.
1501 1746 1648 1774 Numerus
1677 1744 1747 1773 libri
1768 1745 1955 1774 desideratur
1983 1747 2016 1774 in

1067 1791 1139 1819 cod.
1158 1790 1214 1817 Gu.
1238 1788 1315 1816 Huic
1336 1787 1471 1825 exemplo
1497 1788 1649 1825 subiungit
1668 1786 1726 1815 hoc
1751 1787 1838 1815 etiam
1866 1788 1937 1816 cod.
1957 1789 2014 1817 Gu.

1068 1833 1130 1861 Cic.
1161 1832 1246 1859 Taso.
1271 1835 1304 1858 ut
1324 1827 1391 1859 Iovi
1419 1830 1516 1858 bibere
1542 1831 1745 1866 ministraret,
1769 1829 1849 1867 quod
1869 1829 1907 1858 ad
1929 1830 2014 1859 aliam

1067 1873 1283 1908 elocutionem,
1306 1871 1335 1902 h.
1350 1873 1370 1901 l.
1385 1873 1416 1901 in
1433 1872 1526 1901 codd.
1543 1872 1699 1909 omissam,
1720 1872 1870 1911 pertinere
1883 1873 2014 1903 videtur.

1063 1917 1160 1945 Locus
1180 1919 1223 1943 est
1245 1915 1332 1943 Tusc.
1347 1915 1377 1951 1,
1395 1917 1446 1947 26.
1468 1931 1511 1937 —
1532 1917 1578 1950 37)
1601 1915 1662 1945 Cic.
1686 1916 1721 1942 in
1740 1915 1903 1943 llos-tensio
1922 1918 2013 1947 1016.

1066 1958 1100 1987 A.
1113 1958 1150 1987 M.
1168 1957 1344 1996 Exemplum
1359 1957 1391 1985 in
1407 1957 1480 1985 cod.
1493 1958 1549 1988 Gu.
1564 1957 1607 1986 sic
1622 1962 1759 1985 notatur:
1785 1958 1916 1995 Quicum
1930 1968 2013 1986 mor—

1066 2006 1119 2028 tuo
1145 1998 1234 2027 lzodie
1254 1999 1362 2028 bellum
1372 2005 1495 2038 gerunt.
1518 2000 1572 2029 Est
1591 2000 1673 2039 apud
1692 1999 1787 2028 Nobb.
1810 2000 1841 2028 in
1864 2000 2011 2038 Fragmm.

1064 2042 1217 2071 Hortensii
1239 2052 1288 2070 no.
1313 2044 1363 2073 32.
1388 2052 1453 2081 pag.
1475 2045 1566 2074 1171.
1600 2059 1642 2065 —
1676 2045 1721 2077 38)
1749 2042 1834 2080 Virg.
1853 2042 1928 2072 Aen.
1949 2041 2010 2071 XI.

1063 2085 1136 2116 305.
1160 2084 1195 2114 A.
1216 2084 1254 2113 M.
1276 2100 1318 2106 —
1346 2082 1395 2125 39)
1421 2085 1483 2113 Cic.
1505 2085 1591 2115 Phil.
1609 2083 1672 2114 ῙῙῙ.
1698 2088 1724 2116 1·
1748 2085 1780 2113 A.
1803 2085 1841 2112 M.
1872 2085 1942 2113 Non
1966 2095 2012 2113 co-

1061 2128 1177 2165 gitari,
1206 2125 1260 2154 sed
1281 2128 1348 2165 geri
1371 2127 1443 2157 Cod.
1469 2127 1504 2156 A.
1532 2127 1569 2156 M.
1597 2128 1668 2156 Non.
1691 2128 1846 2165 cogitaui
1872 2128 1919 2155 vel
1943 2128 2011 2165 geri

1064 2169 1136 2198 Cod.
1159 2169 1216 2199 Gu.
1242 2169 1311 2198 Non
1332 2171 1504 2207 comparari
1528 2168 1583 2198 sed
1599 2171 1667 2208 geri
1687 2169 1761 2199 Edd.
1781 2168 1860 2208 apud
1887 2169 1946 2197 Cic.
1969 2185 2011 2191 ·—

1061 2212 1108 2249 40)
1135 2212 1221 2250 Virg.
1240 2212 1315 2240 Aen.
1343 2210 1433 2241 VIII.
1456 2214 1529 2244 480.
1554 2213 1588 2241 A.
1609 2212 1649 2242 M.
1673 2227 1715 2233 —-
1736 2209 1783 2252 41)
1810 2211 1875 2240 Ter.
1897 2212 2011 2239 IIeaut.

1062 2251 1088 2282 Ῑ.
1116 2257 1140 2285 1.
1163 2256 1214 2286 60.
1233 2255 1268 2283 A.
1290 2254 1329 2283 M.
1355 2270 1391 2275 —
1421 2255 1469 2290 42)
1492 2256 1554 2284 Sal.
1577 2253 1648 2293 Iug.
1670 2254 1720 2286 45.
1745 2254 1779 2283 Α.
1795 2253 1832 2282 M.
1856 2253 1908 2282 Ed.
1932 2254 2010 2280 Cort.

1063 2301 1092 2325 et
1112 2295 1249 2326 Gerlach.
1271 2307 1335 2336 cap.
1362 2299 1411 2328 41.
1432 2296 1647 2337 Agitabantur
1669 2301 1793 2336 uterque
1813 2295 1885 2331 eod,
1905 2297 2009 2333 agita-

1060 2338 1153 2368 batur
1171 2339 1271 2370 editur
1296 2339 1376 2379 apud
1397 2339 1457 2370 Sal.

1540 2432 1599 2466 Ee
