2263 2668
508 135 569 168 DE
596 133 986 169 SIGNIFICATIONE
1013 134 1296 171 VERBORUM.
1348 138 1492 172 LIBER
1519 139 1558 173 V.
1961 143 2008 177 61

63 226 188 261 Exiles
208 232 240 258 et
266 226 323 259 ilia
332 223 357 243 ²⁵
376 239 395 259 a
415 229 573 262 tenuitate
599 230 727 262 inarum
737 225 772 269 ²⁶,
800 239 880 272 quas
902 228 1026 261 Graeci
1053 228 1085 260 in
1113 228 1270 263 chartis²⁷
1289 232 1336 264 ita
1357 233 1545 277 appellant,
1572 230 1761 266 videntur²ss
1781 245 1851 268 esse
1874 236 1964 271 dicta
1974 234 2007 270 ²⁹.

63 278 210 312 Exilica
236 289 355 317 causa,
393 290 479 322 quae
506 281 661 314 adversus
689 280 818 313 exulem
846 280 964 324 agitur.

62 329 222 363 Exitium
249 330 373 373 antiqui
401 333 571 374 ponebant
596 344 660 377 pro
688 332 791 370 exitu3
831 342 918 365 nunc
945 330 1079 363 exitium
1105 333 1285 375 pessimum
1312 334 1435 368 exitum
1462 335 1611 370 dicimus.

63 381 275 414 Exercirent
283 405 292 421 ,
326 383 482 416 sarcirent
491 380 525 416 ³⁰.

63 432 323 466 Exercitionem
349 435 482 467 exerciti
508 434 664 468 dicebant
691 433 816 477 antiqui
842 429 1132 466 exercitationem³
1173 435 1349 470 exercitati.
1402 437 1487 470 Item
1497 433 1522 454 ³²
1549 438 1794 480 exercitiorem,
1840 441 2008 475 exercitis-

166 484 302 524 simum,
339 483 456 519 sicut³³
477 486 518 518 ab
542 485 719 519 exercitato
748 484 1026 523 exercitatiorem,
1062 485 1371 522 exercitatissimum.

63 535 192 581 Esfuti
219 532 359 576 effusi34,
392 542 428 568 ut
454 540 584 570 mertat
609 548 673 581 pro
700 541 830 570 mersat.

63 586 188 633 Effari
214 592 247 619 et
273 584 419 633 qff'ata25
441 601 460 621 a
486 588 608 629 fando,
635 588 727 631 quod
754 588 863 632 ipsum
874 584 898 604 ³⁸
927 598 966 620 ex
993 586 1128 620 Graeco
1156 587 1200 627 ὥς
1228 585 1369 635 (privem.

63 638 215 683 Equiria
242 638 330 679 ludi,
372 650 456 682 quos
482 640 647 673 Romulus
674 639 775 672 Marti
802 638 935 672 instituit
945 636 969 656 ³⁸
994 650 1056 683 per
1083 650 1245 682 equorum
1273 651 1422 680 cursum,
1467 642 1522 684 qui
1548 643 1579 675 in
1607 653 1729 687 campo
1756 642 1882 675 Martio
1911 655 2005 677 exer-

165 690 333 722 cebautur.

63 740 233 785 Equirine
258 741 481 775 iusiurandum
507 754 570 787 per
596 743 780 784 Quirinum.

63 792 236 837 Equestre
263 804 336 835 aes,
372 794 462 836 quod
491 795 592 837 equiti
620 794 770 828 dabatur.

62 843 237 888 Equitare
263 845 386 888 antiqui
412 841 602 879 dicebant³⁹
624 857 746 889 equum
773 845 948 890 publicum
973 856 1102 878 merere
1114 842 1148 878 ⁴⁰.

63 895 185 940 Equus
211 895 313 928 Marti
346 897 599 937 immolabatur,
643 897 736 941 quod
768 909 830 941 per
862 897 929 929 eius
961 897 1109 941 effigiem
1136 896 1274 930 Troiani
1308 897 1398 941 capti
1425 894 1541 937 sunt⁴¹,
1584 898 1637 930 vel
1663 898 1754 940 quod
1785 894 1862 931 eo⁴²
1881 909 2006 943 genere

166 947 312 979 animalis
334 947 426 980 Mars
453 948 613 982 delectari
624 946 648 965 ⁴³⁵
670 953 853 992 putaretur.

62 997 164 1042 Equo
188 998 266 1030 vehi
294 999 416 1032 flamini
442 1000 531 1032 Diali
557 1011 623 1032 non
650 1000 788 1041 licebat,
823 1012 880 1040 ne,
914 999 939 1031 si
965 999 1098 1043 longius
1126 998 1376 1043 digrederetur,
1412 1011 1504 1033 sacra
1530 997 1822 1044 negligerentur&

62 1049 333 1095 Exirgfi'bulabat
359 1052 522 1084 exerebat.
573 1052 697 1084 Insulas
710 1048 734 1068 ⁴5
755 1052 841 1084 enim
868 1051 1078 1084 sacerdotum
1105 1050 1274 1084 filamenta
1285 1047 1309 1067 ’θ
1332 1051 1505 1085 vocabant.

62 1100 281 1134 Esistimure
308 1101 431 1135 dictum
460 1104 502 1135 ab
528 1103 762 1135 aestimatione.

62 1152 257 1197 Eoerogare
268 1150 292 1170 ⁴⁷
315 1158 363 1186 est
389 1165 428 1186 ex
455 1154 534 1199 lege
560 1160 671 1187 vetere
681 1150 706 1171 4⁹
730 1153 857 1197 aliquid
885 1154 1028 1186 eximere
1054 1164 1117 1198 per
1144 1164 1263 1186 novam
1290 1153 1415 1198 legem.

62 1203 241 1236 Eximium
266 1204 344 1237 inde
370 1205 436 1239 dici
463 1210 637 1249 coeptum,
672 1205 765 1249 quod
792 1205 825 1238 in
853 1205 1020 1239 sacrificiis
1048 1205 1212 1249 optimum
1238 1216 1343 1249 pecus
1372 1218 1390 1238 e
1416 1216 1524 1250 grege
1551 1204 1772 1244 eximebatur,
1807 1204 1877 1245 vel,
1912 1202 2004 1247 quod

162 1256 306 1299 primum
335 1261 404 1289 erat
430 1262 542 1291 natum
553 1253 588 1292 ⁴³⁹.

61 1306 273 1351 Exemplum
301 1312 367 1349 est,
399 1308 490 1351 quod
517 1319 710 1352 sequamur,
744 1312 801 1340 aut
826 1307 976 1342 vitemus,
1030 1308 1230 1352 Exemplar,
1265 1319 1303 1341 ex
1330 1319 1397 1352 quo
1425 1308 1530 1341 simile
1557 1307 1724 1341 faciamus.
1778 1305 1866 1338 Illud
1894 1306 2003 1339 animo

162 1359 368 1401 aestimatur,
407 1360 495 1392 istud
522 1360 628 1394 oculis
656 1360 866 1404 conspicitur.

60 1408 306 1449 Exhaustmzt,
348 1410 500 1447 efferunt.

61 1460 156 1493 E.rin
166 1458 191 1478 ⁵⁰
212 1463 309 1494 metri
337 1472 434 1496 causa
461 1463 581 1496 dicitur
607 1473 670 1507 pro
698 1461 827 1497 exinde.

62 1512 208 1551 Exesto,
244 1517 335 1545 extra
361 1519 441 1547 esto.
494 1514 551 1548 Sic
561 1511 584 1532 5¹
607 1515 694 1547 enim
719 1515 816 1547 lictor
841 1513 874 1546 in
901 1512 1101 1555 quibusdam
1128 1515 1227 1547 sacris
1254 1512 1463 1547 clamitabat:
1503 1512 1626 1551 hostis,
1661 1505 1835 1549 vinctus⁵²,
1869 1509 2003 1551 mulier,

162 1564 267 1609 virgo
288 1568 422 1605 exesto‚·
457 1566 581 1601 scilicet
601 1567 756 1599 interesse
781 1564 1027 1610 prohibebatur
1036 1561 1070 1599 5³.

61 1614 241 1659 Epulares
267 1614 566 1660 appellabantur-⁵⁴,
605 1619 664 1661 qui
690 1617 722 1650 in
749 1616 949 1661 quibusdam
975 1615 1062 1649 ludis
1088 1620 1186 1651 nocte
1212 1615 1441 1660 epulabantur.

61 1663 307 1710 Epislyli11m⁵⁵
331 1669 438 1710 trabs,
477 1680 563 1712 quae
589 1681 690 1714 super
715 1669 885 1702 columnas
911 1667 1055 1712 ponitur.

62 1716 182 1761 Epeus
207 1728 328 1750 nomen
354 1719 526 1753 cuiusdam
550 1721 652 1761 fabri,
690 1720 748 1764 qui
771 1731 894 1764 equum
921 1714 1104 1752 Dureum⁵⁶
1130 1717 1218 1752 fecit.

1136 429 1145 450 1

59 1865 166 1893 graece
182 1855 348 1884 Sambucus
365 1857 485 1889 dicitur,
509 1874 549 1880 ·--·
571 1857 617 1897 30)
641 1859 830 1895 Exn-virent,
852 1856 1010 1894 sarcirent]
1054 1857 1174 1894 rogare]
1188 1855 1279 1891 Erog.
1295 1854 1351 1882 Gu.
1365 1856 1391 1884 1.
1415 1870 1452 1874 —-
1476 1853 1524 1890 48)
1540 1854 1643 1888 vetere]
1659 1852 1749 1880 reteri
1761 1851 1794 1880 B.
1812 1866 1853 1872 —
1874 1851 1921 1889 49)
1936 1856 1999 1878 erat

62 1899 214 1926 Exerciret
228 1900 351 1927 sarciret
365 1901 398 1928 Β.
420 1916 461 1922 --
482 1898 532 1941 31)
554 1899 809 1939 exercitationem]
833 1901 1010 1928 exercionem
1053 1897 1178 1935 natum]
1203 1902 1311 1924 nalum
1334 1901 1397 1923 erat
1415 1895 1463 1932 L.‚
1490 1896 1521 1923 in
1546 1905 1605 1933 quo
1627 1894 1699 1923 haec
1712 1893 1808 1932 glossa
1825 1891 1925 1921 addua
1940 1897 1998 1921 est:

61 1940 90 1969 L.
105 1941 137 1969 B.
182 1942 384 1970 exercitionem
405 1943 458 1971 Gu.
476 1945 502 1974 1.
547 1945 754 1972 excitationem
776 1943 831 1971 Gu.
848 1945 876 1974 2.
900 1957 941 1963 —
963 1939 1008 1978 32)
1053 1941 1248 1969 Electrum
1266 1940 1296 1967 in
1309 1937 1484 1977 Capadocia
1495 1939 1586 1976 gigni
1601 1939 1684 1965 testis
1700 1941 1742 1964 est
1751 1934 1928 1971 Archelaus,
1945 1937 1999 1974 qui

62 1983 145 2019 Item]
163 1986 252 2011 etiam
269 1984 324 2012 Gu.
336 1988 362 2016 1.
383 2001 425 2007 -—
446 1983 493 2024 33)
515 1987 592 2014 sicut
609 1986 677 2025 etc.]
694 1997 748 2015 om.
764 1995 857 2023 usque
873 1984 909 2012 ad
922 1983 1009 2011 finem
1052 1983 1095 2010 ibi
1110 1993 1236 2019 regnum
1250 1982 1397 2018 obtinuit,
1420 1982 1608 2009 translucens
1614 1992 1623 2016 ,-
1652 1985 1678 2008 et
1685 1979 1853 2016 formica-5,
1878 1978 1996 2015 culices,

60 2026 91 2054 L.
117 2042 152 2047 —
177 2027 225 2063 34)
240 2026 340 2065 effusi]
357 2029 455 2066 effusi
467 2028 539 2058 L.B.
549 2029 586 2057 M.
600 2039 646 2067 pr.
662 2045 704 2050 —
724 2025 771 2068 35)
788 2028 892 2066 effata]
909 2026 1010 2062 risula
1051 2027 1112 2052 ,sire
1130 2035 1252 2053 vilescas
1269 2030 1295 2052 et
1307 2025 1390 2061 folia
1410 2025 1508 2061 sicea,
1536 2025 1661 2062 itemque
1672 2021 1793 2060 paleae,
1816 2027 1849 2049 ut
1863 2031 1996 2059 magnes,

59 2068 92 2097 B·
116 2084 158 2090 -
179 2070 223 2102 36)
248 2071 360 2107 ipsum]
384 2080 441 2099 om.
457 2070 488 2101 Β.
509 2087 551 2093 —
572 2069 618 2110 37)
638 2069 678 2106 ὣς
692 2068 783 2108 φάτο]
806 2070 855 2098 sic
870 2067 976 2106 scripsi
992 2078 1007 2096 e
1041 2069 1167 2105 ferrum
1181 2067 1224 2096 ad
1234 2079 1264 2095 se
1274 2067 1406 2095 trahens.
1436 2067 1589 2095 Ebenus
1604 2067 1723 2104 lignum
1738 2069 1780 2092 est
1792 2065 1928 2101 interius,
1951 2066 1996 2092 ni-

60 2110 96 2139 M.
122 2111 178 2139 Gu.
192 2114 236 2147 2.,
275 2112 304 2140 in
327 2112 434 2150 quibus
457 2117 502 2141 est
524 2113 648 2151 osplzato
669 2129 710 2134 —
731 2112 810 2151 φημὶ
835 2111 902 2139 dico
925 2110 1006 2147 vulg.
1047 2121 1154 2149 grum,
1177 2109 1323 2146 solidum,
1341 2109 1524 2149 pulchrum,
1553 2114 1658 2148 aptum
1680 2106 1865 2135 ocularibus.
1887 2122 1930 2128 —
1950 2108 1995 2143 50)

55 2152 158 2191 phemi
171 2155 250 2192 φημί
268 2154 299 2181 Β.
339 2155 443 2193 plzemi
457 2165 501 2193 pr.
545 2166 602 2184 om.
618 2156 648 2186 L.
667 2156 722 2183 Gu.
736 2158 762 2185 1.
786 2170 828 2176 —-
850 2155 896 2191 33)
919 2154 1006 2180 insti-
1050 2155 1130 2181 Exin
1145 2155 1212 2189 cuz]
1227 2154 1305 2181 Exin
1316 2163 1375 2191 pro
1390 2152 1493 2180 exinde
1507 2162 1601 2180 causa
1613 2151 1738 2189 ponitur
1750 2150 1782 2178 B.
1804 2166 1845 2171 —-
1869 2147 1914 2187 51)
1930 2148 1993 2186 Sic]

59 2194 128 2234 tuit]
152 2198 311 2224 constituit
326 2197 358 2226 Β.
383 2214 421 2219 -—
444 2196 490 2236 39)
512 2199 633 2236 antiqui
650 2196 799 2234 dicebaut]
824 2195 880 2223 dic.
899 2200 960 2223 ant.
973 2195 1006 2224 B.
1048 2195 1139 2234 sicut]
1163 2196 1192 2225 L.
1207 2195 1240 2224 B.
1259 2195 1313 2223 Gu.
1325 2197 1351 2227 1.
1374 2212 1408 2216 —
1429 2195 1477 2233 52)
1502 2194 1631 2232 vinctus]
1653 2195 1754 2221 victu-s·
1768 2193 1800 2220 L.
1814 2202 1860 2232 pr.
1883 2208 1923 2214 —
1945 2190 1991 2225 53)

235 2250 240 2255 η
337 2240 341 2244 “
669 2241 686 2255 .”
712 2250 716 2254 ,
934 2249 937 2254 -
1685 2240 1699 2253 fl

57 2253 99 2259 —
118 2237 164 2277 40)
180 2239 296 2278 mestre]
313 2240 361 2267 8¹⁰
375 2241 406 2270 L'
420 2240 512 2271 Gu'1‘
523 2242 551 2271 2⁸
582 2251 686 2268 meren
701 2240 780 2276 ‘mg'
805 2255 840 2259 -
865 2236 911 2277 41)
923 2240 1003 2274 mm]
1041 2262 1271 2302 prohibebatur]
1281 2262 1482 2301 prohibeatur
1493 2263 1526 2292 Β.
1564 2261 1744 2301 prohibetur
1758 2259 1830 2299 (sic)
1847 2259 1937 2288 Gu.2.
1949 2271 1989 2276 —

58 2280 106 2308 Sic
122 2281 257 2313 Gu.1.2.
301 2283 363 2310 sint
379 2283 459 2321 vulg.
484 2299 517 2304 —
545 2283 590 2318 42)
614 2285 655 2318 eo]
679 2292 711 2309 ex
726 2293 756 2309 eo
770 2282 803 2310 L.
826 2296 868 2301 —-
890 2280 934 2318 43)
956 2279 1004 2308 de-

58 2322 178 2364 lectari]
195 2325 305 2352 laetari
319 2325 350 2353 B.
373 2342 415 2347 —-
435 2322 483 2363 44)
506 2325 626 2363 neglig]
640 2325 751 2363 negleg.
766 2324 804 2352 Μ.
826 2339 868 2346 —
889 2322 937 2360 45)
955 2322 1003 2351 In-

51 2365 156 2406 sulae]
169 2367 290 2404 sibula-5·
308 2367 339 2395 L.
362 2384 398 2389 —
421 2366 467 2406 46)
481 2368 656 2406 filamenta]
680 2377 736 2395 om.
753 2367 783 2396 L.
806 2382 846 2388 —
869 2365 919 2401 47)
942 2366 1003 2394 Ex-

1047 2305 1093 2346 54)
1117 2305 1366 2345 appellabantur]
1392 2315 1448 2334 om.
1465 2306 1495 2337 L.
1518 2321 1559 2326 —
1580 2304 1627 2342 55)
1651 2303 1847 2343 Epistylium]
1868 2299 1987 2338 Epi-⁹1⁴¹·

1047 2349 1124 2377 lium
1141 2349 1170 2378 L.
1184 2349 1215 2377 B.
1229 2348 1265 2379 Μ,
1283 2349 1339 2377 Gu.
1352 2350 1377 2380 1.
1393 2358 1439 2387 pr.
1463 2365 1504 2371 —
1528 2346 1574 2386 56)
1598 2348 1751 2380 Dareum]
1782 2344 1941 2372 Troianam
1955 2339 1983 2365 L.
