2263 2668
476 579 1068 636 PRAEFATIO
1138 577 1643 633 EDITORIS.

91 809 207 891 Qui
237 835 438 890 sequitur
459 833 804 886 Grammaticus,
835 848 925 875 11011
943 835 1180 888 Eutyches,
1212 842 1260 874 ut
1293 841 1355 873 est
1385 832 1506 887 apud
1530 832 1811 879 Putschiuln,
1844 831 1923 872 sed
1940 833 2031 871 Eu—

88 896 258 949 tychius
301 902 364 934 est
404 894 717 950 appellandus,
755 892 822 934 uti
860 893 1189 948 antiquissimus
1222 890 1375 934 Codex
1404 890 1635 931 Bobiensis
1673 905 1836 931 110111011
1873 890 2031 930 diserte.

88 954 304 1010 seriptum
344 953 535 993 exhibet.
593 953 691 993 Fuit
730 952 766 992 is
805 953 1067 1005 Eutyclu'us,
1114 950 1494 1006 quemadmodum
1531 949 1624 1005 ipse
1665 949 1717 989 de
1755 964 1800 990 se
1838 957 2030 999 testatur,

87 1011 306 1054 Prisciani
338 1011 592 1066 discipulus.
655 1010 728 1051 Sic
768 1010 884 1051 enim
920 1011 972 1051 de
1003 1011 1076 1051 illo
1110 1013 1225 1067 (pag.
1250 1010 1366 1054 2154
1399 1009 1465 1049 ed.
1496 1006 1581 1064 P.):
1621 1009 1690 1048 De
1721 1008 1868 1064 quibus
1900 1011 2032 1048 omni—

91 1072 167 1112 bus
206 1070 570 1110 terminationibus
602 1075 641 1110 et
679 1068 1010 1110 traductionibus
1051 1072 1153 1125 quia
1182 1065 1406 1110 Romanae
1444 1068 1583 1107 lumen
1608 1064 1867 1119 facundiae,
1916 1079 2030 1106 meus

90 1133 173 1170 imo
199 1132 426 1169 communis
458 1129 674 1168 hominum
700 1135 935 1182 praeceptor
959 1132 1002 1169 in
1023 1135 1173 1185 quarto
1203 1128 1253 1169 cle
1281 1131 1444 1169 nomine
1475 1139 1642 1166 summa
1673 1140 1765 1166 cum
1795 1125 2031 1165 subtilitate

88 1190 390 1242 copiosissime,
433 1185 749 1227 Grammaticus
780 1188 1050 1235 Priscianus,
1089 1187 1338 1228 disseruisse
1368 1189 1660 1241 cognoscitur,-
1699 1184 1788 1225 ideo
1820 1189 2030 1224 contentus

88 1249 190 1288 haec
225 1244 281 1285 acl
310 1244 593 1285 renovandam
623 1246 914 1287 tantummodo
952 1247 1182 1302 legentium
1211 1250 1458 1287 memoriam
1486 1247 1805 1298 perstrinxisse,
1848 1244 2030 1297 reliquae

86 1307 201 1359 parti
238 1306 529 1357 promissionis
561 1319 677 1345 meae
717 1302 970 1358 satisfacere
1008 1306 1178 1346 tentabo
1208 1314 1288 1346 cet.
1318 1330 1376 1336 —
1435 1303 1503 1345 Ex
1543 1304 1754 1355 Eutychis
1796 1300 2031 1342 cuiusdam

86 1364 200 1404 libro
234 1362 288 1403 de
321 1362 635 1420 orthographia
666 1363 887 1418 decerpsit
918 1364 1141 1419 quaedam
1173 1364 1227 1405 de
1257 1364 1524 1421 aspiratione
1551 1360 1838 1404 Cassiodorus
1866 1360 1919 1400 de
1946 1355 2032 1399 Or—

38 1422 43 1429 “
89 1422 231 1477 thogr.
273 1435 309 1461 0.
336 1420 435 1473 ΙΧ.,
479 1436 670 1476 quorum
707 1422 821 1463 nihil
859 1423 907 1464 in
944 1423 1013 1463 his
1054 1423 1214 1464 nostris
1254 1422 1414 1464 libellis
1445 1421 1614 1477 legitur.
1675 1420 1855 1460 Idemne
1887 1418 2030 1467 fuerit,
2069 1471 2072 1474 Α

86 1488 203 1522 certo
237 1479 326 1520 dici
356 1480 527 1535 nequit,
560 1481 639 1522 sed
668 1481 800 1522 fuisse
832 1482 1042 1523 credibile
1075 1490 1151 1523 est.
1214 1479 1364 1533 Quare
1395 1482 1578 1523 fortasse
1612 1479 1744 1519 etiam
1775 1477 1895 1534 apud
1925 1474 2032 1518 Cas-

87 1538 312 1580 siodorum
342 1539 645 1581 scribendum:
680 1541 887 1593 Eutyclu’i
916 1540 965 1581 cle
997 1544 1264 1595 aspiratione.

259 1596 349 1638 Hos
380 1597 513 1652 igitur
542 1597 749 1656 Eutychii
772 1599 943 1641 libellos
970 1614 1092 1641 1111110
1123 1600 1230 1641 item
1262 1614 1318 1640 ex
1351 1596 1654 1652 antiquissimo
1688 1593 1852 1638 Codice
1881 1591 2030 1634 Sancti

87 1653 355 1697 Columbani
383 1655 616 1698 Bobiensis
649 1658 905 1700 emendatos
938 1658 1115 1711 damus,
1148 1659 1224 1715 qui
1248 1656 1400 1700 Codex
1430 1656 1478 1697 in
1510 1654 1776 1696 bibliotheca
1800 1651 2031 1692 Vindobo-

84 1715 213 1754 nensi
241 1714 422 1772 publica
461 1725 719 1757 asservatur,
781 1717 927 1772 Atque
958 1718 1070 1758 haec
1106 1717 1285 1773 quidem
1322 1714 1450 1755 tertia
1484 1721 1548 1754 est
1580 1711 1867 1754 Grammatici
1897 1710 2030 1750 huius

87 1772 232 1814 editio.
269 1772 445 1814 Primus
467 1789 570 1816 eum
589 1775 789 1816 ediderat
805 1775 865 1817 Ιο.
884 1774 1179 1826 Camerarius,
1207 1774 1329 1815 cuius
1349 1773 1462 1813 liber
1480 1773 1602 1812 hunc
1622 1770 1800 1811 titulum
1822 1768 2030 1810 ostendit:

184 1828 454 1873 Continentur
492 1835 569 1874 hoc
607 1835 714 1875 libro
754 1838 912 1889 optima
950 1841 989 1876 et
1027 1835 1371 1889 praeclarissima
1411 1834 1586 1884 scripta,
1636 1828 1746 1885 quod
1786 1832 1879 1882 ipsa
1917 1827 2032 1868 scili-

85 1895 147 1929 cet
178 1890 399 1932 ostendent.
460 1894 595 1934 Marii
629 1892 828 1935 Victorini
856 1893 1139 1934 Grammatici
1169 1897 1209 1932 et
1238 1891 1436 1931 Rhetoris
1468 1889 1517 1929 cle
1549 1888 1856 1942 orthographia
1889 1892 1928 1926 et
1958 1900 2031 1926 ra-

85 1951 197 1988 tione
217 1953 450 1990 carminum
477 1952 579 1992 libri
598 1954 728 1993 IIII.
789 1953 930 1995 Servii
947 1953 1156 1993 Honorati
1186 1949 1236 1990 (le
1262 1948 1435 2003 pedibus
1459 1961 1655 1989 versuum
1678 1947 1865 1987 libellus.
1932 1947 1975 1986 E
1982 1960 2031 1984 u-

85 2007 252 2059 tychi,
292 2007 500 2051 auditoris
530 2012 769 2062 Prisciani,
809 2011 859 2051 cle
889 2009 1167 2050 discernendis
1198 2009 1416 2049 verborum
1446 2006 1829 2062 coniugationibus.
1891 2005 2029 2048 Servii

85 2067 220 2107 Marii
249 2067 457 2109 Honorati
489 2068 538 2110 cle
568 2071 839 2123 syllabarum
871 2072 1120 2124 quantitate.
1182 2066 1397 2118 Ouaeclam
1433 2080 1540 2108 nunc
1576 2069 1780 2120 primum,
1820 2063 2029 2121 quaedam

86 2137 224 2176 secus,
257 2138 384 2180 quam
406 2130 545 2180 prius,
578 2132 622 2169 in
653 2130 785 2169 lucem
817 2127 951 2178 edita,
983 2142 1076 2167 cum
1099 2126 1276 2167 assidua
1301 2140 1403 2166 cura
1427 2131 1467 2165 et
1494 2124 1633 2165 studio
1658 2123 1867 2179 diligenti.
1911 2121 2030 2174 Quod

86 2187 125 2223 si
155 2199 236 2223 non
266 2184 378 2223 male
404 2190 587 2238 positum
606 2184 753 2240 ficis-se
785 2186 1136 2236 intellexerimus,
1175 2184 1371 2226 dabimus
1405 2199 1591 2238 operam,
1623 2189 1671 2223 ut
1699 2188 1828 2224 etiam
1855 2183 2029 2237 posthac

87 2238 266 2295 officina
293 2248 440 2283 nostra
470 2249 594 2299 quasi
623 2246 871 2285 robustioris
903 2243 1169 2296 erutlitioniS,
1210 2259 1291 2285 non
1322 2245 1523 2298 uulgares
1547 2240 1698 2295 foetus
1728 2240 1930 2296 producat
1962 2246 2029 2280 at-

87 2314 163 2356 que
194 2300 302 2341 eclat.
362 2300 436 2341 Ab
470 2302 605 2345 Vlrico
636 2302 866 2343 ,Morliarclo
898 2303 1141 2357 Tubingae,
1179 2303 1266 2344 An.
1298 2305 1358 2344 M.
1390 2304 1450 2344 D.
1481 2299 1736 2344 XXXVII.
1796 2299 1915 2342 Pricl.
1948 2297 2027 2339 Ca—

87 2358 193 2400 lencl.
224 2359 429 2413 Septemb.
489 2360 625 2402 Liber
667 2369 730 2401 cst
760 2362 903 2402 forma
943 2363 1157 2416 quadrata
1186 2362 1349 2402 minori
1390 2374 1593 2402 excusus.
1653 2358 1781 2401 Hunc
1812 2359 1972 2399 librum
2004 2370 2025 2394 e

88 2417 357 2459 bibliotheca
393 2417 699 2461 Zuiccaviensi
737 2421 914 2478 accepi3
962 2434 1098 2476 quare
1138 2422 1285 2462 facere
1319 2434 1404 2462 non
1446 2433 1647 2477 possum,
1690 2418 1797 2473 quin
1827 2414 2023 2463 Hertelz'O,
