2263 2668
208 150 283 185 500
639 149 984 185 COMMENTARII
1009 149 1057 182 IN
1083 147 1226 182 PAULI
1251 149 1448 185 DIACONI
1473 151 1728 185 EXCERPTA

209 246 305 283 Satyr.
322 246 356 280 6,
380 245 440 280 (27.
452 243 543 279 sqq.):
565 240 643 269 Nam
662 250 693 271 ut
710 244 832 282 quisque
846 242 966 270 insanus
981 241 1072 280 nigris
1085 239 1210 269 medium
1227 241 1359 281 impediit
1375 255 1441 272 crus
1454 242 1599 279 Pellibus,
1623 251 1648 272 et
1663 242 1755 272 latum
1774 241 1886 271 demisit
1898 252 2014 283 pectore
2029 246 2154 283 clavum,

209 286 308 316 Audit
339 286 475 315 continuo
505 283 570 322 quis
599 283 685 313 homo
716 283 790 313 hic?
827 284 894 314 Vid.
917 283 1069 313 Plutarch.
1092 283 1122 311 in
1146 285 1244 313 Probl.
1267 285 1368 313 Titinii
1399 296 1518 314 carmen
1542 287 1718 315 mendosum
1743 290 1794 315 est.
1820 285 1906 314 Ant.
1929 287 2022 326 Aug.
2066 290 2155 319 Cato-

210 330 253 358 nis
276 328 365 357 verba
393 327 432 354 ita
461 325 597 362 legenda:
635 325 694 365 Qui
724 327 928 366 magistratum
955 324 1087 355 Curulem
1120 328 1253 366 cepisset,
1294 327 1408 356 calceos
1435 327 1574 364 mulleos,
1614 328 1669 358 alii
1696 328 1866 364 uncinatos,
1904 330 2009 358 caeteri
2028 342 2155 369 perones,

209 371 287 400 Haec
312 374 373 398 erat
396 367 586 405 antiquorum
610 367 749 399 εὐτέλεια.
795 369 969 406 Magistratu
992 368 1087 396 suncti
1110 369 1253 405 mulleos,
1288 370 1395 398 milites
1418 371 1622 409 fulmentatos,
1656 370 1764 399 caeteri
1788 371 1909 398 Romani
1933 381 2076 410 perones,
2107 375 2157 406 καὶ

210 411 455 451 ω’μοβυρσίνους,
478 410 648 448 sumebant3
674 411 711 440 de
734 412 851 440 uncinis
875 416 904 440 et
925 411 1018 439 clavis
1041 411 1214 440 militaribus
1239 413 1310 440 satis
1332 413 1363 440 in
1387 413 1601 444 Coniectaneis.
1648 414 1754 442 Versus
1777 413 1877 441 Titinii
1899 413 1938 442 ita
1960 414 2041 452 lego:

871 478 908 484 —
956 480 994 485 —
1038 478 1081 484 —
1124 463 1184 491 iam
1208 474 1273 492 cum
1295 462 1410 492 mulleis

873 505 913 533 Te
935 503 1103 542 ostendisti,
1126 516 1199 545 quos
1222 505 1347 534 tibiatim
1373 504 1496 536 calceos.

209 554 363 590 Tibiatim,
387 553 445 582 hoc
467 560 527 591 est,
551 555 589 584 ad
609 555 734 584 mediam
752 565 845 593 usque
864 555 984 592 tibiam3
1006 555 1046 584 ita
1065 561 1148 584 erant
1163 556 1260 584 omnia
1277 566 1309 584 ea
1325 566 1430 594 genera
1449 557 1716 585 calceamentorum
1728 581 1736 593 ‚
1761 557 1859 595 qualia
1876 558 2041 586 'furcarum
2057 557 2156 595 hodie,

209 597 305 625 medio
321 607 408 625 crure
431 602 525 627 tenus.
570 598 659 633 Quod
677 603 705 626 et
720 598 920 626 Tertullianus
940 598 1096 627 manifesto
1119 599 1249 627 ostendit
1264 599 1338 627 libro
1355 599 1391 627 de
1409 599 1517 627 Pallio:
1548 598 1667 638 Impuro
1685 600 1764 628 cruri
1776 612 1898 639 purum,
1921 607 1972 628 aut
1988 598 2158 629 mulleolum

209 638 321 668 inducit
338 638 477 668 calceum.
495 639 597 670 Scal.
625 641 725 669 Mullei
745 641 792 669 vel
810 641 912 669 mullei
931 641 1021 669 calcei
1040 641 1181 670 dicuntur
1198 652 1255 669 non
1272 641 1306 669 ab
1326 641 1449 680 antiquo
1466 642 1557 670 verbo
1575 640 1700 670 mullare
1715 653 1815 678 suere,
1840 648 1872 670 ut
1888 642 2004 681 putavit
2017 643 2156 681 Scaliger,

209 683 259 710 sed
278 692 292 709 a
311 682 409 710 colore
426 683 508 710 mulli
530 683 636 721 piscis,
660 694 725 711 nam
750 685 891 722 puniceos
912 683 1003 712 fuisse
1029 684 1076 712 vel
1098 695 1134 712 ex
1152 684 1244 712 Dione
1269 688 1381 712 certum
1406 689 1466 721 est,
1491 685 1542 723 qui
1564 685 1603 712 ait
1620 685 1773 713 Caesarem
1798 695 1883 713 usum
1906 683 2044 715 ὑποδέσει
2063 686 2157 715 ἐνίοτε

208 720 315 765 ὑψηλῇ
331 724 380 753 καὶ
397 723 515 763 ἒρύθρῳ
531 723 610 766 χρόῳ
626 723 698 756 κατὰ
717 724 786 762 τούς
800 726 936 765 βασιλέας
952 724 1020 761 τοὺς
1036 727 1066 757 ἐν
1082 729 1116 768 τῇ
1131 723 1222 768 Ἀλβῇ
1237 726 1300 756 τοτὲ
1317 727 1506 766 γενομένους.
1545 728 1655 765 Aperte
1670 728 1795 756 mulleos
1813 727 1953 756 describit
1969 737 2042 766 quos
2057 727 2091 755 ab
2108 728 2158 755 Al-

209 767 291 794 banis
308 767 426 804 regibus
442 767 477 794 ad
494 768 636 805 patricios
650 769 801 797 transiisse
820 769 896 797 idem
914 768 1012 797 docet.
1047 769 1120 798 Nam
1135 775 1230 797 stante
1246 769 1339 798 libera
1355 770 1507 808 republica
1522 769 1641 798 Patricii
1658 775 1683 798 et
1701 772 1854 798 Senatores
1867 771 1982 798 calceos
1997 771 2094 807 nigros
2110 779 2157 808 ge-

211 809 344 844 stabant,
369 819 405 836 ex
428 810 561 847 patriciis
585 817 682 840 autem
706 810 757 849 qui
780 812 983 849 Magistratum
1008 813 1140 841 curulem
1164 812 1325 851 cepissent,
1350 813 1491 849 mulleos,
1518 812 1576 840 hoc
1600 817 1659 849 est,
1681 813 1804 849 rubros,
1828 818 1857 840 at
1882 818 2039 851 postquam
2063 812 2158 851 impe-

210 856 321 879 ratores
345 850 401 879 sibi
425 852 495 880 solis
521 854 662 891 puniceos
685 854 751 882 illos
774 854 835 882 sive
861 854 984 882 mulleos
1008 855 1122 883 calceos
1145 855 1264 883 voluere
1289 857 1372 893 quasi
1396 855 1535 893 proprios
1560 855 1704 893 relinqui,
1734 854 1908 883 consulibus
1932 865 1989 883 non
2013 855 2157 893 purpurei

209 897 260 921 aut
282 893 400 931 punicei
424 899 457 922 ut
481 902 584 933 antea,
615 896 666 924 sed
690 897 786 924 aurati
808 902 879 925 sunt
901 897 1037 925 attributi
1061 902 1093 925 ut
1115 902 1230 926 constat
1254 908 1289 925 ex
1313 898 1500 926 Cassiodoro.
1544 898 1587 925 Ita
1610 898 1716 935 igitur,
1747 903 1780 926 ut
1803 899 1914 936 optime
1936 897 1973 926 ad
1997 897 2157 936 Vopiscum

209 936 384 973 Salmasius7
422 937 601 967 conciliandi
623 945 692 967 sunt
715 944 848 976 autores,
887 939 937 978 qui
961 940 1152 978 patriciorum
1177 940 1276 977 nigros
1299 940 1412 969 faciunt
1434 940 1548 968 calceos
1571 945 1600 969 et
1622 941 1671 978 qui
1694 941 1835 976 mulleos,
1871 950 1937 968 nam
1961 940 2156 979 patriciorum

210 989 312 1006 eorum
335 979 387 1016 qui
410 980 611 1018 magistratum
635 982 769 1010 curulem
794 982 956 1021 cepissent,
980 983 1136 1021 proprium
1159 988 1306 1019 gestamen
1331 988 1414 1011 erant
1435 983 1534 1011 mullei
1559 983 1667 1018 calcei,
1691 983 1877 1021 reliquorum
1900 983 1950 1021 qui
1975 983 2104 1010 nondum
2125 983 2157 1010 in

209 1021 279 1049 sella
303 1021 401 1049 curuli
426 1023 587 1060 sedissent,
623 1025 787 1062 vulgariter
810 1025 894 1063 nigri.
937 1025 972 1053 ld
1002 1026 1121 1053 omnino
1151 1026 1261 1054 evincit
1290 1026 1373 1054 locus
1397 1025 1518 1054 Catonis
1541 1026 1626 1054 cuius
1648 1026 1738 1054 verba
1762 1026 1805 1054 sic
1826 1026 1895 1062 legit
1918 1026 2061 1062 Scaliger:
2099 1023 2158 1063 Qui

208 1064 411 1103 magistratum
437 1064 562 1094 curulem
588 1068 726 1106 cepissent
749 1066 864 1096 calceos
887 1066 1023 1103 mulleos,
1060 1067 1115 1096 alii
1142 1068 1312 1103 uncinatos‚
1348 1069 1434 1097 ceteri
1460 1079 1590 1107 perones.
1635 1069 1746 1101 Porro..
1782 1068 1870 1096 docet
1897 1067 1973 1096 idem
1997 1068 2156 1096 Salmasius

210 1106 353 1134 Puniceos
378 1106 445 1134 illos
470 1109 531 1136 sive
554 1110 679 1137 mulleos
703 1110 817 1138 calceos
841 1109 1040 1148 'l'yrrhenicos
1064 1111 1148 1137 eliani
1173 1110 1269 1138 dictos
1293 1111 1374 1148 quod
1405 1121 1508 1140 eorum
1540 1111 1656 1139 facturn
1679 1111 1842 1139 Tuscanica
1872 1115 1961 1146 esset,
2000 1115 2034 1138 ut
2056 1109 2157 1147 Virgi-

210 1148 266 1176 lius
289 1148 460 1187 Tyrrhenos
485 1151 600 1179 calceos
625 1153 765 1181 Evandro
788 1153 850 1190 regi
872 1153 979 1181 tribuit
1002 1153 1143 1181 1ib.V111.
1168 1152 1282 1191 (458.);

764 1202 801 1232 Et
827 1203 976 1243 Tyrrhena
996 1202 1103 1242 pedum
1128 1203 1293 1232 circumdat
1316 1203 1435 1233 vincula
1455 1204 1578 1244 plantis.

209 1249 263 1277 Ubi
286 1250 421 1279 Servius:
463 1252 612 1290 Tyrrhena
633 1253 753 1283 vincula
781 1255 876 1282 Tusca
899 1252 1098 1282 calceamenta
1120 1261 1145 1282 et
1169 1253 1242 1283 dicit
1266 1253 1399 1295 crepidas
1422 1267 1495 1295 quas
1515 1256 1611 1294 primo
1632 1253 1757 1283 habuere
1779 1253 1948 1290 Senatores,
1976 1259 2043 1293 post
2066 1251 2158 1293 Equi·

208 1298 248 1319 tes
274 1291 420 1330 Romani,
456 1305 533 1323 nunc
560 1295 675 1324 milites.
719 1296 788 1326 Alii
811 1296 981 1325 senatorios
1008 1295 1122 1326 calceos
1149 1295 1250 1325 volunt
1278 1298 1347 1337 quia
1376 1297 1432 1326 lzoc
1455 1309 1545 1336 genus
1570 1295 1762 1326 calceamenti
1786 1308 1805 1324 α
1831 1297 1936 1325 Tuscis
1959 1303 2084 1325 sumtum
2107 1302 2158 1324 esi.

208 1333 265 1362 Sed
295 1335 343 1363 adi
375 1336 471 1373 ipsum
496 1337 670 1366 Salmasium
700 1340 736 1367 ad
762 1340 931 1378 Vopiscum.
977 1339 1012 1367 Iu
1039 1339 1140 1367 verbis
1164 1339 1282 1368 Catonis
1312 1350 1367 1378 pro
1390 1338 1571 1368 allucinatos
1593 1339 1720 1367 Turneb.
1742 1337 1959 1374 alutacinatos,
1995 1348 2098 1376 nempe
2121 1337 2157 1365 ab

209 1375 311 1414 aluta5
349 1378 398 1405 alii
426 1377 569 1417 elaturos,
600 1382 648 1410 vel
672 1379 832 1411 lunulatos.
876 1382 1004 1409 Perones
1033 1382 1124 1410 calcei
1147 1383 1202 1410 toti
1227 1393 1262 1410 ex
1286 1382 1428 1421 pellibus,
1461 1392 1497 1409 ex
1521 1382 1603 1409 corio
1628 1381 1738 1415 crudo3
1772 1381 1875 1410 isidor.
1898 1382 1929 1408 in
1950 1381 2053 1417 gloss:
2084 1379 2156 1409 Pero

213 1418 407 1448 calciamenta
434 1420 541 1459 pilosa.
574 1423 661 1453 Dae.
709 1423 820 1462 Quibus
849 1435 925 1462 reges
947 1423 1137 1453 Albanorum
1165 1425 1262 1464 primi.
1307 1425 1423 1460 Quibus
1450 1434 1521 1452 vero
1551 1424 1742 1462 imperatores
1766 1423 1890 1451 Romani
1916 1422 2076 1460 aliquando
2099 1421 2155 1450 usi.

210 1461 358 1498 Campagii
384 1463 499 1492 Novell.
519 1468 589 1497 126.
626 1464 828 1497 Allucinatos.
867 1466 925 1494 Alii
948 1465 1163 1502 alutocinatos,
1187 1467 1235 1494 alii
1259 1465 1391 1502 lunatos,
1415 1467 1465 1495 alii
1489 1465 1626 1495 alutatos.
1663 1466 1828 1494 Iuvenalis:
1855 1465 2034 1504 Appositam
2058 1465 2157 1504 nigrae

209 1501 326 1531 Lunam
348 1504 479 1534 subtexit
502 1506 608 1538 alutae.
655 1508 712 1536 Alii
734 1510 888 1538 uncinatos
911 1519 945 1536 eo
969 1519 1071 1537 sensu:
1103 1509 1276 1547 magistratu
1300 1510 1411 1546 functi,
1437 1509 1575 1537 mulleos:
1601 1509 1706 1536 milites
1729 1509 1935 1537 fulmentatos:
1965 1507 2073 1536 caeteri
2096 1508 2156 1535 Ro-

210 1546 286 1573 mani
312 1546 445 1576 perones.
474 1547 605 1580 Perones.
637 1550 675 1579 Iis
698 1551 858 1579 utebantur
881 1561 934 1589 per
957 1552 1039 1579 nives
1062 1557 1090 1579 et
1113 1552 1244 1588 glaciem.
1273 1552 1403 1581 Juvenal.
1428 1552 1525 1588 Satyr.
1544 1551 1592 1582 14.
1617 1551 1718 1580 Sidon.
1739 1551 1870 1589 Apolliu.
1890 1551 1964 1589 Epp.
1979 1550 2026 1579 IV.
2053 1548 2156 1579 Goth.

213 1586 346 1618 Tibialis.
382 1589 427 1617 lta
451 1596 534 1620 erant
555 1602 662 1630 genera
686 1594 786 1622 omnia
810 1594 1097 1629 calceamentorum,
1128 1595 1228 1632 qualia
1251 1594 1416 1623 Turcarum
1439 1593 1538 1622 hodie.
1582 1590 1695 1623 Idem.

370 1638 644 1681 Multifariam.
691 1644 873 1673 Graecorum
896 1644 1058 1672 imitatione
1080 1642 1281 1681 πολυφάτως,
1312 1643 1462 1682 (Samnitum,
1492 1640 1661 1682 τριφᾶτως,
1689 1642 1899 1679 multifariam,
1923 1642 2078 1677 difariam,
2101 1641 2157 1670 2¹4·

210 1681 320 1711 fariam.
367 1682 476 1711 Varro:
517 1684 705 1725 Totfariam:
735 1688 766 1715 in
789 1687 945 1728 toffariam
969 1685 1060 1723 locis,-
1095 1697 1110 1714 a
1134 1686 1243 1715 multus
1265 1687 1387 1728 etfari-
1419 1685 1521 1716 Scal.
1567 1687 1678 1716 Gloss.:
1722 1683 1943 1724 Πολυτρόπως,
1975 1687 2158 1722 πολυμερῶς-

211 1722 319 1751 Eadem
344 1725 438 1752 forma
470 1725 638 1767 Totfariam
662 1739 678 1755 a
703 1728 835 1758 Varrone
857 1729 983 1765 dicitur,
1015 1734 1044 1757 et
1068 1729 1183 1759 Gloss.:
1214 1729 1384 1771 Difariam,
1416 1732 1512 1768 διχῶς.
1552 1728 1735 1769 Trifariam,
1765 1730 1879 1766 τριχῶς.
1920 1726 2158 1767 Quadriffln'flm’

209 1769 368 1804 τετραχῶς,
394 1772 572 1806 τετραπλαῐς.
611 1769 815 1811 Septifariam.
854 1772 928 1800 Vide
952 1772 1081 1800 Nonium
1104 1772 1150 1811 (p.
1167 1773 1237 1803 141.
1261 1777 1289 1800 et
1314 1783 1342 1811 p.
1358 1775 1428 1804 170.
1452 1772 1503 1800 ubi
1529 1781 1609 1799 nunc
1632 1771 1741 1809 legitur
1760 1768 2020 1811 septemfariam.).
2053 1767 2160 1798 Goth.

212 1806 318 1877 &ocpzm
342 1809 390 1837 ubi
415 1810 507 1839 Varro
532 1812 644 1841 dixerit
669 1813 857 1855 Totf'ariam‚
894 1825 954 1843 non
978 1814 1105 1853 reperio.
1148 1813 1393 1855 Aliquotf'ariam
1416 1815 1447 1843 in
1471 1814 1590 1843 Catonis
1613 1814 1777 1851 fragmento
1799 1813 1906 1851 legitur
1928 1812 2009 1851 apud
2033 1811 2158 1841 Varron.

234 1859 248 1876 e
296 1872 303 1879 .
324 1851 356 1879 R.
374 1852 402 1885 Ι,
426 1855 456 1883 2.

372 1893 576 1925 Mulciber.
613 1897 717 1926 Melius
740 1897 854 1927 obtuitu
876 1899 906 1927 in
930 1909 1020 1927 versu
1043 1899 1174 1927 Pacuvii.
1199 1898 1301 1928 Scal.
1333 1897 1484 1928 Il1ulciber
1506 1909 1522 1926 a
1543 1896 1699 1927 mulcendo
1711 1897 1817 1938 ferro,
1838 1897 1900 1925 imo
1921 1897 2021 1935 potius
2044 1907 2061 1925 a
2084 1894 2158 1924 mul-

216 1930 305 1979 cen'do
326 1937 454 1973 tantum,
478 1943 511 1965 ut
533 1949 548 1965 a
573 1950 691 1976 craceo,
715 1940 833 1979 craber3
856 1953 872 1970 a
892 1949 1002 1979 tumeo,
1026 1941 1123 1980 tuber-,-
1147 1942 1190 1971 sic
1206 1953 1221 1970 a
1238 1940 1368 1979 mulceo,
1392 1940 1541 1972 mulciber.
1573 1941 1686 1970 Gloss.:
1710 1938 1876 1976 Mulciber,
1899 1937 2064 1978 ἥφαιστος,
2087 1935 2158 1977 ἄφι-

213 1983 320 2010 γυηεις.
343 1975 428 2005 Dae.
463 1978 641 2010 Molliemlo.
689 1981 793 2012 Goth.

372 2017 532 2051 Maniae.
575 2024 640 2052 Non
663 2025 759 2053 solum
782 2026 1025 2056 terriculamenta
1048 2027 1223 2063 infantium,
1247 2027 1298 2056 sed
1323 2031 1351 2055 et
1373 2025 1545 2054 lactentium
1570 2025 1642 2054 deos
1665 2024 1815 2063 praesides
1837 2024 1878 2053 ita
1902 2023 2061 2053 vocabant.
2101 2021 2159 2050 lta·

213 2064 270 2091 que
299 2059 328 2082 et
350 2055 441 2105 Varro
473 2063 569 2099 (apud
593 2067 667 2095 Non.
690 2078 756 2106 pag.
775 2071 843 2100 167.
870 2070 993 2106 Merc.):
1035 2068 1178 2099 cuninam
1208 2074 1236 2098 et
1258 2068 1422 2098 Ruminam
1452 2068 1531 2097 inter
1554 2068 1670 2097 Manios
1693 2072 1809 2104 censet,
1847 2067 1932 2095 cuius
1954 2066 2030 2094 haec
2050 2064 2158 2094 verba:

215 2095 287 2125 GMO
311 2095 346 2125 de
373 2096 469 2127 [theris
497 2103 669 2137 educandis:
707 2109 800 2139 Hisce
823 2111 988 2140 Maniabus
1017 2110 1094 2140 lacte
1111 2113 1154 2151 fit
1177 2124 1235 2142 non
1256 2113 1341 2140 vino:
1379 2110 1509 2140 cuninae
1528 2118 1648 2150 propter
1670 2121 1778 2147 cunas3
1811 2111 1943 2138 ruminae
1962 2115 2081 2148 propter
2102 2119 2158 2136 ru-

211 2149 289 2186 ”Jam
313 2144 368 2169 ‘³¹0-
406 2140 481 2188 Male
504 2148 578 2190 apud
602 2150 727 2180 Nonium
751 2153 895 2182 manibus.
921 2153 1020 2183 Scal.
1057 2153 1201 2192 Maniae,
1223 2155 1336 2193 figurae
1359 2153 1505 2192 quaedam
1529 2163 1565 2181 ex
1589 2153 1683 2181 farina
1708 2164 1723 2181 a
1745 2152 1912 2181 nutricibus
1935 2151 2022 2179 fictae
2044 2154 2077 2179 ut
2098 2154 2158 2178 ter-

211 2181 403 2231 riculamenta
432 2184 593 2232 infantibus
619 2192 792 2230 obiicerem,
829 2197 947 2225 maniae
977 2197 1075 2225 dictae
1098 2208 1112 2225 a
1136 2198 1238 2226 mania
1263 2198 1390 2226 Deorum
1421 2197 1553 2225 manium
1581 2200 1674 2224 matre
1697 2195 1746 2224 vel
1769 2196 1843 2226 avia.
1890 2194 2012 2222 Glossae
2034 2192 2157 2221 Isidori:

211 2222 338 2252 M‘lmsse
355 2224 556 2274 formulmujn
582 2230 729 2269 imagines.
771 2238 862 2266 Erant
885 2244 914 2267 et
936 2239 1052 2268 Maniae
1076 2239 1152 2268 Deae
1181 2240 1355 2269 lactentium
1378 2239 1539 2278 praesides.
1583 2237 1714 2267 Cuninae
1732 2245 1852 2277 propter
1874 2247 1986 2274 cunas,-
2011 2234 2159 2264 Ruminae

208 2272 326 2304 pr⁰P¹2r
353 2277 482 2304 rumam,
520 2267 552 2295 ld
579 2278 619 2298 est
644 2275 742 2309 pris-co
770 2280 912 2309 vocabulo
942 2292 1110 2312 mammam.
1158 2282 1248 2318 Quod
1272 2283 1347 2311 infra
1373 2282 1498 2320 legitur:
1536 2279 1574 2309 Id
1596 2287 1636 2309 est
1658 2291 1757 2308 manes·
1779 2290 1867 2320 quos,
1905 2278 1996 2317 paulo
2019 2277 2106 2306 aliter
2126 2275 2155 2303 in

211 2306 326 2337 sebai-²
362 2307 401 2336 Id
428 2317 469 2359 (δι’
497 2321 595 2338 ’ΜΝ-’3
617 2312 693 2341 D‘OS
716 2315 861 2357 Demque,
900 2324 951 2361 qui
972 2331 1023 2351 aut
1047 2323 1085 2352 ab
1108 2323 1212 2365 inferis
1235 2323 1276 2352 ad
1298 2335 1417 2364 superos
1439 2331 1579 2359 manant5
1615 2330 1667 2351 aut
1689 2323 1789 2351 mania
1810 2329 1851 2351 est
1873 2332 1970 2350 eorum
1994 2321 2063 2349 avia
2084 2327 2155 2346 ma-

209 2356 306 2386 terna,
327 2358 392 2379 sunt
414 2362 488 2380 emm
511 2357 565 2381 etc.
613 2353 697 2383 Dae.

370 2391 516 2424 Mutire.
564 2395 636 2425 Vide
668 2397 697 2425 in
726 2399 913 2431 coniectaneo
943 2406 1030 2434 tertio
1061 2406 1144 2445 (pag.
1160 2409 1229 2439 154.
1254 2408 1386 2448 steph).
1428 2407 1541 2438 Mutire
1571 2412 1615 2437 est
1639 2417 1676 2436 ne
1697 2416 1748 2435 mu
1770 2406 1891 2444 quidem
1913 2402 2023 2432 audere
2046 2400 2151 2435 facere,
