2263 2668
819 98 911 134 ARS
945 95 1285 131 GRAMMATICA.
1946 108 2020 143 283

77 196 230 242 quando;
257 199 314 230 aut
336 195 557 240 compositae,
582 199 619 228 ut
639 193 951 238 quoniamquidem,
978 190 1260 234 quandoquidem.
1314 189 1410 225 Ordo
1435 193 1702 228 coniunctionum
1724 200 1790 239 est,
1817 209 1885 241 quo
1909 212 2018 247 appa-

72 253 134 289 ret,
159 249 303 292 quaein
329 248 499 291 loquendo
534 248 698 292 praeponi
725 247 886 284 debeant,
921 248 953 277 et
983 254 1069 286 quae
1102 243 1275 287 subiungi,
1309 254 1395 286 quae
1427 247 1592 289 praeponi
1631 252 1664 280 et
1692 248 1856 293 subiungi.
1908 253 2015 297 Igitur

73 305 339 344 praeponuntur:
367 310 572 342 quanquam,
598 294 790 341 quamvisffl.
814 296 1081 339 subiunguntur:
1116 294 1221 334 enim,
1256 299 1384 332 autem,
1420 298 1622 339 praesertim.
1675 299 1828 343 Denique
1855 307 1888 335 et
1913 316 2013 348 prae-

72 355 241 395 ponuntur
267 356 299 383 et
325 345 614 395 subinnguntur²⁰z
643 350 818 392 quoniam,
845 352 1012 391 quatenus.
1065 346 1214 378 Potestas
1241 346 1508 379 coniunctionum
1535 349 1566 380 in
1597 350 1740 393 quinque
1769 354 1895 395 species
1925 355 2012 388 divi-

73 398 201 434 ditur-²¹.
253 402 337 434 Sunt
363 403 450 435 enim
474 401 698 444 copulativae,
726 400 953 438 disiunctivae,
978 397 1181 441 expletivae,
1209 398 1372 437 causales,
1400 397 1615 435 rationalesffl.
1669 401 1888 446 Copulativae
1921 412 2011 441 sunt:

72 464 157 497 que,
185 457 302 496 atque,
330 458 378 494 et,
404 464 461 494 ac,
489 457 554 493 ast,
585 457 626 483 at.
663 451 897 484 Disiunctivae:
925 453 996 490 aut,
1033 460 1090 490 ve,
1128 448 1199 490 vel,
1235 444 1318 489 ne23,
1345 460 1423 489 nec,
1455 462 1571 494 neque.
1623 452 1693 485 Sed
1719 450 1775 486 si²³
1803 455 2012 502 disiungendi

72 505 138 537 vim
165 504 308 544 habent,
340 515 407 546 quo
434 503 538 536 modo
571 507 662 536 recte
690 502 933 535 coniunctiones
963 499 1029 532 dici
1063 500 1225 545 possunt?
1258 499 1460 545 Disiungunt
1496 503 1632 545 quidem
1667 516 1795 538 sensum
1821 509 2009 551 verborum,

74 559 240 589 caeterum
266 555 366 587 verba
390 555 568 598 copulant,
598 551 729 587 velnti²⁵
756 566 830 587 cum
858 553 1013 586 dicimus:
1042 555 1102 584 aut
1129 551 1210 592 hoc,
1232 555 1293 584 aut
1317 552 1424 590 illad;
1447 553 1517 587 sive
1539 555 1613 596 hoc,
1640 556 1712 589 sive
1738 557 1843 599 illud,
1872 565 1904 592 et
1931 571 2009 594 cae-

72 612 151 640 tera.
202 606 399 650 Expletivae
424 611 513 638 sunt:
541 606 694 648 quidem,
721 605 895 648 equidem,
928 608 1055 644 tamen,
1090 614 1211 646 porro,
1246 600 1398 646 saltimffi,
1427 615 1575 648 prorsus,
1601 607 1774 648 duntaxat,
1810 615 1842 641 et
1869 616 2009 647 caetera.

72 657 228 690 Causales
250 662 336 689 sunt:
364 658 406 699 si,
434 658 511 697 etsi,
539 657 682 698 etiamsi,
707 657 762 689 sin.
815 655 1006 689 Rationales
1027 659 1116 687 sunt:
1150 655 1209 694 ita,
1244 654 1373 698 itaque,
1404 656 1518 699 proin,
1545 659 1702 700 proinde,
1731 659 1889 703 denique3
1924 675 2010 706 quae

71 709 179 753 magis
205 708 364 741 adverbia
389 709 471 741 mihi
496 708 648 742 videntur
675 720 761 748 esse,
793 712 926 752 praeter
959 706 1031 738 illas
1053 706 1318 749 coniunctiones,
1346 718 1430 749 quae
1463 714 1598 742 accentu
1625 710 1851 744 discernuntur
1877 713 1919 745 ab
1947 715 2009 747 ad-

70 759 205 793 verbiis:
231 771 460 803 nequaquam,
487 772 665 804 nusquam,
692 760 859 802 quamvis,
893 757 1180 802 quandoquidem,
1215 758 1414 800 quinetiam,
1441 759 1507 800 sin,
1535 771 1607 802 seu,
1641 762 1723 803 sive,
1750 774 1912 806 namque,
1938 766 2009 806 nisi,

70 811 174 855 nisisi,
201 808 379 855 setenim²⁷,
414 818 610 856 propterea,
643 812 784 852 interea,
823 815 999 854 quatenus,
1034 810 1271 852 quamobrem,
1307 821 1401 850 sane,
1436 816 1542 850 certe,
1577 824 1670 846 nunc.
1724 814 1885 856 Quande,
1911 813 2010 849 non28

69 862 177 907 magis
205 863 400 896 adverbium
427 864 586 907 temporis
616 863 747 896 videtur
782 874 867 900 esse3
901 873 976 896 cum
1007 866 1105 894 acuto
1140 866 1279 894 accentu
1315 861 1468 904 effertur,
1501 863 1692 897 adverbium
1720 862 1800 899 est²⁹
1833 868 2009 912 temporis:

70 925 146 948 cum
173 919 283 947 autem
310 915 422 959 gravi,
448 916 637 949 coniunctio
665 914 820 952 causalis;
846 914 1011 958 significat
1038 914 1126 946 enim
1151 913 1229 956 quia
1255 913 1309 946 vel
1335 914 1507 956 quoniam,
1535 919 1586 948 ut:

302 982 454 1029 Quando
481 983 571 1016 haec
597 986 631 1015 te
657 994 745 1016 cura
770 977 989 1016 remordet³⁰.

69 1048 153 1082 Sunt
178 1061 293 1082 revera
320 1052 501 1093 quaedam,
526 1051 568 1083 de
595 1052 714 1093 quibus
739 1051 864 1096 ambigi
890 1053 1017 1095 potest3
1042 1049 1131 1083 unde
1156 1049 1274 1083 merito
1301 1049 1438 1094 quidam
1469 1050 1625 1085 adverbia
1652 1052 1856 1087 coniunctiva
1885 1053 2009 1097 dicunt,

69 1101 123 1134 vel
150 1101 392 1136 coniunctiones
419 1102 640 1136 adverbiales.

808 1220 872 1253 De
913 1220 1274 1265 Praepositione.

265 1294 324 1328 24.
385 1297 590 1341 Praepositio
629 1301 677 1330 est
710 1308 786 1341 pars
821 1297 995 1340 orationis,
1034 1309 1120 1340 quae
1158 1297 1349 1342 praeposita
1391 1297 1461 1330 aliis
1502 1297 1652 1342 partibus
1691 1297 1814 1330 oratio-
1865 1295 2008 1344 [1953]

66 1345 114 1378 nis
155 1346 430 1391 significationem
466 1360 578 1381 earum
613 1354 668 1382 aut
704 1348 860 1387 inmutat,
898 1353 953 1381 aut
985 1349 1101 1382 minuit
1113 1345 1149 1390 ³¹,
1189 1354 1244 1382 aut
1277 1353 1396 1394 auget,
1435 1354 1471 1382 ut
1502 1349 1671 1389 describo,
1704 1349 1911 1394 praescribo,
1953 1362 2008 1383 re-

66 1397 191 1441 scribo,
232 1399 345 1441 facio,
397 1400 538 1434 sufficio.
603 1400 700 1434 Aliae
742 1412 820 1433 vero
835 1397 860 1418 3²
882 1400 1002 1433 harum
1024 1406 1276 1445 praeponuntur
1303 1401 1449 1443 casibus,
1477 1401 1560 1434 aliae
1592 1402 1717 1442 verbis,
1752 1400 1916 1444 quaedam
1949 1412 2008 1435 ca·

65 1448 153 1482 sibus
202 1454 234 1483 et.
282 1451 399 1486 verbis.
484 1452 610 1485 Verum
670 1463 710 1485 ex
769 1452 821 1484 his
874 1464 961 1495 quae
1024 1453 1152 1486 casibus
1210 1453 1476 1497 coniunguntur,
1540 1453 1624 1485 aliae
1682 1453 1900 1486 accusativum
1952 1465 2008 1486 re—

66 1505 167 1545 gunt,
201 1502 287 1536 aliae
325 1503 523 1546 ablativum,
564 1504 648 1537 aliae
679 1504 713 1536 in
745 1508 887 1547 utroque
920 1515 1112 1538 communes
1144 1509 1227 1538 sunt.
1279 1505 1484 1538 Accusativis
1517 1504 1757 1548 adiunguntur:
1791 1515 1869 1548 per,
1903 1504 2007 1549 apud,

67 1639 95 1663 et
113 1635 236 1667 Putsch.
260 1636 303 1665 ita
323 1637 434 1677 scripta
456 1642 542 1674 sunt,
573 1642 713 1676 tanquam
737 1648 798 1666 non
822 1638 860 1667 ad
883 1638 1012 1667 Terentii

64 1677 181 1715 locum,
213 1679 264 1707 sed
302 1680 340 1708 ad
374 1685 564 1720 praeceptum
594 1680 786 1709 Grammatici
816 1682 1011 1720 pertinerent.

66 1719 157 1755 Quod
176 1720 235 1749 iam
259 1723 388 1751 correxit
408 1724 530 1762 antiqua
550 1733 655 1752 manus
673 1724 704 1751 in
730 1724 861 1762 margine
884 1725 932 1754 Pe.
949 1724 1011 1752 Ac-

67 1762 147 1791 cedit
165 1763 234 1792 Cod.
259 1765 312 1793 Go.
336 1765 385 1793 ubi
403 1770 460 1794 est:
484 1768 516 1794 in
537 1766 661 1804 eclssi't‘a:
685 1766 733 1795 Ita
756 1777 832 1795 corr.
855 1767 948 1795 Locus
968 1771 1012 1794 est

65 1804 156 1843 Hecy.
177 1806 227 1843 IV,
249 1810 277 1844 1,
302 1810 330 1839 3.
353 1808 443 1847 Apud
466 1809 635 1837 Lucretium
663 1809 813 1837 Desubito
843 1809 951 1847 legitur
975 1809 1009 1845 11,

65 1849 137 1879 265.
155 1847 207 1885 III,
226 1851 298 1881 643.
324 1867 360 1872 —
386 1849 431 1892 18)
440 1851 725 1890 Potestas,1⁴¹igura,
740 1851 821 1881 Ordo
835 1851 892 1879 hoc
906 1851 1010 1880 ordine

66 1889 115 1917 Pe.
133 1889 251 1920 Putsch.
276 1908 314 1913 —
338 1893 385 1930 19)
412 1895 522 1932 Quam,
548 1896 689 1933 quamvis
708 1895 754 1922 Pe.
773 1894 892 1928 Putsch.
909 1893 1010 1932 Quam

66 1931 148 1960 deest
168 1931 198 1960 in
220 1933 273 1963 Go,
294 1934 422 1972 Antiqua
445 1947 549 1965 manus
568 1938 599 1965 in
623 1937 753 1974 margine
774 1937 823 1966 Pe.
845 1941 925 1965 recte
941 1946 1010 1963 cor-

65 1973 176 2002 rexisse
199 1975 317 2005 videtur
339 1988 533 2016 quanquam,
566 1980 646 2018 quod
676 1979 753 2007 dedi.
783 1979 875 2006 Addit
906 1979 959 2006 Go.
984 1982 1010 2004 et

66 2022 172 2047 cetera.
189 2033 230 2038 —
259 2021 306 2055 ΞΟ)
335 2021 473 2059 Denique
486 2021 717 2060 subiunguntur
735 2026 761 2048 et
777 2024 1011 2059 praeponuntur

64 2059 114 2088 Pe.
136 2058 254 2088 Putsch.
277 2060 365 2090 Recte
390 2063 444 2092 Go.
471 2069 504 2091 et
523 2075 628 2102 prael).
652 2070 676 2091 et
695 2064 758 2091 Ιςιιῖ).
778 2079 819 2085 —-
845 2061 890 2099 21)
915 2063 1010 2090 Divi-

67 2101 154 2129 ditur
173 2103 205 2130 in
227 2103 359 2142 quinque
380 2107 490 2143 species
505 2106 551 2136 Pe.
575 2106 695 2134 Putsch.
728 2121 769 2128 --
791 2104 835 2142 22)
860 2105 1010 2131 Rationa-

65 2144 124 2183 leS,
156 2144 301 2173 Gamales
321 2146 367 2174 Pe.
387 2147 506 2176 Putsch.
536 2148 681 2177 Causale-s·
703 2153 729 2175 et
758 2146 923 2174 rationales
956 2146 1010 2174 Go-

65 2202 107 2208 -
129 2189 173 2224 23)
202 2187 270 2222 Ne,
290 2188 351 2224 vel,
374 2200 410 2217 ne
436 2190 482 2218 Pe.
505 2190 626 2220 Putsch.
653 2206 695 2212 --
715 2188 760 2227 24)
785 2190 818 2216 Sa·
850 2188 949 2216 addidi
975 2189 1011 2216 de

67 2229 254 2264 coniectura,
288 2230 460 2269 absorptum
489 2231 569 2260 haud
593 2233 681 2261 dubie
702 2242 717 2259 a
736 2231 930 2270 praecedente
950 2230 1010 2258 secl.

65 2287 107 2293 -
136 2270 181 2310 25)
219 2272 261 2299 Ut
287 2284 355 2301 cum
377 2273 510 2301 ‹licium-5*
534 2275 581 2302 Pe.
604 2273 718 2303 Putsch.
758 2289 799 2293 —
830 2275 877 2310 26)
902 2274 1012 2301 Saltim

65 2314 174 2353 scripsi
196 2323 232 2343 ex
251 2314 306 2346 Go.
337 2332 372 2337 —
405 2315 454 2356 27)
476 2317 602 2344 Selenim
625 2316 693 2345 dedi
709 2325 776 2344 cum
800 2316 853 2346 Go.
874 2315 1011 2344 Sedenim

1055 1639 1105 1670 Pe.
1134 1639 1254 1668 Putsch.
1283 1655 1324 1660 —
1353 1636 1398 1676 28)
1425 1635 1571 1675 Quande,
1601 1643 1674 1665 tunc
1699 1640 1800 1677 magis
1826 1637 1896 1668 adv.
1925 1645 1945 1667 t.
1974 1651 2002 1669 ι’.

1055 1692 1130 1718 esse,
1155 1680 1276 1720 quando
1302 1686 1390 1708 acuto
1416 1680 1460 1708 Pe.
1483 1679 1605 1709 Putsch.
1626 1681 1697 1708 Non
1717 1681 1824 1709 diserte
1850 1682 1922 1710 Cod.
1944 1682 2000 1713 Go.

1054 1724 1111 1752 Pro
1138 1735 1206 1751 cum
1230 1725 1261 1751 in
1288 1723 1356 1751 Cod.
1382 1722 1436 1750 G0.
1460 1721 1581 1759 quando
1604 1722 1691 1750 initio
1719 1723 1837 1761 quidem
1857 1723 2001 1761 scriptum

1054 1766 1128 1803 suit,
1152 1766 1201 1794 sed
1216 1765 1316 1793 eadem
1331 1774 1435 1792 manus
1449 1769 1528 1792 recte
1543 1764 1710 1793 emendavit
1727 1775 1806 1800 cum,
1826 1765 1905 1803 quod
1920 1766 1999 1796 dedi.

1054 1826 1093 1830 -
1116 1808 1164 1845 29)
1186 1807 1374 1836 Adverhium
1394 1812 1437 1834 est
1465 1808 1542 1834 enim
1562 1807 1608 1836 Pe.
1636 1806 1754 1838 Putsch.
1776 1808 1834 1835 Sed
1856 1809 1933 1836 enim
1955 1819 2001 1838 re-

1053 1856 1098 1879 cte
1114 1850 1194 1877 deest
1214 1850 1245 1878 in
1268 1850 1323 1878 Go.
1340 1849 1390 1877 Est
1403 1849 1480 1877 enirn
1494 1849 1633 1887 apodosis
1651 1849 1687 1877 ad
1705 1850 1840 1889 superius
1862 1862 1938 1880 cum.
1958 1867 2000 1873 —

1052 1892 1097 1930 30)
1127 1892 1205 1929 Virg.
1223 1892 1296 1921 Aen.
1321 1891 1343 1928 I,
1367 1893 1437 1923 265.
1467 1894 1503 1920 Te
1525 1891 1599 1919 haee
1620 1902 1643 1920 ο.
1662 1892 1709 1920 Pe.
1734 1909 1777 1915 --
1798 1893 1846 1930 31)
1871 1894 2001 1932 Signi-'sl'-

1053 1935 1199 1962 canonem
1220 1945 1323 1962 earum
1341 1939 1395 1961 αῑιι
1414 1935 1526 1962 minuit
1548 1939 1604 1962 aut
1629 1940 1729 1972 auget.
1750 1935 1791 1963 Ita
1810 1935 1854 1963 Pe.
1877 1936 1998 1966 Putsch.

1053 1977 1109 2004 Sed
1134 1976 1205 2004 cod.
1238 1978 1290 2005 Go.
1321 1978 1400 2015 sign.
1426 1978 1491 2004 eius
1512 1978 1644 2005 inmutat
1672 1983 1728 2005 aab
1749 1984 1855 2016 auget,
1886 1979 1999 2007 omissis

1053 2024 1108 2046 aut
1130 2020 1248 2048 minuit.
1276 2020 1371 2047 Locus
1393 2029 1429 2048 ex
1453 2020 1567 2048 Donato
1590 2020 1791 2048 emendandus
1807 2021 1874 2057 fuit,
1897 2021 1998 2059 11,16,

1054 2064 1083 2092 1.
1100 2061 1150 2089 ubi
1172 2066 1234 2091 est:
1258 2061 1446 2100 Praeposilio
1468 2067 1511 2089 est
1526 2073 1604 2101 pars
1627 2064 1789 2099 orationis,
1814 2074 1889 2102 quae
1905 2075 2000 2102 prae-—

1047 2105 1153 2142 posita
1181 2104 1253 2132 aliis
1274 2105 1419 2143 partibus
1441 2107 1589 2133 orationis
1613 2107 1864 2143 Sl‘glztficationem
1897 2117 2001 2134 earum

1054 2152 1110 2173 (cut
1137 2152 1248 2184 mutat,
1278 2153 1333 2175 aut
1356 2148 1480 2186 complet
1505 2154 1559 2176 aut
1584 2149 1703 2176 minuit.
1732 2164 1773 2169 —
1800 2149 1847 2186 3⁶2)
1869 2149 2002 2187 Aliquae·

1053 2200 1121 2216 vero
1149 2190 1201 2218 (ἆυ.
1226 2190 1274 2219 Pe.
1302 2190 1420 2220 Putsch.
1442 2190 1533 2218 Aliae
1565 2191 1600 2219 de
1632 2201 1695 2219 mea
1725 2191 1894 2220 coniectura
1924 2191 1999 2219 dedi.

1054 2231 1158 2261 Statim
1178 2236 1262 2262 antea
1275 2238 1344 2272 post
1359 2233 1481 2272 sufficio
1503 2233 1534 2262 in
1558 2233 1629 2263 eod.
1657 2234 1711 2262 Go.
1730 2233 1865 2264 additur:
1888 2235 1928 2263 Et
1952 2244 1998 2261 cc—

1055 2279 1127 2303 tera.

1467 2362 1569 2394 Nn*
