2263 2668
227 150 300 185 138

695 149 839 185 PROBI
864 148 1253 184 INSTITUTIONUM
1280 150 1718 184 GRAMMATICARUM

226 251 309 291 puto
337 245 380 278 de
406 245 459 279 his
485 250 641 287 tractare,
676 255 762 286 quae
789 244 800 276 z·
826 248 901 276 ante
926 255 946 276 ο
971 243 1097 277 habent
1121 255 1184 288 per
1209 244 1354 288 singulas
1381 243 1506 275 litteras
1531 240 1625 276 ante¹
1660 244 1804 288 positas,
1837 255 1923 287 quae
1948 249 2070 289 regunt
2094 243 2168 289 pri-

226 309 315 330 mam
343 298 628 342 coniugationem,
661 295 715 327 vel
740 295 870 327 tertiam
896 300 1080 338 utramque.

1138 296 1224 328 Nam
1258 294 1403 327 secunda
1430 294 1621 340 coniugatio
1647 307 1687 329 eo
1711 295 1941 328 tantummodo
1967 296 2166 329 terminatur.

229 349 264 382 Α
297 354 372 381 ante
399 350 448 388 io,
482 349 607 379 habens
634 347 771 378 verbum
798 346 913 379 tertiae
939 352 1114 390 correptae
1140 346 1264 386 inveni,
1292 347 1328 378 αἱ
1354 345 1476 379 faciens
1502 347 1534 378 in
1562 348 1675 391 specie
1701 347 1871 391 perfecta,
1897 347 1973 387 aio,
2001 348 2072 390 ais,
2098 348 2168 384 aih·

229 401 266 433 (ιί
274 424 282 440 ,
310 401 400 436 aisti,
427 400 486 431 ait.

231 559 309 596 ptae
340 552 381 593 ci,
409 556 445 584 ut
471 551 582 591 inicio,
609 551 718 584 inieci.

537 398 570 430 B
597 401 672 429 ante
698 397 730 429 2‘0
757 397 914 430 habentia
940 399 1055 431 tertiae
1081 397 1276 442 productae,
1302 397 1337 429 id
1362 401 1409 429 est
1434 402 1570 440 quartae
1597 399 1837 443 coniugationis
1863 398 1981 439 inveni,
2007 399 2042 431 υἱ
2066 398 2120 431 vel
2144 398 2170 431 ii

231 447 405 484 facientia²
431 448 577 493 speciem
604 448 801 492 perfectam,
828 448 954 490 ambio,
982 449 1105 490 mnbis,
1132 448 1271 489 ambiri,
1298 448 1353 480 vel
1380 448 1496 481 ambii.

232 498 388 541 ‹luctae³,
421 501 456 532 vi
481 500 535 532 vel
561 500 599 532 ,ri
625 500 749 533 sacient
779 501 892 543 specie
918 501 1087 544 perfecta,
1119 500 1252 540 sarcio,
1285 499 1432 537 sarcivi;
1464 500 1591 540 vincio,
1624 502 1728 537 vinxi.

771 551 809 584 D
836 556 909 584 ante
936 553 968 585 1'0
994 563 1059 584 non
1086 551 1202 583 inveni.

1554 448 1585 482 C
1603 455 1677 482 ante
1702 451 1735 483 io
1761 449 1919 482 habentia
1945 450 2062 482 tertiae
2086 460 2171 493 pro-

1788 501 1925 534 Tertiae
1950 512 2030 534 vero
2057 511 2172 534 corre-

1254 551 1289 583 E
1316 551 1403 584 hanc
1430 563 1564 594 quoque
1591 548 1752 585 litteram⁴
1778 564 1845 585 non
1870 552 1987 584 inveni.
2039 551 2075 584 F
2097 556 2172 584 ante

231 606 263 637 io
289 603 447 636 habentia
473 604 573 635 rerba
601 603 715 635 tertiae
747 608 820 636 sunt
845 603 1047 647 productae,
1080 604 1114 635 vi
1139 602 1193 634 vel
1213 598 1285 648 fii⁵
1319 602 1443 636 faciunt
1469 603 1580 647 specie
1607 604 1775 648 perfecta,
1801 603 1918 650 suffio,
1945 602 2082 650 szffvi,
2115 602 2173 636 vel

228 652 355 701 ριςίβὶΰ.

227 706 291 753 fio,
307 705 374 752 fis,
389 705 452 752 fil,
469 705 597 750 suctus
622 717 708 738 sum.

234 810 349 842 litteris
375 814 450 842 ante
476 808 508 840 ἰο
535 809 637 841 verba
662 809 833 841 terminata
860 819 925 840 non
952 809 1069 840 inveni.

234 861 399 906 perfecto,
425 859 532 899 meio,
558 860 659 901 meis,
683 860 784 892 mcxi.

460 914 651 944 ηιιιίνοηαε·
670 911 847 944 immez'ere
872 912 997 943 vulvae
1003 907 1024 943 ⁹.

414 654 529 687 Unum
556 650 712 698 repperi⁷
749 654 896 687 eiusdem
929 655 1186 698 coniugationis,
1221 653 1423 687 defectivum
1451 666 1591 698 genere,
1625 655 1707 688 sicut
1731 656 1840 695 soleo,
1868 655 1988 688 solitus
2012 665 2099 695 snm,
2126 654 2173 687 Sic

766 705 800 738 G
827 711 902 738 ante
928 707 961 738 ἱο
988 705 1115 738 habens
1140 705 1278 737 verbum
1305 717 1372 738 non
1398 706 1515 738 inveni.

233 770 308 791 mae
333 757 469 802 repperi
495 757 752 801 coniugationis‚
780 758 838 790 avi
865 757 1017 790 facientia
1042 757 1154 801 specie
1179 756 1349 800 perfecta,
1383 757 1457 800 hio,
1492 757 1604 799 inhio,
1631 758 1742 799 Ιιίαυὶ,
1769 758 1910 791 κἠῘιὶαυὶ.

1567 706 1609 738 Η
1632 711 1706 739 ante
1733 707 1765 739 io
1791 708 1891 739 verba
1917 705 2075 739 habentia
2101 705 2174 750 pri-

1969 757 2007 799 1,
2039 757 2095 797 Κ,
2121 756 2175 789 his

1123 807 1201 840 Uno
1229 804 1260 840 ΞΒ
1284 808 1411 850 iuveni,
1445 809 1561 842 tertiae
1587 814 1777 853 correptae,
1810 809 1849 842 .Τί
1883 809 2009 844 faciens
2042 806 2174 854 [1483]

836 860 965 893 Persius
990 859 1094 892 modo
1120 859 1264 892 infinito:

237 962 268 994 L
294 965 369 994 ante
395 961 428 994 io
451 962 553 994 verba
581 962 697 995 tertiae
719 962 906 1007 productae
928 967 1018 1004 sunt,
1042 962 1077 995 υἱ
1100 962 1155 995 vel
1175 962 1200 995 ἱὶ
1221 961 1344 995 facient
1365 960 1570 1006 perfectum,
1596 961 1713 1005 polio,
1734 961 1857 1006 polivi,
1881 961 1937 994 vel
1956 960 2054 1007 polii.
2093 960 2177 993 Par-

235 1013 385 1057 ticipium
410 1013 578 1057 passivum
600 1014 712 1058 posuit
736 1014 912 1058 Virgilius:

462 1064 545 1097 Iam
565 1069 675 1110 parte
699 1066 811 1109 polita
821 1062 863 1102 ¹⁰;

238 1119 269 1148 et
289 1114 382 1147 modi
405 1115 573 1150 indicativi
599 1117 769 1150 activitatis
789 1116 934 1160 speciem
960 1114 1212 1159 imperfectam,

237 1171 312 1198 ante
332 1166 364 1199 io
386 1166 513 1201 habens
533 1169 671 1201 verbum
687 1179 753 1200 non
774 1167 891 1200 inveni.

1240 1109 1452 1159 polibant¹¹3
1477 1113 1582 1155 salio,
1609 1113 1713 1154 salis,
1739 1114 1863 1153 salivi,
1889 1113 1943 1147 vel
1969 1113 2051 1146 salii
2061 1108 2095 1145 ¹².
2137 1111 2184 1145 Μ

944 1166 985 1200 Ν
1001 1171 1076 1198 ante
1099 1167 1131 1199 io
1154 1166 1281 1198 habens
1305 1166 1444 1198 verbum
1469 1165 1495 1197 si
1515 1165 1642 1209 primae
1668 1165 1768 1197 fuerit
1788 1165 2041 1210 coniugationis,
2067 1164 2102 1197 υἱ
2128 1163 2182 1196 fa·-

239 1217 302 1252 ciet
327 1218 439 1261 specie
465 1220 633 1263 perfecta,
668 1220 779 1261 lunio,
811 1219 945 1259 lanias,
973 1218 1106 1250 laniavi
1115 1229 1126 1255 ,·
1152 1217 1177 1250 si
1203 1218 1319 1250 tertiae
1351 1217 1555 1261 productae,
1590 1216 1626 1248 id
1659 1222 1706 1248 est
1735 1222 1889 1259 quartae,
1915 1217 1950 1249 vi
1980 1217 2035 1249 vel
2070 1215 2112 1256 ii,
2146 1218 2183 1248 ut

239 1266 403 1311 muniam,
430 1271 575 1312 munivi,
602 1271 657 1304 vel
683 1270 798 1303 munii.

235 1384 298 1417 pu.

242 1435 473 1468 quamcunque
499 1426 650 1459 vocalem
674 1425 851 1458 iniunctam
862 1420 894 1455 ¹⁶.

854 1269 886 1303 O
907 1274 982 1302 ante
1007 1270 1039 1302 io
1064 1269 1207 1313 positam
1232 1269 1266 1301 in
1289 1269 1395 1301 verbis
1417 1279 1482 1301 non
1505 1268 1623 1300 inveni.

239 1325 414 1365 correptae
440 1322 565 1364 inveni,
591 1323 628 1355 ui
656 1321 809 1355 facientia
838 1322 1023 1365 perfectam
1056 1321 1220 1364 speciem,

356 1371 389 1419 Q
417 1379 491 1406 ante
513 1375 545 1407 io
569 1385 730 1417 nusquam
752 1374 878 1410 inveni,
902 1378 934 1405 et
956 1372 1210 1410 rationabiliter;

1675 1267 1711 1300 P
1736 1274 1811 1300 ante
1840 1268 1872 1301 io
1901 1264 2042 1312 posita¹⁴
2068 1266 2183 1299 tertiae

1247 1321 1367 1364 rapio,
1394 1320 1500 1364 rapui
1509 1333 1520 1363 >⁶
1545 1319 1599 1351 vel
1625 1315 1698 1359 55¹⁵,
1726 1320 1844 1364 cupio,
1870 1319 2000 1364 cupivi,
2034 1317 2089 1350 vel
2116 1328 2184 1350 cu-

1236 1372 1314 1415 quia
1335 1383 1356 1416 q
1379 1371 1488 1403 littera
1510 1382 1576 1403 non
1600 1371 1770 1410 scribitur,
1797 1371 1857 1403 nisi
1880 1376 1954 1403 ante
1980 1381 2004 1402 u
2028 1373 2061 1402 et
2085 1368 2184 1400 aliam

947 1424 983 1456 R
1003 1429 1078 1456 ante
1108 1424 1140 1455 io
1165 1423 1308 1467 positam
1330 1423 1446 1455 tertiae
1471 1427 1644 1466 correptae
1672 1422 1798 1462 inveni,
1825 1422 1858 1455 ri
1883 1422 2007 1454 faciens
2037 1420 2185 1464 speciem

241 1475 438 1520 perfectam,
465 1481 498 1509 et
521 1488 571 1522 pe
597 1477 725 1520 syllaba
751 1480 905 1519 correpta
925 1475 959 1507 in
980 1475 1145 1519 principio
1171 1474 1295 1515 addita,
1313 1474 1431 1518 pario,
1453 1475 1589 1519 peperi.

1643 1473 1790 1514 Quidam
1812 1478 1930 1517 putant
1951 1472 2021 1506 hoc
2045 1471 2186 1504 verbum

242 1527 357 1560 tertiae
377 1527 574 1572 productae,
594 1528 628 1560 id
649 1533 697 1561 est
716 1532 863 1570 quartae,
885 1537 967 1568 esse,
982 1526 1041 1559 sed
1059 1531 1182 1565 errant3
1204 1537 1280 1558 nam
1296 1526 1458 1558 infinitum
1469 1522 1492 1542 ¹⁷
1511 1525 1650 1559 modum
1667 1524 1855 1570 perfectum
1869 1524 2045 1558 Terentius
2059 1522 2184 1567 posuit:

469 1579 607 1612 Parere
633 1579 690 1611 hic
716 1579 878 1615 divitias,-

246 1629 339 1672 quod
362 1631 387 1662 si
409 1636 492 1664 esset
515 1631 629 1664 tertiae
652 1630 851 1674 productae,
877 1629 910 1662 ri
932 1628 1100 1661 habuisset
1126 1628 1288 1672 syllabam
1312 1632 1387 1661 ante
1407 1638 1456 1670 rc,
1474 1624 1640 1673 pan-irem.
1679 1627 1857 1661 Praeterea
1879 1638 1919 1661 re
1943 1631 2084 1670 utraque
2109 1635 2187 1660 cor-

335 1737 361 1768 1)
379 1733 508 1762 Litteras
525 1742 590 1763 anie
604 1736 717 1774 positas
736 1734 806 1764 Cod.
824 1742 890 1763 anie
909 1734 942 1762 io
964 1745 1026 1773 pos.
1040 1733 1197 1762 Asc.P.—
1238 1744 1305 1762 rum
1324 1733 1362 1761 cf.
1381 1733 1473 1762 Prisc.
1488 1733 1526 1769 X,
1541 1734 1570 1769 9,
1587 1733 1637 1764 51.
1651 1749 1694 1754 -—
1729 1732 1776 1770 13)
1793 1732 1897 1762 Illunis
1913 1732 2108 1770 interponunt
2121 1728 2187 1758 Asc.

251 1774 279 1815 2)
298 1773 432 1804 Inveni
454 1778 482 1804 vi
496 1776 541 1805 vel
559 1778 580 1804 ii
593 1777 692 1817 facien
704 1778 756 1806 iia
773 1777 846 1806 eod.
862 1776 962 1804 Inveni
979 1786 1066 1804 omm.
1085 1777 1151 1804 Asc.
1166 1776 1197 1804 P.
1240 1777 1271 1805 P.
1283 1791 1324 1798 —
1370 1777 1413 1810 14)
1431 1775 1487 1804 Vv.
1505 1776 1534 1803 in
1558 1774 1651 1803 verbis
1665 1785 1722 1803 non
1736 1776 1839 1804 inveni.
1880 1773 1907 1803 P
1921 1781 1986 1803 ante
2001 1773 2030 1801 ἰο
2042 1773 2142 1812 posita
2156 1771 2188 1799 in

253 1824 282 1847 et
298 1829 352 1856 pro
366 1817 523 1858 facientia
541 1818 679 1846 exhibent
690 1819 813 1858 facient.
825 1835 862 1839 —
892 1818 920 1857 S)
935 1817 1102 1847 Produciac
1120 1819 1200 1846 deest

253 1861 284 1889 in
302 1860 373 1888 cod.
392 1870 452 1888 non
467 1865 553 1889 recte.
598 1861 699 1889 Paullo
722 1866 790 1899 post
807 1860 905 1889 inicio
925 1862 996 1889 cod.
1018 1878 1054 1882 —
1094 1860 1123 1898 4)
1137 1861 1201 1888 Hoc

253 1903 321 1931 loco
338 1909 404 1930 ante
419 1903 447 1931 io
471 1902 665 1941 interponunt
679 1903 743 1931 Asc.
762 1904 791 1932 P.
813 1919 847 1923 —
893 1905 924 1938 5)
941 1902 989 1931 Fit·
1009 1903 1078 1931 Cod.
1096 1903 1119 1931 ἰί
1134 1903 1200 1932 Asc.

255 1946 286 1974 P.
306 1961 349 1965 —
391 1944 420 1982 6)
443 1944 501 1973 Vel
524 1944 616 1986 suffi'i.
656 1945 735 1973 llaec
753 1944 852 1972 addidi
874 1954 889 1972 e
909 1946 980 1974 Cod.
1018 1945 1119 1974 Paullo
1137 1950 1204 1973 ante

256 1994 322 2016 sunt
345 1991 411 2014 ante
432 1985 593 2026 productae
614 1987 717 2015 addidi
740 1997 776 2015 ex
804 1986 912 2014 codem.
938 2003 975 2008 --
1021 1987 1049 2027 7)
1070 1986 1205 2027 Repperi.

258 2030 301 2058 lta
318 2029 388 2059 Cod.
406 2030 523 2067 reperies
539 2030 606 2059 Asc.
625 2030 655 2058 P.
674 2046 716 2052 —
759 2027 787 2069 8)
808 2028 872 2057 Uno
897 2029 906 2056 i
926 2029 1029 2058 inveni.
1073 2030 1116 2058 Ita
1133 2029 1206 2058 cod.

257 2076 345 2108 reete.
394 2070 488 2099 Unum
505 2072 600 2100 invem·
617 2073 682 2100 Asc.
704 2073 733 2101 P.
755 2088 795 2094 —
839 2073 872 2105 9)
892 2071 958 2098 Non
978 2072 1126 2110 reperitur
1145 2072 1208 2101 ho-

260 2115 307 2143 die
325 2113 374 2142 hic
390 2114 474 2141 locus
499 2114 576 2152 apud
599 2115 739 2143 Persium.
784 2113 893 2141 Similis
907 2118 1004 2141 tamen
1021 2119 1062 2142 est
1084 2116 1143 2144 Sat.
1157 2114 1208 2150 VI,

261 2159 311 2188 73.
349 2156 492 2185 Patriciae
501 2157 628 2184 immeiat
645 2155 764 2193 vulvae3
788 2157 836 2194 qui
855 2155 938 2183 locus
957 2166 1015 2183 non
1031 2156 1207 2194 intelligitur

263 2210 277 2226 a
296 2199 504 2233 Grammatico,
528 2208 619 2236 quum
635 2199 800 2236 exemplum
821 2198 961 2225 infinitivi
977 2198 1113 2227 voluerit.
1159 2200 1209 2226 Ce-

263 2246 360 2269 terum
376 2240 412 2269 cs.
433 2240 521 2268 Prisc.
538 2241 575 2275 X,
595 2244 621 2275 1,
639 2244 663 2271 1.
677 2256 718 2261 —-
750 2240 795 2277 10)
814 2240 893 2277 Virg.
909 2240 980 2268 Aen.
997 2239 1071 2274 VIII,
1088 2241 1209 2272 426.—

267 2284 312 2320 11)
327 2283 407 2318 Vin-g.
424 2283 495 2312 Aen.
513 2283 590 2318 VlIl,
607 2284 680 2314 436.
697 2299 734 2304 —
780 2280 823 2320 12)
837 2282 906 2311 cod.
928 2281 1012 2310 Silio.
1033 2281 1104 2311 silis.
1122 2281 1210 2311 silivi.

266 2323 312 2354 vel
330 2323 407 2362 silii‚·
431 2325 510 2363 quod
526 2336 586 2353 non
603 2325 691 2364 plane
713 2324 866 2362 displicet,
892 2324 960 2352 licet
976 2334 1120 2362 nusquam
1143 2325 1210 2352 alibi

268 2372 454 2396 memoretur.
500 2368 554 2395 Sed
571 2368 635 2406 pari
650 2367 730 2402 iure,
753 2370 839 2404 atque
852 2367 954 2404 spicio,
974 2366 1059 2394 etiam
1074 2365 1141 2395 silio
1158 2377 1212 2404 pro

268 2419 301 2438 eo
318 2410 397 2448 quod
420 2415 463 2438 est
485 2408 578 2444 salio,
596 2408 755 2448 aliquando
769 2408 801 2436 in
823 2419 878 2436 usu
897 2418 959 2437 esse
974 2408 1080 2448 potuit.
1125 2409 1214 2437 Cete-

1242 1818 1314 1846 Cod.
1339 1818 1417 1846 inter
1436 1827 1539 1845 versus
1555 1817 1664 1855 scripta
1683 1822 1769 1853 sunt,
1792 1828 1808 1844 a
1831 1816 1951 1845 librario
1974 1815 2050 1844 male
2072 1814 2190 1851 omissa,

1243 1861 1330 1889 oculo
1351 1870 1366 1887 a
1385 1870 1412 1889 V.
1427 1860 1553 1898 positam
1577 1859 1613 1887 ad
1629 1869 1658 1888 v.
1674 1859 1772 1898 posita
1790 1859 1955 1887 aberrante.
1973 1875 2007 1879 -
2055 1855 2102 1896 15)
2119 1854 2191 1884 Ra-

1242 1904 1292 1943 pio
1311 1902 1407 1941 rapiui
1424 1900 1470 1930 vel
1491 1901 1568 1940 ναρίἰ
1584 1901 1648 1929 Asc.
1685 1901 1769 1929 Male.
1787 1900 1887 1940 Rapio
1904 1900 1989 1939 rapui
2005 1898 2052 1928 vel
2067 1899 2143 1938 mpii
2157 1898 2189 1927 P.

1246 1945 1332 1974 Haud
1348 1944 1461 1972 melius.
1496 1944 1528 1971 In
1540 1943 1611 1971 Cod.
1630 1947 1687 1971 est:
1703 1942 1803 1982 Rapio
1819 1944 1902 1981 rapui
1915 1941 1961 1971 vel
1975 1942 2012 1980 ii,
2030 1941 2110 1970 unde
2126 1944 2191 1969 orta

1244 1986 1408 2026 corruptiO.
1458 1985 1525 2014 Non
1549 1985 1625 2014 enim
1648 1985 1875 2022 intellexerunt,
1897 1985 1920 2013 ii
1941 1984 1978 2013 ad
1998 1994 2078 2023 seqq.
2097 1981 2193 2022 perti-

1245 2040 1324 2059 nere.
1346 2028 1522 2057 Tollendum
1537 2028 1629 2066 igitur
1645 2032 1810 2055 monstrum
1827 2027 1899 2056 illud
1915 2026 2038 2066 perfecti
2054 2026 2139 2066 mpii.
2153 2040 2188 2048 -·

1247 2071 1292 2112 16)
1310 2070 1473 2100 Iniuncmm
1492 2071 1562 2100 cod.
1586 2071 1715 2099 iunctam
1735 2070 1800 2099 Asc.
1820 2071 1850 2099 P.
1870 2086 1913 2091 —
1956 2066 2001 2109 17)
2020 2069 2193 2107 Importune

1247 2115 1278 2143 h.
1298 2115 1318 2144 l.
1341 2124 1370 2145 v.
1393 2121 1557 2152 perpetuum
1579 2112 1738 2141 intrudunt
1762 2112 1829 2141 Asc.
1848 2113 1878 2142 P.
1896 2122 1983 2151 quam
2003 2111 2098 2139 nescit
2121 2109 2192 2140 eod.

1249 2158 1345 2186 Locus
1370 2160 1412 2184 est
1435 2156 1552 2184 Terent.
1574 2154 1666 2184 Andr.
1682 2155 1731 2189 IV,
1753 2156 1782 2191 5,
1807 2159 1834 2187 2.
1859 2155 1908 2183 ubi
1930 2154 2000 2182 olim
2022 2152 2193 2192 legebatur:

1247 2211 1355 2239 parare
1375 2197 1423 2226 hic
1443 2196 1577 2235 divitias,
1600 2197 1657 2226 iam
1680 2207 1695 2225 a
1715 2197 1848 2226 Bentleio
1867 2200 2043 2226 correctum.
2067 2211 2103 2216 —
2144 2194 2193 2234 18)

1250 2242 1332 2271 Ante
1350 2252 1386 2269 re
1406 2239 1553 2280 syllabam
1566 2240 1663 2279 parire
1679 2239 1742 2267 Asc.
1758 2240 1788 2268 P.
1831 2239 1919 2268 Errat
1933 2243 2028 2267 autem
2045 2238 2195 2266 Gramma-

1252 2289 1347 2322 ticus3
1370 2293 1437 2311 nam
1451 2283 1549 2322 parire
1563 2283 1684 2321 antiqua
1699 2283 1792 2310 forma
1809 2286 1866 2319 est,
1882 2292 1969 2320 quam
1990 2285 2117 2309 testatur
2131 2278 2195 2308 Pri-

1904 2323 2011 2345 correnta
2024 2322 2059 2341 eat

1254 2351 1345 2379 scian.
1364 2351 1401 2386 X,
1416 2353 1446 2386 9,
1464 2350 1512 2381 50.
1524 2366 1562 2370 --
1603 2349 1648 2387 19)
1667 2349 1739 2378 eod.
1756 2356 1877 2389 utraque
1897 2348 2041 2388 producta
2055 2352 2105 2375 est.
2150 2345 2195 2374 lta

1256 2393 1362 2433 plane,
1393 2402 1480 2431 supra
1500 2391 1610 2431 scripta
1635 2402 1705 2421 vera
1728 2392 1863 2422 lectione.
1883 2407 1923 2413 --
1963 2392 2008 2424 20)
2024 2389 2091 2418 Asc.
2113 2392 2143 2417 et
2164 2388 2195 2417 P.
