2263 2668
874 106 1090 144 ANGELI
1124 106 1263 142 ΜΑΙΙ.
1964 114 2039 149 205

89 206 240 252 praefixo
261 216 295 250 p.
316 204 374 239 lx.
398 204 494 238 Idem
511 203 720 237 Burmannus
744 202 779 235 in
800 202 1008 248 praefatione
1029 201 1074 234 ad
1094 201 1274 246 Virgilium
1290 213 1324 247 p.
1340 202 1428 238 XLI.
1447 201 1666 238 Ruhnkenius
1686 205 1720 238 in
1740 205 1880 250 praefat.
1898 207 1942 240 ad
1963 207 2037 241 Ru—

88 258 195 292 tilium
220 257 356 302 Lupum
378 268 413 302 p.
433 255 554 290 XXVI.
577 255 726 298 Heynius
747 254 781 287 in
803 255 944 299 praefat.
970 255 1051 288 item
1070 252 1114 286 ad
1137 253 1315 299 Virgilium
1340 266 1375 300 p.
1401 254 1647 290 CCXXXXIV.
1671 257 1811 302 aliique,
1839 258 1896 302 qui
1925 263 2036 294 tamen

88 321 161 344 rem
178 308 223 342 ad
244 308 400 342 trutinam
420 317 594 342 revocasse
614 317 795 350 numquam
815 306 976 340 videntur.

252 360 325 394 Iam
349 365 458 394 utrum
480 359 565 401 hoe,
593 369 661 402 quo
685 358 812 398 scribo,
838 362 992 403 tempore
1017 356 1170 390 Libellus
1199 356 1439 390 Elocutionum
1461 357 1648 402 sit‘editus,
1670 359 1756 393 mihi
1778 372 1846 394 non
1876 362 1951 395 satis
1974 373 2033 396 ex-

88 411 259 457 ploratum
281 416 339 444 est.
391 410 564 445 Fabricius
588 409 723 453 quidem
747 409 790 442 ait
805 405 826 452 ¹,
857 409 951 442 illum
984 421 1002 442 e
1035 408 1164 442 Codice
1195 408 1353 441 Godfridi
1390 408 1542 453 Graevii,
1578 411 1728 445 Consulis
1757 412 1952 457 Lipsiensis,
1987 415 2030 447 ab

88 463 225 497 Andrea
246 463 398 496 Stiibelio
426 463 490 495 suis
509 462 589 495 locis
613 463 768 494 insertum
795 472 901 494 novae
932 460 1079 494 Editioni
1109 459 1275 493 Thesauri
1309 459 1499 493 eruditionis
1528 462 1747 496 scholasticae
1775 464 1889 497 Basilii
1917 465 2030 498 Fabri.

88 515 225 559 Lipsiae
249 526 300 547 an.
326 513 569 547 MDCCXVH.
623 513 693 546 Sed
718 524 831 546 revera
851 512 1021 545 Stiibelius
1044 511 1171 544 nonnisi
1192 511 1346 554 exempla
1369 511 1495 554 aliquot
1518 524 1558 545 ex
1581 525 1621 546 eo
1647 515 1764 547 libello
1795 516 1828 548 in
1848 515 2027 550 Thesauro

90 577 149 599 sno
173 565 305 605 laudat,
342 566 446 598 multa
478 565 725 609 praetermittit,
760 564 919 607 quodque
948 563 1053 609 pluris
1081 563 1231 604 interest,
1265 563 1367 595 verba
1398 563 1552 596 Auctoris
1579 565 1683 598 libelli
1711 567 1810 609 plane
1839 568 2030 611 supprimit:

89 617 242 660 adeoque
263 617 414 657 libellus,
448 616 541 660 quod
565 616 702 660 quidem
727 616 771 648 ad
793 615 979 649 Stiibelium
1003 615 1138 657 attinet,
1167 615 1267 658 plane
1288 613 1428 647 ineditus
1451 619 1507 647 est.
1534 616 1630 649 Anno
1655 622 1765 650 autem
1787 617 2028 653 MDCCXLII.

89 668 133 702 de
157 679 197 701 eo
223 668 339 701 libello
363 669 410 703 sic
433 668 476 701 ait
499 668 708 701 Burmannus
735 667 848 699 Iunior
874 667 906 699 in
935 665 1182 700 Commentario
1207 665 1249 698 de
1279 665 1356 698 Vita
1384 665 1510 698 Heinsii
1533 678 1566 711 p,
1591 668 1648 703 lx.
1676 669 1929 711 „Luculentum
1960 670 2028 705 hoc

87 719 358 764 „grammaticae
378 720 427 752 rei
453 724 703 752 monumentum
727 723 817 751 tanto
841 719 1000 762 temporis
1023 718 1195 750 intervallo
1226 717 1360 761 privatis
1387 717 1534 750 virorum
1565 719 1741 753 doctorum
1765 721 1908 753 armariis
1932 733 2027 766 pres-

86 782 190 813 „sum
209 771 322 804 mirari
343 782 421 804 sane
446 771 566 805 subit.“
617 771 708 804 Tum
728 770 819 803 idem
850 780 935 802 anno
956 768 1196 803 MDCCXLV.
1219 769 1252 801 in
1277 768 1483 813 praefatione
1507 769 1550 801 ad
1574 771 1752 815 Virgilium
1776 783 1809 816 p.
1833 772 1921 806 XLI.
1948 783 2029 806 nec—

87 823 168 856 dum
190 823 317 856 editum
339 822 429 857 dicit.
480 823 634 866 Denique
662 822 779 855 Saxius
801 822 835 854 in
864 821 1082 854 Onomastico
1110 820 1202 853 Edit.
1229 820 1378 854 Traiecti
1408 820 1452 852 ad
1480 820 1548 852 Rh.
1579 821 1849 858 MDCCLXXV.
1875 835 1910 868 p.
1935 824 2028 857 DXI.

85 873 200 907 laudat
221 874 258 908 P.
281 874 449 907 Bondami
469 874 710 907 Adnotationes
732 873 777 905 ad
799 873 950 906 Arusiani
978 872 1082 905 Messi
1108 871 1340 917 Quadrigam
1369 871 1435 904 sive
1462 870 1641 917 Exempla
1665 875 1910 916 elocutionum,
1937 876 2029 909 cuius

84 926 201 966 libelli,
227 925 342 968 inquit,
365 937 431 958 non
452 925 513 958 nisi
532 926 601 959 duo
626 925 709 958 folia
731 924 847 958 maiori
866 925 975 957 forma
998 923 1085 968 typis
1110 923 1277 967 descripta
1300 928 1381 956 sunt.
1434 923 1521 956 Eam
1542 930 1696 968 coeptam
1720 926 1911 959 Editionem
1935 927 2031 969 equi-

85 977 164 1011 dem
187 977 301 1010 videre
322 977 461 1011 mirifice
484 978 604 1022 cupio,
631 976 691 1010 sed
718 976 837 1009 eadem
865 975 1166 1010 incommodissime
1191 986 1309 1017 careo,
1335 986 1445 1018 neque
1465 986 1568 1019 porro
1598 976 1709 1009 Editio
1735 989 1809 1010 mea
1830 977 2030 1010 Frontonia-

85 1040 204 1062 norum
228 1028 379 1073 Operum
407 1040 516 1061 moras
538 1028 670 1073 patitur.
724 1028 793 1061 Sed
815 1032 994 1071 utcumque
1020 1027 1156 1060 demum
1181 1038 1220 1059 ea
1247 1039 1298 1060 res
1324 1039 1358 1060 se
1385 1026 1504 1069 habet,
1532 1038 1632 1070 quum
1657 1039 1722 1072 ego
1741 1028 1917 1061 Frontonis
1938 1029 2030 1062 Scri-

84 1086 160 1124 pta,
193 1085 359 1123 quotquot
385 1080 530 1113 invenire
555 1080 668 1113 datum
690 1084 757 1121 est,
791 1079 922 1112 edenda
945 1090 1074 1119 curem,
1110 1089 1235 1122 operae
1256 1079 1400 1123 pretium
1423 1090 1477 1111 me
1505 1079 1670 1112 facturum
1694 1080 1860 1122 existimo,
1887 1080 1914 1113 si
1939 1079 2030 1114 hunc

84 1143 221 1176 quoque
246 1131 418 1173 libellum,
447 1132 515 1164 sive
535 1136 630 1164 antea
654 1131 780 1164 editum
801 1131 868 1164 sive
888 1142 998 1174 secus,
1026 1130 1218 1175 adiungam.

248 1183 336 1215 Sane
360 1183 417 1216 hic
438 1183 571 1215 libellus
589 1183 787 1227 pretiosiore
809 1183 858 1215 sui
881 1187 978 1226 parte
998 1186 1076 1215 tunc
1099 1182 1260 1226 spoliatus
1288 1181 1368 1222 fuit,
1398 1193 1475 1215 cum
1500 1181 1591 1215 docti
1618 1181 1770 1215 homines
1800 1183 1894 1216 locos
1922 1182 2030 1216 inedi—

83 1239 134 1267 tos
159 1233 328 1267 Ciceronis
357 1239 391 1267 et
416 1234 562 1267 Sallustii
588 1245 628 1267 ex
659 1245 700 1267 eo
730 1234 928 1267 delibatum.
978 1234 1098 1277 Neque
1118 1239 1228 1266 tamen
1253 1233 1398 1276 aliquam
1421 1233 1616 1278 dignitatem
1641 1240 1740 1277 atque
1763 1235 1936 1267 utilitatem
1967 1234 2029 1267 ad—

82 1285 152 1318 huc
173 1296 240 1317 non
257 1285 385 1320 retinet.
436 1286 522 1319 Nam
544 1287 673 1330 primo,
699 1286 867 1329 Exempla
893 1285 1119 1329 Scriptorum,
1146 1284 1192 1317 uti
1219 1296 1238 1317 e
1260 1290 1371 1317 nostro
1399 1284 1528 1318 Codice
1555 1285 1739 1330 prodeunt,
1763 1287 1805 1319 ab
1830 1291 1904 1319 ante
1933 1285 2027 1319 editis

81 1347 183 1381 saepe
205 1337 372 1370 differunt.
423 1337 574 1379 Deinde,
604 1338 733 1371 Auctor
760 1338 863 1370 libelli
888 1337 952 1370 suis
973 1338 1043 1381 ipse
1067 1337 1174 1370 verbis
1193 1347 1297 1370 novos
1321 1337 1627 1380 reconditioresque
1652 1338 1772 1370 latinae
1795 1337 1928 1382 linguae
1953 1347 2028 1369 mo-

82 1388 144 1421 dos
167 1388 289 1422 diserte
315 1389 434 1430 docet,
461 1391 519 1433 qui
542 1390 575 1422 in
598 1389 774 1433 Exemplis
796 1389 1007 1433 Scriptorum
1032 1388 1174 1422 disiectis
1195 1393 1227 1421 et
1248 1392 1338 1421 extra
1360 1388 1512 1421 ordinem
1536 1389 1632 1421 huius
1652 1389 1756 1421 libelli
1776 1388 1947 1422 collocatis
1968 1400 2027 1421 ae-

80 1451 143 1485 gre
165 1440 349 1473 admodum
374 1441 417 1473 ab
445 1441 592 1474 Eruditis
615 1446 815 1474 notarentur.
869 1441 960 1473 Tum
978 1440 1122 1484 denique
1141 1440 1214 1472 fieri
1234 1444 1359 1483 potest,
1385 1444 1422 1472 ut
1444 1440 1554 1483 aliqua
1571 1441 1734 1484 particula
1755 1440 1914 1473 Veterum
1939 1451 2026 1472 non-

81 1491 162 1524 dum
187 1491 275 1524 edita
299 1493 333 1524 in
355 1492 426 1526 hoc
447 1492 582 1537 Scripto
607 1493 688 1527 insit.
742 1492 818 1533 Qua
842 1492 885 1525 de
908 1504 943 1525 re
964 1492 1023 1524 etsi
1047 1503 1113 1537 ego
1139 1491 1305 1524 interdum
1325 1492 1506 1535 suspicatus
1531 1503 1620 1531 sum,
1647 1492 1805 1535 temporis
1830 1496 1940 1524 tamen
1964 1503 2024 1523 an-

80 1543 196 1587 gustiis
217 1554 364 1587 pressuS‚
390 1543 476 1577 nihil
506 1545 739 1578 affirmandum
767 1544 890 1588 putavi.
942 1544 1033 1576 Illud
1062 1544 1161 1577 etiam
1191 1554 1329 1583 moneo,
1363 1543 1396 1574 in
1425 1542 1553 1575 Codice
1580 1543 1706 1575 nonnisi
1732 1543 1835 1575 libros
1864 1542 2026 1576 Veterum

80 1594 227 1635 laudari,
254 1599 290 1628 ut
316 1606 388 1629 mos
415 1601 462 1628 est
490 1596 672 1637 Codicum,
699 1597 802 1629 immo
830 1607 871 1628 ne
897 1595 960 1628 lios
987 1595 1123 1638 quidem
1151 1595 1344 1627 nominatim
1370 1593 1533 1626 interdum
1560 1593 1744 1637 designari:
1778 1605 1833 1627 me
1858 1605 1958 1634 vero,
1989 1598 2025 1626 ut

79 1645 261 1679 Lectorum
288 1647 517 1680 commoditati
543 1648 766 1689 consulerem,
799 1657 865 1679 non
893 1647 960 1680 sine
989 1647 1084 1692 gravi
1107 1658 1181 1679 mea
1208 1645 1359 1678 molestia
1387 1644 1612 1687 temporisque
1638 1645 1763 1678 iactura
1789 1645 1900 1688 capita
1926 1644 2025 1677 etiam

78 1697 242 1741 pleraque
270 1699 380 1731 omnia
396 1699 500 1732 Tullii
528 1705 561 1733 et
585 1700 748 1742 Sallustii,
775 1699 923 1732 Terentii
947 1704 1057 1732 autem
1074 1703 1106 1731 et
1127 1697 1258 1742 Virgilii
1281 1706 1406 1736 versus,
1433 1700 1592 1739 quantum
1619 1696 1652 1729 in
1677 1695 1892 1730 tumultuario
1920 1706 2024 1740 opere

79 1748 187 1792 licuit,
215 1755 369 1784 accurate
394 1755 533 1784 notasse.

166 1868 192 1903 1)
216 1867 293 1897 Loco
322 1879 418 1909 nuper
446 1870 577 1900 laudato.
