2263 2668
229 175 303 211 728
655 163 1000 198 COMMENTARII
1027 163 1075 196 IN
1101 161 1244 196 PAULI
1270 161 1466 196 DIACONI
1491 163 1747 200 EXCERPTA

229 275 277 296 ut:
307 264 465 304 tangitione
483 258 580 298 potius
604 254 758 284 dominari.
803 254 935 286 Ennius.-
971 254 1042 284 Alii
1064 253 1237 284 rhetoricam
1261 262 1379 294 tongent
1400 263 1427 284 et
1449 256 1561 286 vincere
1582 257 1702 297 volunt‚·
1740 266 1846 288 norunt
1866 256 1979 287 videtur
2000 257 2174 296 significare.

229 307 331 338 scal,
370 301 552 334 Glossarium
576 297 725 326 Fornerii:
751 297 879 337 Tangere
902 298 999 328 εἷ’ὀειν.
1036 297 1149 326 Ennius
1171 298 1200 326 in
1223 296 1352 326 XVIII.
1386 297 1522 327 Lucilius
1544 300 1574 329 in
1596 300 1727 332 XXIII.
1766 302 1845 330 Illud
1867 311 1925 329 non
1947 300 2059 337 legerat
2081 300 2175 328 Scali-

229 361 296 389 ger,
319 348 368 387 qui
391 342 508 384 putavit
529 341 586 369 hoc
608 341 805 378 fragmentum
829 350 889 368 esse
913 351 949 368 ex
974 340 1112 368 Sotadico
1138 340 1230 369 Ennii.
1272 340 1387 379 Tongeo
1411 341 1531 370 Vossius
1554 343 1594 372 ait
1617 354 1680 373 esse
1703 355 1718 372 a
1741 351 1836 380 teneo,
1861 343 1941 382 quod
1963 352 2068 378 nosco,
2092 342 2176 371 vinco

230 398 258 422 et
282 390 415 420 dominor
438 384 596 423 aliquando
620 382 774 421 significat.
798 382 884 410 Dac.
926 383 1136 422 Tongitionem.
1166 383 1357 420 Tongionem.
1406 381 1512 412 Goth.

394 429 518 457 Tesca.
564 426 658 454 Varro
682 425 733 456 lib.
748 425 796 453 VI.
820 424 856 452 <le
882 425 911 453 L-
935 426 963 453 L.
989 425 1076 462 (VH,
1101 426 1172 456 293.
1196 425 1280 464 Sp.):
1318 424 1403 453 Loca
1433 425 1577 465 quaedam
1600 429 1743 468 agrestia,
1779 426 1859 469 quod
1881 426 2008 457 alicuius
2031 423 2078 454 dei
2097 432 2176 463 sunt,

229 475 366 504 dicuntur
388 478 472 500 tesca.
517 468 596 497 Nam
624 466 704 507 apud
731 467 847 496 Attium
872 468 901 495 in
926 467 1086 496 Philoctete
1109 465 1250 497 Lemnia:
1285 468 1350 507 quis
1372 474 1402 496 tu
1425 479 1452 496 es
1474 468 1624 506 mortalis,
1659 472 1709 511 qui
1731 472 1761 500 in
1784 469 1896 499 deserta
1919 477 1944 498 et
1967 477 2045 497 tesca
2067 474 2095 497 ie
2116 478 2176 507 ap-

225 523 322 556 portes
344 512 437 544 loca?
467 517 494 541 et
517 517 636 550 postea:
666 521 756 549 quare
778 509 839 537 heic
861 511 911 549 qui
934 518 1010 539 tesca
1034 509 1131 545 dixit,
1163 521 1220 539 non
1243 510 1364 544 erravit,
1396 521 1485 550 neque
1507 510 1588 549 ideo,
1617 512 1697 553 quod
1719 520 1839 549 sancta,
1870 511 1920 541 sed
1940 509 2019 552 quod
2041 509 2083 538 ibi
2106 520 2178 550 my-

227 559 315 587 steria
327 558 410 598 fiunt
433 566 469 584 ac
492 562 618 590 tuentur,
658 560 755 581 mesca
779 550 873 588 dicta,
901 560 968 591 post
992 559 1085 588 tesca,
1117 557 1146 580 et
1170 558 1285 590 postea:
1324 562 1413 591 quare
1435 563 1452 580 α
1475 553 1580 583 tuendo
1603 562 1629 583 et
1652 554 1759 595 templa
1783 562 1808 583 ei
1832 562 1909 584 tesca
1931 553 2021 583 dicta.
2065 552 2109 581 Ex
2132 552 2177 580 his

226 610 361 639 magnam
394 602 507 637 partem
539 597 697 625 veiborum
721 595 797 623 Festi
829 594 984 631 intelliges.
1015 594 1105 623 Ant.
1128 594 1226 634 Aug.
1271 595 1362 623 Tesca
1393 594 1497 623 dicunt
1525 597 1588 625 loca
1617 600 1739 633 augurio
1764 598 1929 635 designata,
1966 605 2025 634 quo
2048 595 2177 624 termino

226 643 330 672 finitur
352 647 432 671 terra
457 640 582 677 augurii.
628 637 745 676 Opilius
768 637 905 665 Aurelius
929 638 994 665 loca
1021 643 1189 665 consecrata
1213 637 1269 665 ‹leo
1294 636 1400 673 alicui,
1431 647 1489 665 non
1514 643 1547 667 ut
1570 641 1714 678 templum
1737 641 1792 675 sit,
1820 640 1872 668 sed
1895 643 1995 667 sancta
2019 638 2098 674 loca,
2122 647 2178 665 un-

227 686 316 725 dique
340 688 439 721 septa,
471 688 503 710 ut
527 682 609 709 aiunt
634 679 777 709 Pontificii
802 679 885 715 libri,
922 680 951 707 in
976 679 1083 717 quibus
1106 680 1250 718 scriptum
1275 684 1333 708 est:
1370 678 1620 718 LOCUMOUE
1647 680 1885 719 SEDEMQUE
1914 677 2181 717 TESCUMQUE

226 724 423 765 ALIQUOI
442 723 528 753 DEO
550 720 867 760 DEDIGAVERIT,
896 721 999 751 UTEI
1018 721 1131 751 DEOS
1150 721 1364 752 ACCIPIAT
1385 720 1561 752 VOLENS
1585 722 1921 763 PROPITIOSQUE.
1960 722 2082 752 Hostius
2105 721 2176 750 belli

228 770 324 799 Istrici
347 769 395 797 lib.
424 791 429 797 .
457 789 462 796 .
489 789 495 796 .

683 807 739 837 Per
758 808 850 847 gentis
873 807 931 836 alte
952 807 1094 837 aetherias
1116 819 1152 838 ac
1174 815 1275 847 tesqua
1297 805 1422 844 volabis,

683 850 803 890 Templa
826 852 948 891 antiqua
975 849 1069 880 deum.

229 905 356 941 Quidam
380 903 565 942 explicavere
587 913 705 942 aspera,
732 902 864 930 difficilia
887 901 982 930 aditu.
1027 902 1137 931 Attius:
1169 900 1236 931 loca
1258 913 1377 941 aspera,
1400 912 1480 931 saxa
1504 909 1583 931 tesca
1606 910 1680 934 tuor.
1725 903 1760 932 Et
1783 903 1812 931 in
1836 901 2014 931 Philocteta:

684 952 756 991 Quis
780 961 809 981 tu
832 964 860 980 es
882 951 1030 990 mortalis,
1064 954 1115 993 qui
1136 953 1167 981 in
1190 952 1297 981 Lemni
1319 960 1397 982 tesca
1420 961 1446 982 te
1466 960 1607 993 apportas
1629 952 1722 984 loca?

228 1006 429 1035 Glossarium:
470 1004 581 1044 Tesqua
605 1004 666 1033 sive
694 1004 783 1032 Tesca
808 1001 1011 1041 κατάκρημιόι
1041 1004 1090 1033 καὶ
1122 1001 1219 1042 {frixae
1247 1003 1295 1033 καὶ
1324 1004 1428 1042 ἕρυμοι
1457 1001 1552 1035 τόποι.
1600 1004 1692 1033 Verba
1716 1004 1899 1042 Tesquorum
1923 1014 1975 1033 seu
1997 1001 2178 1041 templorum

227 1048 461 1078 dedicandorum
485 1057 522 1075 ex
546 1047 635 1075 veteri
659 1046 786 1075 formula
809 1046 969 1074 traduntur
994 1057 1007 1074 a
1033 1046 1164 1074 Varrone
1187 1046 1261 1083 (Vll.
1288 1048 1508 1085 pag.290.seqs
1533 1046 1611 1085 Sp.):
1649 1045 1832 1076 TEMPLA
1860 1044 2089 1083 TESCAQUE
2109 1044 2179 1073 ΙΝ-

229 1091 334 1120 CITA
357 1089 513 1123 SUNTO‚
539 1088 693 1125 OUOAI)
716 1086 800 1117 EGO
826 1087 967 1117 CASTE
987 1087 1162 1117 LINGUA
1186 1088 1529 1124 NUNCUPAVERO‚
1558 1088 1680 1118 OLLA
1705 1088 1857 1118 VETER.
1873 1087 2039 1118 ARBOR.
2058 1085 2179 1125 QUIS-

229 1132 333 1170 QUIS
361 1132 455 1166 EST,
495 1130 631 1168 QUAM
657 1130 722 1160 ΜΕ
744 1129 901 1159 SENTIO
924 1129 1115 1165 DIXISSE,
1155 1130 1377 1159 TEMPLUM
1402 1130 1671 1168 TESCUMOUE
1690 1130 1802 1160 ESTO
1825 1130 1875 1160 IN
1895 1127 2178 1160 SINISTERUM.

230 1175 352 1205 OLLA
374 1173 518 1203 I’ETER
537 1173 694 1202 ARROR
720 1171 938 1211 QUIDQUID
961 1172 1044 1201 EST
1063 1172 1183 1209 QUOD
1205 1172 1272 1202 ME
1289 1172 1448 1202 SENTIO
1469 1173 1647 1202 DIXISSE
1668 1173 1893 1202 TEMPLUM
1913 1169 2182 1209 TESGUMQUE

226 1216 340 1246 ESTO
363 1216 412 1245 IN
433 1215 683 1245 DEXTERUM
706 1214 842 1244 INTER
864 1214 924 1244 EA
948 1213 1224 1244 CONRECIONE
1248 1213 1542 1245 CONSPITIONE
1566 1214 1863 1245 CORTUMIONE
1888 1212 2079 1253 UTRIQUE
2098 1211 2177 1242 RE-

229 1258 451 1289 CTISSUME
472 1257 601 1287 SENSI.
620 1257 720 1287 Scal.
753 1258 802 1286 Ait
825 1268 860 1286 ex
884 1257 988 1286 Verrio
1013 1263 1041 1285 et
1064 1258 1164 1296 Opilio
1189 1258 1307 1286 Aurelio
1331 1258 1421 1286 Tesea
1445 1269 1507 1287 esse
1529 1259 1655 1297 templa,
1685 1258 1743 1287 hoc
1766 1263 1810 1287 est
1833 1258 1926 1296 spatia
1949 1257 2080 1295 Augurio
2103 1256 2180 1284 desi-

227 1307 313 1340 gnata
337 1302 413 1330 intua
437 1301 593 1336 terminos,
617 1301 667 1329 ubi
690 1301 755 1328 linis
779 1301 816 1329 sit
839 1300 950 1338 auguri.
986 1300 1095 1328 Deinde
1119 1311 1155 1328 ex
1180 1300 1404 1329 pontificalibus
1427 1301 1510 1330 libris
1526 1302 1616 1329 Tesca
1640 1301 1699 1330 dici
1722 1302 1785 1330 loca
1809 1305 1926 1338 sancta,
1949 1309 2024 1338 quae
2046 1298 2180 1336 undique

227 1349 309 1383 septa
333 1349 417 1380 sunt,
442 1343 498 1372 hoc
521 1348 565 1371 est
589 1343 698 1381 templa
722 1344 782 1371 sive
808 1343 859 1372 Dei
882 1344 943 1371 sive
968 1343 1052 1371 Deae.
1088 1343 1218 1371 Tandem
1243 1353 1279 1371 ex
1303 1344 1444 1371 Cicerone
1468 1348 1496 1372 et
1519 1343 1610 1371 Accio
1634 1344 1725 1372 Tesca
1750 1354 1812 1372 esse
1835 1344 1900 1371 loca
1924 1352 2026 1381 aspera
2050 1346 2080 1370 et
2103 1340 2180 1369 diffi-

228 1388 295 1415 cilia
314 1387 405 1415 aditu.
437 1387 477 1414 De
499 1386 611 1424 templo
635 1387 754 1423 auguris
770 1386 863 1414 Varro
880 1385 931 1415 lib.
946 1385 994 1413 Vl.
1012 1385 1047 1413 de
1065 1385 1094 1415 L.
1112 1386 1141 1415 L.
1161 1386 1202 1423 (p.
1217 1387 1286 1416 290.
1304 1386 1385 1423 Sp.):
1412 1384 1533 1423 Templa
1557 1393 1691 1425 tescaque
1706 1387 1797 1415 incita
1812 1385 1868 1424 [me
1885 1384 1940 1423 im]
1956 1391 2058 1417 sunto,
2080 1380 2181 1424 quoad

227 1440 278 1468 ego
301 1437 378 1461 caste
401 1428 503 1467 lingua
526 1439 728 1467 nuncupavere
752 1433 806 1457 etc.
842 1429 880 1456 De
904 1428 1015 1466 templo
1039 1428 1101 1455 sive
1127 1428 1176 1455 Dei
1201 1428 1263 1455 sive
1287 1428 1362 1456 Deae
1386 1428 1463 1457 idem
1483 1428 1574 1455 Varro
1597 1428 1725 1463 ibidem,
1748 1428 1800 1456 sed
1824 1432 1926 1456 contra
1952 1426 2120 1455 Pontificius
2143 1425 2180 1452 li-

226 1471 296 1500 bros
320 1476 421 1509 negat,
444 1476 522 1499 tesca
547 1472 627 1509 quod
651 1471 760 1509 templa
785 1471 858 1505 sint,
884 1470 949 1498 ideo
973 1480 1035 1498 esse
1058 1470 1145 1498 etiam
1169 1474 1277 1499 sancta.
1314 1470 1382 1498 Eius
1404 1470 1495 1498 verba
1519 1474 1587 1498 sunt
1604 1472 1647 1509 (p.
1660 1473 1732 1502 293.
1748 1470 1830 1508 Sp.):
1859 1467 1946 1506 Quod
1960 1467 2046 1496 addit
2063 1465 2180 1507 templa,

227 1522 257 1544 ut
280 1521 345 1542 sunt
370 1512 494 1550 (lextra,
518 1514 600 1541 aiunt
624 1521 725 1542 sancta
748 1525 822 1550 esse,
847 1514 896 1552 qui
917 1511 1032 1551 glossas
1053 1514 1246 1551 scripserunt,
1269 1511 1301 1539 id
1324 1519 1363 1540 est
1377 1511 1509 1553 falsum.
1543 1511 1621 1540 Nam
1647 1511 1734 1541 Curia
1757 1511 1891 1541 Hostilia
1916 1509 2052 1549 templum
2074 1517 2131 1545 est,
2154 1516 2180 1537 et

226 1564 359 1586 sancium
384 1567 441 1584 non
465 1563 524 1593 es1‚·
546 1554 597 1583 sed
620 1555 676 1583 hoc
699 1563 729 1583 ut
750 1562 885 1594 putarent
907 1553 1006 1582 aedem
1031 1565 1147 1582 sacram
1170 1565 1228 1582 esse
1250 1553 1386 1593 templum
1410 1562 1436 1582 et
1457 1561 1590 1582 sanctum
1613 1566 1685 1590 esse,
1708 1553 1788 1594 quod
1810 1555 1839 1582 in
1863 1553 1931 1583 urbe
1947 1552 2046 1581 Roma
2066 1551 2180 1591 plerae-

227 1610 282 1639 que
303 1597 388 1627 aedes
411 1609 512 1626 sacrae
533 1604 599 1626 sunt
623 1596 747 1636 templa,
772 1596 871 1625 eadem
894 1604 1016 1630 sancta,
1042 1604 1068 1624 et
1089 1595 1169 1635 quod
1192 1595 1259 1624 loca
1283 1595 1426 1635 quaedam
1450 1597 1591 1634 agrestia,
1620 1595 1700 1636 quod
1722 1595 1849 1625 alicuius
1872 1594 1918 1624 dei
1937 1601 2021 1629 sunt,
2045 1593 2181 1623 dicuntur

227 1649 314 1669 tesca.
345 1640 424 1668 Nam
442 1638 523 1679 apud
538 1639 663 1668 Actium
681 1640 710 1668 in
727 1638 905 1675 Philocteta,
930 1638 1058 1667 Lemnia
1074 1638 1238 1677 [Lemnio]:
1265 1637 1338 1676 Quis
1353 1646 1382 1667 tu
1400 1651 1429 1667 es
1445 1637 1592 1675 mortalis,
1617 1639 1668 1678 qui
1690 1640 1719 1667 in
1743 1637 1855 1666 deserta
1878 1645 1904 1666 et
1925 1644 2004 1666 tesca
2026 1644 2053 1665 te
2074 1646 2181 1676 appor-

227 1690 268 1711 tes
289 1681 382 1712 loca?
404 1680 472 1711 loca
495 1683 570 1710 enim
594 1693 667 1721 quae
688 1688 754 1709 sunt
778 1680 926 1720 designat,
951 1692 1016 1710 cum
1040 1679 1113 1710 dicit
1129 1679 1316 1710 Praestolare
1330 1681 1453 1720 (optime
1468 1681 1592 1709 Fulvius
1607 1681 1730 1709 Ursinus
1744 1679 1972 1719 Ephaestilares)
1990 1686 2016 1707 et
2033 1677 2111 1708 celsa
2127 1676 2182 1707 Cae

229 1724 323 1753 hir-um
340 1723 461 1753 delubra
481 1731 574 1760 tenes,
597 1723 800 1763 Zlffysteriaque
819 1724 946 1763 pristina
969 1724 1059 1752 castis
1082 1730 1221 1762 concepta
1243 1724 1344 1753 sacris.
1378 1725 1415 1753 Et
1431 1723 1520 1762 paulo
1539 1728 1621 1762 post:
1647 1722 1744 1761 Quare
1758 1722 1821 1758 lzic,
1845 1724 1896 1763 qui
1911 1729 1989 1751 tesca
2005 1719 2100 1757 dixit,
2123 1730 2183 1749 non

229 1769 344 1797 erravit.
387 1766 487 1805 Neque
507 1765 589 1802 ideo,
620 1765 700 1805 quod
721 1773 843 1802 sancta,
874 1765 925 1794 sed
947 1765 1028 1806 quod
1050 1765 1092 1794 ibi
1113 1766 1248 1805 mysteria
1263 1766 1343 1804 fiunt
1365 1777 1402 1795 ac
1424 1773 1553 1801 tuentur,
1580 1766 1690 1794 Tuesca
1714 1764 1812 1802 dicta,
1836 1772 1904 1804 post
1926 1771 2012 1793 tesca.
2057 1762 2126 1799 Ubi,
2149 1767 2183 1791 ut

230 1809 329 1843 vides,
366 1810 449 1836 Accii
473 1819 590 1837 versum
614 1808 701 1837 aliter
725 1809 819 1837 Varro
844 1809 970 1847 accipit,
1008 1818 1096 1846 quam
1119 1808 1232 1838 Festus.
1276 1808 1321 1836 lbi
1352 1809 1429 1837 enim
1459 1813 1537 1836 tesca
1567 1808 1691 1846 agrestia
1715 1808 1834 1846 quidem
1858 1812 1887 1836 et
1910 1807 2027 1836 deserta
2049 1805 2114 1834 loca
2135 1805 2182 1834 in-

231 1855 426 1889 terpretatur,
457 1852 508 1879 sed
532 1861 606 1889 quae
628 1855 727 1879 tamen
750 1851 798 1880 dei
821 1851 947 1879 alicuius
970 1851 1044 1886 sint,
1079 1856 1108 1878 et
1130 1860 1233 1878 revera
1259 1855 1344 1879 erant
1367 1858 1444 1881 tesca
1466 1851 1518 1878 illa
1541 1851 1624 1888 loca,
1652 1850 1847 1889 undiquaque
1869 1849 2032 1878 nemorosis
2055 1847 2182 1876 collibus

233 1893 341 1928 cincla,
364 1894 415 1921 ubi
436 1894 562 1922 Volcani
584 1893 692 1921 fiebant
716 1894 870 1932 mysteria,
894 1903 969 1931 quae
994 1895 1061 1931 quia
1087 1898 1245 1931 praerupta
1270 1898 1299 1921 et
1321 1894 1405 1921 aditu
1429 1893 1579 1929 difficilia,
1602 1893 1673 1922 iude
1697 1893 1819 1931 quaevis
1842 1893 1897 1921 alia
1919 1893 1985 1920 loca
2009 1890 2183 1930 praecipitia

233 1939 262 1963 et
283 1945 383 1972 aspera
406 1936 521 1974 Tesqua
547 1937 633 1964 etiarn
658 1935 749 1964 dicta.
795 1936 954 1973 Utramque
977 1935 1221 1972 signiti‹·ati0nem
1245 1936 1436 1973 amplectitur
1459 1936 1658 1964 Glossarium:
1695 1936 1808 1976 Tesqua
1830 1936 1893 1963 sive
1919 1935 2010 1964 Tesca
2032 1931 2183 1972 κατάκρη·

232 1987 305 2015 μνοι
326 1977 374 2006 καὶ
399 1976 496 2016 ῥάχεις
519 1980 569 2008 καὶ
592 1979 697 2017 ἕρυμοι
719 1976 815 2009 τόποι.
861 1980 958 2017 Supra
981 1978 1011 2006 in
1036 1979 1133 2006 verbis
1157 1978 1376 2007 Pontificalibus
1400 1978 1585 2007 emendabis:
1611 1976 1816 2018 Templumque
1838 1976 1988 2017 sedemque
2009 1984 2182 2016 tescumque,

232 2019 292 2047 sive
314 2017 374 2047 Deo
398 2020 455 2049 sive
476 2021 555 2049 Deae
579 2019 777 2058 dedicaveris,
800 2020 843 2049 ibi
864 2031 912 2051 eos
935 2021 1067 2060 accipias
1088 2019 1214 2050 volentes
1233 2022 1440 2061 propitiosque.
1486 2021 1595 2050 Versus
1617 2020 1726 2049 Hostii:

687 2069 840 2109 Pergentes
862 2069 922 2099 alte
943 2070 1089 2099 aethereas
1111 2078 1198 2112 atque
1219 2073 1287 2100 avia
1310 2078 1388 2101 tesca

687 2111 797 2152 Perque
819 2111 935 2142 volabis
957 2112 1064 2153 templa
1087 2115 1211 2154 antiqua
1233 2113 1335 2142 Deum.

234 2151 273 2181 At
295 2151 441 2189 Scaliger:

687 2213 723 2217 —
771 2213 807 2218 —
853 2196 958 2236 persliu
979 2205 1078 2237 gentes

685 2237 793 2277 Aliger
814 2238 975 2269 Aether-eas
997 2248 1084 2281 atque
1106 2239 1182 2269 illem
1206 2248 1284 2270 tesca
1308 2239 1422 2270 volabis

691 2279 813 2319 Templa
833 2283 956 2321 antiqua
978 2282 1081 2312 Deum.

235 2326 380 2356 Putabam
404 2335 457 2364 ego
480 2336 584 2356 vocem
608 2326 715 2366 templa
737 2330 773 2357 ad
796 2332 1026 2369 explicationem
1049 2333 1131 2362 vocis
1154 2340 1231 2363 tesca
1254 2333 1313 2362 huc
1335 2334 1505 2373 irrepsisse,
1530 2333 1663 2371 adeoque
1687 2333 1857 2371 legendum:

691 2368 842 2408 Pergentes
865 2372 923 2401 alte
945 2374 1105 2405 Aethere-as
1126 2383 1151 2404 et
1175 2374 1252 2405 celsa
1276 2375 1389 2406 volabis

695 2410 786 2440 Tesca
808 2415 929 2453 antiqua
952 2416 1054 2446 Deum.
