2263 2668
746 129 975 165 EXEMPLA
1001 128 1369 165 ELOCUTIONUM.

1961 138 2035 171 223

190 236 235 258 re.
262 222 359 257 Idem
379 222 463 256 Aen.
488 219 577 256 V.²⁶:
605 222 776 265 Quamvis
797 226 890 260 solus
919 235 1021 258 avem
1043 224 1142 257 caelo
1170 224 1296 257 deiecit
1323 225 1371 258 ab
1400 227 1482 260 alto.
1535 227 1691 262 Deiectus
1723 228 1767 262 de
1795 229 1852 262 illa
1884 241 1931 264 re.
1965 230 2034 266 Cic.

189 286 254 322 pro
277 271 493 308 Muraenafl:
519 274 637 308 Deiici
661 276 708 310 de
731 276 828 311 urbis
848 276 1033 323 praesidio
1055 279 1088 309 et
1111 275 1297 309 deturbari
1320 277 1366 310 de
1389 279 1550 313 custodia
1572 280 1722 314 civitatis
1746 281 1873 314 volunt.

86 345 215 380 Doctus
236 344 325 376 illius
346 344 404 376 rei.
432 342 526 387 Virg.
549 343 632 377 Aen.
658 341 747 379 X.²⁸:
779 345 941 392 Quarum
970 355 1062 390 quae
1083 343 1199 390 sandi
1227 345 1430 379 doctissima
1460 347 1692 392 Cymodocea,

189 396 258 430 Sal.
284 391 432 429 Catil.²⁹:
458 395 601 428 Litteris
627 395 778 430 Graecis
802 401 835 430 et
858 396 995 430 Latinis
1024 396 1141 431 docta.

1744 349 1871 384 Doctus
1899 350 1955 383 illa
1990 362 2036 384 re.

1196 396 1322 429 Doctus
1345 397 1437 430 illam
1462 411 1541 433 rem.
1569 401 1636 434 Sal.
1661 397 1807 435 Catil.³⁰:
1834 401 1907 435 Per
1929 402 2037 446 lega-

190 451 243 480 tos
266 450 393 480 cuncta
414 446 565 479 edoctus.
592 447 638 480 Et
658 448 742 481 Hist.
761 449 807 482 I.:
834 448 969 481 Doctus
998 444 1205 483 milieimnffl.
1249 448 1376 482 Doctus
1402 449 1445 482 ad
1470 451 1562 485 illam
1582 463 1663 485 rem.
1690 453 1825 486 Terent.
1849 450 2036 497 Hecyra³²z

191 498 236 532 In
263 498 451 542 eodemque
478 508 594 531 omnes
620 499 706 532 mihi
732 500 894 533 videntur
916 499 1000 532 ludo
1026 500 1155 532 doctae
1182 499 1233 533 ad
1259 500 1431 534 miliciam.

87 567 228 602 Desiluit
248 565 327 599 hoc.
350 565 447 609 virg.
468 565 550 600 Aen.
572 563 661 600 X.³³:
694 567 846 601 Desiluit
879 568 1016 601 Turnus
1053 567 1193 614 biiugis.
1245 568 1385 602 Desiluit
1414 569 1457 603 ab
1486 569 1563 606 hoc.
1589 570 1686 605 Idem
1709 566 1820 604 XI.³⁴:
1853 571 2039 617 Portisque

191 617 237 651 ab
262 627 348 662 equo
368 616 515 662 Regina
536 617 599 651 sub
625 619 707 652 altis
731 619 892 653 Desiluit.

87 685 272 733 Digredior
293 685 343 717 illi
365 685 454 720 loco.
491 686 559 721 Sal.
582 686 655 732 lug.
666 683 709 721 ³⁵:
741 687 919 721 Numidas
942 686 1073 732 quietos
1102 698 1212 733 neque
1242 688 1330 721 colle
1360 688 1508 734 digredi
1539 690 1798 724 animadvertit.

1856 689 2040 736 Digredior

189 737 285 771 illum
304 737 429 772 locum.
453 737 521 770 Sal.
538 738 624 772 Hist.
645 736 752 773 1V.³⁵:
778 739 985 773 Exercitum
1011 738 1141 772 dimisit
1169 743 1206 772 ut
1222 740 1381 784 primum
1410 741 1522 786 Alpes
1543 743 1726 787 digressus
1746 745 1805 775 est.

87 790 196 825 Decet
216 793 260 822 te.
293 788 363 824 Cic.
384 789 535 834 Philipp.
557 786 648 823 11.³⁷:
686 790 805 837 Quam
833 791 872 824 id
899 794 951 831 te,
989 789 1053 823 Dii
1084 790 1181 832 boni,
1211 803 1278 824 non
1307 792 1467 828 decebat.

1522 794 1627 827 Decet
1653 793 1722 826 tibi.
1746 793 1813 826 Sal.
1845 792 1934 828 Hist.
1957 793 1982 826 I.
1997 790 2039 827 ³9:

192 841 324 874 Locum
348 841 547 883 editiorem,
574 853 681 886 quam
704 842 892 876 victoribus
913 840 1078 882 decebat,
1105 843 1211 887 capit.
1239 843 1375 876 Terent.
1397 841 1591 888 Adelph.³⁰:
1615 845 1675 878 Ita
1693 844 1791 877 nobis
1811 843 1923 880 decet.

87 893 237 928 Dimidio
259 892 362 936 pluris
382 893 418 926 id
439 898 487 925 est
509 893 626 938 duplo,
658 893 727 927 Cic..
757 894 790 926 in
814 890 1076 927 Frumentaria⁴⁰

428 943 513 978 Cum
544 945 654 989 primo
678 957 763 978 anno
792 945 942 978 venditas
975 944 1066 978 dicat
1094 946 1194 980 tritici
1223 946 1372 980 modium
1395 944 1552 981 XV111.⁴¹
1578 948 1732 988 milibus,
1763 946 1909 981 secundo
1942 947 2040 981 tritici

189 943 375 978 triennium.

1085 919 1094 937 ‚
1122 900 1299 928 comment.
1325 895 1368 928 de
1393 895 1551 929 Decumis
1575 896 1820 929 Herbitensium
1842 907 1904 939 per
1928 893 2036 941 [507]

191 995 341 1029 modium
368 993 507 1029 ΧΧῚῙ.42
525 997 674 1038 milibus,
700 996 857 1037 DCCC.;
890 1007 976 1030 anno
1005 996 1103 1029 tertio
1127 1008 1229 1042 supra
1258 998 1397 1032 iaciente
1407 995 1431 1015 4³
1450 999 1658 1033 Aeschrione
1687 999 1835 1032 venditas
1865 998 1946 1033 dicit
1966 1009 2040 1030 me·-

190 1047 343 1080 dimnum
358 1044 484 1080 V111.⁴⁴
510 1048 641 1081 milibus
665 1053 815 1089 centum,
839 1048 874 1081 id
896 1053 946 1082 est
976 1048 1125 1081 modium
1148 1050 1302 1083 XLVIII.
1328 1051 1458 1083 milibus
1480 1047 1593 1086 DC.⁴⁵.

1645 1051 1759 1095 Dupla
1782 1061 1909 1083 summa
1932 1045 2039 1081 ειῐιηί4ιῖ

190 1098 334 1144 proximi
359 1098 552 1146 addicitur,
573 1099 778 1132 medimnum
804 1096 930 1133 V111.⁴⁷
949 1099 1081 1132 milibus
1102 1100 1140 1134 C.
1167 1101 1314 1134 dimidio
1324 1098 1348 1118 ⁴⁸
1366 1101 1448 1147 sere
1465 1103 1594 1148 pluris,
1611 1114 1716 1147 quam
1733 1101 1913 1146 superiore
1937 1111 2037 1134 anno.

188 1149 286 1183 Idem
314 1161 378 1195 pro
410 1147 589 1184 Flacco49:
621 1147 791 1184 Habebat
825 1152 915 1185 enim
947 1150 1085 1184 Rhetor
1112 1152 1176 1185 iste
1210 1153 1418 1198 discipulos,
1459 1166 1543 1199 quos
1577 1154 1724 1187 dimidio
1757 1153 1923 1186 redderet
1950 1151 2039 1185 stul*-

189 1201 311 1243 tiores‚
345 1213 452 1246 quam
488 1207 696 1248 acceperat:
741 1204 911 1237 neminem
950 1206 1068 1236 tamen
1100 1204 1193 1238 adeo
1224 1205 1407 1251 infatuare
1440 1206 1571 1251 potuit,
1609 1209 1647 1239 ut
1681 1205 1713 1239 ei
1744 1215 1921 1238 nummum
1956 1214 2037 1237 con-

190 1252 360 1286 crederet.

86 1302 186 1339 Dedo
202 1304 253 1336 illi
274 1304 330 1337 rei.
357 1303 454 1337 Idem
475 1315 539 1349 pro
562 1304 602 1338 L.
619 1303 724 1339 Otho.
734 1300 774 1338 ⁵⁰:
801 1305 872 1339 Hic
887 1305 918 1339 si
938 1316 975 1339 se
993 1305 1093 1340 istius
1108 1307 1204 1341 vitae
1221 1307 1386 1344 dedisset.
1413 1308 1508 1353 Virg.
1537 1307 1666 1352 Georg.
1690 1306 1748 1342 IV.
1762 1303 1802 1340 ⁵¹:
1828 1306 1932 1340 Dede
1951 1305 2036 1339 neci.

188 1355 288 1389 Dedo
307 1356 340 1389 in
361 1356 454 1389 illam
476 1368 558 1389 rem.
586 1357 722 1390 Terent.
743 1357 849 1391 Andr.
859 1354 900 1390 ⁵²:
931 1356 1083 1392 Caesum
1102 1362 1137 1392 te
1153 1359 1189 1392 in
1205 1361 1407 1405 pistrinum,
1433 1360 1556 1403 Dave,
1583 1359 1728 1395 dedam.

88 1440 171 1469 Gerl.
195 1457 237 1463 —
261 1438 308 1480 39)
338 1441 400 1469 Ter.
424 1440 514 1472 Adel.
537 1444 567 1472 3.
586 1443 616 1474 4.
635 1442 686 1473 45.
712 1441 747 1471 A.
765 1441 805 1472 Μ.
825 1443 953 1481 Uterque
972 1441 1043 1472 cod.

86 1484 134 1511 ita
156 1483 242 1511 nobis
260 1482 388 1513 decebat.
412 1483 466 1512 Illo
487 1488 586 1512 autem
606 1485 671 1514 Ter.
696 1484 763 1512 loco
783 1485 883 1514 editur
907 1491 941 1512 ut
961 1485 1045 1513 vobis

87 1524 185 1562 decet5
208 1525 265 1554 nisi
289 1527 365 1555 forte
390 1526 463 1555 alius
488 1527 572 1555 locus
594 1526 780 1564 intelligitur.
802 1543 845 1550 —
861 1528 906 1565 40)
929 1527 990 1558 Cic.
1012 1529 1046 1556 in

85 1567 304 1596 Frumentaria
322 1571 372 1600 32.
395 1569 430 1597 A.
453 1569 492 1597 Μ.
518 1569 592 1597 cod.
618 1570 673 1598 Gu.
699 1569 759 1600 Cle.
787 1570 950 1600 Commeat.
972 1570 1044 1599 Tres

87 1610 183 1640 Codd.
207 1611 288 1650 apud
312 1612 403 1640 Orell.
432 1611 494 1640 Cic.
527 1612 687 1641 Comment.
704 1614 924 1649 fiumenlccria.
947 1613 1043 1651 Equi—

87 1652 154 1681 dem
173 1653 329 1691 pulabam,
354 1654 586 1683 Grammaticum
606 1655 751 1684 voluisse:
786 1656 885 1684 Cicero
904 1658 936 1683 in
959 1656 1042 1683 Fru—

86 1697 259 1733 mentarm,
296 1699 541 1725 commentatione
570 1697 606 1725 de
633 1697 776 1726 Decumi-s·
801 1698 1039 1731 Ilerbctenm'um,

85 1737 178 1776 idque
201 1739 350 1778 rescripsi.
386 1740 428 1768 De
450 1740 531 1768 omni
552 1745 648 1768 aulem
674 1741 723 1779 qui
746 1741 882 1778 sequitur
912 1742 978 1769 loco
1001 1742 1040 1769 cs.

86 1780 194 1809 Orellii
211 1791 355 1810 excursus
379 1782 416 1810 ad
441 1783 502 1813 Cic.
526 1782 593 1811 Act.
608 1783 689 1811 Verr.
707 1783 743 1811 Il.
762 1784 812 1813 lib.
828 1783 863 1812 11.
885 1793 949 1822 pag.
968 1786 1040 1815 272.

85 1832 169 1861 seqq.
193 1839 233 1846 —
255 1823 301 1864 41)
325 1824 440 1852 stadiis
457 1825 663 1853 XXXXIIII.
677 1826 803 1854 milibus
821 1826 855 1854 A.
873 1826 910 1855 Μ.
928 1825 1040 1853 modiis

86 1865 223 1894 XLIIII.
247 1868 295 1898 ὦ.
313 1867 383 1897 Cod.
400 1869 455 1896 Gu.
472 1869 516 1897 Cf.
534 1868 676 1896 Ursinum
702 1869 781 1907 apud
801 1869 893 1899 Orell.
910 1869 929 1896 l.
950 1879 976 1896 c.
1005 1868 1039 1895 In

85 1917 277 1936 numerorum
295 1909 385 1947 signis
405 1911 444 1939 L.
467 1915 496 1939 et
516 1911 552 1939 V.
572 1910 741 1950 saepissime
766 1911 888 1940 Codices
909 1911 1039 1938 consun-

87 1950 174 1979 dunt.
201 1965 244 1972 —-
271 1950 316 1986 42)
340 1952 454 1980 spsodic's
480 1954 590 1983 XXV.
614 1958 739 1991 uterque
761 1954 831 1982 Cod.
861 1951 1037 1991 Depravatio

87 1997 152 2021 orla
179 2002 215 2020 ex
237 2002 298 2020 non
320 1992 471 2023 intellecto
492 1995 679 2034 compendio.
708 2011 751 2017 —
786 1996 833 2033 43)
857 1998 959 2033 Supra
989 1995 1038 2020 ia·

86 2040 166 2063 cente
176 2039 273 2073 uterq.
291 2035 361 2064 Cod.
375 2036 464 2075 Apud
479 2037 539 2067 Cic.
557 2043 617 2066 est:
641 2048 737 2076 supra
753 2037 865 2065 adiecit
874 2037 1037 2070 Aeschrio,-

86 2087 178 2117 quare
204 2077 263 2105 iam
291 2077 415 2106 Ursinus
440 2080 593 2118 rescripsit
614 2091 711 2118 supra
736 2081 870 2109 iaciente.
902 2079 1038 2106 Fortasse

86 2124 185 2149 lamen
204 2119 359 2157 legendum
372 2132 466 2159 supra
489 2122 658 2150 adite-iente.
683 2123 818 2150 Ceterum
840 2122 870 2148 in
893 2120 962 2148 cod.
981 2122 1037 2147 Gu.

85 2167 130 2191 est
153 2163 321 2190 Esau-tone.
342 2179 384 2184 —
412 2164 459 2202 44)
487 2164 633 2193 Venditas
651 2163 758 2191 dicunt
779 2163 939 2190 medimnis
965 2161 1037 2206 ΙΙζ-Ῑ.

85 2209 219 2237 milibus.
246 2209 278 2236 Α.
304 2208 341 2237 M.
373 2208 525 2238 Venditus
553 2209 661 2238 dicunt
689 2209 858 2236 medimnus
881 2207 937 2240 ῘΠῙ
969 2210 1035 2239 mcl,

85 2251 158 2279 Cod.
175 2252 231 2280 Gu.
254 2250 402 2279 Ventlitas
426 2251 534 2280 dicunt
557 2252 741 2280 medimnum
768 2252 854 2282 Vlll.
874 2251 949 2279 mill.
974 2250 1039 2279 Ur-

85 2293 142 2324 sin.
159 2294 248 2321 Dicit
267 2293 387 2332 scripsi,
411 2294 556 2332 epodosin
571 2295 742 2323 existimans
765 2304 826 2322 esse
843 2293 880 2321 nd
899 2293 1038 2331 superio-

85 2346 118 2365 ra
143 2346 239 2374 quum
256 2337 394 2364 venditas
411 2336 505 2365 dicat.
528 2351 566 2357 -—
598 2339 646 2372 45)
671 2336 752 2364 Idem
770 2336 882 2364 modiis
901 2336 1037 2364 XLVII.

86 2378 211 2407 milibus
227 2378 319 2407 ‹lic-tls
339 2379 372 2408 A.
390 2379 430 2408 M.
458 2380 550 2408 Ilecle
571 2377 642 2407 cod.
664 2379 721 2408 Gu.
745 2380 774 2407 .ι”.
793 2379 872 2418 quod
892 2378 1037 2417 significat

1781 1358 1878 1392 Dede
1892 1357 1937 1390 ad
1959 1356 2037 1390 hoc.

1087 1442 1123 1471 id
1138 1448 1189 1472 est.
1211 1443 1374 1473 Numerum
1402 1445 1474 1476 cod.
1498 1445 1554 1474 Gu.
1576 1443 1664 1472 habet
1689 1442 1791 1472 XLIII.
1813 1442 1938 1471 Ursinus
1963 1451 2039 1480 pro-

1086 1486 1174 1514 bante
1194 1487 1308 1515 Orellio
1324 1488 1456 1516 restituit
1470 1487 1601 1516 XLVIII.
1618 1488 1721 1514 Dictis
1745 1486 1892 1524 praeclare
1906 1485 1963 1513 iam
1977 1484 2039 1512 Ur-

1086 1528 1169 1557 sinus
1185 1530 1313 1558 mutavit
1328 1530 1359 1558 in
1375 1531 1441 1558 DC
1452 1540 1616 1558 numerum.
1633 1529 1782 1567 Scriptum
1801 1528 1878 1556 euim
1894 1531 1957 1555 erat
1977 1527 2034 1564 Ῐὶῧ,

1087 1572 1164 1609 quod
1191 1572 1275 1600 stulti
1305 1572 1419 1600 librarii
1448 1583 1504 1610 pro
1538 1571 1715 1609 compendio
1748 1570 1830 1599 vocis
1859 1569 1951 1597 dictis
1980 1570 2039 1598 lia-

1086 1614 1224 1643 buerunt.
1246 1631 1287 1636 —
1309 1615 1356 1651 46)
1383 1614 1459 1642 Cum
1471 1615 1609 1652 proxime
1625 1613 1657 1641 A.
1673 1613 1710 1642 M.
1730 1623 1800 1640 cum
1814 1613 1949 1651 proximi
1965 1612 2037 1642 Cod.

1087 1657 1143 1685 Gu.
1165 1667 1231 1685 cum
1255 1656 1320 1684 aliis
1338 1657 1431 1684 tribus
1455 1656 1536 1694 apud
1560 1656 1716 1684 Orellium.
1739 1655 1890 1683 Praeclare
1911 1654 2037 1683 Ursinus

1085 1699 1253 1727 emendavit
1278 1699 1353 1726 anni
1369 1700 1513 1735 proximi.
1537 1697 1708 1736 Scripturae
1735 1696 1942 1735 compendium
1975 1702 2038 1725 erat

1086 1739 1156 1775 a—r‘z„
1180 1741 1259 1779 quod
1275 1751 1328 1778 pro
1344 1751 1410 1767 cum
1425 1740 1562 1777 legerunt
1576 1739 1710 1768 homines
1726 1738 1873 1777 iniperili3
1896 1738 1945 1766 vel
1959 1740 2037 1768 scri-

1083 1788 1167 1822 ptun]
1187 1788 1248 1811 erat
1274 1784 1344 1819 ani,
1367 1783 1496 1821 simplici
1513 1793 1541 1811 n.
1566 1782 1647 1820 quod
1663 1781 1779 1809 facilius
1806 1781 1892 1808 etiam
1911 1785 1973 1809 erat
1997 1782 2035 1810 ad

1083 1825 1343 1863 corrumpendum.
1380 1841 1421 1846 --
1469 1826 1522 1862 47)
1552 1824 1741 1852 Aledimnnm
1777 1823 1846 1851 dedi
1881 1833 1936 1861 pro
1976 1835 2033 1852 me-

1082 1867 1195 1895 dimnis
1210 1877 1277 1895 cum
1301 1866 1420 1895 Ursino.
1444 1884 1483 1888 —-
1506 1867 1554 1905 48)
1577 1865 1719 1895 Dimidio
1744 1866 1836 1894 adieci
1852 1875 1867 1893 e
1883 1865 1952 1894 Cod.
1975 1868 2033 1896 Gu.

1081 1919 1154 1947 quae
1175 1919 1233 1938 vox
1259 1909 1341 1937 abest
1361 1920 1376 1937 a
1401 1910 1472 1939 Cod.
1495 1909 1529 1938 A.
1553 1909 1592 1938 M.
1614 1909 1671 1937 Sed
1697 1909 1753 1936 ium
1787 1908 1914 1937 Ursinus
1941 1909 2034 1937 addi-

1081 1952 1173 1980 derat.
1199 1968 1235 1972 —-
1266 1951 1313 1989 49)
1337 1951 1421 1980 Idem
1442 1963 1502 1990 pro
1523 1952 1633 1980 Flacco
1655 1953 1704 1984 20.
1729 1951 1761 1982 Α.
1784 1952 1822 1981 Μ,
1858 1950 2034 1979 Concederet

1081 1993 1154 2022 Cod.
1180 1993 1213 2022 A.
1232 1994 1270 2023 M.
1290 1994 1341 2022 sed
1365 1994 1548 2023 concrederet
1573 1999 1652 2024 recle
1676 1994 1747 2023 Cod.
1773 1994 1828 2022 Gu.
1855 1993 1946 2022 Editt.
1971 1994 2032 2022 Cic.

1081 2035 1216 2064 muln-et.
1259 2052 1302 2057 —
1344 2037 1390 2074 50)
1416 2036 1500 2065 Idem
1523 2048 1581 2076 pro
1615 2037 1708 2066 Collto
1734 2038 1805 2068 992.
1831 2035 1864 2064 A.
1887 2036 1925 2064 M.
1948 2035 2032 2064 Idem

1074 2088 1133 2116 pro
1153 2078 1250 2107 Coelio
1274 2079 1346 2109 eod.
1368 2080 1424 2108 Gu.
1442 2081 1532 2108 Recte
1547 2081 1584 2110 L.
1607 2079 1721 2108 Othone
1746 2079 1803 2107 iam
1824 2078 1895 2107 olim
1914 2079 2032 2107 rescri-

1080 2125 1164 2158 ptum
1181 2126 1233 2150 est.
1251 2122 1327 2150 Viae
1341 2122 1414 2151 Cod.
1434 2124 1465 2153 Α,
1482 2123 1520 2152 Μ.
1540 2124 1623 2151 vitae
1638 2122 1707 2150 dedi
1724 2132 1738 2150 e
1755 2121 1824 2150 cod.
1841 2121 1897 2150 Gu.
1918 2137 1961 2143 —
1983 2124 2027 2155 51)

1084 2163 1171 2202 Virg.
1203 2165 1313 2203 Georg.
1344 2163 1423 2194 ΙΙῙῙ.
1457 2168 1507 2197 90.
1538 2165 1571 2195 Λ.
1605 2165 1644 2194 Μ.
1688 2181 1730 2186 --
1773 2165 1828 2199 52)
1859 2164 1924 2193 Ter.
1946 2162 2029 2192 And.

1081 2207 1108 2236 1.
1148 2209 1177 2237 2.
1209 2209 1256 2239 28.
1294 2207 1326 2235 A.
1358 2207 1396 2235 M.
1427 2206 1502 2235 clare
1537 2207 1645 2236 dedam
1681 2206 1752 2235 Cod.
1781 2206 1838 2236 Gu.
1874 2205 2030 2243 Subiungit

1082 2247 1127 2275 his
1152 2248 1228 2277 idem
1253 2249 1324 2279 Cod.
1346 2261 1402 2288 per
1433 2251 1559 2287 vitium,
1591 2250 1698 2289 quibus
1723 2249 1795 2287 quid
1821 2249 1942 2284 faciam,
1979 2257 2029 2275 ne-

1080 2290 1151 2319 scio.
1188 2291 1278 2332 Apud
1310 2292 1482 2322 Terentium
1514 2293 1650 2322 additum
1677 2297 1735 2321 est:
1779 2301 1872 2329 nsque
1900 2289 1944 2318 ad
1976 2300 2028 2317 ne-

1079 2344 1148 2364 cern.
