2263 2668
444 166 506 199 DE
535 166 808 202 VERBORUM
834 166 1220 202 SIGNIFICATIONE
1248 168 1560 207 FRAGMENTA.
1817 170 1892 206 2⁰5

678 262 765 295 frum
953 289 960 296 .
1222 290 1228 297 .
1293 290 1298 296 .
1354 290 1361 298 .
1479 290 1485 297 .
1542 294 1548 300 .
1603 292 1610 299 .
1787 265 1889 298 danto

112 338 119 344 .
175 339 182 345 .
297 339 304 346 .
482 286 634 346 Pontina
658 313 768 347 tribus
796 326 819 347 a
846 314 969 348 Pontia
991 313 1074 346 urbe
1101 313 1215 355 dicta,
1243 324 1266 346 a
1294 325 1366 358 qua
1393 289 1425 347 et
1446 317 1557 360 palus
1584 327 1718 362 quoque
1743 316 1889 350 Pontina

112 363 298 408 appellata
334 368 382 397 est
417 364 518 397 iurta
558 364 807 400 Teimracenam
867 363 1076 409 Papiria3
1110 364 1222 398 tribus
1249 376 1272 397 a
1298 365 1444 410 Papirio
1471 369 1656 413 appellata
1684 372 1750 412 est,
1785 369 1889 403 vela

109 414 222 447 nomi*
249 416 343 460 agri,
378 416 436 460 qui
463 416 560 449 circa
593 415 780 450 Tusculum
807 421 868 452 est.
921 417 1014 450 Huic
1039 417 1190 461 Pupinia
1217 415 1328 449 tribus
1361 417 1412 450 ita
1443 420 1623 453 coniuncta
1639 419 1735 466 fuit,
1778 424 1815 453 ut
1843 420 1889 454 de

96 465 238 512 finibus
257 467 451 512 aliquando
478 468 671 512 susceperit
693 467 841 512 bellum,
869 469 962 512 quod
988 468 1153 501 indictum
1175 479 1244 513 per
1260 467 1411 513 fetiales
1437 481 1515 503 cum
1541 476 1642 513 esset,
1673 471 1763 504 duce

109 517 270 563 inser:tur
303 519 431 551 bellum
458 519 576 564 itaque
603 519 770 562 initurae,
802 531 882 553 cum
913 524 1063 566 utraque
1096 519 1206 553 tribus
1240 520 1423 553 instructos
1451 523 1615 556 exercitus
1641 522 1811 556 haberent
1835 523 1886 557 ad

108 569 371 612 dimicandum,
403 571 485 615 quia
512 570 659 603 alterius
685 571 760 604 dux
787 572 980 605 discesserat
1005 573 1079 605 iam
1104 571 1151 605 ab
1178 572 1306 612 sirmis,
1342 571 1635 608 caduceatoribus
1661 578 1743 608 ante
1776 585 1884 619 quam

107 621 237 665 signum
265 621 483 661 conferrent,
510 622 671 666 utrinque
698 623 749 656 ad
770 624 944 657 exercitus
969 624 1098 664 missis,
1126 635 1197 657 rem
1225 623 1259 656 in
1285 623 1433 667 ipsorum
1461 624 1599 659 arbitrio
1625 625 1796 670 futuram
1819 625 1884 659 de-

106 673 324 714 nuntiarunt,
355 684 399 705 ac
427 679 610 718 potestate,
646 674 702 717 (ac
729 677 919 720 potestate)
956 676 1006 709 ita
1041 675 1114 709 sine
1147 675 1223 708 ulla
1259 674 1485 708 dimicatione
1522 678 1697 722 uniusque
1722 678 1883 711 exercitus

105 723 268 769 suffragio
291 736 371 770 pat
386 724 507 770 sacta.
560 725 759 770 Pupinia
792 726 917 760 Tribus
949 728 993 760 ab
1026 728 1099 772 agri
1131 727 1265 759 nomine
1294 726 1410 767 dicta,
1448 728 1506 772 qui
1532 728 1692 774 Pupinus
1717 729 1883 814 appella—

104 779 163 808 tur
189 776 287 809 circa
314 777 500 809 Tusculum
526 777 644 809 urbem
824 805 832 812 .
887 804 894 811 .
949 806 956 813 .
1009 805 1018 813 .
1194 778 1345 811 meminit
1371 778 1529 812 invictum
1567 807 1574 814 .

230 832 288 862 est.
342 828 535 873 Popillia
561 828 668 861 tribus
693 840 766 862 una
793 830 940 875 quinque
963 833 995 863 et
1017 830 1169 876 triginta
1191 830 1362 872 tribuum,
1393 834 1443 863 tot
1471 832 1558 864 enim
1585 831 1741 865 fuerunt:
1768 843 1792 864 a
1816 832 1883 864 Po-

98 879 228 924 pilliae
242 879 407 925 feminae
422 879 526 925 felici
551 881 685 913 nomine
712 881 912 926 appellata,
940 882 1112 927 quomodo
1138 881 1250 915 tribus
1276 893 1410 926 quoque
1436 883 1567 915 Pinaria
1594 895 1614 915 a
1636 883 1754 916 sororis
1775 883 1882 916 Pina-

103 931 149 964 rii
174 931 291 972 dicta,
325 931 399 965 sive
426 931 472 964 ab
500 932 573 965 eius
598 932 740 965 nomine.
794 933 956 978 Populi
983 945 1165 967 commune
1191 937 1241 967 est
1270 934 1304 966 in
1331 933 1471 979 legibus
1486 934 1653 979 serendis
1680 946 1754 967 cum
1781 935 1882 979 plebe

102 982 310 1027 suffragium.
338 994 421 1016 nam
449 984 590 1016 comitia
617 984 816 1017 centuriata
843 996 883 1018 ex
909 985 1076 1029 patribus,
1117 990 1149 1018 et
1175 985 1279 1030 plebe
1306 989 1463 1018 constant
1490 987 1524 1019 in
1552 987 1727 1019 centurias
1752 986 1881 1019 divisis.

102 1038 141 1066 at
167 1045 244 1068 cum
272 1034 392 1079 plebes
418 1035 486 1068 sine
513 1034 666 1079 patribus
688 1035 826 1069 tributis
853 1037 1000 1070 comitiis
1026 1037 1193 1078 convenit,
1212 1037 1304 1080 quod
1332 1037 1451 1081 plebes
1478 1038 1581 1078 scirit,
1604 1038 1821 1082 plebiscitum
1844 1038 1882 1070 id

102 1097 146 1118 ea
180 1086 226 1119 de
260 1097 371 1119 causa
403 1087 604 1131 appellatur.
658 1087 794 1120 Patrum
822 1099 1004 1122 commune
1038 1100 1115 1122 cum
1136 1089 1271 1134 populo
1302 1087 1420 1136 suffia
1435 1085 1493 1138 Η,Β
1478 1090 1591 1131 «rium,
1631 1088 1753 1134 quibus
1798 1087 1879 1135 [43]

100 1136 388 1185 suffragantibus
416 1137 470 1185 fit
505 1138 632 1183 populi
664 1139 798 1173 scitum.
863 1140 981 1173 Prot
988 1152 1021 1173 Sl
1055 1141 1182 1174 limites
1212 1140 1441 1186 appellantur
1467 1142 1501 1173 in
1534 1151 1711 1187 agrorum
1743 1152 1876 1173 mensu-

100 1190 167 1232 ris,
202 1189 262 1234 qui
290 1189 414 1223 directi
439 1193 517 1223 sunt
545 1189 596 1222 ad
622 1190 799 1225 orientem.
854 1191 1007 1237 Pugio
1034 1192 1149 1226 dictus
1174 1192 1308 1225 videtur
1336 1203 1375 1225 eo
1405 1193 1499 1237 quod
1519 1192 1679 1238 punctim
1703 1196 1845 1237 pugnat
1858 1194 1930 1223 *.‘f·
1948 1199 2054 1228 pungat,

100 1240 241 1286 Propi
250 1241 342 1274 lia*
369 1240 480 1275 tribus
507 1252 531 1274 a
557 1242 694 1274 nomine
720 1243 984 1287 progenetricis
1018 1244 1130 1277 traxit
1163 1243 1385 1278 vocabulum.
1420 1255 1503 1277 nam
1538 1247 1784 1278 consueverunt
1817 1246 1930 1276 non*f-
1944 1245 2055 1279 Popillia

98 1292 209 1325 solum
237 1304 260 1325 a
288 1292 390 1335 viris,
434 1293 499 1326 sed
526 1304 550 1325 a·
565 1292 717 1338 feminis
742 1305 877 1339 quoque
904 1294 1016 1328 tribas
1041 1296 1234 1332 nominare.
1297 1295 1469 1329 Praebi
1479 1308 1503 1329 a
1536 1296 1702 1330 dicuntur
1735 1294 1882 1329 curandi

98 1344 180 1376 mali
200 1344 378 1385 remedia,
410 1344 591 1385 videlicet,
618 1356 710 1390 quae
737 1347 925 1379 curationis
953 1357 1058 1380 causa
1080 1347 1337 1392 praebeantur
1389 1347 1483 1381 Par
1491 1358 1543 1381 ar
1553 1345 1605 1381 e4
1627 1348 1717 1381 inter
1742 1358 1780 1380 se
1806 1358 1881 1380 mu-

98 1406 156 1428 nus
179 1395 385 1437 dicebatur,
416 1407 495 1429 cum
517 1396 651 1430 sortitio
666 1396 789 1444 fiebat
812 1409 836 1430 a
858 1409 942 1443 ma0
925 1399 1014 1432 isti
1015 1399 1127 1432 atibus
1150 1400 1188 1432 P.
1212 1400 1254 1432 R.
1277 1403 1355 1433 uter
1376 1400 1632 1445 magistratus,
1660 1410 1783 1432 veram
1805 1409 1880 1431 rem

99 1450 219 1482 acere*
242 1446 405 1481 deberet:
435 1452 497 1481 aut
523 1448 613 1481 inter
638 1459 677 1482 se
703 1449 961 1494 comparabant
989 1450 1035 1484 de
1061 1452 1164 1484 rebus
1191 1451 1274 1496 lege
1295 1451 1486 1485 mandatis.
1539 1451 1665 1497 Itaque
1688 1451 1722 1484 in
1745 1454 1879 1492 senatu,

98 1503 131 1532 et
157 1500 192 1532 in
219 1499 357 1533 comitio
385 1510 521 1544 quoque
547 1500 685 1542 sortiri,
717 1505 779 1533 aut
805 1501 896 1534 inter
920 1513 959 1536 se
982 1513 1121 1547 parare
1145 1502 1322 1545 solebant,
1358 1507 1468 1536 utrum
1496 1503 1607 1545 exire,
1639 1507 1757 1535 utrum
1784 1501 1880 1534 domi

97 1561 244 1584 manere
270 1554 455 1596 oporteret.
481 1562 566 1585 nam
591 1551 789 1585 Consulibus
816 1564 924 1598 aeque
950 1565 995 1587 ac
1017 1554 1250 1588 Praetoribus
1272 1555 1368 1588 novis
1389 1555 1423 1588 in
1439 1555 1661 1600 provinciam
1682 1555 1751 1596 ire,
1779 1559 1878 1596 atque

97 1613 138 1634 ex
165 1614 204 1635 ea
231 1613 306 1636 rem
331 1613 482 1647 gerere:
508 1606 632 1636 contra
655 1602 774 1645 abire,
801 1605 886 1638 anni
906 1605 1041 1650 prioris
1066 1606 1318 1651 magistratibus
1344 1617 1431 1652 opus
1457 1610 1546 1640 erat.
1573 1607 1656 1651 lege
1683 1606 1789 1638 etiam
1816 1616 1877 1638 ca-

97 1653 262 1694 vebatur,
298 1657 335 1686 ut
362 1658 474 1687 certos
499 1655 584 1687 intra
611 1655 683 1687 dies
710 1655 894 1701 designati
919 1657 1153 1702 magistratus
1172 1658 1371 1703 provincias
1397 1658 1481 1691 inter
1508 1670 1542 1691 se
1568 1660 1746 1701 pararent.
1800 1656 1876 1689 Pe—

97 1705 228 1749 regri
237 1703 344 1738 nos5
366 1705 459 1739 inter
484 1705 547 1738 Pr.
566 1705 622 1738 dr.
646 1706 740 1750 quod
767 1707 873 1740 aliter
899 1708 988 1742 Inter
1014 1709 1110 1752 civis,
1147 1710 1243 1743 aliter
1267 1710 1352 1742 inter
1373 1710 1587 1754 peregrinos
1612 1709 1666 1742 ius
1692 1706 1877 1741 dicebatur

97 1768 121 1789 a
144 1755 333 1789 Praetore:
359 1757 507 1802 ideoque
532 1757 612 1802 lege
637 1758 784 1802 primum
810 1759 967 1793 fuscum*
989 1771 1078 1794 unus
1099 1764 1235 1794 tantum
1251 1760 1385 1806 fuisse,
1407 1764 1536 1805 postea
1559 1760 1629 1793 cluo
1650 1759 1781 1793 idcirco
1803 1760 1927 1792 sunt*¹'-
1947 1760 2031 1786 fuscus

96 1808 199 1842 creati
220 1807 425 1843 Praetores,
464 1808 773 1844 Praemetium
800 1811 941 1853 dicitur,
968 1812 1063 1857 quod
1089 1818 1164 1845 ante
1192 1813 1335 1853 metitur,
1362 1812 1460 1855 quasi
1480 1822 1738 1856 praemessum,
1762 1821 1874 1856 prae-

95 1858 272 1892 libationis
297 1871 417 1893 causa,
470 1860 708 1896 Protelare
734 1862 854 1896 dicitur
880 1863 985 1908 longe
1011 1864 1228 1909 propellere,
1258 1875 1301 1896 ex
1330 1863 1472 1896 Graeco
1498 1863 1679 1905 videlicet,
1708 1862 1803 1908 quod
1830 1867 1876 1895 est

95 1910 175 1944 The
186 1914 209 1951 *,
257 1916 291 1943 et
323 1910 495 1957 significat
530 1912 646 1958 longe.
708 1913 897 1948 Privato
930 1919 1105 1960 sumptu
1137 1927 1172 1948 se
1199 1915 1332 1948 alebant
1358 1914 1482 1948 milites
1503 1914 1659 1948 Romani
1684 1918 1873 1959 antequam
1901 1912 1940 1937 Ὗ·
1958 1912 2021 1944 τῆλε

1905 424 1943 451 *t
1961 427 1991 452 A.
2010 434 2042 452 ne

1906 1450 1938 1475 *ᾗ
1956 1457 2033 1483 agere

1004 2028 1201 2052 avocarentur
1225 2023 1313 2052 bellis
1334 2022 1485 2061 finitimis,
1521 2033 1617 2063 neque
1641 2028 1716 2052 esset
1737 2022 1767 2051 in
1791 2021 1868 2050 civi-

1002 2070 1078 2101 tate,
1103 2066 1154 2104 qui
1170 2066 1216 2094 ius
1232 2065 1358 2094 reddere
1380 2071 1495 2105 posset:
1519 2067 1629 2095 factum
1645 2070 1706 2102 est,
1730 2069 1762 2093 ut
1777 2065 1868 2093 Prae-

1002 2113 1052 2137 tor
1067 2118 1186 2147 quoque
1209 2113 1378 2145 crearetur,
1402 2109 1455 2147 qui
1472 2109 1608 2138 Urbanus
1625 2107 1789 2147 appellatus
1816 2111 1868 2143 est,

95 2019 237 2048 Consules
253 2025 459 2059 compararent
480 2021 558 2051 inter
570 2032 610 2058 se,
635 2023 860 2054 sortirenturve.
882 2024 958 2053 Pro-

92 2062 208 2091 vincias
230 2067 326 2091 autem
342 2063 420 2092 inter
435 2074 465 2092 se
487 2064 648 2102 parabant,
672 2066 734 2094 sive
755 2067 960 2096 sortiebantur

92 2115 152 2134 non
168 2105 256 2133 modo
277 2106 434 2143 Consules,
457 2106 508 2135 sed
531 2107 616 2136 etiam
639 2109 802 2138 Praetores.
846 2109 957 2138 Livius.

93 2147 193 2176 Idibus
213 2148 344 2185 Martiis,
369 2159 426 2187 quo
450 2148 498 2178 die
515 2149 659 2179 Consules
682 2151 884 2188 magistratum
907 2152 957 2180 in-

91 2191 205 2226 ierunt,
239 2191 324 2219 [laha
350 2191 494 2220 ambobus
518 2193 670 2230 provincia
692 2193 822 2223 decreta.
872 2195 957 2222 Prae-

91 2238 170 2262 tores
183 2233 280 2262 sortiti
299 2234 470 2272 provincias
485 2239 562 2263 sunt.
594 2235 666 2264 ltem
681 2235 840 2272 Consules,
865 2237 958 2265 Prae-

90 2280 230 2314 toresque
251 2285 318 2305 cum
342 2276 445 2305 Idibus
472 2277 587 2306 Martiis
609 2278 797 2316 magistratus
826 2278 957 2315 inissent,

90 2318 261 2357 provincias
280 2319 377 2348 sortiti
394 2324 473 2349 sunt.
497 2330 594 2356 acere,
618 2331 672 2360 pro
694 2331 782 2359 agere
798 2322 829 2349 in
853 2331 956 2350 exem—

91 2361 166 2400 plari
183 2361 328 2399 scriptum
346 2367 404 2396 est⁷
433 2362 556 2401 antiqua
574 2363 624 2392 illa
642 2363 874 2401 consuetudine,
898 2374 955 2403 qua

91 2413 116 2431 c.
135 2413 209 2443 pro,
244 2413 272 2441 g.
298 2405 457 2443 ponebant.
509 2405 583 2434 Vide
609 2406 638 2434 in
668 2406 776 2434 Orcus.
820 2407 888 2435 Urs
914 2423 955 2429 —

93 2444 120 2484 5)
145 2446 334 2485 Peregrinam]
368 2447 472 2484 Digest.
500 2451 526 2478 1.
556 2448 591 2477 tit
626 2451 653 2478 2.
715 2450 787 2478 Cum
813 2449 955 2478 Consules

1002 2150 1082 2189 quod
1105 2151 1136 2179 iu
1158 2150 1232 2180 urbe
1248 2151 1293 2179 ius
1315 2151 1440 2182 dicebat.
1462 2157 1531 2191 post
1555 2152 1669 2190 aliquot
1686 2149 1795 2179 deinde
1812 2159 1866 2178 an-

1000 2203 1072 2230 nos,
1096 2204 1156 2221 non
1173 2193 1337 2222 sufficiente
1353 2204 1387 2222 eo
1404 2195 1561 2232 Praetore,
1583 2193 1663 2233 quod
1685 2193 1777 2222 multa
1799 2197 1866 2220 tur-

1000 2235 1037 2264 ba
1054 2236 1142 2265 etiam
1165 2236 1392 2276 peregrinorum
1412 2237 1444 2266 in
1466 2237 1615 2267 civitatem
1628 2235 1761 2273 veniret,
1786 2244 1866 2264 crea-

1000 2282 1048 2307 tus
1072 2278 1148 2308 alius
1170 2280 1312 2316 Praetor,
1345 2279 1394 2318 qui
1418 2280 1594 2318 Peregrinus
1619 2279 1787 2319 appellatus
1809 2283 1864 2314 est,

1001 2321 1083 2359 quod
1098 2322 1273 2361 plerumque
1291 2321 1369 2351 inter
1383 2323 1553 2362 peregrinos
1574 2324 1620 2351 ius
1637 2321 1787 2351 reddebat.
1819 2320 1864 2348 Ex

997 2362 1044 2392 his
1061 2364 1159 2393 verbis
1175 2364 1272 2393 locum
1289 2364 1367 2394 Festi
1382 2365 1599 2403 resarcivimus,
1619 2365 1668 2404 qui
1683 2365 1714 2393 in
1736 2362 1864 2393 editione

996 2406 1209 2445 Augustiuiana
1231 2417 1298 2437 cum
1322 2407 1414 2438 verbo
1436 2410 1573 2444 Parare,
1596 2408 1671 2438 male
1687 2406 1864 2437 coniunctus

997 2454 1049 2478 est.
1081 2450 1158 2480 Ure.
