2263 2668
834 115 921 149 LIB.
949 115 975 148 Ι.
1017 114 1160 151 SEGM.
1187 115 1246 151 IX.

294 209 385 242 Esse
410 210 530 244 sinent.

67 260 169 295 Item:

296 312 351 346 Sit
377 312 463 346 sutis
489 309 680 350 Aenide²⁰3

69 368 121 397 et:

296 413 377 447 Ium
403 414 515 447 minus
542 418 646 459 atque
671 411 834 459 minus-²¹,-

69 471 117 498 et:

1954 118 2003 152 79

584 208 741 242 Nimium
767 208 862 243 vobis
888 209 1054 242 Romanu
1074 206 1286 254 propagoffi.

220 260 335 294 Nimis
345 258 368 277 ¹⁹
393 266 425 293 et
455 261 562 301 Sulis,
593 260 711 294 ZlIe'nus
738 267 769 294 et
795 262 978 306 Amplius,
1005 262 1157 294 omnibus
1182 262 1338 294 brevibus
1365 267 1531 307 constant,
1559 268 1610 297 ut:

500 516 624 561 Neque
650 528 706 550 me
732 517 931 551 indecorem
957 527 1136 562 germana
1162 516 1298 550 videbis

293 567 458 612 Amplius
464 563 499 599 ²².

233 616 291 651 10.
351 618 525 651 Adverbia
558 619 721 662 qualitatis
756 619 822 652 sive
855 620 1042 662 quantitatis
1067 619 1230 664 pleraque
1257 617 1382 663 gradus
1408 619 1588 663 recipiunt,
1619 620 1814 663 praesertim
1842 620 1869 652 si
1895 631 1914 652 a
1940 630 2002 652 no—

67 671 155 703 mine
188 669 329 705 veniant.

390 670 477 702 Nam
509 681 681 714 perpauca
716 676 789 702 sunt
821 671 998 711 adverbia,
1033 683 1119 714 quae
1150 671 1191 703 ab
1226 682 1259 702 se
1287 674 1357 702 orta
1385 670 1508 714 gradus
1534 670 1704 715 recipiant.

1764 671 1810 703 Et
1834 671 2003 714 quoniam,

66 733 153 765 quae
185 732 225 753 ex
261 722 329 754 aliis
362 722 511 765 partibus
544 722 700 754 orationis
735 722 924 755 derivantur
950 723 1124 763 adverbia,
1159 722 1411 754 innumerabilia
1438 728 1527 763 sunt,
1563 722 1680 754 merito
1707 723 1818 755 omnia
1845 733 2001 766 compre-

65 772 171 806 hendi
203 783 270 805 non
303 779 456 816 possum
490 778 599 806 tamen
632 774 755 805 horum
790 774 1023 807 adverbiorum
1058 774 1257 818 regulariter
1292 774 1334 806 de
1361 774 1532 817 postremis
1558 774 1693 816 syllabis
1720 769 2002 818 disputabinmsffl.

65 825 245 858 Absolutus
273 824 417 869 gradus,
449 836 549 867 quem
577 825 632 857 alii
658 825 839 857 Positivum
867 831 1003 867 vocant,
1030 826 1064 858 in
1096 825 1254 858 adverbio
1283 836 1339 858 sex
1365 825 1479 858 litteris
1505 826 1714 867 terminatur,
1749 826 1919 859 vocalibus
1944 824 2004 857 tri—

64 877 142 918 bus,
171 874 239 916 effi,
266 881 302 908 ut
327 887 446 920 saepe,
473 876 577 915 bcne;
603 888 622 909 o
643 888 776 920 semper
801 878 969 921 producta
995 877 1120 919 vocali,
1147 882 1183 910 ut
1204 887 1308 919 raro,
1325 877 1445 922 Jalso,
1472 881 1524 910 ut:
1550 876 1657 910 Falso
1684 877 1840 922 queritur
1867 877 1913 909 de
1938 887 2005 908 mt-

65 925 199 970 tura²⁵‚
226 939 250 960 u
277 938 412 971 semper
437 927 622 972 producta,
649 933 698 960 ut:

292 979 434 1022 Anceps
453 990 586 1023 pugna
614 976 718 1011 diu‘ffi.

66 1030 329 1064 consonantibus
358 1035 467 1062 autem
495 1030 597 1062 tribus
625 1030 823 1074 explicatur:
848 1041 884 1062 m
910 1029 1018 1063 littera
1044 1033 1215 1074 correpta,
1243 1034 1297 1062 ut:

1874 1026 2003 1074 [1423]

289 1081 363 1114 Illa
391 1082 500 1114 levem
517 1080 671 1127 fugiens
691 1083 829 1126 parlim
853 1086 951 1116 secat
978 1082 1127 1116 aethera
1148 1078 1319 1127 pinnis²⁷;

66 1138 112 1167 et:

297 1182 330 1215 Τ
327 1183 522 1227 ractimque
544 1187 728 1217 susurrant
738 1180 762 1200 ²⁵³
770 1197 783 1223 ‚-

63 1246 85 1269 r
108 1236 217 1268 littera
243 1239 418 1279 correpta,
445 1242 497 1267 ut:

288 1286 467 1319 Lucerum
494 1286 685 1320 crudeliter
710 1297 775 1320 ora
783 1283 827 1324 ²⁹;

63 1349 80 1372 s
104 1338 215 1372 littera
241 1343 415 1382 correpta,
442 1343 494 1371 ut:

291 1389 369 1422 Nec
384 1388 553 1434 funditus
580 1385 739 1422 omnes³⁰.

63 1440 235 1475 Adverbia
262 1452 281 1474 e
306 1442 415 1473 littera
440 1441 615 1474 terminata
641 1440 794 1473 absoluto
822 1439 931 1484 gradu
957 1440 1122 1485 pleraque
1148 1439 1253 1485 longa
1279 1438 1408 1484 syllaba
1434 1437 1606 1476 finiuntur,
1633 1440 1685 1468 ut:

291 1493 385 1526 Ante
411 1504 529 1526 omnes
554 1496 669 1537 stupet
695 1493 770 1537 ipse
796 1492 935 1533 Dares,
963 1493 1137 1538 longeque
1163 1489 1356 1528 recusat³³¹‚·

63 1540 144 1577 ut³²z

289 1594 339 1627 Et
364 1596 395 1628 si
420 1606 487 1628 non
515 1595 625 1628 alium
652 1595 724 1627 lale
751 1595 902 1627 iactaret
929 1595 1083 1628 odorem.

62 1646 139 1680 Non
166 1645 238 1679 sine
263 1647 390 1680 ratione
415 1647 575 1692 Virgilius
602 1646 744 1680 eandem
770 1646 972 1690 productam
998 1647 1031 1678 in
1057 1658 1081 1680 a
1108 1646 1249 1679 litteram
1276 1645 1465 1686 correptam
1491 1639 1605 1680 vertit,
1634 1642 1685 1670 ut:

716 1698 751 1731 E
753 1702 765 1730 t
787 1698 864 1743 ped
866 1709 884 1731 e
910 1701 1045 1731 terrum

293 1748 431 1782 Crebra
454 1745 590 1795 scr1't33.
948 1779 957 1786 ,

62 1798 175 1833 Pauca
201 1799 334 1833 brevem
362 1798 538 1834 habentffl:
564 1800 663 1843 Rite,
692 1800 805 1839 Bene,
834 1800 1001 1846 Impune.y
1027 1805 1060 1833 et
1087 1798 1223 1841 Saepe,
1250 1799 1302 1827 ut:

293 1852 474 1898 Curpebut
500 1863 636 1885 somnos
662 1852 767 1885 rebus
793 1853 864 1885 iam
891 1853 957 1884 rite
977 1845 1162 1896 puratis-³⁵-

64 1929 123 1953 est:
150 1924 219 1963 Quit
241 1927 313 1955 satis
325 1934 376 1956 est.
399 1944 441 1949 —
486 1926 530 1966 18)
554 1927 632 1964 Virg.
649 1926 720 1957 Aen.
740 1927 788 1959 VI,
808 1929 878 1958 870.
901 1942 943 1948 —
968 1928 1010 1959 19)

63 1966 97 1995 lu
120 1966 191 1996 Cod.
215 1973 273 1996 est:
325 1969 422 1998 Nimis
453 1977 478 1997 et
501 1970 590 2005 sutis,
622 1971 718 1998 minus
740 1977 766 1997 cl
789 1968 923 2007 amplius.
956 1968 1011 1995 CP-

63 2013 160 2037 terum
182 2011 262 2047 quod
284 2012 371 2039 etiam
402 2011 528 2050 amplius
559 2012 694 2040 omnibus
716 2011 852 2039 brevibus
876 2014 1011 2038 constare

64 2051 194 2088 dicitur,
225 2053 256 2081 id
284 2053 379 2082 errori
402 2055 451 2083 vel
481 2054 664 2093 excerptoris
693 2054 740 2081 vel
769 2052 923 2090 scriptoris
952 2052 1011 2080 tri-

63 2094 215 2122 buendum
244 2099 304 2132 est,
333 2097 432 2134 quales
462 2107 576 2125 errores
608 2097 666 2124 iam
690 2106 779 2134 supra
809 2095 921 2132 aliquot
943 2094 1010 2122 ani-

63 2136 285 2167 madvertimus.
316 2154 352 2159 —
399 2141 445 2175 20)
470 2139 540 2167 Cod.
568 2137 696 2166 aonidae.
733 2139 828 2165 Locus
858 2141 901 2164 est
927 2136 1007 2174 Virg.

62 2180 135 2207 Aen.
152 2179 204 2215 lx,
224 2180 295 2211 653.
317 2180 367 2208 ubi
386 2181 477 2209 codd.
499 2181 586 2209 ctiam
605 2178 752 2209 Aemade.
775 2195 816 2200 —
858 2177 905 2218 21)
928 2179 1008 2217 Virg.

63 2222 136 2251 Aen.
150 2221 216 2259 ΧΠ,
239 2223 309 2253 616.
333 2238 374 2243 -
416 2222 461 2262 22)
486 2223 564 2260 Vix-g.
580 2222 651 2251 Aen.
669 2221 736 2257 XII,
751 2223 822 2252 679.
845 2221 896 2249 ubi
913 2221 1011 2250 editur

64 2275 122 2292 nec.
145 2280 188 2285 --
230 2262 276 2300 23)
299 2263 531 2304 Dispuiavimus
552 2263 623 2292 cod.
640 2268 668 2291 et
682 2263 747 2292 Asc.
769 2279 812 2285 ·—-
854 2264 902 2302 24)
923 2265 1011 2293 Deest

63 2318 78 2334 e
99 2306 176 2334 illud
202 2305 232 2334 in
257 2306 327 2335 cod.
353 2322 395 2328 —
443 2310 488 2342 25)
511 2307 630 2335 Sallust.
673 2305 806 2344 Iugur-[li.
830 2305 894 2334 init.
939 2307 1010 2337 cod.

63 2348 168 2377 habet:
201 2347 236 2377 (Ie
257 2359 285 2376 n.
310 2360 329 2376 ιι
351 2359 475 2388 semper,
498 2348 645 2378 vocabulo
667 2356 772 2377 natura
793 2359 855 2377 non
876 2349 1011 2388 perscri-

63 2396 127 2431 pto.
149 2407 191 2412 —
234 2390 282 2431 26)
305 2390 385 2429 Virg.
406 2391 477 2420 Aen.
496 2392 534 2429 X,
560 2391 630 2424 359-
651 2407 693 2413 —
735 2393 781 2428 27)
803 2391 885 2430 Virg.
905 2393 1010 2431 Georg-

1054 1924 1076 1959 I,
1095 1924 1166 1955 406.
1189 1921 1239 1950 ubi
1260 1926 1358 1949 tamen
1380 1918 1507 1957 legitur:
1543 1915 1722 1956 Quacunque
1743 1914 1797 1945 illa
1827 1914 1914 1944 levem
1936 1913 2002 1956 su-

1052 1967 1134 2005 git-ns
1156 1971 1233 1993 secat
1261 1962 1376 1991 aethera
1399 1962 1513 2001 pennis.
1565 1959 1623 1987 Sed
1649 1959 1750 1997 paullo
1780 1963 1848 1997 post
1877 1968 1906 1986 V.
1927 1959 1998 1988 409.

1053 2007 1115 2037 Illa
1132 2007 1219 2037 levem
1239 2005 1359 2045 fugiens
1381 2004 1522 2043 raptim
1544 2009 1622 2030 secat
1644 2001 1719 2030 aeilz.
1734 2013 1764 2041 p.
1809 2000 1912 2030 Firmis
1927 1999 2001 2028 scri-

1052 2051 1100 2090 psi
1128 2061 1143 2078 e
1169 2049 1291 2083 Codice,
1322 2047 1372 2076 ubi
1400 2052 1458 2075 est:
1488 2043 1623 2073 baether-a
1649 2044 1711 2083 piu.
1739 2050 1765 2072 et
1800 2042 1925 2072 tractim.
1960 2056 2000 2064 -·

1051 2093 1099 2131 28)
1122 2093 1201 2129 Virg.
1217 2089 1388 2128 Ge01·g.1V‚
1403 2091 1474 2121 260.
1497 2104 1540 2110 ——
1582 2086 1631 2124 29)
1663 2086 1743 2123 Virg.
1765 2085 1838 2114 Aen.
1862 2084 1913 2120 VI,
1929 2084 2000 2116 495.

1053 2151 1090 2157 --
1135 2135 1183 2174 30)
1206 2134 1286 2170 Virg.
1309 2133 1379 2161 Aen.
1404 2132 1463 2169 VI,
1491 2132 1562 2162 736.
1591 2144 1632 2151 —
1681 2127 1727 2167 31)
1758 2128 1839 2166 Virg.
1866 2127 1938 2155 Aen.
1964 2126 1999 2161 V,

1051 2178 1122 2210 406.
1145 2193 1185 2199 —
1228 2175 1275 2213 32)
1304 2174 1341 2203 Ut
1371 2174 1505 2203 additum
1535 2183 1550 2201 e
1579 2171 1651 2199 Cod.
1685 2178 1729 2207 et,
1761 2170 1794 2199 Si
1822 2180 1880 2199 non
1907 2167 1998 2215 alnon

1052 2221 1159 2249 omisso
1190 2226 1221 2247 ut
1255 2218 1322 2246 Asc.
1352 2217 1384 2245 P.
1412 2218 1526 2252 Locus,
1565 2213 1615 2253 qui
1649 2213 1798 2252 sequitur,
1845 2215 1888 2239 est
1917 2210 1997 2246 Virg.

1053 2264 1157 2301 Geor-g.
1175 2262 1220 2298 11,
1243 2262 1312 2292 132.
1337 2276 1372 2281 -
1419 2258 1465 2299 33)
1488 2258 1569 2296 Virg.
1593 2256 1696 2294 Georg.
1720 2255 1778 2293 111,
1796 2255 1866 2287 500.
1880 2268 1921 2276 ·—-
1951 2249 1995 2288 34)

1051 2305 1172 2335 Habent
1195 2303 1311 2332 addunt
1327 2302 1399 2332 cod.
1417 2302 1484 2331 Asc.
1501 2301 1582 2330 deest
1603 2299 1636 2327 in
1653 2299 1684 2328 P.
1700 2315 1738 2319 -
1769 2297 1817 2333 35)
1834 2296 1911 2333 Virg.
1925 2294 1995 2322 Aen.

1051 2348 1090 2377 111
1098 2372 1106 2386 ‚
1121 2347 1192 2381 555.
1206 2362 1249 2369 —
