2263 2668
535 116 599 151 DE
626 115 1015 152 SIGNIFICATIONE
1042 113 1329 151 VERBORUM.
1382 117 1531 153 LIBER
1556 119 1614 153 vl.
1965 122 2041 158 435

97 210 256 250 quotannis
280 219 295 237 a
319 209 539 246 magistratibus
561 210 609 238 vel
631 210 836 239 sacerdotibus
860 207 1085 247 concipiuntur⁷
1118 208 1164 236 vel
1186 208 1217 237 in
1240 214 1336 238 certos
1359 211 1406 239 vel
1429 211 1459 238 iu
1482 211 1611 240 incertos
1635 210 1713 248 dies,
1745 216 1777 240 ut
1803 210 1945 248 Latinae,
1974 213 2041 245 Pa-

94 250 236 293 ganalia,
260 253 446 288 sementinae,
471 251 652 292 compitalia.
692 252 900 292 Imperativae,
925 260 997 288 quas
1017 250 1156 279 consules
1178 251 1226 279 vel
1249 258 1398 290 praetores
1422 264 1477 292 pro
1502 254 1624 282 arbitrio
1648 253 1803 292 potestatis
1824 254 1968 285 indicunt.
2005 258 2042 286 Et

95 293 244 324 nundinae
271 304 469 332 paganorum,
503 295 534 323 id
558 299 601 323 est
622 296 815 330 rusticorum,
851 293 958 332 quibus
986 293 1167 322 conveniunt
1196 295 1321 332 negotiis
1352 296 1479 334 propriis
1508 297 1555 324 vel
1586 297 1735 325 mercibus
1765 298 1922 334 provisuri.
1966 299 2040 328 Vide

95 336 339 408 Maerebbhbjll·
363 338 422 367 Sat,
446 347 511 375 cap.
526 339 575 368 16.
599 337 654 366 Da
665 349 688 368 c.
734 337 808 366 Vide
830 346 920 375 supra
944 333 1151 374 Concepiivae,
1180 335 1350 373 Denicales,
1381 343 1409 367 et
1428 339 1505 367 infra
1528 337 1680 377 Privatae,
1704 338 1900 376 sementinae,
1924 339 2041 370 Stulto-

97 391 169 409 rum.
251 386 286 408 01
315 400 321 406 .

259 419 429 449 Fluonia
449 419 554 450 Iuno.
597 421 672 451 Vide
693 422 801 452 Arnob.
821 420 871 449 lib.
884 419 936 448 III.
960 419 1006 458 (p.
1021 420 1090 450 118.
1110 419 1259 459 Elmenh.)
1277 422 1431 459 Augustiu.
1450 423 1485 450 de
1502 423 1588 451 Civit.
1607 424 1639 452 l).
1659 423 1711 453 lib.
1728 423 1789 452 VH.
1810 433 1835 451 o.
1850 426 1879 455 2.
1898 426 1926 455 3.
1951 424 2040 455 Dac.

259 461 447 492 Flammeo
468 464 613 493 vestim.
658 463 821 502 Fulmizais3
847 461 983 492 fulmine.
1032 459 1137 491 Goxlz.

261 503 509 544 Fulguritum.
553 505 653 535 Locus
670 505 834 546 fulguritus
855 503 947 541 τόπος
968 501 1188 543 κεραυνοπλήξ,
1212 505 1262 543 qui
1284 503 1417 534 bidental
1436 506 1558 537 dicitur.
1587 506 1660 536 Vide
1676 505 1825 537 Bidental.
1847 507 1935 538 Dae.
1966 509 2040 539 Vide

98 546 243 577 Fanan'ca
266 552 296 576 et
317 548 393 576 iufra
420 546 574 577 Obstitum.
621 546 726 577 Goth.

259 590 464 619 Fanatica.
507 590 640 619 fanatici
661 592 783 630 proprie
805 588 997 623 dicebantur,
1018 588 1071 626 qui
1094 588 1196 617 divino
1219 588 1322 617 fluore
1343 590 1490 628 correpti,
1515 591 1566 629 qui
1588 591 1707 620 numine
1729 591 1821 619 afflati
1845 597 1937 621 erant.
1969 593 2042 623 lude

97 631 225 660 fanatica
255 631 359 669 arbor,
395 642 470 670 quae
498 632 621 662 fulmine
649 634 765 671 afssata3
803 631 855 660 sed
884 631 1002 659 fanatici
1032 632 1118 659 etiam
1148 631 1288 659 dicuntur
1310 641 1460 661 sacrorum
1483 633 1618 663 ministri.
1663 634 1819 672 Optimum
1843 635 2041 665 Glossarium:

99 674 261 703 Fanaticus
284 674 448 715 ῐερατικός,
479 675 661 712 ΐεροδοῦλος,
706 677 741 704 In
763 675 857 704 veteri
878 673 977 712 lapide
999 677 1084 702 extra
1103 674 1243 702 Romam:
1283 673 1316 711 Ο.
1342 673 1440 704 Coelio
1462 674 1638 714 Apollinari
1652 677 1792 714 fanatico
1816 675 1851 704 de
1872 676 1943 705 aede
1964 677 2041 706 Bel—

97 714 193 744 lonae.
216 716 306 747 Dae.
345 717 418 745 Vide
440 715 625 756 Fulguritum
649 723 677 746 et
703 717 857 747 Obstiium.
883 714 985 746 Goth.
1023 716 1156 745 Vidimus
1176 726 1286 754 supra,
1305 716 1412 755 sanam
1437 717 1509 745 nihil
1534 728 1611 754 esne,
1635 718 1690 746 nisi
1714 719 1811 747 locum
1834 729 1969 756 sacrum,
1993 730 2041 748 sa-

99 758 223 795 cellum,
247 759 326 788 unde
349 764 487 798 apparet,
512 761 634 799 proprie
650 761 806 799 fanaticus
826 758 898 788 nihil
920 769 1001 795 esse,
1029 759 1087 788 nisi
1110 755 1265 797 ῖερατικός.
1308 759 1354 787 Cf.
1377 770 1468 798 supra
1493 770 1520 788 v.
1544 761 1668 789 Fanum.

263 802 314 829 I'u
324 801 430 831 lmen.
474 801 537 830 Imo
561 813 577 830 a
595 802 729 842 fulgor-e,
766 807 801 830 ut
822 802 854 830 iu
876 806 935 831 vet.
957 800 1025 831 cod.
1049 801 1159 840 probat
1182 801 1275 829 Varro
1298 801 1411 830 lib.1V.
1434 801 1470 830 de
1495 802 1525 831 L.
1551 803 1581 831 1..
1627 803 1699 830 Nam
1731 803 1785 831 etsi
1815 803 1888 840 ignis
1920 804 2041 842 proprie

98 852 217 871 manare
241 843 358 873 dicatur
379 849 408 873 et
429 844 537 882 fluere,
570 851 604 874 ut
626 845 705 884 apud
728 845 844 874 Lucret.
865 844 918 880 (ΙΙ,
941 844 1045 880 383.):

677 887 773 926 Quam
797 894 893 916 noster
909 887 986 925 fluat
1009 897 1023 914 ε
1044 883 1138 914 taedis
1161 884 1339 914 terrestribus
1362 893 1459 924 ortu35

99 932 127 955 et
148 927 317 959 Callimach.
342 928 451 967 Hymn.
475 929 504 957 in
529 929 626 958 Diam:

681 968 761 1010 Τόρα
780 969 894 1009 πατρὸς
916 967 1116 1006 εἰκοσι-ἄξουσι
1138 971 1289 1009 κεραυνοί.

99 1022 115 1039 a
130 1012 224 1050 fluere
248 1016 347 1041 tamen
367 1013 473 1051 nequit
495 1023 556 1042 esse
571 1011 705 1052 fulmen,
734 1013 790 1042 uisi
813 1014 999 1052 transpositis
1021 1013 1114 1042 literis
1138 1013 1222 1051 quasi
1240 1014 1377 1051 flanimea,
1415 1012 1496 1051 quod
1518 1013 1652 1051 ineptum
1675 1017 1726 1041 est.
1755 1012 1844 1042 Dac.
1887 1013 1922 1042 A
1938 1014 2043 1051 fluore.

99 1055 122 1082 A
145 1054 278 1091 fulvore,
311 1055 359 1083 alii
382 1067 397 1084 a
420 1056 544 1094 fulgore.
590 1054 695 1084 Goth.

263 1096 436 1137 Fulgere.
479 1099 596 1126 Falsum
626 1098 697 1134 erit,
735 1098 817 1136 quod
836 1098 881 1127 ait
904 1098 1024 1133 Festus,
1058 1097 1116 1126 uisi
1140 1097 1232 1135 ferire
1254 1097 1402 1135 intelligas
1425 1097 1460 1126 de
1484 1097 1598 1134 fulgore
1622 1101 1650 1124 et
1673 1096 1886 1126 coruscatione.
1931 1095 2045 1136 Fulgur

100 1139 178 1167 enim
200 1140 323 1178 proprie
347 1145 388 1168 est
410 1141 485 1178 ignis
509 1141 571 1169 sive
596 1141 764 1169 coruscatio
788 1151 856 1169 cum
879 1141 1001 1169 fulmine
1021 1140 1170 1176 emicans,
1195 1138 1311 1178 fulmen
1334 1140 1424 1168 telum
1447 1141 1562 1178 ipsum,
1593 1138 1674 1177 quod
1697 1138 1840 1175 mittitur,
1867 1139 1920 1168 etsi
1943 1144 2044 1178 postea

100 1181 273 1220 frequenter
290 1181 398 1222 fulgur
420 1194 475 1222 pro
498 1183 637 1219 fulmine,
661 1188 693 1211 ut
716 1184 794 1212 infra
817 1182 1022 1222 Fulguritum,
1045 1182 1127 1221 quod
1149 1181 1284 1220 fulgure,
1306 1182 1337 1210 id
1360 1187 1404 1211 est
1428 1182 1551 1211 fulmine
1574 1181 1664 1210 citum
1689 1186 1740 1210 est.
1766 1180 1853 1212 Dae.
1885 1181 1956 1210 Vide
1970 1181 2045 1210 Var-

100 1233 203 1252 ronem
222 1224 272 1254 IV.
296 1224 332 1253 de
353 1226 385 1254 L.
406 1226 440 1256 L.
461 1226 514 1263 (V,
536 1235 601 1264 pag.
613 1227 664 1257 76.
689 1225 760 1264 Sp.).
799 1227 842 1255 De
861 1225 1047 1264 sulgursszuz,
1071 1235 1145 1263 quae
1165 1223 1374 1264 peremptalia,
1395 1225 1552 1264 pestifera,
1576 1222 1759 1263 postularia,
1780 1234 1936 1262 prororsa,
1958 1234 2044 1253 reno-

100 1267 196 1295 variva
220 1266 288 1296 vide
309 1266 361 1296 has
383 1278 482 1297 voces.
529 1266 633 1298 Goth.

263 1307 450 1339 Funebres
473 1309 600 1339 tibiae.
644 1310 718 1338 Nam
740 1310 892 1339 funeribus
914 1310 1004 1339 tibiae
1027 1309 1222 1339 addebantur.
1268 1309 1356 1338 Ovid.
1372 1309 1403 1337 V.
1428 1309 1504 1338 Fast.
1522 1308 1594 1348 (VI,
1618 1306 1719 1346 659.):

637 1350 785 1381 Cantaba!
802 1353 903 1390 fanis,
934 1352 1075 1381 cantabat
1096 1351 1169 1380 tibia
1191 1350 1279 1387 ludis,

702 1393 851 1423 Cernebat
873 1395 989 1424 moestis
1010 1393 1084 1424 tibia
1101 1393 1266 1433 funeribus.

100 1434 174 1464 Item
197 1434 233 1464 de
254 1435 410 1466 tibicinum
432 1446 568 1466 numero:

635 1477 728 1508 Adde
748 1477 830 1518 quod
851 1477 989 1516 Aedilis,
1019 1490 1157 1519 pompam
1180 1479 1233 1518 qui
1249 1478 1364 1516 funeris
1386 1478 1458 1507 irent

697 1521 839 1559 Artifices
860 1520 939 1550 solos
962 1522 1074 1549 iusserit
1097 1532 1155 1550 esse
1177 1519 1283 1550 decem.

100 1562 174 1592 Erat
195 1563 226 1591 in
246 1563 303 1601 leg.
316 1563 382 1591 XII.
406 1563 482 1592 tab.:
519 1563 625 1592 Decem
648 1562 778 1593 tibicinis
802 1561 948 1591 adhibeto.
991 1563 1112 1592 Servius
1135 1568 1234 1592 autem
1257 1562 1293 1590 ad
1320 1561 1354 1591 V.
1377 1561 1499 1590 Aeneid.
1522 1561 1640 1591 notavit
1661 1562 1799 1600 antiquae
1823 1561 2048 1590 consuetudinis

101 1605 210 1641 fuisse,
232 1610 265 1634 ut
287 1605 406 1634 maioris
428 1606 532 1635 aetatis
556 1606 662 1634 funera
683 1605 723 1634 ad
745 1604 846 1633 tubam
871 1604 1096 1642 proferrentur,
1126 1604 1250 1633 minoris
1271 1614 1344 1633 vero
1363 1605 1404 1633 ad
1427 1604 1520 1634 tibias.
1563 1604 1637 1634 lude
1660 1605 1801 1643 Papinius
1822 1604 1872 1633 lib.
1888 1604 1933 1633 Vl.
1950 1603 2047 1645 (The-

102 1647 182 1676 haid.
197 1647 253 1683 VI,
276 1649 375 1684 1210:

639 1687 728 1717 Tibia
751 1689 798 1717 cui
820 1695 931 1717 teneros
951 1695 1060 1717 suetum
1082 1686 1241 1727 producere
1263 1698 1369 1716 manes.

105 1729 194 1760 Dac.
242 1729 323 1768 Quas
345 1729 475 1760 Flamini
496 1729 605 1760 audire.
649 1731 774 1760 Flamini
797 1735 893 1759 tamen
916 1731 1005 1759 sunus
1029 1731 1151 1769 exsequi
1173 1740 1234 1759 non
1255 1735 1299 1759 est
1320 1730 1434 1768 religio.
1472 1730 1548 1760 Gen.
1567 1731 1588 1759 l.
1602 1731 1639 1760 X.
1663 1741 1726 1769 cap.
1743 1731 1791 1762 15.
1837 1729 1946 1759 Idem.

270 1771 481 1802 Flaminius
510 1772 699 1802 camillus.
745 1772 819 1801 Vide
845 1772 995 1802 Camillus.
1038 1773 1127 1801 Dac.

270 1813 469 1846 Flaminia.
515 1816 671 1844 Patrinnem
695 1821 722 1844 et
745 1817 908 1844 matrimem
930 1816 1159 1854 interpretatur,
1194 1815 1277 1843 cuius
1306 1819 1431 1852 uterque
1455 1825 1562 1853 parens
1585 1816 1613 1842 in
1638 1815 1714 1843 vivis
1738 1819 1790 1844 est.
1838 1814 1874 1844 At
1897 1815 1964 1852 alii,
1997 1814 2048 1853 qui

106 1867 143 1885 ex
166 1856 268 1885 eodem
290 1863 374 1896 patre
397 1864 426 1886 et
449 1864 539 1887 matre
562 1859 632 1887 nati.
677 1859 751 1887 Nam
775 1855 935 1896 ἀμφιθαλῆ
957 1863 1087 1887 vertunt.
1132 1857 1171 1885 At
1200 1862 1304 1885 eontra
1333 1854 1467 1894 ἀδελφὸν
1490 1857 1651 1896 ἕτεροθαλῆ
1673 1862 1760 1886 vocat
1783 1857 1932 1886 Cednenus
1955 1856 2047 1885 uteri·

105 1909 177 1927 num
200 1904 251 1927 aut
273 1902 531 1937 consanguineum.
553 1899 654 1931 Scal.
687 1900 829 1930 Pati-imas
850 1908 876 1929 et
899 1901 1064 1939 matrimes,-
1088 1900 1213 1939 patrima
1236 1904 1265 1929 el.
1288 1899 1430 1929 man-ima.
1468 1900 1538 1928 Alii:
1564 1898 1711 1928 Patrimus
1735 1907 1761 1928 et
1783 1901 1942 1929 matrimus.
1976 1898 2048 1927 Vide

105 1942 182 1970 infra
205 1941 338 1973 Patr-imi.
385 1941 411 1972 G
419 1942 488 1972 otlz.

272 1983 490 2014 Flaminius
513 1984 639 2015 lictor.
683 1985 771 2013 Hunc
795 1984 920 2013 Ovidius
943 1984 1079 2022 intelligit
1100 1984 1136 2013 II.
1157 1984 1236 2013 Fast.
1260 1983 1356 2022 (23.):

642 2025 778 2067 Quaeque
800 2028 880 2067 capit
902 2025 990 2056 lictor
1014 2025 1148 2056 domibus
1167 2027 1345 2066 purgamina
1368 2027 1463 2061 cerlis,

682 2068 806 2098 Torrida
830 2080 894 2098 cum
915 2070 993 2098 mica
1012 2069 1118 2107 sarra,
1142 2076 1285 2098 vocantur
1306 2066 1392 2096 idem.

105 2110 195 2141 Dae,

272 2152 595 2194 Frequentarium.
639 2153 868 2191 Frequentarius
897 2164 912 2181 a
943 2154 1096 2191 frequeme
1125 2153 1250 2190 dici1ur,
1289 2159 1320 2182 ut
1351 2153 1558 2182 momentarius
1585 2162 1601 2180 a
1629 2155 1793 2187 momento,
1825 2150 2003 2188 ferentarius
2031 2160 2045 2177 a

108 2197 235 2231 ferente,
259 2201 287 2224 et
309 2197 400 2225 multa
425 2196 568 2225 eiusmodi
593 2196 660 2225 alia.

271 2237 514 2268 Fornacalia.
561 2238 634 2267 Vide
658 2247 748 2276 supra
771 2236 961 2266 Fornacalia.

269 2279 425 2310 Furvum
449 2280 581 2311 hovem.
628 2281 689 2309 Diis
712 2280 813 2310 inseris
835 2279 931 2309 hostia
952 2280 1039 2309 furva
1062 2279 1221 2310 faciebant.
1267 2280 1370 2318 virgil.
1387 2279 1434 2307 VI.
1456 2281 1528 2308 Aen.
1552 2275 1671 2318 (243.):

683 2321 816 2359 Quatuor
837 2321 886 2352 hic
904 2323 1031 2363 primum
1055 2323 1212 2363 migrantes
1234 2330 1315 2362 terga
1339 2323 1471 2352 iuvencos

684 2363 848 2394 Constituit.

1529 2413 1639 2446 lii*
