2263 2668
369 140 447 173 238
997 138 1137 173 SEXTI
1163 140 1362 176 POMPEn
1390 142 1419 175 F
1420 142 1526 176 ESTI

367 236 457 269 idem
484 232 578 277 hylas
605 231 736 272 dicunt,
772 235 805 263 et
831 241 890 263 nos
916 231 1021 265 silvas.
1058 233 1136 267 item
1166 235 1201 275 ἓξ
1228 247 1291 269 sex.
1330 242 1361 269 et
1395 232 1507 277 ἑπτοῖ,
1543 240 1680 280 septem.
1716 236 1784 270 eius
1817 240 1972 274 vocabuli
1999 243 2148 276 meminit

369 289 468 322 etiam
490 283 655 318 Lucilius:

192 345 354 380 'nauggeris
465 336 507 370 Si
533 345 634 368 vero
661 333 755 375 das,
802 333 915 377 quod
942 341 1088 380 rogat,
1133 343 1171 370 et
1198 338 1230 370 si
1257 338 1460 383 suggeri*
1487 349 1656 383 suppus.

364 386 619 432 Sempronia
645 385 819 428 horrea,
847 386 904 430 qui
931 386 1024 420 locus
1052 388 1188 429 dicitur,
1216 390 1249 422 in
1278 401 1317 422 eo
1344 390 1479 423 fuerunt
1498 390 1576 435 lege
1596 390 1765 431 Gracchi,
1793 392 1835 424 ad
1861 394 2044 429 custodiam
2075 396 2149 430 fru-

366 440 466 473 menti
493 438 633 483 publici.

192 499 226 522 ·f.
244 496 352 522 ludionis
529 490 681 523 Statua
708 493 756 522 est
782 488 879 521 ludi*
904 489 990 531 eius,
1024 491 1082 533 qui
1108 492 1279 535 quondam
1305 492 1445 525 fulmine
1471 494 1554 526 ictus
1581 494 1614 526 in
1634 492 1753 534 Giton,
1787 495 1936 538 sepultus
1963 501 2011 530 est
2035 498 2068 530 in
2093 499 2149 531 Ia—

365 542 486 576 niculo.
516 542 606 575 cuius
634 552 707 573 ossa
734 545 851 584 postea
878 552 918 573 ex
944 542 1126 587 prodigiis,
1160 545 1440 588 oraculorumque
1468 545 1632 589 responsis
1653 545 1793 578 Senatus
1821 546 1958 580 decreto
1985 549 2069 581 intra
2094 561 2150 582 ur-

366 596 443 628 bem
469 594 573 627 relata
599 593 632 625 in
652 592 845 633 volcanali,
889 593 983 635 quod
1011 600 1058 627 est
1084 606 1184 638 supra
1204 596 1404 636 Comitium,
1441 597 1561 629 obruta
1588 601 1679 636 sunt3
1724 608 1890 641 superque
1918 611 1957 632 ea
1983 600 2150 642 columna,

209 656 285 682 ·f.A.
306 656 338 681 ab
366 657 442 680 cum
468 646 571 690 ipsius
599 644 734 689 effigie,
761 644 872 689 posita
900 649 957 677 est.
1011 646 1168 679 Servilius
1195 647 1286 680 lacus
1314 648 1575 692 appellabatur*
1597 660 1656 689 eo,
1686 648 1744 691 qui
1770 660 1846 682 eum
1872 650 2064 684 faciendum
2091 663 2151 685 cu-

365 704 494 731 raverat
520 698 553 730 in
578 696 746 741 principio
774 696 838 730 w'ci
859 696 974 741 Iugari
1000 699 1169 731 continens
1195 699 1352 732 basilicae
1371 699 1495 740 Iuliae,
1522 700 1554 732 in
1581 711 1648 743 quo
1675 700 1754 733 loco
1781 701 1842 733 fuit
1869 702 2000 746 effigies
2021 703 2151 747 hydrae

367 750 475 794 posita
502 761 521 781 a
548 748 598 781 M.
622 747 789 793 Agrippa.
848 747 1068 783 Sonticum
1102 751 1256 783 morbum
1292 751 1326 783 in
1361 751 1436 785 XII.
1470 751 1658 796 significare
1692 752 1737 784 ait
1763 753 1879 786 Aelius
1905 753 1990 786 Stilo
2023 760 2150 788 certum

368 813 444 835 cum
470 802 553 834 iusta
581 811 698 840 causa,
734 811 833 843 quem
862 810 928 832 non
954 801 1034 834 nulli
1059 806 1176 846 putant
1204 814 1291 845 esse,
1327 803 1383 846 qui
1410 809 1548 844 noceat,
1581 803 1676 847 quod
1701 808 1809 836 sontes
1835 804 1999 848 significat
2024 818 2150 840 nocen—

368 860 426 887 tes.
478 853 622 885 Naevius
649 851 708 885 ait:

470 904 692 938 Senticam
720 915 811 936 esse
837 909 1012 949 oportet
1039 915 1224 946 causam,
1266 918 1389 949 quam
1416 906 1469 938 ob
1496 917 1579 939 rem
1605 905 1764 951 perdas
1792 907 2019 944 mulierem.

535 957 709 991 Sacram
737 956 844 988 viam
873 956 1009 1000 quidam
1037 958 1241 1001 appellatam
1270 970 1340 991 esse
1367 958 1567 999 existimant,
1594 957 1686 1001 quod
1713 958 1746 990 in
1773 970 1812 991 ea
1838 959 1958 993 foedus
1983 961 2087 994 ictum
2112 961 2153 993 sit

369 1012 452 1043 inter
473 1009 659 1042 Romulum
685 1018 725 1040 ac
747 1008 895 1043 Tatium.
923 1008 1079 1051 quidam,
1115 1010 1206 1052 quod
1234 1021 1274 1042 eo
1300 1010 1415 1042 itinere
1441 1015 1573 1043 utantur
1600 1009 1789 1043 sacerdotes
1815 1010 1955 1044 idulium
1981 1023 2153 1046 sacrorum

371 1061 657 1096 conficiendorum
684 1070 792 1093 causa.
820 1061 933 1104 itaque
959 1071 1001 1092 ne
1028 1066 1160 1093 eatenus
1176 1058 1196 1109 Η
1213 1062 1368 1104 quidem,
1404 1066 1440 1094 ut
1465 1061 1586 1106 vulgus
1614 1062 1786 1106 opinatur,
1823 1073 1917 1095 sacra
1943 1075 2006 1108 ap·
2047 1062 2151 1109 [101]

370 1113 532 1159 pellanda
558 1118 607 1147 est
634 1124 654 1144 a
680 1113 774 1156 regia
801 1112 844 1145 ad
871 1111 1009 1144 domum
1037 1112 1143 1157 Regis
1170 1114 1364 1154 sacrificuli,
1404 1112 1463 1145 sed
1492 1113 1592 1145 etiam
1619 1125 1638 1145 a
1660 1113 1766 1158 Regis
1792 1113 1896 1146 domo
1923 1115 1966 1147 ad
1993 1115 2153 1148 sacellum

196 1169 233 1194 ·f.
254 1177 300 1195 nec
325 1165 541 1208 itaStreniae,
584 1169 617 1198 et
642 1175 752 1197 rursus
779 1175 800 1196 a
824 1163 918 1208 regia
944 1175 1048 1207 usque
1074 1164 1107 1196 in
1134 1175 1256 1199 arcem.
1283 1169 1370 1198 nec*
1394 1164 1561 1208 appellari
1588 1164 1714 1197 debere
1741 1165 1786 1197 ait
1808 1165 1958 1207 Verrius,
1997 1166 2056 1199 sed
2083 1166 2152 1199 dis-

371 1218 499 1258 iuncto,
539 1221 576 1250 ut
602 1220 727 1250 ceteras
754 1215 822 1248 vias
841 1215 1059 1256 Flaminiam,
1094 1216 1262 1261 Appiam,
1298 1217 1462 1250 Latinam.
1515 1215 1563 1249 Ut
1589 1228 1631 1249 ne
1653 1217 1872 1250 Novamviam
1900 1217 2056 1261 quidem,
2094 1217 2153 1251 sed

371 1269 504 1302 Novam
524 1269 621 1301 viam.
675 1267 792 1301 Scita
819 1267 965 1311 plebei
992 1268 1203 1311 appellantur
1231 1280 1289 1309 ea,
1321 1279 1407 1311 quae
1434 1268 1533 1312 pleps
1559 1279 1619 1301 suo
1642 1268 1805 1313 suffragio
1828 1270 1897 1302 sine
1918 1271 2066 1314 patribus
2085 1270 2154 1302 ius-

372 1321 430 1361 sit,
466 1320 603 1365 plebeio
631 1320 825 1364 magistratu
851 1323 1003 1363 rogante.
1056 1318 1332 1352 Solitaurilia
1357 1319 1540 1352 hostiarum
1567 1321 1667 1352 trium
1694 1320 1814 1353 diversi
1840 1321 1971 1365 generis
1996 1321 2153 1354 immola-

371 1372 495 1405 tionem
521 1371 727 1417 significant,
755 1371 859 1412 tauri,
887 1371 1013 1412 arietis,
1041 1373 1160 1413 verris,
1194 1372 1287 1415 quod
1315 1382 1429 1404 omnes
1456 1383 1516 1403 eae
1543 1371 1657 1412 solidi,
1683 1371 1873 1415 integrique
1898 1372 1960 1404 sint
1986 1372 2154 1416 corporis3

200 1430 234 1454 ·s.
251 1428 489 1458 contraricontra
516 1424 590 1458 aci*
645 1449 653 1457 .
707 1448 715 1455 .
767 1422 917 1456 verbices
929 1426 957 1439 **
978 1422 1112 1456 maiales
1139 1423 1228 1466 qui-1·
1255 1424 1332 1466 quia
1357 1423 1479 1456 sollum
1502 1421 1592 1456 Osee
1617 1426 1723 1455 totum
1752 1427 1784 1455 et
1810 1422 1955 1457 solidum
1979 1423 2152 1468 significat.

200 1464 247 1489 uf·
263 1472 462 1524 cssi‘ve'fflde
487 1475 555 1509 tela
581 1473 749 1518 quaedam
776 1474 959 1507 soluferrea
970 1476 1012 1512 Η
1039 1480 1202 1509 vocantur
1227 1479 1296 1508 tota
1322 1475 1450 1515 ferrea,
1493 1478 1525 1506 et
1550 1474 1655 1507 homo
1683 1475 1845 1507 bonarum
1874 1475 1993 1508 artium
2020 1475 2154 1514 sollers;

200 1533 364 1564 †f.maiales-
374 1532 408 1561 et
433 1538 520 1571 quae
553 1526 646 1560 nulla
678 1530 775 1571 parte
808 1527 938 1567 laxata,
981 1537 1129 1570 cavaque
1160 1531 1251 1568 sunt,
1295 1526 1404 1559 solida
1437 1526 1655 1560 nominantur.
1692 1531 1792 1569 atque
1823 1526 1941 1559 harum
1968 1526 2154 1560 hostiarum

217 1576 356 1633 ††‘f³.ugolli—
375 1579 523 1612 omnium
549 1578 700 1611 inviolati
725 1583 799 1611 sunt
824 1578 928 1619 tauri,
955 1589 1042 1620 quae
1068 1590 1145 1623 pars
1167 1579 1292 1612 scilicet
1318 1577 1486 1611 creditur*
1509 1577 1543 1610 in
1569 1577 1776 1611 castratione.
1828 1578 1911 1611 Sunt
1937 1578 2074 1622 quidem
2097 1578 2155 1621 qui

244 1637 329 1663 ferrea
373 1636 508 1675 portent
519 1634 558 1671 **,
588 1641 628 1663 ex
654 1630 756 1662 tribus
782 1629 898 1662 hostiis
924 1630 1107 1674 praecipue
1133 1641 1256 1662 nomen
1279 1630 1442 1663 inclusum
1467 1640 1544 1662 cum
1571 1628 1680 1661 solido
1707 1629 1810 1670 tauri,
1838 1629 1931 1672 quod
1954 1630 2155 1674 amplissima

203 1670 231 1694 ·f.
248 1671 414 1716 caedimursit:
440 1694 564 1716 earum.
595 1681 733 1725 quidam
760 1680 912 1714 dixerunt
937 1682 1084 1715 omnium
1111 1682 1209 1714 trium
1235 1681 1401 1715 vocabula
1426 1680 1584 1718 confixai·
1608 1680 1689 1722 suis,
1725 1680 1813 1722 ovis,
1847 1681 1936 1714 tauri
1961 1681 2156 1714 adeffecisse

204 1705 221 1713 ⁸⁰
230 1705 247 1729 f.
264 1710 363 1738 putent.

204 1739 246 1769 Η.
263 1734 428 1775 confusaid,
463 1734 556 1778 quod
584 1745 650 1766 uno
677 1732 782 1766 modo
809 1733 1059 1778 appellarentur
1085 1734 1266 1768 universae.
1301 1733 1395 1776 quod
1423 1733 1448 1765 si
1459 1729 1527 1771 ††1
1551 1743 1570 1763 a
1590 1732 1679 1764 sollo
1703 1737 1736 1764 et
1761 1731 1861 1765 tauris
1888 1744 2001 1765 earum
2028 1732 2157 1765 hostia-

205 1773 449 1834 ffisfgiffccgtiffum
484 1786 623 1820 ductum
658 1790 707 1818 est
738 1796 876 1824 nomen3
915 1785 1068 1828 antiquae
1102 1785 1372 1818 consuetudinis*
1394 1795 1457 1829 per
1483 1795 1588 1817 unum
1610 1784 1640 1816 L
1666 1783 1826 1816 enuntiari
1857 1795 1927 1816 non
1951 1790 2000 1817 est
2027 1784 2156 1824 mirum,

208 1841 244 1864 Ὺ.
264 1838 454 1881 antiquaquia
488 1837 580 1870 nulla
614 1843 692 1871 tunc
725 1837 958 1882 geminabatur
989 1838 1099 1870 littera
1124 1837 1156 1870 in
1184 1836 1370 1870 scribenda
1406 1847 1507 1879 quam
1534 1835 1808 1868 consuetudinem
1832 1836 1956 1868 Ennius
1983 1836 2157 1868 mutavisse

227 1880 358 1935 ⁰⁰¹}{ffi‘u‘
378 1888 500 1930 fertur,
535 1894 572 1922 ut
598 1894 683 1934 pote
704 1888 854 1923 Graecus
875 1889 1010 1922 Graeco
1037 1899 1132 1921 more
1158 1901 1252 1930 usus,
1287 1887 1380 1932 quod
1406 1888 1455 1919 illi
1481 1899 1588 1930 aeque
1615 1887 1812 1929 scribentes,
1848 1899 1888 1920 ac
1914 1887 2064 1931 legentes
2092 1887 2157 1919 ‹lu-

380 1940 550 1983 plicabant
571 1936 593 1990 Η
615 1945 721 1973 mutas
749 1941 991 1984 semivocales,
1025 1945 1057 1973 et
1083 1941 1247 1985 liquidas.
1301 1940 1560 1973 secordiam
1586 1938 1723 1981 quidam
1748 1949 1819 1983 pro
1844 1939 1992 1984 ignavia
2047 1937 2156 1984 [1⁰2]

379 1996 575 2034 posuerunt.
628 1992 678 2025 M.
703 1992 788 2025 Cato
812 2004 877 2037 pro
903 1992 1051 2026 stultitia
1072 1992 1207 2037 posuit,
1245 1991 1435 2037 Originum
1463 1990 1520 2024 lib.
1540 1990 1612 2023 Vll.
1635 2001 1711 2023 cum
1739 1991 1784 2023 ait
1835 2018 1842 2026 .
1898 2014 2155 2025 .....

569 2070 577 2077 .
630 2043 679 2076 ob
707 2044 952 2077 immensam
978 2044 1287 2085 timiditatem,
1315 2054 1366 2076 ac
1392 2042 1648 2076 secordiam
1677 2053 1815 2075 causa
1842 2045 1958 2082 erat,
1985 2053 2034 2075 ne
2056 2040 2157 2085 quid

385 2093 552 2135 negotii
574 2094 768 2138 publici,
794 2096 864 2129 vel
883 2096 1057 2141 privati
1082 2101 1325 2141 gereretur.
1354 2094 1582 2139 compositum
1609 2097 1727 2127 autem
1754 2093 1895 2127 videtur
1916 2104 1960 2126 ex
1981 2104 2036 2136 se,
2062 2091 2156 2137 quod

385 2146 434 2173 est
455 2142 541 2181 sine,
574 2149 606 2176 et
633 2147 747 2180 corde.

472 2251 498 2285 1)
526 2250 617 2287 Quod
637 2254 675 2279 sit
698 2254 771 2283 Ven.
788 2257 862 2284 Scal.
887 2257 1022 2293 incluso,
1045 2256 1128 2295 quod
1147 2257 1248 2295 sequi·
1293 2261 1350 2285 tur.
1380 2256 1511 2284 Glossar.
1536 2255 1681 2291 sublicae,
1721 2255 1889 2293 καταπῆγες
1917 2253 1949 2283 οἷ
1974 2252 2006 2283 ἐν
2034 2252 2155 2290 ποταμῷ

388 2298 453 2328 ΨΥ,
484 2298 552 2321 e⁸²·
597 2293 654 2321 Sed
680 2296 770 2331 Quod
796 2300 824 2325 si
845 2299 1033 2327 verissimum
1058 2304 1109 2328 est.
1141 2316 1180 2320 —-
1219 2297 1249 2340 2)
1292 2297 1348 2337 τὴν
1381 2298 1517 2338 γέφυραν
1554 2294 1819 2336 ὖποβαστιίζυντες.
1891 2295 1950 2324 Sed
1985 2293 2153 2322 sublicibus

390 2333 588 2372 Sublicium]
612 2335 743 2363 Sublices
765 2338 905 2369 dicuntur
927 2351 942 2369 a
964 2340 1049 2369 Festo
1070 2341 1250 2370 Volscorum
1293 2342 1413 2370 cavati-s·
1442 2340 1553 2369 dixisse
1573 2340 1695 2368 videtur
1716 2338 1873 2368 Sallustius
1894 2339 1925 2366 in
1946 2337 1995 2366 lib.
2010 2337 2039 2368 4·
2066 2333 2152 2363 histo.

389 2376 505 2415 lingua,
529 2387 604 2415 (luae
619 2377 755 2406 sublicae
769 2380 803 2407 ab
820 2383 883 2410 aliis
900 2383 1098 2422 appellantur.
1143 2385 1250 2413 Vitru-
1301 2385 1381 2413 Urs.
1414 2400 1456 2406 -
1491 2382 1520 2423 3)
1545 2381 1707 2420 Suberies.]
1736 2381 1869 2410 Isidorus
1896 2379 1947 2410 lib.
1966 2381 2013 2410 17.
2036 2387 2099 2416 ΜΨ·
2121 2378 2151 2408 7·

391 2420 457 2448 vius
479 2420 529 2448 lib·
544 2423 571 2451 3.
595 2429 659 2458 cap.
675 2421 703 2452 3.
747 2421 940 2462 Sublicaeque
961 2425 1106 2454 machinis
1127 2427 1250 2465 adigan—
1294 2426 1432 2455 Suberies
1454 2425 1557 2462 arbor,
1587 2435 1625 2454 ex
1649 2435 1706 2463 qua
1726 2423 1926 2452 validissimus
1948 2424 2052 2449 cortex
2068 2423 2151 2448 nata-
