<?xml version="1.0" encoding="UTF-8"?>
<!DOCTYPE html PUBLIC "-//W3C//DTD XHTML 1.0 Transitional//EN"
    "http://www.w3.org/TR/xhtml1/DTD/xhtml1-transitional.dtd">
<html xmlns="http://www.w3.org/1999/xhtml" xml:lang="en" lang="en">
 <head>
  <title>
</title>
<meta http-equiv="Content-Type" content="text/html;charset=utf-8" />
  <meta name='ocr-system' content='tesseract 3.04.00' />
  <meta name='ocr-capabilities' content='ocr_page ocr_carea ocr_par ocr_line ocrx_word'/>
</head>
<body>
  <div class='ocr_page' id='page_1' title='image "./corpusgrammatico01linduoft_1034.png"; bbox 0 0 2263 2668; ppageno 0'>
   <div class='ocr_carea' id='block_1_1' title="bbox 234 160 1756 211">
    <p class='ocr_par' dir='ltr' id='par_1_1' title="bbox 234 160 1756 211">
     <span class='ocr_line' id='line_1_1' title="bbox 234 160 1756 211; baseline -0.009 0"><span class='ocrx_word' id='word_1_1' title='bbox 234 176 310 211; x_wconf 75' lang='lat'>608</span> <span class='ocrx_word' id='word_1_2' title='bbox 660 162 1008 197; x_wconf 80' lang='lat' dir='ltr'><strong>COMMENTARH</strong></span> <span class='ocrx_word' id='word_1_3' title='bbox 1033 162 1081 195; x_wconf 85' lang='lat' dir='ltr'>IN</span> <span class='ocrx_word' id='word_1_4' title='bbox 1108 160 1251 194; x_wconf 93' lang='lat' dir='ltr'><strong>PAULI</strong></span> <span class='ocrx_word' id='word_1_5' title='bbox 1277 160 1474 195; x_wconf 87' lang='lat' dir='ltr'>DIACONI</span> <span class='ocrx_word' id='word_1_6' title='bbox 1500 161 1756 197; x_wconf 81' lang='lat' dir='ltr'><strong>EXCERPTA</strong></span> 
     </span>
    </p>
   </div>
   <div class='ocr_carea' id='block_1_2' title="bbox 227 253 2186 1401">
    <p class='ocr_par' dir='ltr' id='par_1_2' title="bbox 237 253 2186 472">
     <span class='ocr_line' id='line_1_2' title="bbox 238 253 1771 298; baseline -0.006 -5"><span class='ocrx_word' id='word_1_7' title='bbox 238 266 341 298; x_wconf 72' lang='lat' dir='ltr'>Scal.</span> <span class='ocrx_word' id='word_1_8' title='bbox 378 262 480 294; x_wconf 79' lang='lat' dir='ltr'><strong>Hostia</strong></span> <span class='ocrx_word' id='word_1_9' title='bbox 503 267 592 293; x_wconf 86' lang='lat' dir='ltr'>vero,</span> <span class='ocrx_word' id='word_1_10' title='bbox 615 265 690 294; x_wconf 83' lang='lat' dir='ltr'>quae</span> <span class='ocrx_word' id='word_1_11' title='bbox 713 254 869 292; x_wconf 79' lang='lat' dir='ltr'>effugerat,</span> <span class='ocrx_word' id='word_1_12' title='bbox 893 254 1005 295; x_wconf 73' lang='lat' dir='ltr'>effugia</span> <span class='ocrx_word' id='word_1_13' title='bbox 1027 253 1117 282; x_wconf 85' lang='lat' dir='ltr'>dicta.</span> <span class='ocrx_word' id='word_1_14' title='bbox 1161 255 1282 283; x_wconf 87' lang='lat' dir='ltr'>Servius</span> <span class='ocrx_word' id='word_1_15' title='bbox 1305 254 1341 282; x_wconf 86' lang='lat' dir='ltr'>ad</span> <span class='ocrx_word' id='word_1_16' title='bbox 1364 253 1439 283; x_wconf 92' lang='lat' dir='ltr'>illud</span> <span class='ocrx_word' id='word_1_17' title='bbox 1455 253 1492 282; x_wconf 88' lang='lat' dir='ltr'>Il.</span> <span class='ocrx_word' id='word_1_18' title='bbox 1517 253 1637 284; x_wconf 85' lang='lat' dir='ltr'>Aeneid.</span> <span class='ocrx_word' id='word_1_19' title='bbox 1661 256 1771 293; x_wconf 74' lang='lat'>(140.):</span> 
     </span>
     <span class='ocr_line' id='line_1_3' title="bbox 896 295 1509 336; baseline 0 -12"><span class='ocrx_word' id='word_1_20' title='bbox 896 313 937 318; x_wconf 86' lang='lat'>—-—</span> <span class='ocrx_word' id='word_1_21' title='bbox 981 295 1023 324; x_wconf 80' lang='lat' dir='ltr'>ad</span> <span class='ocrx_word' id='word_1_22' title='bbox 1041 307 1152 336; x_wconf 82' lang='lat' dir='ltr'>poenas</span> <span class='ocrx_word' id='word_1_23' title='bbox 1174 296 1211 326; x_wconf 84' lang='lat' dir='ltr'>ob</span> <span class='ocrx_word' id='word_1_24' title='bbox 1234 305 1334 326; x_wconf 84' lang='lat' dir='ltr'>nostra</span> <span class='ocrx_word' id='word_1_25' title='bbox 1357 303 1509 336; x_wconf 80' lang='lat' dir='ltr'>reposcunt</span> 
     </span>
     <span class='ocr_line' id='line_1_4' title="bbox 851 338 1561 380; baseline -0.001 -13"><span class='ocrx_word' id='word_1_26' title='bbox 851 338 985 380; x_wconf 73' lang='lat' dir='ltr'>Effugia.</span> <span class='ocrx_word' id='word_1_27' title='bbox 1560 372 1561 375; x_wconf 13' lang='grc' dir='ltr'><strong>Ἴ</strong></span> 
     </span>
     <span class='ocr_line' id='line_1_5' title="bbox 240 379 2186 423; baseline -0.002 -7"><span class='ocrx_word' id='word_1_28' title='bbox 240 392 336 423; x_wconf 64' lang='lat' dir='ltr'>Verbo</span> <span class='ocrx_word' id='word_1_29' title='bbox 358 396 522 421; x_wconf 81' lang='lat' dir='ltr'>sacrorum,</span> <span class='ocrx_word' id='word_1_30' title='bbox 552 383 666 421; x_wconf 88' lang='lat' dir='ltr'>inquit,</span> <span class='ocrx_word' id='word_1_31' title='bbox 696 389 722 410; x_wconf 82' lang='lat' dir='ltr'>et</span> <span class='ocrx_word' id='word_1_32' title='bbox 744 379 786 410; x_wconf 79' lang='grc' dir='ltr'><em>αᾶ</em></span> <span class='ocrx_word' id='word_1_33' title='bbox 809 392 928 410; x_wconf 85' lang='lat' dir='ltr'>causam</span> <span class='ocrx_word' id='word_1_34' title='bbox 951 388 1020 420; x_wconf 88' lang='lat' dir='ltr'>apto</span> <span class='ocrx_word' id='word_1_35' title='bbox 1043 393 1110 409; x_wconf 83' lang='lat' dir='ltr'>usus</span> <span class='ocrx_word' id='word_1_36' title='bbox 1132 388 1181 410; x_wconf 83' lang='lat' dir='ltr'>est.</span> <span class='ocrx_word' id='word_1_37' title='bbox 1225 381 1304 410; x_wconf 87' lang='lat' dir='ltr'>Nam</span> <span class='ocrx_word' id='word_1_38' title='bbox 1328 380 1438 417; x_wconf 74' lang='lat' dir='ltr'>hostia,</span> <span class='ocrx_word' id='word_1_39' title='bbox 1468 392 1543 420; x_wconf 87' lang='lat' dir='ltr'>quae</span> <span class='ocrx_word' id='word_1_40' title='bbox 1564 381 1606 410; x_wconf 82' lang='lat' dir='ltr'>ad</span> <span class='ocrx_word' id='word_1_41' title='bbox 1626 393 1696 411; x_wconf 84' lang='lat' dir='ltr'>aras</span> <span class='ocrx_word' id='word_1_42' title='bbox 1718 381 1851 412; x_wconf 79' lang='lat' dir='ltr'>adducta</span> <span class='ocrx_word' id='word_1_43' title='bbox 1872 389 1913 411; x_wconf 79' lang='lat' dir='ltr'>est</span> <span class='ocrx_word' id='word_1_44' title='bbox 1935 381 2136 422; x_wconf 77' lang='lat' dir='ltr'>immolanda,</span> <span class='ocrx_word' id='word_1_45' title='bbox 2159 386 2186 415; x_wconf 70' lang='grc' dir='ltr'>εἰ</span> 
     </span>
     <span class='ocr_line' id='line_1_6' title="bbox 237 422 1732 472; baseline -0.003 -14"><span class='ocrx_word' id='word_1_46' title='bbox 237 446 305 466; x_wconf 68' lang='lat' dir='ltr'>casu</span> <span class='ocrx_word' id='word_1_47' title='bbox 326 431 480 472; x_wconf 62' lang='lat' dir='ltr'>effugeret,</span> <span class='ocrx_word' id='word_1_48' title='bbox 502 426 613 467; x_wconf 77' lang='lat' dir='ltr'>effugia</span> <span class='ocrx_word' id='word_1_49' title='bbox 636 425 738 454; x_wconf 83' lang='lat' dir='ltr'>vocari</span> <span class='ocrx_word' id='word_1_50' title='bbox 759 425 846 452; x_wconf 86' lang='lat' dir='ltr'>veteri</span> <span class='ocrx_word' id='word_1_51' title='bbox 868 435 947 453; x_wconf 82' lang='lat' dir='ltr'>more</span> <span class='ocrx_word' id='word_1_52' title='bbox 967 422 1049 452; x_wconf 80' lang='lat' dir='ltr'>solet.</span> <span class='ocrx_word' id='word_1_53' title='bbox 1074 423 1164 454; x_wconf 79' lang='lat' dir='ltr'>Dae.</span> <span class='ocrx_word' id='word_1_54' title='bbox 1206 423 1377 453; x_wconf 77' lang='lat' dir='ltr'>Decidisset.</span> <span class='ocrx_word' id='word_1_55' title='bbox 1411 424 1579 453; x_wconf 88' lang='lat' dir='ltr'>Cecidisset.</span> <span class='ocrx_word' id='word_1_56' title='bbox 1627 424 1732 454; x_wconf 79' lang='lat' dir='ltr'>Goth.</span> 
     </span>
    </p>

    <p class='ocr_par' dir='ltr' id='par_1_3' title="bbox 400 465 2183 510">
     <span class='ocr_line' id='line_1_7' title="bbox 400 465 2183 510; baseline -0.001 -10"><span class='ocrx_word' id='word_1_57' title='bbox 400 470 589 510; x_wconf 80' lang='lat' dir='ltr'>Pestifera</span> <span class='ocrx_word' id='word_1_58' title='bbox 615 467 799 506; x_wconf 86' lang='lat' dir='ltr'>auspicia.</span> <span class='ocrx_word' id='word_1_59' title='bbox 843 468 894 495; x_wconf 90' lang='lat' dir='ltr'>Sic</span> <span class='ocrx_word' id='word_1_60' title='bbox 917 467 1023 505; x_wconf 86' lang='lat' dir='ltr'>passim</span> <span class='ocrx_word' id='word_1_61' title='bbox 1046 465 1082 494; x_wconf 89' lang='lat' dir='ltr'>de</span> <span class='ocrx_word' id='word_1_62' title='bbox 1104 466 1239 496; x_wconf 81' lang='lat' dir='ltr'>tristibus</span> <span class='ocrx_word' id='word_1_63' title='bbox 1262 466 1402 504; x_wconf 83' lang='lat' dir='ltr'>auspiciis</span> <span class='ocrx_word' id='word_1_64' title='bbox 1425 472 1492 495; x_wconf 81' lang='lat' dir='ltr'>exta</span> <span class='ocrx_word' id='word_1_65' title='bbox 1516 467 1578 495; x_wconf 87' lang='lat' dir='ltr'>sine</span> <span class='ocrx_word' id='word_1_66' title='bbox 1602 468 1691 496; x_wconf 83' lang='lat' dir='ltr'>corde</span> <span class='ocrx_word' id='word_1_67' title='bbox 1715 473 1743 496; x_wconf 85' lang='lat' dir='ltr'>et</span> <span class='ocrx_word' id='word_1_68' title='bbox 1763 468 1846 496; x_wconf 85' lang='lat' dir='ltr'>iecur</span> <span class='ocrx_word' id='word_1_69' title='bbox 1868 467 1930 496; x_wconf 83' lang='lat' dir='ltr'>sine</span> <span class='ocrx_word' id='word_1_70' title='bbox 1953 467 2058 507; x_wconf 85' lang='lat' dir='ltr'>capite.</span> <span class='ocrx_word' id='word_1_71' title='bbox 2092 468 2183 500; x_wconf 80' lang='lat' dir='ltr'>Dae.</span> 
     </span>
    </p>

    <p class='ocr_par' dir='ltr' id='par_1_4' title="bbox 234 508 2185 673">
     <span class='ocr_line' id='line_1_8' title="bbox 400 508 2185 551; baseline -0.001 -9"><span class='ocrx_word' id='word_1_72' title='bbox 400 511 622 544; x_wconf 83' lang='lat' dir='ltr'>Pullarium.</span> <span class='ocrx_word' id='word_1_73' title='bbox 653 508 714 550; x_wconf 81' lang='lat' dir='ltr'>(Ad</span> <span class='ocrx_word' id='word_1_74' title='bbox 737 508 864 549; x_wconf 79' lang='lat' dir='ltr'>p.212.)</span> <span class='ocrx_word' id='word_1_75' title='bbox 897 510 938 537; x_wconf 87' lang='lat' dir='ltr'>De</span> <span class='ocrx_word' id='word_1_76' title='bbox 961 509 1091 537; x_wconf 78' lang='lat' dir='ltr'>Pullario</span> <span class='ocrx_word' id='word_1_77' title='bbox 1115 510 1217 538; x_wconf 82' lang='lat' dir='ltr'>Cicero</span> <span class='ocrx_word' id='word_1_78' title='bbox 1232 510 1268 538; x_wconf 91' lang='lat' dir='ltr'>II.</span> <span class='ocrx_word' id='word_1_79' title='bbox 1294 509 1422 538; x_wconf 85' lang='lat' dir='ltr'>Divinat.</span> <span class='ocrx_word' id='word_1_80' title='bbox 1444 510 1534 546; x_wconf 74' lang='lat'>(34.):</span> <span class='ocrx_word' id='word_1_81' title='bbox 1572 510 1686 539; x_wconf 68' lang='lat' dir='ltr'>Attulit</span> <span class='ocrx_word' id='word_1_82' title='bbox 1715 511 1745 539; x_wconf 85' lang='lat' dir='ltr'>in</span> <span class='ocrx_word' id='word_1_83' title='bbox 1769 521 1857 538; x_wconf 76' lang='lat' dir='ltr'>cauea</span> <span class='ocrx_word' id='word_1_84' title='bbox 1876 509 1975 549; x_wconf 85' lang='lat' dir='ltr'>pullos</span> <span class='ocrx_word' id='word_1_85' title='bbox 1997 511 2039 548; x_wconf 84' lang='lat' dir='ltr'>is,</span> <span class='ocrx_word' id='word_1_86' title='bbox 2073 512 2123 551; x_wconf 86' lang='lat' dir='ltr'>qui</span> <span class='ocrx_word' id='word_1_87' title='bbox 2145 523 2185 541; x_wconf 76' lang='lat' dir='ltr'>ex</span> 
     </span>
     <span class='ocr_line' id='line_1_9' title="bbox 234 550 2185 594; baseline -0.003 -6"><span class='ocrx_word' id='word_1_88' title='bbox 234 569 265 588; x_wconf 86' lang='lat' dir='ltr'>eo</span> <span class='ocrx_word' id='word_1_89' title='bbox 288 557 459 587; x_wconf 84' lang='lat' dir='ltr'>nominatur</span> <span class='ocrx_word' id='word_1_90' title='bbox 478 553 636 594; x_wconf 87' lang='lat' dir='ltr'>pullarius.</span> <span class='ocrx_word' id='word_1_91' title='bbox 675 553 711 580; x_wconf 78' lang='lat' dir='ltr'>Et</span> <span class='ocrx_word' id='word_1_92' title='bbox 733 552 768 580; x_wconf 89' lang='lat' dir='ltr'>ad</span> <span class='ocrx_word' id='word_1_93' title='bbox 795 552 936 580; x_wconf 79' lang='lat' dir='ltr'>Plancum</span> <span class='ocrx_word' id='word_1_94' title='bbox 961 552 1026 591; x_wconf 85' lang='lat' dir='ltr'>(Ep.</span> <span class='ocrx_word' id='word_1_95' title='bbox 1051 551 1128 580; x_wconf 73' lang='lat' dir='ltr'>Fam.</span> <span class='ocrx_word' id='word_1_96' title='bbox 1143 552 1186 589; x_wconf 91' lang='lat' dir='ltr'>X,</span> <span class='ocrx_word' id='word_1_97' title='bbox 1214 552 1292 590; x_wconf 75' lang='lat'>12.):</span> <span class='ocrx_word' id='word_1_98' title='bbox 1317 550 1463 580; x_wconf 75' lang='lat' dir='ltr'>Recitatis</span> <span class='ocrx_word' id='word_1_99' title='bbox 1487 551 1578 581; x_wconf 83' lang='lat' dir='ltr'>literis</span> <span class='ocrx_word' id='word_1_100' title='bbox 1601 552 1702 581; x_wconf 75' lang='lat' dir='ltr'>oblata</span> <span class='ocrx_word' id='word_1_101' title='bbox 1725 552 1828 592; x_wconf 72' lang='lat' dir='ltr'>religio</span> <span class='ocrx_word' id='word_1_102' title='bbox 1854 551 1981 581; x_wconf 83' lang='lat' dir='ltr'>Cornuto</span> <span class='ocrx_word' id='word_1_103' title='bbox 2004 559 2061 589; x_wconf 77' lang='lat' dir='ltr'>est,</span> <span class='ocrx_word' id='word_1_104' title='bbox 2081 552 2185 593; x_wconf 85' lang='lat' dir='ltr'>pulla-</span> 
     </span>
     <span class='ocr_line' id='line_1_10' title="bbox 234 593 2182 636; baseline -0.004 -6"><span class='ocrx_word' id='word_1_105' title='bbox 234 603 344 630; x_wconf 83' lang='lat' dir='ltr'>riorum</span> <span class='ocrx_word' id='word_1_106' title='bbox 367 598 537 633; x_wconf 74' lang='lat' dir='ltr'>admonitu,</span> <span class='ocrx_word' id='word_1_107' title='bbox 566 607 622 624; x_wconf 82' lang='lat' dir='ltr'>non</span> <span class='ocrx_word' id='word_1_108' title='bbox 645 595 718 623; x_wconf 82' lang='lat' dir='ltr'>satis</span> <span class='ocrx_word' id='word_1_109' title='bbox 741 593 893 633; x_wconf 70' lang='lat' dir='ltr'>diligenter</span> <span class='ocrx_word' id='word_1_110' title='bbox 915 606 976 622; x_wconf 87' lang='lat' dir='ltr'>eum</span> <span class='ocrx_word' id='word_1_111' title='bbox 1000 595 1139 632; x_wconf 80' lang='lat' dir='ltr'>auspiciis</span> <span class='ocrx_word' id='word_1_112' title='bbox 1162 605 1279 634; x_wconf 82' lang='lat' dir='ltr'>operam</span> <span class='ocrx_word' id='word_1_113' title='bbox 1302 593 1422 624; x_wconf 75' lang='lat' dir='ltr'>dedisse.</span> <span class='ocrx_word' id='word_1_114' title='bbox 1465 594 1615 624; x_wconf 84' lang='lat' dir='ltr'>Pullarius</span> <span class='ocrx_word' id='word_1_115' title='bbox 1637 596 1668 624; x_wconf 87' lang='lat' dir='ltr'>in</span> <span class='ocrx_word' id='word_1_116' title='bbox 1692 596 1786 623; x_wconf 85' lang='lat' dir='ltr'>Gloss.</span> <span class='ocrx_word' id='word_1_117' title='bbox 1809 596 1973 634; x_wconf 79' lang='lat' dir='ltr'>exponitur</span> <span class='ocrx_word' id='word_1_118' title='bbox 1994 594 2182 636; x_wconf 79' lang='grc' dir='ltr'><strong><em>πωλοκόμος.</em></strong></span> 
     </span>
     <span class='ocr_line' id='line_1_11' title="bbox 236 635 1510 673; baseline -0.005 -2"><span class='ocrx_word' id='word_1_119' title='bbox 236 644 324 673; x_wconf 78' lang='lat' dir='ltr'>Dae.</span> <span class='ocrx_word' id='word_1_120' title='bbox 360 642 424 670; x_wconf 86' lang='lat' dir='ltr'>Hoc</span> <span class='ocrx_word' id='word_1_121' title='bbox 448 640 538 668; x_wconf 83' lang='lat' dir='ltr'>verbo</span> <span class='ocrx_word' id='word_1_122' title='bbox 563 638 656 667; x_wconf 86' lang='lat' dir='ltr'>utitur</span> <span class='ocrx_word' id='word_1_123' title='bbox 678 637 777 665; x_wconf 83' lang='lat' dir='ltr'>Livius</span> <span class='ocrx_word' id='word_1_124' title='bbox 801 637 851 666; x_wconf 81' lang='lat' dir='ltr'>lib.</span> <span class='ocrx_word' id='word_1_125' title='bbox 864 638 902 666; x_wconf 91' lang='lat' dir='ltr'>X.</span> <span class='ocrx_word' id='word_1_126' title='bbox 927 638 962 673; x_wconf 92' lang='lat' dir='ltr'>(c.</span> <span class='ocrx_word' id='word_1_127' title='bbox 974 637 1036 673; x_wconf 85' lang='lat'>40.)</span> <span class='ocrx_word' id='word_1_128' title='bbox 1063 637 1125 665; x_wconf 82' lang='lat' dir='ltr'>Val.</span> <span class='ocrx_word' id='word_1_129' title='bbox 1149 637 1225 666; x_wconf 86' lang='lat' dir='ltr'>Max.</span> <span class='ocrx_word' id='word_1_130' title='bbox 1244 637 1263 664; x_wconf 94' lang='lat' dir='ltr'>l.</span> <span class='ocrx_word' id='word_1_131' title='bbox 1288 637 1356 667; x_wconf 81' lang='lat' dir='ltr'>c.4.</span> <span class='ocrx_word' id='word_1_132' title='bbox 1405 635 1510 666; x_wconf 76' lang='lat' dir='ltr'>Goth.</span> 
     </span>
    </p>

    <p class='ocr_par' dir='ltr' id='par_1_5' title="bbox 227 679 2184 1401">
     <span class='ocr_line' id='line_1_12' title="bbox 400 679 2184 721; baseline 0 -10"><span class='ocrx_word' id='word_1_133' title='bbox 400 686 605 721; x_wconf 82' lang='lat' dir='ltr'>Praepetes.</span> <span class='ocrx_word' id='word_1_134' title='bbox 650 681 806 718; x_wconf 86' lang='lat' dir='ltr'>Praepetes</span> <span class='ocrx_word' id='word_1_135' title='bbox 835 690 904 708; x_wconf 87' lang='lat' dir='ltr'>aves</span> <span class='ocrx_word' id='word_1_136' title='bbox 935 679 1027 707; x_wconf 80' lang='lat' dir='ltr'>dictas</span> <span class='ocrx_word' id='word_1_137' title='bbox 1058 679 1177 717; x_wconf 88' lang='lat' dir='ltr'>quidam</span> <span class='ocrx_word' id='word_1_138' title='bbox 1207 684 1329 717; x_wconf 83' lang='lat' dir='ltr'>putant,</span> <span class='ocrx_word' id='word_1_139' title='bbox 1368 680 1435 717; x_wconf 82' lang='lat' dir='ltr'>quia</span> <span class='ocrx_word' id='word_1_140' title='bbox 1458 680 1592 708; x_wconf 83' lang='lat' dir='ltr'><strong>volantes</strong></span> <span class='ocrx_word' id='word_1_141' title='bbox 1615 690 1645 708; x_wconf 89' lang='lat' dir='ltr'>se</span> <span class='ocrx_word' id='word_1_142' title='bbox 1669 680 1805 708; x_wconf 80' lang='lat' dir='ltr'>offerunt.</span> <span class='ocrx_word' id='word_1_143' title='bbox 1851 680 1922 708; x_wconf 84' lang='lat' dir='ltr'>Nam</span> <span class='ocrx_word' id='word_1_144' title='bbox 1945 685 2117 719; x_wconf 80' lang='lat' dir='ltr'>praepetere</span> <span class='ocrx_word' id='word_1_145' title='bbox 2141 687 2184 711; x_wconf 86' lang='lat' dir='ltr'>est</span> 
     </span>
     <span class='ocr_line' id='line_1_13' title="bbox 233 722 2183 764; baseline -0.002 -7"><span class='ocrx_word' id='word_1_146' title='bbox 233 739 318 758; x_wconf 85' lang='lat' dir='ltr'>avem</span> <span class='ocrx_word' id='word_1_147' title='bbox 341 725 508 764; x_wconf 77' lang='lat' dir='ltr'>auspicanti</span> <span class='ocrx_word' id='word_1_148' title='bbox 530 734 560 752; x_wconf 86' lang='lat' dir='ltr'>se</span> <span class='ocrx_word' id='word_1_149' title='bbox 584 723 699 751; x_wconf 87' lang='lat' dir='ltr'>offerre.</span> <span class='ocrx_word' id='word_1_150' title='bbox 748 723 830 751; x_wconf 84' lang='lat' dir='ltr'>Unde</span> <span class='ocrx_word' id='word_1_151' title='bbox 858 726 1012 761; x_wconf 83' lang='lat' dir='ltr'>praepetes</span> <span class='ocrx_word' id='word_1_152' title='bbox 1042 732 1110 750; x_wconf 87' lang='lat' dir='ltr'>aves</span> <span class='ocrx_word' id='word_1_153' title='bbox 1139 722 1295 758; x_wconf 86' lang='lat' dir='ltr'>dicuntur,</span> <span class='ocrx_word' id='word_1_154' title='bbox 1336 732 1409 760; x_wconf 78' lang='lat' dir='ltr'>quae</span> <span class='ocrx_word' id='word_1_155' title='bbox 1439 732 1469 750; x_wconf 87' lang='lat' dir='ltr'>se</span> <span class='ocrx_word' id='word_1_156' title='bbox 1496 727 1563 750; x_wconf 82' lang='lat' dir='ltr'>ante</span> <span class='ocrx_word' id='word_1_157' title='bbox 1592 723 1791 761; x_wconf 79' lang='lat' dir='ltr'>auspicantem</span> <span class='ocrx_word' id='word_1_158' title='bbox 1816 723 1924 752; x_wconf 77' lang='lat' dir='ltr'>ferunt.</span> <span class='ocrx_word' id='word_1_159' title='bbox 1970 723 2044 752; x_wconf 82' lang='lat' dir='ltr'>Nam</span> <span class='ocrx_word' id='word_1_160' title='bbox 2067 725 2183 762; x_wconf 83' lang='lat' dir='ltr'>antiqui</span> 
     </span>
     <span class='ocr_line' id='line_1_14' title="bbox 229 764 2183 812; baseline -0.002 -13"><span class='ocrx_word' id='word_1_161' title='bbox 229 777 393 812; x_wconf 79' lang='lat' dir='ltr'><strong><em>praepetere</em></strong></span> <span class='ocrx_word' id='word_1_162' title='bbox 415 767 553 796; x_wconf 85' lang='lat' dir='ltr'>dicebant</span> <span class='ocrx_word' id='word_1_163' title='bbox 576 776 630 805; x_wconf 85' lang='lat' dir='ltr'>pro</span> <span class='ocrx_word' id='word_1_164' title='bbox 653 765 774 794; x_wconf 86' lang='lat' dir='ltr'>anteire.</span> <span class='ocrx_word' id='word_1_165' title='bbox 813 766 932 793; x_wconf 80' lang='lat' dir='ltr'>Servius</span> <span class='ocrx_word' id='word_1_166' title='bbox 955 765 983 792; x_wconf 89' lang='lat' dir='ltr'>in</span> <span class='ocrx_word' id='word_1_167' title='bbox 1008 764 1193 802; x_wconf 78' lang='lat' dir='ltr'>fragmentis:</span> <span class='ocrx_word' id='word_1_168' title='bbox 1221 767 1369 804; x_wconf 81' lang='lat' dir='ltr'>Praepetes</span> <span class='ocrx_word' id='word_1_169' title='bbox 1391 772 1472 801; x_wconf 80' lang='lat' dir='ltr'>sunt,</span> <span class='ocrx_word' id='word_1_170' title='bbox 1497 776 1571 805; x_wconf 82' lang='lat' dir='ltr'>quae</span> <span class='ocrx_word' id='word_1_171' title='bbox 1593 764 1719 794; x_wconf 78' lang='lat' dir='ltr'>secundo</span> <span class='ocrx_word' id='word_1_172' title='bbox 1743 766 1874 805; x_wconf 83' lang='lat' dir='ltr'>auspicio</span> <span class='ocrx_word' id='word_1_173' title='bbox 1897 772 1964 793; x_wconf 82' lang='lat' dir='ltr'>ante</span> <span class='ocrx_word' id='word_1_174' title='bbox 1986 777 2048 794; x_wconf 88' lang='lat' dir='ltr'>eum</span> <span class='ocrx_word' id='word_1_175' title='bbox 2072 765 2183 803; x_wconf 73' lang='lat' dir='ltr'>volant,</span> 
     </span>
     <span class='ocr_line' id='line_1_15' title="bbox 231 805 2183 853; baseline -0.002 -12"><span class='ocrx_word' id='word_1_176' title='bbox 231 814 282 853; x_wconf 77' lang='lat' dir='ltr'>qui</span> <span class='ocrx_word' id='word_1_177' title='bbox 303 812 481 850; x_wconf 72' lang='lat' dir='ltr'>auspicatur.</span> <span class='ocrx_word' id='word_1_178' title='bbox 525 808 606 838; x_wconf 83' lang='lat' dir='ltr'>Aves</span> <span class='ocrx_word' id='word_1_179' title='bbox 629 815 722 836; x_wconf 86' lang='lat' dir='ltr'>autem</span> <span class='ocrx_word' id='word_1_180' title='bbox 747 815 798 836; x_wconf 85' lang='lat' dir='ltr'>aut</span> <span class='ocrx_word' id='word_1_181' title='bbox 822 809 931 836; x_wconf 83' lang='lat' dir='ltr'>oscines</span> <span class='ocrx_word' id='word_1_182' title='bbox 953 815 1020 835; x_wconf 79' lang='lat' dir='ltr'>sunt</span> <span class='ocrx_word' id='word_1_183' title='bbox 1044 815 1094 835; x_wconf 84' lang='lat' dir='ltr'>aut</span> <span class='ocrx_word' id='word_1_184' title='bbox 1117 815 1273 846; x_wconf 70' lang='lat' dir='ltr'>praepetes,</span> <span class='ocrx_word' id='word_1_185' title='bbox 1323 805 1458 841; x_wconf 84' lang='lat' dir='ltr'>Oscines,</span> <span class='ocrx_word' id='word_1_186' title='bbox 1495 819 1569 847; x_wconf 84' lang='lat' dir='ltr'>quac</span> <span class='ocrx_word' id='word_1_187' title='bbox 1596 818 1644 836; x_wconf 81' lang='lat' dir='ltr'>ore</span> <span class='ocrx_word' id='word_1_188' title='bbox 1662 807 1773 848; x_wconf 83' lang='lat' dir='ltr'>futura</span> <span class='ocrx_word' id='word_1_189' title='bbox 1799 806 1991 846; x_wconf 78' lang='lat' dir='ltr'>praedicunt,-</span> <span class='ocrx_word' id='word_1_190' title='bbox 2023 816 2183 847; x_wconf 79' lang='lat' dir='ltr'>praepetes,</span> 
     </span>
     <span class='ocr_line' id='line_1_16' title="bbox 230 848 2184 895; baseline -0.002 -12"><span class='ocrx_word' id='word_1_191' title='bbox 230 865 303 895; x_wconf 81' lang='lat' dir='ltr'>quae</span> <span class='ocrx_word' id='word_1_192' title='bbox 325 852 426 882; x_wconf 76' lang='lat' dir='ltr'>volatu</span> <span class='ocrx_word' id='word_1_193' title='bbox 449 852 603 891; x_wconf 79' lang='lat' dir='ltr'>augurium</span> <span class='ocrx_word' id='word_1_194' title='bbox 627 851 812 889; x_wconf 75' lang='lat' dir='ltr'>significant,</span> <span class='ocrx_word' id='word_1_195' title='bbox 848 861 913 878; x_wconf 89' lang='lat' dir='ltr'>cum</span> <span class='ocrx_word' id='word_1_196' title='bbox 937 856 1003 878; x_wconf 77' lang='lat' dir='ltr'>sunt</span> <span class='ocrx_word' id='word_1_197' title='bbox 1023 860 1173 888; x_wconf 72' lang='lat' dir='ltr'>prospera.</span> <span class='ocrx_word' id='word_1_198' title='bbox 1219 848 1278 878; x_wconf 75' lang='lat' dir='ltr'>Sed</span> <span class='ocrx_word' id='word_1_199' title='bbox 1299 857 1447 889; x_wconf 81' lang='lat' dir='ltr'>praepetes</span> <span class='ocrx_word' id='word_1_200' title='bbox 1470 857 1520 878; x_wconf 82' lang='lat' dir='ltr'>aut</span> <span class='ocrx_word' id='word_1_201' title='bbox 1544 851 1693 889; x_wconf 82' lang='lat' dir='ltr'>superiora</span> <span class='ocrx_word' id='word_1_202' title='bbox 1716 857 1823 887; x_wconf 80' lang='lat' dir='ltr'>tenent,</span> <span class='ocrx_word' id='word_1_203' title='bbox 1854 857 1879 878; x_wconf 80' lang='lat' dir='ltr'>et</span> <span class='ocrx_word' id='word_1_204' title='bbox 1899 857 2048 889; x_wconf 79' lang='lat' dir='ltr'>praepetes</span> <span class='ocrx_word' id='word_1_205' title='bbox 2070 861 2184 880; x_wconf 81' lang='lat' dir='ltr'>vocan-</span> 
     </span>
     <span class='ocr_line' id='line_1_17' title="bbox 230 891 2184 935; baseline -0.002 -10"><span class='ocrx_word' id='word_1_206' title='bbox 230 905 293 934; x_wconf 80' lang='lat' dir='ltr'>tur,</span> <span class='ocrx_word' id='word_1_207' title='bbox 329 903 379 924; x_wconf 78' lang='lat' dir='ltr'>aut</span> <span class='ocrx_word' id='word_1_208' title='bbox 403 894 559 935; x_wconf 66' lang='lat' dir='ltr'>inferiora,</span> <span class='ocrx_word' id='word_1_209' title='bbox 593 901 618 922; x_wconf 81' lang='lat' dir='ltr'>et</span> <span class='ocrx_word' id='word_1_210' title='bbox 642 893 779 922; x_wconf 80' lang='lat' dir='ltr'>dicuntur</span> <span class='ocrx_word' id='word_1_211' title='bbox 800 892 920 931; x_wconf 77' lang='lat' dir='ltr'>infer-ae.</span> <span class='ocrx_word' id='word_1_212' title='bbox 967 894 1117 931; x_wconf 85' lang='lat' dir='ltr'>Praepetes</span> <span class='ocrx_word' id='word_1_213' title='bbox 1141 900 1235 921; x_wconf 80' lang='lat' dir='ltr'>autem</span> <span class='ocrx_word' id='word_1_214' title='bbox 1260 891 1341 928; x_wconf 79' lang='lat' dir='ltr'>ideo,</span> <span class='ocrx_word' id='word_1_215' title='bbox 1379 893 1448 932; x_wconf 84' lang='lat' dir='ltr'>quia</span> <span class='ocrx_word' id='word_1_216' title='bbox 1473 903 1571 920; x_wconf 82' lang='lat' dir='ltr'>omnes</span> <span class='ocrx_word' id='word_1_217' title='bbox 1593 904 1658 921; x_wconf 85' lang='lat' dir='ltr'>aves</span> <span class='ocrx_word' id='word_1_218' title='bbox 1677 893 1781 931; x_wconf 85' lang='lat' dir='ltr'>priora</span> <span class='ocrx_word' id='word_1_219' title='bbox 1801 899 1902 931; x_wconf 83' lang='lat' dir='ltr'>petunt</span> <span class='ocrx_word' id='word_1_220' title='bbox 1924 891 2065 922; x_wconf 80' lang='lat' dir='ltr'>volantes.</span> <span class='ocrx_word' id='word_1_221' title='bbox 2109 893 2184 922; x_wconf 75' lang='lat' dir='ltr'>Vide</span> 
     </span>
     <span class='ocr_line' id='line_1_18' title="bbox 230 933 2184 974; baseline -0.002 -6"><span class='ocrx_word' id='word_1_222' title='bbox 230 940 316 968; x_wconf 82' lang='lat' dir='ltr'>etiam</span> <span class='ocrx_word' id='word_1_223' title='bbox 341 938 467 966; x_wconf 83' lang='lat' dir='ltr'>Gellium</span> <span class='ocrx_word' id='word_1_224' title='bbox 491 937 540 965; x_wconf 86' lang='lat' dir='ltr'>lib.</span> <span class='ocrx_word' id='word_1_225' title='bbox 556 936 603 964; x_wconf 91' lang='lat' dir='ltr'>VI.</span> <span class='ocrx_word' id='word_1_226' title='bbox 623 947 686 974; x_wconf 84' lang='lat' dir='ltr'>cap.</span> <span class='ocrx_word' id='word_1_227' title='bbox 701 938 729 966; x_wconf 92' lang='lat'>6.</span> <span class='ocrx_word' id='word_1_228' title='bbox 753 933 853 964; x_wconf 81' lang='lat' dir='ltr'>Scal.</span> <span class='ocrx_word' id='word_1_229' title='bbox 891 934 962 971; x_wconf 83' lang='lat' dir='ltr'>Ubi,</span> <span class='ocrx_word' id='word_1_230' title='bbox 986 940 1018 962; x_wconf 87' lang='lat' dir='ltr'>ut</span> <span class='ocrx_word' id='word_1_231' title='bbox 1041 935 1139 970; x_wconf 83' lang='lat' dir='ltr'>vides,</span> <span class='ocrx_word' id='word_1_232' title='bbox 1162 935 1213 962; x_wconf 85' lang='lat' dir='ltr'>ille</span> <span class='ocrx_word' id='word_1_233' title='bbox 1234 942 1382 973; x_wconf 77' lang='lat' dir='ltr'>praepetes</span> <span class='ocrx_word' id='word_1_234' title='bbox 1405 946 1419 962; x_wconf 92' lang='lat' dir='ltr'>a</span> <span class='ocrx_word' id='word_1_235' title='bbox 1440 946 1511 972; x_wconf 82' lang='lat' dir='ltr'>prae</span> <span class='ocrx_word' id='word_1_236' title='bbox 1534 940 1561 963; x_wconf 88' lang='lat' dir='ltr'>et</span> <span class='ocrx_word' id='word_1_237' title='bbox 1581 942 1691 974; x_wconf 82' lang='lat' dir='ltr'>petere,</span> <span class='ocrx_word' id='word_1_238' title='bbox 1716 935 1796 973; x_wconf 42' lang='lat' dir='ltr'>qxuod</span> <span class='ocrx_word' id='word_1_239' title='bbox 1820 940 1847 963; x_wconf 86' lang='lat' dir='ltr'>et</span> <span class='ocrx_word' id='word_1_240' title='bbox 1871 935 1973 963; x_wconf 81' lang='lat' dir='ltr'>Festus</span> <span class='ocrx_word' id='word_1_241' title='bbox 1995 936 2094 964; x_wconf 83' lang='lat' dir='ltr'>sensit.</span> <span class='ocrx_word' id='word_1_242' title='bbox 2125 936 2184 965; x_wconf 88' lang='lat' dir='ltr'>Sed</span> 
     </span>
     <span class='ocr_line' id='line_1_19' title="bbox 229 976 2182 1016; baseline -0.002 -6"><span class='ocrx_word' id='word_1_243' title='bbox 229 993 265 1012; x_wconf 85' lang='lat' dir='ltr'>en</span> <span class='ocrx_word' id='word_1_244' title='bbox 288 981 342 1010; x_wconf 78' lang='lat' dir='ltr'>tibi</span> <span class='ocrx_word' id='word_1_245' title='bbox 365 980 495 1008; x_wconf 83' lang='lat' dir='ltr'>eiusdem</span> <span class='ocrx_word' id='word_1_246' title='bbox 516 979 611 1007; x_wconf 86' lang='lat' dir='ltr'>Servii</span> <span class='ocrx_word' id='word_1_247' title='bbox 635 979 733 1006; x_wconf 86' lang='lat' dir='ltr'>locum</span> <span class='ocrx_word' id='word_1_248' title='bbox 758 978 884 1005; x_wconf 85' lang='lat' dir='ltr'>alterum</span> <span class='ocrx_word' id='word_1_249' title='bbox 909 987 968 1005; x_wconf 90' lang='lat' dir='ltr'>non</span> <span class='ocrx_word' id='word_1_250' title='bbox 992 977 1087 1005; x_wconf 86' lang='lat' dir='ltr'>minus</span> <span class='ocrx_word' id='word_1_251' title='bbox 1111 977 1254 1005; x_wconf 85' lang='lat' dir='ltr'>illustrem</span> <span class='ocrx_word' id='word_1_252' title='bbox 1279 978 1317 1005; x_wconf 85' lang='lat' dir='ltr'>ad</span> <span class='ocrx_word' id='word_1_253' title='bbox 1340 977 1414 1005; x_wconf 90' lang='lat' dir='ltr'>illud</span> <span class='ocrx_word' id='word_1_254' title='bbox 1437 977 1483 1006; x_wconf 87' lang='lat' dir='ltr'>VI.</span> <span class='ocrx_word' id='word_1_255' title='bbox 1508 977 1581 1006; x_wconf 87' lang='lat' dir='ltr'>Aen.</span> <span class='ocrx_word' id='word_1_256' title='bbox 1605 978 1698 1014; x_wconf 88' lang='lat'>(15.):</span> <span class='ocrx_word' id='word_1_257' title='bbox 1733 976 1919 1016; x_wconf 79' lang='lat' dir='ltr'>Praepetibus</span> <span class='ocrx_word' id='word_1_258' title='bbox 1938 978 2056 1016; x_wconf 85' lang='lat' dir='ltr'>pennis:</span> <span class='ocrx_word' id='word_1_259' title='bbox 2091 980 2182 1007; x_wconf 83' lang='lat' dir='ltr'>Prae-</span> 
     </span>
     <span class='ocr_line' id='line_1_20' title="bbox 227 1018 2183 1064; baseline -0.002 -11"><span class='ocrx_word' id='word_1_260' title='bbox 227 1031 304 1064; x_wconf 84' lang='lat' dir='ltr'>petes</span> <span class='ocrx_word' id='word_1_261' title='bbox 326 1030 439 1059; x_wconf 88' lang='lat' dir='ltr'>autem,</span> <span class='ocrx_word' id='word_1_262' title='bbox 471 1022 585 1060; x_wconf 83' lang='lat' dir='ltr'>inquit,</span> <span class='ocrx_word' id='word_1_263' title='bbox 618 1020 728 1055; x_wconf 75' lang='lat' dir='ltr'>dictae,</span> <span class='ocrx_word' id='word_1_264' title='bbox 763 1019 809 1048; x_wconf 84' lang='lat' dir='ltr'>vel</span> <span class='ocrx_word' id='word_1_265' title='bbox 829 1018 910 1059; x_wconf 79' lang='lat' dir='ltr'>quod</span> <span class='ocrx_word' id='word_1_266' title='bbox 929 1020 1030 1058; x_wconf 88' lang='lat' dir='ltr'>priora</span> <span class='ocrx_word' id='word_1_267' title='bbox 1051 1027 1166 1058; x_wconf 77' lang='lat' dir='ltr'>petant,</span> <span class='ocrx_word' id='word_1_268' title='bbox 1197 1018 1243 1047; x_wconf 82' lang='lat' dir='ltr'>vel</span> <span class='ocrx_word' id='word_1_269' title='bbox 1262 1021 1368 1048; x_wconf 81' lang='lat' dir='ltr'>summi</span> <span class='ocrx_word' id='word_1_270' title='bbox 1390 1018 1522 1055; x_wconf 82' lang='lat' dir='ltr'>uolatus,</span> <span class='ocrx_word' id='word_1_271' title='bbox 1546 1019 1592 1048; x_wconf 80' lang='lat' dir='ltr'>vel</span> <span class='ocrx_word' id='word_1_272' title='bbox 1613 1031 1687 1059; x_wconf 81' lang='lat' dir='ltr'>quae</span> <span class='ocrx_word' id='word_1_273' title='bbox 1707 1020 1849 1058; x_wconf 73' lang='lat' dir='ltr'>praepeti!</span> <span class='ocrx_word' id='word_1_274' title='bbox 1872 1018 2018 1056; x_wconf 78' lang='lat' dir='ltr'>volatum,</span> <span class='ocrx_word' id='word_1_275' title='bbox 2041 1019 2088 1050; x_wconf 82' lang='lat' dir='ltr'>vel</span> <span class='ocrx_word' id='word_1_276' title='bbox 2108 1031 2183 1061; x_wconf 81' lang='lat' dir='ltr'>quae</span> 
     </span>
     <span class='ocr_line' id='line_1_21' title="bbox 228 1061 2183 1104; baseline -0.002 -9"><span class='ocrx_word' id='word_1_277' title='bbox 228 1065 384 1095; x_wconf 73' lang='lat' dir='ltr'>secundum</span> <span class='ocrx_word' id='word_1_278' title='bbox 409 1065 572 1104; x_wconf 83' lang='lat' dir='ltr'>auspicium</span> <span class='ocrx_word' id='word_1_279' title='bbox 586 1063 679 1104; x_wconf 80' lang='lat' dir='ltr'>facit.</span> <span class='ocrx_word' id='word_1_280' title='bbox 714 1061 751 1090; x_wconf 83' lang='lat' dir='ltr'>Et</span> <span class='ocrx_word' id='word_1_281' title='bbox 774 1061 894 1102; x_wconf 82' lang='lat' dir='ltr'>quidam</span> <span class='ocrx_word' id='word_1_282' title='bbox 916 1069 1065 1100; x_wconf 82' lang='lat' dir='ltr'>praepetes</span> <span class='ocrx_word' id='word_1_283' title='bbox 1088 1061 1206 1090; x_wconf 77' lang='lat' dir='ltr'>tradunt</span> <span class='ocrx_word' id='word_1_284' title='bbox 1231 1073 1287 1090; x_wconf 87' lang='lat' dir='ltr'>non</span> <span class='ocrx_word' id='word_1_285' title='bbox 1313 1069 1425 1090; x_wconf 81' lang='lat' dir='ltr'>tantum</span> <span class='ocrx_word' id='word_1_286' title='bbox 1449 1073 1515 1090; x_wconf 73' lang='lat' dir='ltr'>aves</span> <span class='ocrx_word' id='word_1_287' title='bbox 1539 1061 1614 1098; x_wconf 78' lang='lat' dir='ltr'>dici,</span> <span class='ocrx_word' id='word_1_288' title='bbox 1640 1074 1713 1101; x_wconf 86' lang='lat' dir='ltr'>quae</span> <span class='ocrx_word' id='word_1_289' title='bbox 1732 1062 1900 1101; x_wconf 82' lang='lat' dir='ltr'>prosperius</span> <span class='ocrx_word' id='word_1_290' title='bbox 1920 1061 2109 1102; x_wconf 72' lang='lat' dir='ltr'>praevolant,</span> <span class='ocrx_word' id='word_1_291' title='bbox 2132 1062 2183 1092; x_wconf 79' lang='lat' dir='ltr'>sed</span> 
     </span>
     <span class='ocr_line' id='line_1_22' title="bbox 229 1103 2182 1147; baseline -0.002 -10"><span class='ocrx_word' id='word_1_292' title='bbox 229 1109 315 1137; x_wconf 84' lang='lat' dir='ltr'>etiam</span> <span class='ocrx_word' id='word_1_293' title='bbox 338 1107 435 1143; x_wconf 82' lang='lat' dir='ltr'>locos,</span> <span class='ocrx_word' id='word_1_294' title='bbox 473 1118 545 1147; x_wconf 86' lang='lat' dir='ltr'>quos</span> <span class='ocrx_word' id='word_1_295' title='bbox 568 1107 704 1144; x_wconf 83' lang='lat' dir='ltr'>capiunt,</span> <span class='ocrx_word' id='word_1_296' title='bbox 740 1103 820 1145; x_wconf 77' lang='lat' dir='ltr'>quod</span> <span class='ocrx_word' id='word_1_297' title='bbox 843 1103 941 1133; x_wconf 73' lang='lat' dir='ltr'>idonei</span> <span class='ocrx_word' id='word_1_298' title='bbox 960 1103 1124 1144; x_wconf 79' lang='lat' dir='ltr'>felicesque</span> <span class='ocrx_word' id='word_1_299' title='bbox 1146 1112 1220 1133; x_wconf 83' lang='lat' dir='ltr'>sunt.</span> <span class='ocrx_word' id='word_1_300' title='bbox 1272 1103 1355 1132; x_wconf 78' lang='lat' dir='ltr'>Unde</span> <span class='ocrx_word' id='word_1_301' title='bbox 1378 1103 1445 1132; x_wconf 86' lang='lat' dir='ltr'>bene</span> <span class='ocrx_word' id='word_1_302' title='bbox 1467 1103 1597 1133; x_wconf 80' lang='lat' dir='ltr'>Daedali</span> <span class='ocrx_word' id='word_1_303' title='bbox 1617 1116 1728 1143; x_wconf 84' lang='lat' dir='ltr'>pennas</span> <span class='ocrx_word' id='word_1_304' title='bbox 1749 1112 1911 1143; x_wconf 83' lang='lat' dir='ltr'>praepetes,</span> <span class='ocrx_word' id='word_1_305' title='bbox 1947 1105 2019 1144; x_wconf 86' lang='lat' dir='ltr'>quia</span> <span class='ocrx_word' id='word_1_306' title='bbox 2042 1104 2077 1133; x_wconf 76' lang='lat' dir='ltr'>de</span> <span class='ocrx_word' id='word_1_307' title='bbox 2098 1104 2182 1143; x_wconf 78' lang='lat' dir='ltr'>locis,</span> 
     </span>
     <span class='ocr_line' id='line_1_23' title="bbox 229 1145 2182 1190; baseline -0.002 -11"><span class='ocrx_word' id='word_1_308' title='bbox 229 1152 258 1180; x_wconf 84' lang='lat' dir='ltr'>in</span> <span class='ocrx_word' id='word_1_309' title='bbox 281 1149 386 1190; x_wconf 80' lang='lat' dir='ltr'>quibus</span> <span class='ocrx_word' id='word_1_310' title='bbox 407 1148 567 1189; x_wconf 85' lang='lat' dir='ltr'>periculum</span> <span class='ocrx_word' id='word_1_311' title='bbox 591 1147 748 1184; x_wconf 75' lang='lat' dir='ltr'>metuebat,</span> <span class='ocrx_word' id='word_1_312' title='bbox 773 1148 801 1175; x_wconf 85' lang='lat' dir='ltr'>in</span> <span class='ocrx_word' id='word_1_313' title='bbox 825 1145 892 1175; x_wconf 88' lang='lat' dir='ltr'>loca</span> <span class='ocrx_word' id='word_1_314' title='bbox 915 1148 1022 1175; x_wconf 81' lang='lat' dir='ltr'>tutiora</span> <span class='ocrx_word' id='word_1_315' title='bbox 1043 1148 1179 1184; x_wconf 78' lang='lat' dir='ltr'>pervenit.</span> <span class='ocrx_word' id='word_1_316' title='bbox 1211 1148 1306 1182; x_wconf 86' lang='lat' dir='ltr'>Quem</span> <span class='ocrx_word' id='word_1_317' title='bbox 1329 1148 1422 1175; x_wconf 86' lang='lat' dir='ltr'>Servii</span> <span class='ocrx_word' id='word_1_318' title='bbox 1448 1147 1547 1175; x_wconf 89' lang='lat' dir='ltr'>locum</span> <span class='ocrx_word' id='word_1_319' title='bbox 1569 1147 1700 1176; x_wconf 82' lang='lat' dir='ltr'>illustrat</span> <span class='ocrx_word' id='word_1_320' title='bbox 1720 1147 1831 1175; x_wconf 85' lang='lat' dir='ltr'>Gellius</span> <span class='ocrx_word' id='word_1_321' title='bbox 1852 1146 1902 1177; x_wconf 90' lang='lat' dir='ltr'>lib.</span> <span class='ocrx_word' id='word_1_322' title='bbox 1917 1147 1963 1175; x_wconf 91' lang='lat' dir='ltr'>Vl.</span> <span class='ocrx_word' id='word_1_323' title='bbox 1981 1157 2044 1185; x_wconf 88' lang='lat' dir='ltr'>cap.</span> <span class='ocrx_word' id='word_1_324' title='bbox 2061 1150 2107 1184; x_wconf 90' lang='lat'>6.,</span> <span class='ocrx_word' id='word_1_325' title='bbox 2130 1147 2182 1176; x_wconf 87' lang='lat' dir='ltr'>ubi</span> 
     </span>
     <span class='ocr_line' id='line_1_24' title="bbox 229 1189 2182 1230; baseline -0.003 -8"><span class='ocrx_word' id='word_1_326' title='bbox 229 1193 315 1223; x_wconf 87' lang='lat' dir='ltr'>etiam</span> <span class='ocrx_word' id='word_1_327' title='bbox 340 1193 427 1220; x_wconf 74' lang='lat' dir='ltr'>docet</span> <span class='ocrx_word' id='word_1_328' title='bbox 449 1196 605 1230; x_wconf 81' lang='lat' dir='ltr'>praepetes</span> <span class='ocrx_word' id='word_1_329' title='bbox 627 1200 694 1218; x_wconf 79' lang='lat' dir='ltr'>aves</span> <span class='ocrx_word' id='word_1_330' title='bbox 718 1191 749 1218; x_wconf 88' lang='lat' dir='ltr'>L.</span> <span class='ocrx_word' id='word_1_331' title='bbox 775 1190 861 1217; x_wconf 85' lang='lat' dir='ltr'>Claro</span> <span class='ocrx_word' id='word_1_332' title='bbox 885 1189 980 1218; x_wconf 84' lang='lat' dir='ltr'>dictas</span> <span class='ocrx_word' id='word_1_333' title='bbox 1004 1190 1111 1223; x_wconf 74' lang='lat' dir='ltr'>videri,</span> <span class='ocrx_word' id='word_1_334' title='bbox 1142 1200 1214 1226; x_wconf 80' lang='lat' dir='ltr'>quas</span> <span class='ocrx_word' id='word_1_335' title='bbox 1238 1190 1384 1217; x_wconf 76' lang='lat' dir='ltr'>Homerus</span> <span class='ocrx_word' id='word_1_336' title='bbox 1407 1189 1631 1229; x_wconf 65' lang='lat' dir='ltr'>mvvnts&#39;ovyag</span> <span class='ocrx_word' id='word_1_337' title='bbox 1654 1190 1785 1228; x_wconf 85' lang='lat' dir='ltr'>appellat</span> <span class='ocrx_word' id='word_1_338' title='bbox 1807 1189 1896 1217; x_wconf 83' lang='lat' dir='ltr'>Iliad.</span> <span class='ocrx_word' id='word_1_339' title='bbox 1912 1201 1936 1220; x_wconf 83' lang='grc' dir='ltr'>τ.</span> <span class='ocrx_word' id='word_1_340' title='bbox 1960 1189 2060 1228; x_wconf 84' lang='lat' dir='ltr'>(XtX,</span> <span class='ocrx_word' id='word_1_341' title='bbox 2085 1189 2182 1229; x_wconf 82' lang='lat'>350.),</span> 
     </span>
     <span class='ocr_line' id='line_1_25' title="bbox 228 1232 2183 1274; baseline -0.001 -11"><span class='ocrx_word' id='word_1_342' title='bbox 228 1236 308 1274; x_wconf 89' lang='lat' dir='ltr'>quod</span> <span class='ocrx_word' id='word_1_343' title='bbox 333 1235 479 1274; x_wconf 72' lang='lat' dir='ltr'>porrectis</span> <span class='ocrx_word' id='word_1_344' title='bbox 503 1240 529 1262; x_wconf 59' lang='lat' dir='ltr'>et,</span> <span class='ocrx_word' id='word_1_345' title='bbox 552 1234 662 1272; x_wconf 83' lang='lat' dir='ltr'>patulis</span> <span class='ocrx_word' id='word_1_346' title='bbox 685 1233 737 1260; x_wconf 85' lang='lat' dir='ltr'>alis</span> <span class='ocrx_word' id='word_1_347' title='bbox 761 1232 1025 1270; x_wconf 80' lang='lat' dir='ltr'>praetervolarent.</span> <span class='ocrx_word' id='word_1_348' title='bbox 1064 1232 1134 1260; x_wconf 86' lang='lat' dir='ltr'>Inde</span> <span class='ocrx_word' id='word_1_349' title='bbox 1159 1232 1270 1260; x_wconf 88' lang='lat' dir='ltr'>Gloss.:</span> <span class='ocrx_word' id='word_1_350' title='bbox 1306 1234 1451 1271; x_wconf 80' lang='lat' dir='ltr'>Praepetcs</span> <span class='ocrx_word' id='word_1_351' title='bbox 1475 1232 1701 1271; x_wconf 65' lang='grc' dir='ltr'>τανυπτὲρυγες.</span> <span class='ocrx_word' id='word_1_352' title='bbox 1744 1233 1879 1260; x_wconf 84' lang='lat' dir='ltr'>Ceterum</span> <span class='ocrx_word' id='word_1_353' title='bbox 1903 1237 2024 1270; x_wconf 81' lang='lat' dir='ltr'>etymon</span> <span class='ocrx_word' id='word_1_354' title='bbox 2047 1232 2128 1261; x_wconf 86' lang='lat' dir='ltr'>Festi</span> <span class='ocrx_word' id='word_1_355' title='bbox 2153 1237 2183 1262; x_wconf 85' lang='lat' dir='ltr'>et</span> 
     </span>
     <span class='ocr_line' id='line_1_26' title="bbox 228 1275 2181 1317; baseline -0.002 -10"><span class='ocrx_word' id='word_1_356' title='bbox 228 1278 324 1307; x_wconf 82' lang='lat' dir='ltr'>Servii</span> <span class='ocrx_word' id='word_1_357' title='bbox 347 1288 362 1306; x_wconf 88' lang='lat' dir='ltr'>a</span> <span class='ocrx_word' id='word_1_358' title='bbox 384 1288 456 1317; x_wconf 90' lang='lat' dir='ltr'>prae</span> <span class='ocrx_word' id='word_1_359' title='bbox 478 1281 507 1305; x_wconf 84' lang='lat' dir='ltr'>et</span> <span class='ocrx_word' id='word_1_360' title='bbox 527 1284 592 1315; x_wconf 80' lang='lat' dir='ltr'>peto</span> <span class='ocrx_word' id='word_1_361' title='bbox 616 1275 687 1304; x_wconf 84' lang='lat' dir='ltr'>mihi</span> <span class='ocrx_word' id='word_1_362' title='bbox 711 1275 816 1303; x_wconf 82' lang='lat' dir='ltr'>ceteris</span> <span class='ocrx_word' id='word_1_363' title='bbox 838 1279 979 1313; x_wconf 81' lang='lat' dir='ltr'>praestat.</span> <span class='ocrx_word' id='word_1_364' title='bbox 1010 1275 1111 1312; x_wconf 69' lang='lat' dir='ltr'>Neque</span> <span class='ocrx_word' id='word_1_365' title='bbox 1135 1275 1232 1302; x_wconf 84' lang='lat' dir='ltr'>minus</span> <span class='ocrx_word' id='word_1_366' title='bbox 1255 1275 1297 1302; x_wconf 89' lang='lat' dir='ltr'>sic</span> <span class='ocrx_word' id='word_1_367' title='bbox 1322 1276 1409 1311; x_wconf 76' lang='lat' dir='ltr'>locis,</span> <span class='ocrx_word' id='word_1_368' title='bbox 1436 1285 1521 1313; x_wconf 80' lang='lat' dir='ltr'>quam</span> <span class='ocrx_word' id='word_1_369' title='bbox 1546 1275 1648 1303; x_wconf 85' lang='lat' dir='ltr'>avibus</span> <span class='ocrx_word' id='word_1_370' title='bbox 1673 1275 1766 1313; x_wconf 83' lang='lat' dir='ltr'>possit</span> <span class='ocrx_word' id='word_1_371' title='bbox 1790 1275 2019 1303; x_wconf 85' lang='lat' dir='ltr'>accommodari.</span> <span class='ocrx_word' id='word_1_372' title='bbox 2053 1276 2091 1303; x_wconf 88' lang='lat' dir='ltr'>At</span> <span class='ocrx_word' id='word_1_373' title='bbox 2105 1275 2181 1303; x_wconf 86' lang='lat' dir='ltr'>Tur-</span> 
     </span>
     <span class='ocr_line' id='line_1_27' title="bbox 227 1316 2179 1357; baseline -0.002 -8"><span class='ocrx_word' id='word_1_374' title='bbox 227 1321 320 1350; x_wconf 84' lang='lat' dir='ltr'>nebus</span> <span class='ocrx_word' id='word_1_375' title='bbox 344 1321 383 1349; x_wconf 88' lang='lat' dir='ltr'>ait</span> <span class='ocrx_word' id='word_1_376' title='bbox 406 1331 421 1347; x_wconf 90' lang='lat' dir='ltr'>a</span> <span class='ocrx_word' id='word_1_377' title='bbox 444 1320 600 1357; x_wconf 74' lang='grc' dir='ltr'><em>προπετές,</em></span> <span class='ocrx_word' id='word_1_378' title='bbox 632 1317 713 1356; x_wconf 90' lang='lat' dir='ltr'>quod</span> <span class='ocrx_word' id='word_1_379' title='bbox 737 1323 779 1345; x_wconf 81' lang='lat' dir='ltr'>est</span> <span class='ocrx_word' id='word_1_380' title='bbox 804 1328 931 1355; x_wconf 80' lang='lat' dir='ltr'>pronum</span> <span class='ocrx_word' id='word_1_381' title='bbox 955 1317 992 1344; x_wconf 84' lang='lat' dir='ltr'>ad</span> <span class='ocrx_word' id='word_1_382' title='bbox 1015 1316 1190 1349; x_wconf 71' lang='lat' dir='ltr'>labendum,</span> <span class='ocrx_word' id='word_1_383' title='bbox 1223 1322 1251 1345; x_wconf 83' lang='lat' dir='ltr'>et</span> <span class='ocrx_word' id='word_1_384' title='bbox 1271 1325 1436 1355; x_wconf 80' lang='lat' dir='ltr'>praepetere</span> <span class='ocrx_word' id='word_1_385' title='bbox 1458 1328 1473 1344; x_wconf 93' lang='lat' dir='ltr'>a</span> <span class='ocrx_word' id='word_1_386' title='bbox 1497 1317 1710 1354; x_wconf 64' lang='grc' dir='ltr'>προπέτεσθαι.</span> <span class='ocrx_word' id='word_1_387' title='bbox 1756 1317 1844 1352; x_wconf 91' lang='lat' dir='ltr'>Quod</span> <span class='ocrx_word' id='word_1_388' title='bbox 1869 1322 1969 1346; x_wconf 85' lang='lat' dir='ltr'>censet</span> <span class='ocrx_word' id='word_1_389' title='bbox 1992 1317 2077 1346; x_wconf 87' lang='lat' dir='ltr'>etiam</span> <span class='ocrx_word' id='word_1_390' title='bbox 2101 1318 2179 1347; x_wconf 90' lang='lat' dir='ltr'>Scal.</span> 
     </span>
     <span class='ocr_line' id='line_1_28' title="bbox 227 1358 2180 1401; baseline -0.002 -9"><span class='ocrx_word' id='word_1_391' title='bbox 227 1364 256 1392; x_wconf 89' lang='lat' dir='ltr'>in</span> <span class='ocrx_word' id='word_1_392' title='bbox 280 1364 413 1392; x_wconf 79' lang='lat' dir='ltr'>Aetnam.</span> <span class='ocrx_word' id='word_1_393' title='bbox 438 1361 526 1392; x_wconf 85' lang='lat' dir='ltr'>Dae.</span> <span class='ocrx_word' id='word_1_394' title='bbox 560 1361 634 1391; x_wconf 76' lang='lat' dir='ltr'>Sint.</span> <span class='ocrx_word' id='word_1_395' title='bbox 664 1362 746 1390; x_wconf 84' lang='lat' dir='ltr'>Sunt.</span> <span class='ocrx_word' id='word_1_396' title='bbox 776 1358 881 1389; x_wconf 75' lang='lat' dir='ltr'>Goth.</span> <span class='ocrx_word' id='word_1_397' title='bbox 916 1360 1006 1389; x_wconf 86' lang='lat' dir='ltr'>Titia.</span> <span class='ocrx_word' id='word_1_398' title='bbox 1037 1360 1144 1388; x_wconf 82' lang='lat' dir='ltr'>Tertia.</span> <span class='ocrx_word' id='word_1_399' title='bbox 1169 1358 1279 1389; x_wconf 78' lang='lat' dir='ltr'>Idem.</span> <span class='ocrx_word' id='word_1_400' title='bbox 1321 1358 1416 1398; x_wconf 78' lang='lat' dir='ltr'>Quam</span> <span class='ocrx_word' id='word_1_401' title='bbox 1438 1367 1579 1398; x_wconf 85' lang='lat' dir='ltr'>petamus.</span> <span class='ocrx_word' id='word_1_402' title='bbox 1609 1360 1693 1395; x_wconf 83' lang='lat' dir='ltr'>Quae</span> <span class='ocrx_word' id='word_1_403' title='bbox 1715 1365 1935 1398; x_wconf 72' lang='lat' dir='ltr'>praepetamus.</span> <span class='ocrx_word' id='word_1_404' title='bbox 1974 1359 2017 1389; x_wconf 87' lang='lat' dir='ltr'>Al.</span> <span class='ocrx_word' id='word_1_405' title='bbox 2034 1371 2107 1401; x_wconf 83' lang='lat' dir='ltr'>quae</span> <span class='ocrx_word' id='word_1_406' title='bbox 2126 1371 2180 1400; x_wconf 85' lang='lat' dir='ltr'>pe-</span> 
     </span>
    </p>
   </div>
   <div class='ocr_carea' id='block_1_3' title="bbox 227 1403 2179 1483">
    <p class='ocr_par' dir='ltr' id='par_1_6' title="bbox 227 1403 2179 1483">
     <span class='ocr_line' id='line_1_29' title="bbox 227 1403 487 1435; baseline -0.012 -1"><span class='ocrx_word' id='word_1_407' title='bbox 227 1413 331 1435; x_wconf 77' lang='lat' dir='ltr'>tamus.</span> <span class='ocrx_word' id='word_1_408' title='bbox 376 1403 487 1434; x_wconf 79' lang='lat' dir='ltr'>Idem.</span> 
     </span>
     <span class='ocr_line' id='line_1_30' title="bbox 394 1443 2179 1483; baseline -0.002 -7"><span class='ocrx_word' id='word_1_409' title='bbox 394 1447 568 1476; x_wconf 84' lang='lat' dir='ltr'>Pecunia.</span> <span class='ocrx_word' id='word_1_410' title='bbox 615 1445 738 1474; x_wconf 79' lang='lat' dir='ltr'>Pecunia</span> <span class='ocrx_word' id='word_1_411' title='bbox 770 1445 948 1474; x_wconf 85' lang='lat' dir='ltr'>sacrificium</span> <span class='ocrx_word' id='word_1_412' title='bbox 979 1445 1041 1473; x_wconf 87' lang='lat' dir='ltr'>fieri</span> <span class='ocrx_word' id='word_1_413' title='bbox 1071 1445 1240 1481; x_wconf 76' lang='lat' dir='ltr'>dicebatur,</span> <span class='ocrx_word' id='word_1_414' title='bbox 1279 1456 1346 1473; x_wconf 86' lang='lat' dir='ltr'>cum</span> <span class='ocrx_word' id='word_1_415' title='bbox 1371 1444 1489 1482; x_wconf 79' lang='lat' dir='ltr'>frugum</span> <span class='ocrx_word' id='word_1_416' title='bbox 1513 1445 1725 1483; x_wconf 74' lang='lat' dir='ltr'>fructuumque</span> <span class='ocrx_word' id='word_1_417' title='bbox 1748 1455 1851 1473; x_wconf 84' lang='lat' dir='ltr'>caussa</span> <span class='ocrx_word' id='word_1_418' title='bbox 1875 1444 1951 1473; x_wconf 88' lang='lat' dir='ltr'>mola</span> <span class='ocrx_word' id='word_1_419' title='bbox 1974 1453 2048 1483; x_wconf 85' lang='lat' dir='ltr'>pura</span> <span class='ocrx_word' id='word_1_420' title='bbox 2072 1443 2179 1472; x_wconf 78' lang='lat' dir='ltr'>olfere-</span> 
     </span>
    </p>
   </div>
   <div class='ocr_carea' id='block_1_4' title="bbox 224 1486 2181 2463">
    <p class='ocr_par' dir='ltr' id='par_1_7' title="bbox 224 1486 2181 1700">
     <span class='ocr_line' id='line_1_31' title="bbox 226 1486 2180 1527; baseline -0.002 -8"><span class='ocrx_word' id='word_1_421' title='bbox 226 1490 313 1519; x_wconf 90' lang='lat' dir='ltr'>batur</span> <span class='ocrx_word' id='word_1_422' title='bbox 335 1490 365 1519; x_wconf 88' lang='lat' dir='ltr'>in</span> <span class='ocrx_word' id='word_1_423' title='bbox 388 1490 550 1526; x_wconf 79' lang='lat' dir='ltr'>sacrificio,</span> <span class='ocrx_word' id='word_1_424' title='bbox 582 1489 649 1527; x_wconf 85' lang='lat' dir='ltr'>quia</span> <span class='ocrx_word' id='word_1_425' title='bbox 674 1489 767 1517; x_wconf 88' lang='lat' dir='ltr'>omnis</span> <span class='ocrx_word' id='word_1_426' title='bbox 790 1499 837 1517; x_wconf 87' lang='lat' dir='ltr'>res</span> <span class='ocrx_word' id='word_1_427' title='bbox 861 1488 1028 1523; x_wconf 86' lang='lat' dir='ltr'>familiaris,</span> <span class='ocrx_word' id='word_1_428' title='bbox 1060 1499 1147 1526; x_wconf 80' lang='lat' dir='ltr'>quam</span> <span class='ocrx_word' id='word_1_429' title='bbox 1172 1488 1326 1527; x_wconf 80' lang='lat' dir='ltr'>pecuniam</span> <span class='ocrx_word' id='word_1_430' title='bbox 1352 1488 1495 1522; x_wconf 82' lang='lat' dir='ltr'>dicimus,</span> <span class='ocrx_word' id='word_1_431' title='bbox 1527 1498 1563 1515; x_wconf 74' lang='lat' dir='ltr'>ex</span> <span class='ocrx_word' id='word_1_432' title='bbox 1586 1487 1632 1515; x_wconf 87' lang='lat' dir='ltr'>his</span> <span class='ocrx_word' id='word_1_433' title='bbox 1656 1488 1743 1515; x_wconf 82' lang='lat' dir='ltr'>rebus</span> <span class='ocrx_word' id='word_1_434' title='bbox 1768 1492 1927 1516; x_wconf 73' lang='lat' dir='ltr'>constaret.</span> <span class='ocrx_word' id='word_1_435' title='bbox 1971 1486 2095 1524; x_wconf 84' lang='lat' dir='ltr'>Reliqua</span> <span class='ocrx_word' id='word_1_436' title='bbox 2120 1487 2180 1515; x_wconf 86' lang='lat' dir='ltr'>huc</span> 
     </span>
     <span class='ocr_line' id='line_1_32' title="bbox 226 1529 2180 1572; baseline -0.002 -10"><span class='ocrx_word' id='word_1_437' title='bbox 226 1543 287 1562; x_wconf 86' lang='lat' dir='ltr'>non</span> <span class='ocrx_word' id='word_1_438' title='bbox 310 1533 472 1572; x_wconf 80' lang='lat' dir='ltr'>pertinent,</span> <span class='ocrx_word' id='word_1_439' title='bbox 496 1533 548 1560; x_wconf 83' lang='lat' dir='ltr'>sed</span> <span class='ocrx_word' id='word_1_440' title='bbox 570 1531 607 1560; x_wconf 87' lang='lat' dir='ltr'>de</span> <span class='ocrx_word' id='word_1_441' title='bbox 630 1531 685 1560; x_wconf 85' lang='lat' dir='ltr'>alia</span> <span class='ocrx_word' id='word_1_442' title='bbox 709 1542 740 1560; x_wconf 83' lang='lat' dir='ltr'>re</span> <span class='ocrx_word' id='word_1_443' title='bbox 764 1532 849 1569; x_wconf 80' lang='lat' dir='ltr'>longe</span> <span class='ocrx_word' id='word_1_444' title='bbox 873 1531 989 1559; x_wconf 77' lang='lat' dir='ltr'>diversa</span> <span class='ocrx_word' id='word_1_445' title='bbox 1011 1530 1203 1567; x_wconf 69' lang='lat' dir='ltr'>intelligenda</span> <span class='ocrx_word' id='word_1_446' title='bbox 1227 1536 1314 1566; x_wconf 83' lang='lat' dir='ltr'>sunt,</span> <span class='ocrx_word' id='word_1_447' title='bbox 1344 1540 1449 1568; x_wconf 81' lang='lat' dir='ltr'>nempe</span> <span class='ocrx_word' id='word_1_448' title='bbox 1472 1529 1534 1558; x_wconf 90' lang='lat' dir='ltr'>scio</span> <span class='ocrx_word' id='word_1_449' title='bbox 1558 1540 1631 1568; x_wconf 87' lang='lat' dir='ltr'>quae</span> <span class='ocrx_word' id='word_1_450' title='bbox 1655 1529 1693 1557; x_wconf 83' lang='lat' dir='ltr'>ad</span> <span class='ocrx_word' id='word_1_451' title='bbox 1716 1529 1888 1568; x_wconf 85' lang='lat' dir='ltr'>depellenda</span> <span class='ocrx_word' id='word_1_452' title='bbox 1914 1529 1987 1558; x_wconf 86' lang='lat' dir='ltr'>mala</span> <span class='ocrx_word' id='word_1_453' title='bbox 2011 1529 2180 1566; x_wconf 74' lang='lat' dir='ltr'>fulgurante</span> 
     </span>
     <span class='ocr_line' id='line_1_33' title="bbox 225 1572 2181 1614; baseline -0.002 -11"><span class='ocrx_word' id='word_1_454' title='bbox 225 1577 310 1614; x_wconf 82' lang='lat' dir='ltr'>coelo</span> <span class='ocrx_word' id='word_1_455' title='bbox 335 1580 363 1604; x_wconf 90' lang='lat' dir='ltr'>et</span> <span class='ocrx_word' id='word_1_456' title='bbox 386 1575 533 1604; x_wconf 86' lang='lat' dir='ltr'>bonorum</span> <span class='ocrx_word' id='word_1_457' title='bbox 558 1584 662 1602; x_wconf 85' lang='lat' dir='ltr'>caussa</span> <span class='ocrx_word' id='word_1_458' title='bbox 686 1579 797 1612; x_wconf 78' lang='lat' dir='ltr'>parata.</span> <span class='ocrx_word' id='word_1_459' title='bbox 830 1574 853 1601; x_wconf 87' lang='lat' dir='ltr'>A</span> <span class='ocrx_word' id='word_1_460' title='bbox 868 1585 942 1613; x_wconf 87' lang='lat' dir='ltr'>pecu</span> <span class='ocrx_word' id='word_1_461' title='bbox 965 1573 1142 1600; x_wconf 81' lang='lat' dir='ltr'>adiectivum</span> <span class='ocrx_word' id='word_1_462' title='bbox 1164 1574 1303 1611; x_wconf 83' lang='lat' dir='ltr'>pecuinus</span> <span class='ocrx_word' id='word_1_463' title='bbox 1327 1578 1354 1601; x_wconf 85' lang='lat' dir='ltr'>ct</span> <span class='ocrx_word' id='word_1_464' title='bbox 1374 1573 1522 1611; x_wconf 55' lang='lat' dir='ltr'>pecunius</span> <span class='ocrx_word' id='word_1_465' title='bbox 1554 1573 1578 1600; x_wconf 87' lang='lat' dir='ltr'>A</span> <span class='ocrx_word' id='word_1_466' title='bbox 1597 1582 1656 1610; x_wconf 89' lang='lat' dir='ltr'>quo</span> <span class='ocrx_word' id='word_1_467' title='bbox 1681 1582 1748 1600; x_wconf 76' lang='lat' dir='ltr'>cuni</span> <span class='ocrx_word' id='word_1_468' title='bbox 1773 1572 1898 1600; x_wconf 86' lang='lat' dir='ltr'>dicimus</span> <span class='ocrx_word' id='word_1_469' title='bbox 1917 1572 2087 1611; x_wconf 86' lang='lat' dir='ltr'>pecuniam,</span> <span class='ocrx_word' id='word_1_470' title='bbox 2111 1572 2181 1600; x_wconf 91' lang='lat' dir='ltr'>sub-</span> 
     </span>
     <span class='ocr_line' id='line_1_34' title="bbox 224 1614 2178 1656; baseline -0.002 -9"><span class='ocrx_word' id='word_1_471' title='bbox 224 1618 450 1656; x_wconf 82' lang='lat' dir='ltr'>intelligendum</span> <span class='ocrx_word' id='word_1_472' title='bbox 473 1629 541 1646; x_wconf 91' lang='lat' dir='ltr'>rem.</span> <span class='ocrx_word' id='word_1_473' title='bbox 586 1617 714 1645; x_wconf 86' lang='lat' dir='ltr'>Pecunia</span> <span class='ocrx_word' id='word_1_474' title='bbox 743 1627 790 1644; x_wconf 81' lang='lat' dir='ltr'>res</span> <span class='ocrx_word' id='word_1_475' title='bbox 820 1626 888 1652; x_wconf 82' lang='lat' dir='ltr'>ergo</span> <span class='ocrx_word' id='word_1_476' title='bbox 919 1626 973 1653; x_wconf 90' lang='lat' dir='ltr'>pro</span> <span class='ocrx_word' id='word_1_477' title='bbox 1003 1616 1224 1654; x_wconf 80' lang='lat' dir='ltr'>patrisfamilias</span> <span class='ocrx_word' id='word_1_478' title='bbox 1252 1615 1355 1651; x_wconf 83' lang='lat' dir='ltr'>bonis,</span> <span class='ocrx_word' id='word_1_479' title='bbox 1394 1615 1462 1653; x_wconf 87' lang='lat' dir='ltr'>quia</span> <span class='ocrx_word' id='word_1_480' title='bbox 1492 1614 1653 1653; x_wconf 85' lang='lat' dir='ltr'>praecipua</span> <span class='ocrx_word' id='word_1_481' title='bbox 1676 1614 1706 1642; x_wconf 91' lang='lat' dir='ltr'>in</span> <span class='ocrx_word' id='word_1_482' title='bbox 1730 1615 1812 1643; x_wconf 86' lang='lat' dir='ltr'>foetu</span> <span class='ocrx_word' id='word_1_483' title='bbox 1835 1615 1950 1653; x_wconf 86' lang='lat' dir='ltr'>pecoris</span> <span class='ocrx_word' id='word_1_484' title='bbox 1973 1614 2178 1651; x_wconf 82' lang='lat' dir='ltr'>consisterent,</span> 
     </span>
     <span class='ocr_line' id='line_1_35' title="bbox 227 1654 2070 1700; baseline -0.003 -11"><span class='ocrx_word' id='word_1_485' title='bbox 227 1667 346 1700; x_wconf 86' lang='lat' dir='ltr'>accepta</span> <span class='ocrx_word' id='word_1_486' title='bbox 369 1661 433 1689; x_wconf 85' lang='lat' dir='ltr'>suit.</span> <span class='ocrx_word' id='word_1_487' title='bbox 473 1660 674 1688; x_wconf 88' lang='lat' dir='ltr'>Glossarium:</span> <span class='ocrx_word' id='word_1_488' title='bbox 702 1660 827 1688; x_wconf 86' lang='lat' dir='ltr'>Pecunia</span> <span class='ocrx_word' id='word_1_489' title='bbox 850 1655 1002 1697; x_wconf 72' lang='grc' dir='ltr'><strong>χρήματα,</strong></span> <span class='ocrx_word' id='word_1_490' title='bbox 1030 1655 1089 1688; x_wconf 63' lang='grc' dir='ltr'>ἀπὸ</span> <span class='ocrx_word' id='word_1_491' title='bbox 1113 1661 1199 1696; x_wconf 78' lang='grc' dir='ltr'><em>τιμῆς</em></span> <span class='ocrx_word' id='word_1_492' title='bbox 1222 1661 1349 1696; x_wconf 78' lang='grc' dir='ltr'><em>κτηνῶν.</em></span> <span class='ocrx_word' id='word_1_493' title='bbox 1374 1656 1476 1686; x_wconf 82' lang='lat' dir='ltr'>Scal.</span> <span class='ocrx_word' id='word_1_494' title='bbox 1516 1657 1599 1686; x_wconf 87' lang='lat' dir='ltr'>Adde</span> <span class='ocrx_word' id='word_1_495' title='bbox 1622 1667 1712 1696; x_wconf 86' lang='lat' dir='ltr'>supra</span> <span class='ocrx_word' id='word_1_496' title='bbox 1735 1656 1917 1696; x_wconf 73' lang='lat' dir='ltr'>Abgregare.</span> <span class='ocrx_word' id='word_1_497' title='bbox 1967 1654 2070 1685; x_wconf 72' lang='lat' dir='ltr'>Goth.</span> 
     </span>
    </p>

    <p class='ocr_par' dir='ltr' id='par_1_8' title="bbox 228 1698 2180 1826">
     <span class='ocr_line' id='line_1_36' title="bbox 394 1698 2180 1741; baseline -0.003 -9"><span class='ocrx_word' id='word_1_498' title='bbox 394 1703 568 1732; x_wconf 81' lang='lat' dir='ltr'>Proiecta</span> <span class='ocrx_word' id='word_1_499' title='bbox 592 1712 713 1731; x_wconf 87' lang='lat' dir='ltr'>sacra.</span> <span class='ocrx_word' id='word_1_500' title='bbox 744 1700 804 1741; x_wconf 81' lang='lat' dir='ltr'>(Ad</span> <span class='ocrx_word' id='word_1_501' title='bbox 828 1712 857 1740; x_wconf 86' lang='lat' dir='ltr'>p.</span> <span class='ocrx_word' id='word_1_502' title='bbox 872 1699 960 1741; x_wconf 76' lang='lat'>212.)</span> <span class='ocrx_word' id='word_1_503' title='bbox 993 1701 1033 1729; x_wconf 87' lang='lat' dir='ltr'>De</span> <span class='ocrx_word' id='word_1_504' title='bbox 1055 1701 1197 1739; x_wconf 81' lang='lat' dir='ltr'>proiectis</span> <span class='ocrx_word' id='word_1_505' title='bbox 1223 1700 1390 1737; x_wconf 80' lang='lat' dir='ltr'>sacrificiis,</span> <span class='ocrx_word' id='word_1_506' title='bbox 1423 1710 1496 1738; x_wconf 81' lang='lat' dir='ltr'>quae</span> <span class='ocrx_word' id='word_1_507' title='bbox 1519 1700 1689 1737; x_wconf 79' lang='lat' dir='ltr'>fulgurante</span> <span class='ocrx_word' id='word_1_508' title='bbox 1710 1700 1794 1728; x_wconf 87' lang='lat' dir='ltr'>coelo</span> <span class='ocrx_word' id='word_1_509' title='bbox 1818 1698 2064 1738; x_wconf 85' lang='lat' dir='ltr'>depellendorum</span> <span class='ocrx_word' id='word_1_510' title='bbox 2087 1699 2180 1727; x_wconf 83' lang='lat' dir='ltr'>malo-</span> 
     </span>
     <span class='ocr_line' id='line_1_37' title="bbox 228 1740 2180 1784; baseline -0.002 -11"><span class='ocrx_word' id='word_1_511' title='bbox 228 1755 291 1773; x_wconf 87' lang='lat' dir='ltr'>rnm</span> <span class='ocrx_word' id='word_1_512' title='bbox 315 1745 469 1774; x_wconf 87' lang='lat' dir='ltr'>fulminum</span> <span class='ocrx_word' id='word_1_513' title='bbox 494 1751 522 1773; x_wconf 88' lang='lat' dir='ltr'>et</span> <span class='ocrx_word' id='word_1_514' title='bbox 545 1744 805 1784; x_wconf 86' lang='lat' dir='ltr'>procurandorum</span> <span class='ocrx_word' id='word_1_515' title='bbox 829 1745 975 1771; x_wconf 83' lang='lat' dir='ltr'>bonorum</span> <span class='ocrx_word' id='word_1_516' title='bbox 1007 1753 1111 1771; x_wconf 85' lang='lat' dir='ltr'>caussa</span> <span class='ocrx_word' id='word_1_517' title='bbox 1140 1743 1268 1780; x_wconf 81' lang='lat' dir='ltr'>fiebant,</span> <span class='ocrx_word' id='word_1_518' title='bbox 1305 1742 1380 1772; x_wconf 90' lang='lat' dir='ltr'>nihil</span> <span class='ocrx_word' id='word_1_519' title='bbox 1408 1753 1533 1781; x_wconf 88' lang='lat' dir='ltr'>usquam</span> <span class='ocrx_word' id='word_1_520' title='bbox 1564 1742 1631 1780; x_wconf 87' lang='lat' dir='ltr'>legi.</span> <span class='ocrx_word' id='word_1_521' title='bbox 1678 1742 1821 1782; x_wconf 84' lang='lat' dir='ltr'>Suspicor</span> <span class='ocrx_word' id='word_1_522' title='bbox 1849 1741 1981 1781; x_wconf 85' lang='lat' dir='ltr'>proiecta</span> <span class='ocrx_word' id='word_1_523' title='bbox 2008 1740 2078 1770; x_wconf 87' lang='lat' dir='ltr'>inde</span> <span class='ocrx_word' id='word_1_524' title='bbox 2102 1741 2180 1770; x_wconf 89' lang='lat' dir='ltr'>dicta</span> 
     </span>
     <span class='ocr_line' id='line_1_38' title="bbox 229 1784 1611 1826; baseline -0.001 -11"><span class='ocrx_word' id='word_1_525' title='bbox 229 1787 334 1823; x_wconf 85' lang='lat' dir='ltr'>fuisse,</span> <span class='ocrx_word' id='word_1_526' title='bbox 359 1788 439 1826; x_wconf 86' lang='lat' dir='ltr'>quod</span> <span class='ocrx_word' id='word_1_527' title='bbox 462 1787 492 1815; x_wconf 90' lang='lat' dir='ltr'>in</span> <span class='ocrx_word' id='word_1_528' title='bbox 515 1788 618 1816; x_wconf 84' lang='lat' dir='ltr'>scrobe</span> <span class='ocrx_word' id='word_1_529' title='bbox 642 1798 674 1815; x_wconf 91' lang='lat' dir='ltr'>ea</span> <span class='ocrx_word' id='word_1_530' title='bbox 700 1797 783 1815; x_wconf 84' lang='lat' dir='ltr'>sacra</span> <span class='ocrx_word' id='word_1_531' title='bbox 807 1786 928 1823; x_wconf 83' lang='lat' dir='ltr'>fierent,</span> <span class='ocrx_word' id='word_1_532' title='bbox 954 1786 1004 1814; x_wconf 93' lang='lat' dir='ltr'>ubi</span> <span class='ocrx_word' id='word_1_533' title='bbox 1027 1791 1131 1824; x_wconf 84' lang='lat' dir='ltr'>postea</span> <span class='ocrx_word' id='word_1_534' title='bbox 1155 1787 1267 1815; x_wconf 89' lang='lat' dir='ltr'>fulmen</span> <span class='ocrx_word' id='word_1_535' title='bbox 1291 1786 1475 1815; x_wconf 87' lang='lat' dir='ltr'>conderetur.</span> <span class='ocrx_word' id='word_1_536' title='bbox 1521 1784 1611 1814; x_wconf 79' lang='lat' dir='ltr'>Dae.</span> 
     </span>
    </p>

    <p class='ocr_par' dir='ltr' id='par_1_9' title="bbox 393 1827 1196 1867">
     <span class='ocr_line' id='line_1_39' title="bbox 393 1827 1196 1867; baseline -0.002 -7"><span class='ocrx_word' id='word_1_537' title='bbox 393 1833 439 1860; x_wconf 88' lang='grc' dir='ltr'>Ριι</span> <span class='ocrx_word' id='word_1_538' title='bbox 465 1852 604 1860; x_wconf 87' lang='grc'><em>.....</em></span> <span class='ocrx_word' id='word_1_539' title='bbox 650 1830 739 1858; x_wconf 86' lang='lat' dir='ltr'>Plane</span> <span class='ocrx_word' id='word_1_540' title='bbox 761 1829 884 1867; x_wconf 74' lang='lat' dir='ltr'>ignoro,</span> <span class='ocrx_word' id='word_1_541' title='bbox 908 1829 980 1867; x_wconf 87' lang='lat' dir='ltr'>quid</span> <span class='ocrx_word' id='word_1_542' title='bbox 1003 1829 1050 1857; x_wconf 87' lang='lat' dir='ltr'>sit.</span> <span class='ocrx_word' id='word_1_543' title='bbox 1096 1827 1196 1858; x_wconf 84' lang='lat' dir='ltr'>Scal.</span> 
     </span>
    </p>

    <p class='ocr_par' dir='ltr' id='par_1_10' title="bbox 229 1868 2180 2463">
     <span class='ocr_line' id='line_1_40' title="bbox 394 1868 2180 1911; baseline -0.002 -9"><span class='ocrx_word' id='word_1_544' title='bbox 394 1871 546 1902; x_wconf 83' lang='lat' dir='ltr'>Publici</span> <span class='ocrx_word' id='word_1_545' title='bbox 568 1883 733 1911; x_wconf 77' lang='lat' dir='ltr'>augures.</span> <span class='ocrx_word' id='word_1_546' title='bbox 759 1872 816 1910; x_wconf 81' lang='lat' dir='ltr'>(Ad</span> <span class='ocrx_word' id='word_1_547' title='bbox 836 1883 864 1910; x_wconf 86' lang='lat' dir='ltr'>p.</span> <span class='ocrx_word' id='word_1_548' title='bbox 878 1870 962 1910; x_wconf 80' lang='lat'>212.)</span> <span class='ocrx_word' id='word_1_549' title='bbox 985 1872 1028 1899; x_wconf 89' lang='lat' dir='ltr'>Ita</span> <span class='ocrx_word' id='word_1_550' title='bbox 1050 1871 1079 1898; x_wconf 90' lang='lat' dir='ltr'>in</span> <span class='ocrx_word' id='word_1_551' title='bbox 1104 1871 1222 1899; x_wconf 80' lang='lat' dir='ltr'>schedis</span> <span class='ocrx_word' id='word_1_552' title='bbox 1242 1870 1341 1900; x_wconf 82' lang='lat' dir='ltr'>locum</span> <span class='ocrx_word' id='word_1_553' title='bbox 1363 1870 1451 1899; x_wconf 88' lang='lat' dir='ltr'>istum</span> <span class='ocrx_word' id='word_1_554' title='bbox 1476 1880 1507 1898; x_wconf 85' lang='lat' dir='ltr'>se</span> <span class='ocrx_word' id='word_1_555' title='bbox 1529 1869 1720 1898; x_wconf 84' lang='lat' dir='ltr'>resarcivisse</span> <span class='ocrx_word' id='word_1_556' title='bbox 1744 1869 1784 1898; x_wconf 90' lang='lat' dir='ltr'>ait</span> <span class='ocrx_word' id='word_1_557' title='bbox 1799 1868 1921 1897; x_wconf 84' lang='lat' dir='ltr'>Fulvius</span> <span class='ocrx_word' id='word_1_558' title='bbox 1935 1868 2066 1898; x_wconf 87' lang='lat' dir='ltr'>Ursinus.</span> <span class='ocrx_word' id='word_1_559' title='bbox 2096 1869 2180 1905; x_wconf 85' lang='lat' dir='ltr'>Quae</span> 
     </span>
     <span class='ocr_line' id='line_1_41' title="bbox 232 1911 2178 1954; baseline -0.001 -14"><span class='ocrx_word' id='word_1_560' title='bbox 232 1912 336 1942; x_wconf 84' lang='lat' dir='ltr'>desunt</span> <span class='ocrx_word' id='word_1_561' title='bbox 357 1914 386 1942; x_wconf 94' lang='lat' dir='ltr'>in</span> <span class='ocrx_word' id='word_1_562' title='bbox 412 1915 466 1943; x_wconf 82' lang='lat' dir='ltr'>line</span> <span class='ocrx_word' id='word_1_563' title='bbox 489 1920 564 1954; x_wconf 82' lang='lat' dir='ltr'>puto</span> <span class='ocrx_word' id='word_1_564' title='bbox 587 1915 676 1943; x_wconf 84' lang='lat' dir='ltr'>verba</span> <span class='ocrx_word' id='word_1_565' title='bbox 702 1925 764 1943; x_wconf 85' lang='lat' dir='ltr'>esse</span> <span class='ocrx_word' id='word_1_566' title='bbox 787 1925 823 1943; x_wconf 83' lang='lat' dir='ltr'>ex</span> <span class='ocrx_word' id='word_1_567' title='bbox 846 1914 929 1942; x_wconf 83' lang='lat' dir='ltr'>libris</span> <span class='ocrx_word' id='word_1_568' title='bbox 953 1924 1108 1951; x_wconf 82' lang='lat' dir='ltr'>augurum.</span> <span class='ocrx_word' id='word_1_569' title='bbox 1154 1915 1288 1952; x_wconf 69' lang='lat' dir='ltr'>Augures</span> <span class='ocrx_word' id='word_1_570' title='bbox 1312 1913 1441 1952; x_wconf 86' lang='lat' dir='ltr'>primum</span> <span class='ocrx_word' id='word_1_571' title='bbox 1465 1923 1480 1940; x_wconf 95' lang='lat' dir='ltr'>a</span> <span class='ocrx_word' id='word_1_572' title='bbox 1504 1912 1630 1940; x_wconf 82' lang='lat' dir='ltr'>Romulo</span> <span class='ocrx_word' id='word_1_573' title='bbox 1653 1912 1781 1940; x_wconf 85' lang='lat' dir='ltr'>instituti</span> <span class='ocrx_word' id='word_1_574' title='bbox 1803 1921 1928 1940; x_wconf 86' lang='lat' dir='ltr'>numero</span> <span class='ocrx_word' id='word_1_575' title='bbox 1950 1916 2029 1947; x_wconf 85' lang='lat' dir='ltr'>tres,</span> <span class='ocrx_word' id='word_1_576' title='bbox 2059 1921 2096 1939; x_wconf 83' lang='lat' dir='ltr'>ex</span> <span class='ocrx_word' id='word_1_577' title='bbox 2118 1911 2178 1940; x_wconf 84' lang='lat' dir='ltr'>sin-</span> 
     </span>
     <span class='ocr_line' id='line_1_42' title="bbox 231 1953 2179 1996; baseline 0.001 -14"><span class='ocrx_word' id='word_1_578' title='bbox 231 1955 326 1992; x_wconf 84' lang='lat' dir='ltr'>gulari</span> <span class='ocrx_word' id='word_1_579' title='bbox 343 1957 420 1985; x_wconf 86' lang='lat' dir='ltr'>tribu</span> <span class='ocrx_word' id='word_1_580' title='bbox 437 1958 576 1995; x_wconf 82' lang='lat' dir='ltr'>singulus.</span> <span class='ocrx_word' id='word_1_581' title='bbox 612 1957 694 1996; x_wconf 85' lang='lat' dir='ltr'>lique</span> <span class='ocrx_word' id='word_1_582' title='bbox 717 1962 848 1995; x_wconf 87' lang='lat' dir='ltr'>quatuor</span> <span class='ocrx_word' id='word_1_583' title='bbox 872 1967 972 1984; x_wconf 89' lang='lat' dir='ltr'>omnes</span> <span class='ocrx_word' id='word_1_584' title='bbox 997 1956 1131 1995; x_wconf 71' lang='lat' dir='ltr'>panicii,</span> <span class='ocrx_word' id='word_1_585' title='bbox 1155 1956 1201 1985; x_wconf 77' lang='lat' dir='ltr'>his</span> <span class='ocrx_word' id='word_1_586' title='bbox 1225 1957 1357 1994; x_wconf 83' lang='lat' dir='ltr'>quinque</span> <span class='ocrx_word' id='word_1_587' title='bbox 1380 1956 1465 1984; x_wconf 82' lang='lat' dir='ltr'>alteri</span> <span class='ocrx_word' id='word_1_588' title='bbox 1490 1965 1524 1983; x_wconf 80' lang='lat' dir='ltr'>ex</span> <span class='ocrx_word' id='word_1_589' title='bbox 1547 1955 1632 1993; x_wconf 84' lang='lat' dir='ltr'>plebe</span> <span class='ocrx_word' id='word_1_590' title='bbox 1656 1955 1749 1983; x_wconf 90' lang='lat' dir='ltr'>additi</span> <span class='ocrx_word' id='word_1_591' title='bbox 1767 1954 1802 1990; x_wconf 87' lang='lat' dir='ltr'>Q.</span> <span class='ocrx_word' id='word_1_592' title='bbox 1818 1959 1846 1982; x_wconf 87' lang='lat' dir='ltr'>et</span> <span class='ocrx_word' id='word_1_593' title='bbox 1862 1954 1913 1982; x_wconf 86' lang='lat' dir='ltr'>Cn.</span> <span class='ocrx_word' id='word_1_594' title='bbox 1929 1953 2050 1992; x_wconf 87' lang='lat' dir='ltr'>Ogulnii</span> <span class='ocrx_word' id='word_1_595' title='bbox 2068 1954 2179 1983; x_wconf 87' lang='lat' dir='ltr'>tribuni</span> 
     </span>
     <span class='ocr_line' id='line_1_43' title="bbox 231 1995 2179 2037; baseline -0.001 -10"><span class='ocrx_word' id='word_1_596' title='bbox 231 1997 325 2035; x_wconf 78' lang='lat' dir='ltr'>plebis</span> <span class='ocrx_word' id='word_1_597' title='bbox 353 1999 517 2036; x_wconf 82' lang='lat' dir='ltr'>rogatione:</span> <span class='ocrx_word' id='word_1_598' title='bbox 554 2000 604 2028; x_wconf 83' lang='lat' dir='ltr'>hic</span> <span class='ocrx_word' id='word_1_599' title='bbox 634 2010 774 2028; x_wconf 84' lang='lat' dir='ltr'>numerus</span> <span class='ocrx_word' id='word_1_600' title='bbox 797 1999 902 2028; x_wconf 85' lang='lat' dir='ltr'>mansit</span> <span class='ocrx_word' id='word_1_601' title='bbox 925 2009 1019 2037; x_wconf 89' lang='lat' dir='ltr'>usque</span> <span class='ocrx_word' id='word_1_602' title='bbox 1042 1999 1076 2026; x_wconf 70' lang='lat' dir='ltr'>ad</span> <span class='ocrx_word' id='word_1_603' title='bbox 1102 2000 1280 2027; x_wconf 81' lang='lat' dir='ltr'>dictaturam</span> <span class='ocrx_word' id='word_1_604' title='bbox 1302 1999 1400 2027; x_wconf 85' lang='lat' dir='ltr'>Sullae</span> <span class='ocrx_word' id='word_1_605' title='bbox 1424 1997 1542 2034; x_wconf 85' lang='lat' dir='ltr'>Felicis,</span> <span class='ocrx_word' id='word_1_606' title='bbox 1581 1998 1631 2035; x_wconf 90' lang='lat' dir='ltr'>qui</span> <span class='ocrx_word' id='word_1_607' title='bbox 1654 2008 1706 2025; x_wconf 82' lang='lat' dir='ltr'>sex</span> <span class='ocrx_word' id='word_1_608' title='bbox 1729 1997 1857 2033; x_wconf 86' lang='lat' dir='ltr'>addidit,</span> <span class='ocrx_word' id='word_1_609' title='bbox 1896 2001 1925 2025; x_wconf 89' lang='lat' dir='ltr'>et</span> <span class='ocrx_word' id='word_1_610' title='bbox 1947 1996 1986 2025; x_wconf 88' lang='lat' dir='ltr'>ita</span> <span class='ocrx_word' id='word_1_611' title='bbox 2010 1995 2179 2035; x_wconf 84' lang='lat' dir='ltr'>quindecim</span> 
     </span>
     <span class='ocr_line' id='line_1_44' title="bbox 231 2039 2178 2081; baseline 0 -14"><span class='ocrx_word' id='word_1_612' title='bbox 231 2049 356 2076; x_wconf 74' lang='lat' dir='ltr'>augures</span> <span class='ocrx_word' id='word_1_613' title='bbox 379 2041 460 2077; x_wconf 83' lang='lat' dir='ltr'>sacti,</span> <span class='ocrx_word' id='word_1_614' title='bbox 496 2053 591 2081; x_wconf 80' lang='lat' dir='ltr'>neque</span> <span class='ocrx_word' id='word_1_615' title='bbox 614 2048 715 2081; x_wconf 83' lang='lat' dir='ltr'>postea</span> <span class='ocrx_word' id='word_1_616' title='bbox 738 2043 833 2071; x_wconf 80' lang='lat' dir='ltr'>crevit</span> <span class='ocrx_word' id='word_1_617' title='bbox 857 2052 1003 2070; x_wconf 28' lang='lat' dir='ltr'>numerus.</span> <span class='ocrx_word' id='word_1_618' title='bbox 1050 2042 1160 2070; x_wconf 67' lang='lat' dir='ltr'>Eorum</span> <span class='ocrx_word' id='word_1_619' title='bbox 1190 2046 1287 2069; x_wconf 83' lang='lat' dir='ltr'>autem</span> <span class='ocrx_word' id='word_1_620' title='bbox 1312 2041 1360 2069; x_wconf 89' lang='lat' dir='ltr'>alii</span> <span class='ocrx_word' id='word_1_621' title='bbox 1384 2041 1523 2076; x_wconf 86' lang='lat' dir='ltr'>maiores,</span> <span class='ocrx_word' id='word_1_622' title='bbox 1560 2039 1610 2068; x_wconf 81' lang='lat' dir='ltr'>alii</span> <span class='ocrx_word' id='word_1_623' title='bbox 1633 2040 1771 2075; x_wconf 87' lang='lat' dir='ltr'>minores,</span> <span class='ocrx_word' id='word_1_624' title='bbox 1808 2040 1870 2067; x_wconf 83' lang='lat' dir='ltr'>sive</span> <span class='ocrx_word' id='word_1_625' title='bbox 1896 2039 1947 2066; x_wconf 86' lang='lat' dir='ltr'>alii</span> <span class='ocrx_word' id='word_1_626' title='bbox 1968 2039 2095 2077; x_wconf 81' lang='lat' dir='ltr'>privati,</span> <span class='ocrx_word' id='word_1_627' title='bbox 2130 2039 2178 2068; x_wconf 78' lang='lat' dir='ltr'>alii</span> 
     </span>
     <span class='ocr_line' id='line_1_45' title="bbox 229 2080 2177 2124; baseline -0.001 -14"><span class='ocrx_word' id='word_1_628' title='bbox 229 2080 350 2120; x_wconf 77' lang='lat' dir='ltr'>publici.</span> <span class='ocrx_word' id='word_1_629' title='bbox 391 2083 503 2111; x_wconf 77' lang='lat' dir='ltr'>Publici</span> <span class='ocrx_word' id='word_1_630' title='bbox 527 2085 702 2113; x_wconf 77' lang='lat' dir='ltr'>dicebantur</span> <span class='ocrx_word' id='word_1_631' title='bbox 726 2096 849 2124; x_wconf 75' lang='lat' dir='ltr'>augures</span> <span class='ocrx_word' id='word_1_632' title='bbox 869 2083 984 2124; x_wconf 84' lang='lat' dir='ltr'>publici</span> <span class='ocrx_word' id='word_1_633' title='bbox 1002 2083 1107 2123; x_wconf 85' lang='lat' dir='ltr'>populi</span> <span class='ocrx_word' id='word_1_634' title='bbox 1129 2083 1262 2113; x_wconf 77' lang='lat' dir='ltr'>Romani</span> <span class='ocrx_word' id='word_1_635' title='bbox 1285 2083 1454 2121; x_wconf 76' lang='lat' dir='ltr'>Quiritium.</span> <span class='ocrx_word' id='word_1_636' title='bbox 1496 2083 1528 2110; x_wconf 90' lang='lat' dir='ltr'>In</span> <span class='ocrx_word' id='word_1_637' title='bbox 1552 2087 1672 2110; x_wconf 73' lang='lat' dir='ltr'>vetusto</span> <span class='ocrx_word' id='word_1_638' title='bbox 1695 2092 1856 2110; x_wconf 86' lang='lat' dir='ltr'>marmore:</span> <span class='ocrx_word' id='word_1_639' title='bbox 1882 2080 1917 2119; x_wconf 78' lang='lat' dir='ltr'>Q.</span> <span class='ocrx_word' id='word_1_640' title='bbox 1935 2080 2059 2110; x_wconf 82' lang='lat' dir='ltr'>Marcio</span> <span class='ocrx_word' id='word_1_641' title='bbox 2081 2080 2177 2110; x_wconf 88' lang='lat' dir='ltr'>Mem—</span> 
     </span>
     <span class='ocr_line' id='line_1_46' title="bbox 231 2122 2178 2166; baseline 0 -15"><span class='ocrx_word' id='word_1_642' title='bbox 231 2124 306 2159; x_wconf 83' lang='lat' dir='ltr'>mio,</span> <span class='ocrx_word' id='word_1_643' title='bbox 329 2122 417 2152; x_wconf 88' lang='lat' dir='ltr'>Furio</span> <span class='ocrx_word' id='word_1_644' title='bbox 440 2124 594 2162; x_wconf 84' lang='lat' dir='ltr'>Balbutio,</span> <span class='ocrx_word' id='word_1_645' title='bbox 621 2126 790 2157; x_wconf 82' lang='lat' dir='ltr'>Caeciliano</span> <span class='ocrx_word' id='word_1_646' title='bbox 814 2125 938 2156; x_wconf 75' lang='lat' dir='ltr'>Placido</span> <span class='ocrx_word' id='word_1_647' title='bbox 965 2125 996 2156; x_wconf 88' lang='lat' dir='ltr'>C.</span> <span class='ocrx_word' id='word_1_648' title='bbox 1020 2126 1058 2154; x_wconf 89' lang='lat' dir='ltr'>V.</span> <span class='ocrx_word' id='word_1_649' title='bbox 1080 2126 1219 2166; x_wconf 69' lang='lat' dir='ltr'>Pontfici</span> <span class='ocrx_word' id='word_1_650' title='bbox 1242 2125 1372 2161; x_wconf 84' lang='lat' dir='ltr'>Maiori,</span> <span class='ocrx_word' id='word_1_651' title='bbox 1395 2125 1516 2164; x_wconf 73' lang='lat' dir='ltr'>Auguri</span> <span class='ocrx_word' id='word_1_652' title='bbox 1535 2123 1655 2162; x_wconf 82' lang='lat' dir='ltr'>publico</span> <span class='ocrx_word' id='word_1_653' title='bbox 1681 2123 1714 2153; x_wconf 90' lang='grc' dir='ltr'>Ρ.</span> <span class='ocrx_word' id='word_1_654' title='bbox 1737 2123 1775 2152; x_wconf 89' lang='lat' dir='ltr'>R.</span> <span class='ocrx_word' id='word_1_655' title='bbox 1802 2124 1969 2163; x_wconf 82' lang='lat' dir='ltr'>Quiritium.</span> <span class='ocrx_word' id='word_1_656' title='bbox 2010 2123 2045 2151; x_wconf 84' lang='lat' dir='ltr'>Et</span> <span class='ocrx_word' id='word_1_657' title='bbox 2066 2124 2105 2151; x_wconf 90' lang='lat' dir='ltr'>ita</span> <span class='ocrx_word' id='word_1_658' title='bbox 2129 2124 2178 2152; x_wconf 89' lang='lat' dir='ltr'>di—</span> 
     </span>
     <span class='ocr_line' id='line_1_47' title="bbox 232 2165 2178 2209; baseline -0.001 -15"><span class='ocrx_word' id='word_1_659' title='bbox 232 2165 455 2203; x_wconf 85' lang='lat' dir='ltr'>stinguebantur</span> <span class='ocrx_word' id='word_1_660' title='bbox 477 2178 491 2194; x_wconf 87' lang='lat' dir='ltr'>a</span> <span class='ocrx_word' id='word_1_661' title='bbox 513 2169 633 2205; x_wconf 77' lang='lat' dir='ltr'>privatis</span> <span class='ocrx_word' id='word_1_662' title='bbox 654 2171 716 2198; x_wconf 85' lang='lat' dir='ltr'>sive</span> <span class='ocrx_word' id='word_1_663' title='bbox 739 2169 938 2209; x_wconf 82' lang='lat' dir='ltr'>Imperatoris.</span> <span class='ocrx_word' id='word_1_664' title='bbox 983 2169 1056 2197; x_wconf 90' lang='lat' dir='ltr'>Nam</span> <span class='ocrx_word' id='word_1_665' title='bbox 1085 2169 1280 2207; x_wconf 75' lang='lat' dir='ltr'>imperatores</span> <span class='ocrx_word' id='word_1_666' title='bbox 1304 2169 1484 2196; x_wconf 79' lang='lat' dir='ltr'>domesticos</span> <span class='ocrx_word' id='word_1_667' title='bbox 1506 2167 1654 2195; x_wconf 81' lang='lat' dir='ltr'>habebant</span> <span class='ocrx_word' id='word_1_668' title='bbox 1677 2177 1815 2204; x_wconf 80' lang='lat' dir='ltr'>augures,</span> <span class='ocrx_word' id='word_1_669' title='bbox 1851 2166 1901 2204; x_wconf 89' lang='lat' dir='ltr'>qui</span> <span class='ocrx_word' id='word_1_670' title='bbox 1925 2176 1979 2204; x_wconf 88' lang='lat' dir='ltr'>pro</span> <span class='ocrx_word' id='word_1_671' title='bbox 2003 2175 2104 2194; x_wconf 86' lang='lat' dir='ltr'>eorum</span> <span class='ocrx_word' id='word_1_672' title='bbox 2129 2176 2178 2194; x_wconf 84' lang='lat' dir='ltr'>sa-</span> 
     </span>
     <span class='ocr_line' id='line_1_48' title="bbox 232 2208 2176 2249; baseline 0 -12"><span class='ocrx_word' id='word_1_673' title='bbox 232 2209 294 2237; x_wconf 84' lang='lat' dir='ltr'>lute</span> <span class='ocrx_word' id='word_1_674' title='bbox 321 2208 502 2236; x_wconf 81' lang='lat' dir='ltr'>excubarent</span> <span class='ocrx_word' id='word_1_675' title='bbox 530 2214 557 2237; x_wconf 82' lang='lat' dir='ltr'>et</span> <span class='ocrx_word' id='word_1_676' title='bbox 587 2212 715 2248; x_wconf 83' lang='lat' dir='ltr'>auspicia</span> <span class='ocrx_word' id='word_1_677' title='bbox 746 2217 907 2247; x_wconf 73' lang='lat' dir='ltr'>captarent.</span> <span class='ocrx_word' id='word_1_678' title='bbox 954 2214 1087 2249; x_wconf 80' lang='lat' dir='ltr'>Augures</span> <span class='ocrx_word' id='word_1_679' title='bbox 1117 2212 1244 2249; x_wconf 89' lang='lat' dir='ltr'>primum</span> <span class='ocrx_word' id='word_1_680' title='bbox 1269 2221 1284 2239; x_wconf 83' lang='lat' dir='ltr'>a</span> <span class='ocrx_word' id='word_1_681' title='bbox 1308 2211 1434 2247; x_wconf 77' lang='lat' dir='ltr'>collegio</span> <span class='ocrx_word' id='word_1_682' title='bbox 1458 2209 1645 2240; x_wconf 84' lang='lat' dir='ltr'>creabantur.</span> <span class='ocrx_word' id='word_1_683' title='bbox 1693 2209 1803 2237; x_wconf 85' lang='lat' dir='ltr'>Deinde</span> <span class='ocrx_word' id='word_1_684' title='bbox 1826 2219 1840 2236; x_wconf 87' lang='lat' dir='ltr'>a</span> <span class='ocrx_word' id='word_1_685' title='bbox 1865 2208 1989 2246; x_wconf 83' lang='lat' dir='ltr'>collegio</span> <span class='ocrx_word' id='word_1_686' title='bbox 2013 2208 2050 2236; x_wconf 81' lang='lat' dir='ltr'>ad</span> <span class='ocrx_word' id='word_1_687' title='bbox 2075 2208 2176 2247; x_wconf 82' lang='lat' dir='ltr'>populi</span> 
     </span>
     <span class='ocr_line' id='line_1_49' title="bbox 233 2250 2174 2292; baseline 0.001 -14"><span class='ocrx_word' id='word_1_688' title='bbox 233 2255 346 2290; x_wconf 84' lang='lat' dir='ltr'>partem</span> <span class='ocrx_word' id='word_1_689' title='bbox 369 2250 516 2288; x_wconf 87' lang='lat' dir='ltr'>quandam</span> <span class='ocrx_word' id='word_1_690' title='bbox 540 2252 674 2280; x_wconf 76' lang='lat' dir='ltr'>selectam</span> <span class='ocrx_word' id='word_1_691' title='bbox 698 2254 743 2281; x_wconf 88' lang='lat' dir='ltr'>ius</span> <span class='ocrx_word' id='word_1_692' title='bbox 762 2255 838 2283; x_wconf 85' lang='lat' dir='ltr'>illud</span> <span class='ocrx_word' id='word_1_693' title='bbox 862 2254 1037 2283; x_wconf 81' lang='lat' dir='ltr'>translatum</span> <span class='ocrx_word' id='word_1_694' title='bbox 1062 2255 1141 2290; x_wconf 72' lang='lat' dir='ltr'>lege,</span> <span class='ocrx_word' id='word_1_695' title='bbox 1165 2264 1252 2292; x_wconf 88' lang='lat' dir='ltr'>quam</span> <span class='ocrx_word' id='word_1_696' title='bbox 1271 2253 1341 2282; x_wconf 89' lang='lat' dir='ltr'>tulit</span> <span class='ocrx_word' id='word_1_697' title='bbox 1358 2254 1410 2281; x_wconf 87' lang='lat' dir='ltr'>Cn.</span> <span class='ocrx_word' id='word_1_698' title='bbox 1426 2252 1570 2280; x_wconf 85' lang='lat' dir='ltr'>Domitius</span> <span class='ocrx_word' id='word_1_699' title='bbox 1587 2251 1796 2286; x_wconf 64' lang='lat' dir='ltr'>Aenobnbus,</span> <span class='ocrx_word' id='word_1_700' title='bbox 1820 2251 1905 2280; x_wconf 86' lang='lat' dir='ltr'>cuius</span> <span class='ocrx_word' id='word_1_701' title='bbox 1922 2250 2053 2279; x_wconf 85' lang='lat' dir='ltr'>meminit</span> <span class='ocrx_word' id='word_1_702' title='bbox 2069 2251 2127 2280; x_wconf 89' lang='lat' dir='ltr'>Cic.</span> <span class='ocrx_word' id='word_1_703' title='bbox 2142 2251 2174 2279; x_wconf 85' lang='lat' dir='ltr'>ll.</span> 
     </span>
     <span class='ocr_line' id='line_1_50' title="bbox 234 2292 2175 2332; baseline -0.001 -11"><span class='ocrx_word' id='word_1_704' title='bbox 234 2295 336 2330; x_wconf 85' lang='lat' dir='ltr'>Agrar.</span> <span class='ocrx_word' id='word_1_705' title='bbox 378 2292 489 2321; x_wconf 87' lang='lat' dir='ltr'>Vellem</span> <span class='ocrx_word' id='word_1_706' title='bbox 518 2303 588 2321; x_wconf 75' lang='lat' dir='ltr'>vero</span> <span class='ocrx_word' id='word_1_707' title='bbox 617 2299 748 2323; x_wconf 81' lang='lat' dir='ltr'>veterum</span> <span class='ocrx_word' id='word_1_708' title='bbox 781 2299 957 2325; x_wconf 84' lang='lat' dir='ltr'>auctoritate</span> <span class='ocrx_word' id='word_1_709' title='bbox 979 2296 1056 2324; x_wconf 88' lang='lat' dir='ltr'>illud</span> <span class='ocrx_word' id='word_1_710' title='bbox 1080 2297 1184 2324; x_wconf 81' lang='lat' dir='ltr'>Festus</span> <span class='ocrx_word' id='word_1_711' title='bbox 1207 2296 1426 2331; x_wconf 72' lang='lat' dir='ltr'>confirmasset,</span> <span class='ocrx_word' id='word_1_712' title='bbox 1456 2295 1537 2332; x_wconf 90' lang='lat' dir='ltr'>quod</span> <span class='ocrx_word' id='word_1_713' title='bbox 1560 2294 1602 2322; x_wconf 88' lang='lat' dir='ltr'>ait</span> <span class='ocrx_word' id='word_1_714' title='bbox 1623 2295 1808 2322; x_wconf 84' lang='lat' dir='ltr'>manifestum</span> <span class='ocrx_word' id='word_1_715' title='bbox 1830 2303 1892 2321; x_wconf 81' lang='lat' dir='ltr'>esse</span> <span class='ocrx_word' id='word_1_716' title='bbox 1914 2298 1992 2329; x_wconf 76' lang='lat' dir='ltr'>sorte</span> <span class='ocrx_word' id='word_1_717' title='bbox 2015 2292 2103 2330; x_wconf 84' lang='lat' dir='ltr'>deligi</span> <span class='ocrx_word' id='word_1_718' title='bbox 2124 2302 2175 2320; x_wconf 78' lang='lat' dir='ltr'>so-</span> 
     </span>
     <span class='ocr_line' id='line_1_51' title="bbox 233 2335 2174 2374; baseline -0.001 -11"><span class='ocrx_word' id='word_1_719' title='bbox 233 2336 320 2372; x_wconf 82' lang='lat' dir='ltr'>litos,</span> <span class='ocrx_word' id='word_1_720' title='bbox 355 2335 405 2373; x_wconf 88' lang='lat' dir='ltr'>qui</span> <span class='ocrx_word' id='word_1_721' title='bbox 433 2345 557 2372; x_wconf 82' lang='lat' dir='ltr'>augures</span> <span class='ocrx_word' id='word_1_722' title='bbox 586 2335 696 2373; x_wconf 80' lang='lat' dir='ltr'>publici</span> <span class='ocrx_word' id='word_1_723' title='bbox 721 2338 751 2365; x_wconf 75' lang='lat' dir='ltr'>P.</span> <span class='ocrx_word' id='word_1_724' title='bbox 776 2339 810 2366; x_wconf 77' lang='lat' dir='ltr'>R.</span> <span class='ocrx_word' id='word_1_725' title='bbox 835 2339 996 2374; x_wconf 83' lang='lat' dir='ltr'>Quiritium</span> <span class='ocrx_word' id='word_1_726' title='bbox 1020 2339 1203 2368; x_wconf 87' lang='lat' dir='ltr'>dicerentur.</span> <span class='ocrx_word' id='word_1_727' title='bbox 1251 2339 1369 2367; x_wconf 84' lang='lat' dir='ltr'>Nullum</span> <span class='ocrx_word' id='word_1_728' title='bbox 1400 2338 1477 2367; x_wconf 82' lang='lat' dir='ltr'>enim</span> <span class='ocrx_word' id='word_1_729' title='bbox 1507 2336 1595 2365; x_wconf 87' lang='lat' dir='ltr'>huius</span> <span class='ocrx_word' id='word_1_730' title='bbox 1623 2337 1713 2364; x_wconf 86' lang='lat' dir='ltr'>moris</span> <span class='ocrx_word' id='word_1_731' title='bbox 1736 2336 1905 2374; x_wconf 80' lang='lat' dir='ltr'>vestigium.</span> <span class='ocrx_word' id='word_1_732' title='bbox 1950 2335 2013 2364; x_wconf 86' lang='lat' dir='ltr'>lmo</span> <span class='ocrx_word' id='word_1_733' title='bbox 2036 2335 2122 2362; x_wconf 77' lang='lat' dir='ltr'>etiam</span> <span class='ocrx_word' id='word_1_734' title='bbox 2146 2339 2174 2362; x_wconf 88' lang='lat' dir='ltr'>et</span> 
     </span>
     <span class='ocr_line' id='line_1_52' title="bbox 236 2375 2173 2418; baseline -0.001 -12"><span class='ocrx_word' id='word_1_735' title='bbox 236 2378 360 2406; x_wconf 73' lang='lat' dir='ltr'>observo</span> <span class='ocrx_word' id='word_1_736' title='bbox 382 2377 426 2405; x_wconf 84' lang='lat' dir='ltr'>vel</span> <span class='ocrx_word' id='word_1_737' title='bbox 450 2377 485 2405; x_wconf 88' lang='lat' dir='ltr'>ab</span> <span class='ocrx_word' id='word_1_738' title='bbox 509 2378 688 2416; x_wconf 68' lang='lat' dir='ltr'>Imperatore</span> <span class='ocrx_word' id='word_1_739' title='bbox 712 2379 758 2405; x_wconf 83' lang='lat' dir='ltr'>vel</span> <span class='ocrx_word' id='word_1_740' title='bbox 782 2390 796 2406; x_wconf 85' lang='lat' dir='ltr'>a</span> <span class='ocrx_word' id='word_1_741' title='bbox 820 2382 932 2418; x_wconf 83' lang='lat' dir='ltr'>populo</span> <span class='ocrx_word' id='word_1_742' title='bbox 956 2381 1030 2409; x_wconf 90' lang='lat' dir='ltr'>illud</span> <span class='ocrx_word' id='word_1_743' title='bbox 1054 2381 1175 2409; x_wconf 84' lang='lat' dir='ltr'>honoris</span> <span class='ocrx_word' id='word_1_744' title='bbox 1199 2382 1291 2418; x_wconf 75' lang='lat' dir='ltr'>gratia</span> <span class='ocrx_word' id='word_1_745' title='bbox 1315 2391 1508 2415; x_wconf 84' lang='lat' dir='ltr'>concessum,</span> <span class='ocrx_word' id='word_1_746' title='bbox 1535 2385 1568 2408; x_wconf 86' lang='lat' dir='ltr'>ut</span> <span class='ocrx_word' id='word_1_747' title='bbox 1591 2389 1685 2417; x_wconf 81' lang='lat' dir='ltr'>augur</span> <span class='ocrx_word' id='word_1_748' title='bbox 1706 2378 1828 2407; x_wconf 82' lang='lat' dir='ltr'>haberet</span> <span class='ocrx_word' id='word_1_749' title='bbox 1850 2377 2048 2406; x_wconf 85' lang='lat' dir='ltr'>sacerdotium</span> <span class='ocrx_word' id='word_1_750' title='bbox 2071 2375 2173 2413; x_wconf 89' lang='lat' dir='ltr'>publi-</span> 
     </span>
     <span class='ocr_line' id='line_1_53' title="bbox 236 2417 2172 2463; baseline -0.002 -15"><span class='ocrx_word' id='word_1_751' title='bbox 236 2430 311 2450; x_wconf 88' lang='lat' dir='ltr'>cum.</span> <span class='ocrx_word' id='word_1_752' title='bbox 341 2419 402 2447; x_wconf 92' lang='lat' dir='ltr'>Liv.</span> <span class='ocrx_word' id='word_1_753' title='bbox 421 2419 470 2449; x_wconf 91' lang='lat' dir='ltr'>lib.</span> <span class='ocrx_word' id='word_1_754' title='bbox 485 2420 506 2449; x_wconf 89' lang='lat' dir='ltr'>I.</span> <span class='ocrx_word' id='word_1_755' title='bbox 524 2423 672 2451; x_wconf 69' lang='lat' dir='ltr'>sect,38.:</span> <span class='ocrx_word' id='word_1_756' title='bbox 698 2418 769 2447; x_wconf 76' lang='lat' dir='ltr'>Inde</span> <span class='ocrx_word' id='word_1_757' title='bbox 791 2421 828 2448; x_wconf 86' lang='lat' dir='ltr'>ab</span> <span class='ocrx_word' id='word_1_758' title='bbox 851 2433 970 2461; x_wconf 76' lang='lat' dir='ltr'>augure,</span> <span class='ocrx_word' id='word_1_759' title='bbox 996 2423 1044 2452; x_wconf 87' lang='lat' dir='ltr'>cui</span> <span class='ocrx_word' id='word_1_760' title='bbox 1066 2422 1169 2451; x_wconf 80' lang='lat' dir='ltr'>deinde</span> <span class='ocrx_word' id='word_1_761' title='bbox 1190 2423 1310 2453; x_wconf 75' lang='lat' dir='ltr'>lionoris</span> <span class='ocrx_word' id='word_1_762' title='bbox 1331 2435 1397 2463; x_wconf 71' lang='lat' dir='ltr'>ergo</span> <span class='ocrx_word' id='word_1_763' title='bbox 1418 2421 1570 2461; x_wconf 80' lang='lat' dir='ltr'>publicum</span> <span class='ocrx_word' id='word_1_764' title='bbox 1592 2420 1624 2450; x_wconf 81' lang='lat' dir='ltr'>id</span> <span class='ocrx_word' id='word_1_765' title='bbox 1644 2429 1868 2460; x_wconf 83' lang='lat' dir='ltr'>perpetuumque</span> <span class='ocrx_word' id='word_1_766' title='bbox 1888 2417 2080 2447; x_wconf 78' lang='lat' dir='ltr'>sacerdotium</span> <span class='ocrx_word' id='word_1_767' title='bbox 2095 2417 2172 2459; x_wconf 76' lang='lat' dir='ltr'>suit,</span> 
     </span>
    </p>
   </div>
  </div>
 </body>
</html>
