2263 2668
507 163 598 196 LIB.
624 161 650 195 l.
703 160 848 195 SEGM.
875 160 917 194 V.
945 159 1004 194 VI.

494 256 588 290 Ante
605 256 684 289 tulit
701 266 866 302 gressum
874 251 916 292 ²¹5
944 258 994 287 et:

560 313 629 341 ..U-
993 317 997 320 .

1082 159 1171 193 LIB.
1198 159 1241 192 11.
1295 160 1438 194 SEGM.
1466 160 1492 193 Ι.
1518 160 1561 193 11.
1984 162 2008 195 9

499 358 637 392 Turnus
655 362 694 391 ut
710 361 791 391 unte
806 357 928 390 volans
943 356 1089 389 tardum
1101 359 1353 401 praecesserat
1370 367 1502 401 agmen
1511 352 1544 388 ²².

760 415 829 444 'U‘

58 460 148 493 Huic
172 460 335 493 contraria
356 463 403 492 est
426 459 586 501 diastole,
624 461 759 494 dextera
782 471 859 505 pars
880 459 1046 503 quaedam
1065 458 1181 492 citculi
1203 457 1247 490 ad
1271 458 1371 490 imam
1394 458 1537 491 litteram
1561 458 1731 502 adposita,
1757 459 1817 493 ita:
1850 470 1873 494 ).

58 516 137 544 nota
153 512 239 544 male
256 511 472 545 cohaerentia
489 512 733 553 discernuntur,
761 518 797 544 ut
812 517 873 544 est:

635 564 794 609 Ereptae
813 562 982 609 virginis,
1004 561 1061 594 ira
1070 556 1104 592 ²³.

1926 460 2001 494 Hac

1159 560 1222 593 Et:

640 616 819 660 Tiridique
837 615 872 647 in
888 615 1002 646 littore
1020 612 1251 657 conspicitur,
1276 622 1335 644 sus
1343 607 1377 642 ²⁴.

56 664 296 709 Apostrophos
321 665 436 699 circuli
461 665 540 699 item
563 678 641 711 pars
664 667 817 707 dextera,
852 666 910 698 sed
937 664 980 697 ad
1003 675 1166 697 summam
1192 663 1336 695 litteram
1361 658 1503 706 posita²5
1527 662 1589 696 ita:
1613 661 1632 695 '.

1684 662 1761 696 Hac
1781 666 1860 695 nota
1885 663 1999 697 deesse

57 716 260 751 ostendimus
274 717 361 761 parti
376 718 531 750 orationis
548 720 699 752 ultimam
717 719 884 758 vocalem,
912 717 1004 750 cuius
1025 727 1208 749 consonans
1228 720 1392 753 remanet,
1421 719 1474 746 ut:

598 768 748 803 Tanton’
776 781 832 802 me
859 768 1003 802 crimine
1029 768 1181 811 dignum.
1207 763 1378 799 Duxisti?
1387 760 1412 781 ²⁰

56 818 233 853 Caeterum
251 819 364 852 dasian
378 819 394 856 l·
414 825 447 853 et
462 821 571 866 psilen
587 824 603 861 -Ι
621 822 713 867 apud
730 822 867 855 Latinos
883 821 919 853 H
928 817 951 836 ²⁷
969 820 1022 851 vel
1040 819 1155 851 addita
1171 818 1227 850 vel
1245 817 1396 850 detracta
1413 815 1584 860 significat.

606 890 630 923 S
644 901 665 922 E
682 902 703 922 G
719 902 755 923 Μ.
786 890 844 922 VI.

924 888 1007 921 De

1059 885 1443 920 Positurz's.

221 947 306 981 Tres
321 952 396 981 sunt
413 945 581 981 omni11o²⁸
601 951 771 994 positurae
788 950 842 982 vel
860 949 1100 989 distinctiones,
1127 958 1208 990 quas
1225 941 1376 985 θέσεις-29
1404 943 1528 978 Graeci
1541 948 1673 977 vocant:
1706 943 1890 985 distinctio,
1918 943 1997 977 sub—

56 997 240 1039 distinctio,
267 999 380 1032 media
401 1000 577 1033 distinctio.

54 1050 198 1082 litteram
222 1051 386 1094 ponimus.

55 1106 244 1145 separatum
268 1114 345 1135 mox
369 1103 579 1136 inferendum
605 1105 653 1137 sit.

55 1208 144 1237 ctum
161 1204 203 1237 ad
220 1205 366 1239 mediam
381 1206 525 1239 litteram
538 1208 702 1252 ponimus.

55 1261 88 1288 et
106 1261 272 1290 commata
280 1253 313 1290 ³².

630 1001 803 1035 Distinctio
825 1006 888 1042 est,
916 1001 974 1034 ubi
997 1001 1108 1032 finitur
1129 999 1230 1043 plena
1253 996 1429 1034 sententia3
1463 995 1560 1028 huius
1584 999 1743 1039 punctum
1766 996 1810 1028 ad
1833 1007 1998 1028 summam

440 1051 682 1086 Subdistinctio
704 1060 768 1093 est,
795 1054 854 1085 ubi
869 1064 936 1085 non
954 1053 1093 1085 multum
1110 1054 1260 1094 superest
1277 1049 1320 1082 de
1339 1047 1515 1087 sententia,
1542 1047 1634 1090 quod
1654 1052 1763 1080 tamen
1773 1043 1798 1063 ³⁰
1813 1047 1997 1080 necessario

715 1105 823 1138 Huius
846 1109 1009 1148 punctum
1032 1103 1075 1135 ad
1098 1103 1199 1135 imam
1221 1101 1365 1134 litteram
1388 1099 1552 1144 ponimus.

54 1153 260 1186 tantumdem
269 1150 292 1170 ³¹
314 1154 356 1187 de
378 1155 535 1187 sententia
558 1162 727 1200 superest,
763 1162 923 1199 quantum
943 1156 1008 1188 iam
1028 1155 1187 1194 diximus,
1214 1165 1290 1187 eum
1307 1158 1419 1185 tamen
1436 1150 1666 1195 respirandum
1684 1150 1730 1183 sit.

755 1209 794 1240 ln
815 1208 959 1241 lectione
983 1212 1053 1239 tota
1077 1206 1237 1239 sententia
1257 1204 1418 1250 peliodos
1442 1202 1579 1244 dicitur,
1607 1202 1696 1236 cuius
1713 1206 1823 1246 partes
1836 1206 1908 1234 sunt
1921 1201 1998 1234 cola

1604 1098 1720 1131 Media
1743 1102 1808 1138 est,
1843 1099 1903 1131 ubi
1926 1099 1997 1131 fere

1783 1150 1891 1182 Huius
1909 1161 1997 1194 pun-

390 1393 812 1435 LIBER
902 1380 1658 1434 SECUNDUS.

513 1479 655 1511 SEGM.
682 1479 707 1511 Ι.

787 1478 860 1511 De
901 1476 1184 1511 Partibus
1229 1474 1535 1508 orationis

1866 1471 1994 1518 [1743]

219 1536 251 1569 1.
304 1537 417 1570 Partes
435 1539 591 1572 orationis
609 1544 682 1571 sunt
702 1544 796 1571 octo:
830 1549 970 1578 nomen,
998 1548 1204 1581 pronomen,
1232 1536 1387 1576 verbum,
1415 1534 1628 1574 adverbium,
1655 1532 1885 1577 participium,
1913 1543 1996 1564 con-

51 1586 187 1627 iunctio,
214 1589 438 1633 praepositio,
465 1590 658 1624 interiectio.

51 1649 119 1671 non
136 1638 371 1679 adnumerant,
401 1642 522 1676 Graeci
539 1643 811 1675 interiectionem.

216 1691 249 1724 2.
303 1692 404 1725 Multi
432 1694 559 1737 plures,
596 1694 688 1727 multi
709 1694 884 1738 pauciores
907 1696 1019 1736 partes
1043 1691 1198 1724 orationis
1219 1693 1346 1734 putant.

711 1591 764 1623 Ex
778 1590 830 1622 his
846 1590 931 1623 duae
948 1594 1020 1622 sunt
1034 1588 1238 1633 principales
1246 1585 1282 1629 3³,
1308 1597 1430 1619 nomen
1446 1590 1479 1618 et
1495 1585 1642 1617 verbum.

1696 1583 1806 1616 Latini
1822 1583 1996 1616 articulum

1399 1687 1524 1721 Verum
1546 1697 1587 1719 ex
1610 1680 1796 1717 omnibus³¹
1824 1689 1889 1717 tres
1912 1690 1994 1727 sunt,

53 1752 139 1785 quae
153 1754 209 1775 sex
223 1745 350 1777 casibus
364 1745 593 1788 inflectuntur,
622 1757 761 1787 nomen,
788 1756 976 1789 pronomen
993 1748 1025 1776 et
1042 1743 1262 1787 participium.

657 1814 680 1847 S
696 1825 716 1846 ε
733 1826 753 1846 G
770 1826 807 1846 M.
838 1814 880 1846 ll.

962 1812 1046 1845 De

1098 1807 1389 1843 Nomine.

216 1872 250 1905 1.
302 1873 433 1906 Nomen
454 1878 502 1906 est
522 1885 600 1918 pars
624 1874 779 1906 orationis
806 1885 883 1907 cum
908 1885 1003 1911 casu,
1039 1881 1159 1913 corpus
1181 1874 1237 1901 aut
1256 1879 1327 1900 rem
1352 1865 1489 1910 proprie
1513 1865 1773 1898 communiterve
1796 1864 1992 1909 significans.

52 1920 210 1966 Proprie,
238 1930 273 1957 ut
288 1925 422 1965 Roma,
456 1925 607 1962 Tibcris,·
641 1925 876 1966 communiter,
903 1931 939 1957 ut
958 1923 1055 1962 urbs,
1071 1915 1253 1966 stumcn³³.

881 1977 1011 2008 Nomen
1030 1973 1121 2006 unius
1144 1970 1287 2004 hominis
1297 1967 1338 2012 ³⁶,
1365 1968 1548 2014 appellatio
1567 1968 1765 2009 multorum,
1793 1968 1994 2001 vocabulum

50 1974 198 2016 paratio,
225 1987 347 2020 genus,
374 1988 545 2017 numerus,
573 1978 698 2021 figura,
727 1988 828 2010 casus.

51 2035 162 2057 rerum
180 2023 268 2059 est³¹².

50 2125 329 2164 21)Vi1·g.Aen.VI‚
346 2132 416 2161 677.
439 2146 480 2152 —-
508 2131 644 2167 22)Virg.
655 2129 790 2164 Ae11.1X,
813 2129 862 2159 47·
883 2144 925 2149 ·-··
954 2129 998 2161 23)

57 2169 134 2196 ,Tum
152 2171 263 2197 J)‹mm’
278 2173 409 2208 gemilu,
434 2179 524 2211 alque
543 2179 656 2211 ereptae
675 2183 701 2200 v.
717 2173 739 2201 [ἶ.
763 2172 792 2200 Ρ.
841 2171 934 2198 Locus
956 2175 999 2198 θεῖ

50 2210 133 2248 Virg.
150 2212 220 2242 ΑΘΗ.
235 2212 275 2246 Η,
300 2214 368 2244 413.
391 2231 432 2236 -
457 2218 503 2250 24)
526 2215 703 2249 praeabum,
730 2212 880 2250 uiridique
896 2217 949 2241 cet.
966 2214 996 2241 P.

50 2253 148 2281 Locus
164 2259 208 2282 est
226 2255 303 2290 νίν-ιζ.
320 2256 387 2283 Aen.
402 2257 482 2293 Vlll,
505 2260 554 2289 83.
578 2273 620 2278 -·
663 2257 710 2293 25)
734 2255 877 2293 adpo-sila
904 2256 932 2285 Ρ.
957 2272 996 2277 ·—

50 2296 97 2334 26)
124 2298 317 2334 Omnipolm-s·
338 2300 471 2335 genitor,
502 2302 627 2327 .l‹mlvn'
654 2309 698 2326 me
723 2300 847 2325 crimine
871 2297 1000 2335 dignum

52 2339 196 2375 Duxisti,
221 2345 246 2366 el
268 2341 342 2367 tale-³
367 2342 493 2369 voluisti
509 2341 809 2380 arpenderepoma-s?
834 2341 861 2370 P.
907 2342 999 2369 Locus

52 2386 96 2409 est
110 2382 180 2410 Aen.
199 2383 234 2417 X,
259 2384 330 2413 668.
343 2399 384 2404 —
406 2384 455 2420 27)
471 2386 509 2411 ΙΙ
520 2386 608 2412 [ΗΠ-α
626 2385 723 2412 vocali
739 2385 768 2413 Ρ.
782 2399 824 2405 -
851 2386 897 2418 28)
914 2384 1000 2411 Deest

53 2426 173 2452 omnino
190 2425 267 2464 apud
284 2426 313 2453 Ρ.
338 2441 377 2447 -
406 2427 453 2463 29)
478 2427 547 2455 cod.
564 2427 663 2456 thesis.
684 2443 725 2449 —
755 2429 799 2461 30)
825 2431 897 2454 lunc
915 2427 942 2456 P.
957 2442 1000 2447 —

105 2508 268 2539 GRAMMAT.
293 2522 326 2539 LA
333 2522 358 2539 T.
383 2510 402 2539 I.

1306 1918 1441 1951 Nomini
1457 1917 1611 1950 accidunt
1628 1928 1700 1957 sex,
1728 1916 1883 1959 qualitas,
1912 1928 1994 1949 con-

322 2028 392 2061 Sed
407 2029 510 2061 modo
527 2030 661 2061 nomina
677 2029 877 2074 generaliter
894 2027 1031 2059 dicimus
1040 2022 1074 2057 ³⁸.

1041 2126 1090 2163 31)
1113 2131 1230 2153 lantum
1250 2125 1281 2153 P.
1304 2140 1346 2146 —
1389 2121 1434 2161 32)
1461 2122 1588 2151 Additur
1608 2122 1640 2150 in
1661 2121 1733 2150 Cod.
1755 2130 1790 2148 cx
1808 2120 1994 2159 interpreta-

1042 2169 1137 2197 tione:
1162 2168 1197 2195 id
1212 2173 1270 2204 est,
1293 2166 1426 2194 membra
1444 2172 1469 2193 et
1485 2176 1581 2192 cae-sa.
1603 2181 1646 2186 —
1673 2166 1719 2198 33)
1737 2163 1829 2191 Addit
1846 2164 1877 2191 P.
1891 2169 1994 2201 parte-s·

1042 2212 1199 2239 orationis.
1222 2227 1263 2232 —
1297 2208 1342 2250 34)
1372 2209 1481 2237 Verum
1496 2219 1528 2235 ex
1543 2208 1592 2235 lli-5·
1606 2208 1636 2236 P.
1659 2222 1700 2228 —
1734 2204 1779 2245 35)
1805 2205 1877 2232 urbs
1894 2206 1993 2243 elsta-

1040 2265 1106 2282 mm
1130 2255 1158 2282 P.
1182 2270 1223 2275 -—
1263 2255 1309 2286 36)
1331 2253 1464 2279 nominis
1478 2251 1507 2281 P.
1532 2266 1574 2271 —
1606 2248 1651 2288 37)
1675 2248 1800 2277 Pessime
1813 2253 1855 2276 est
1870 2247 1947 2286 apud
1963 2247 1992 2274 Ρ.

1043 2297 1209 2335 appellatio
1223 2296 1391 2323 multarum
1406 2294 1591 2321 vocabulum
1603 2302 1703 2320 rerum
1716 2296 1767 2319 e-vl.
1790 2306 1832 2312 --
1874 2288 1923 2328 33)
1942 2288 1992 2315 Ci-

1042 2345 1143 2368 tanlur
1157 2339 1228 2367 haec
1245 2349 1259 2366 a
1275 2337 1427 2366 Prisciano
1446 2336 1554 2371 XVIII,
1578 2337 1630 2366 20.
1653 2346 1681 2373 p.
1696 2336 1764 2366 180.
1788 2332 1918 2365 tom.ll.,
1941 2329 1992 2357 ubi

1042 2382 1073 2410 in
1098 2381 1199 2410 Krehl.
1220 2381 1288 2411 edit.
1311 2390 1468 2419 perperam
1493 2383 1550 2407 est:
1582 2377 1723 2406 diximus.
1769 2375 1876 2404 Verum
1898 2372 1991 2400 tenuit

1041 2424 1161 2454 Putsch.

1549 2505 1580 2538 B
