2263 2668
412 141 477 175 DE
502 140 780 176 VERBORUM
806 138 1197 176 SIGNIFICATIONE
1223 139 1536 175 FRAGMENTA.
1794 140 1868 175 255

84 237 268 272 inducatur.
295 247 396 280 quam
423 235 672 270 inconstantiam
701 235 810 269 Verrii
838 234 937 269 nostri
964 245 1030 267 non
1057 234 1125 267 sine
1152 233 1277 267 rubore
1302 234 1410 270 retuli.
1463 234 1616 268 Salios
1639 246 1660 267 a·
1685 234 1838 268 sallendo
1856 235 1868 251 *

85 288 237 321 saltando
253 285 270 308 2
299 288 406 321 dictos
433 298 523 330 esse,
550 287 698 330 quamvis
721 287 866 320 dubitari
892 297 958 319 non
983 285 1121 325 debeat,
1149 281 1219 334 tan
1235 297 1310 318 men
1338 287 1502 319 Polemon
1528 286 1573 319 ait
1597 286 1733 320 Arcada
1759 285 1866 332 [137]

84 339 254 383 quendam
281 339 390 380 fuisse,
418 339 551 372 nomine
577 338 724 380 Salium,
745 350 846 382 quem
862 339 991 374 Aeneas
1008 349 1028 369 a
1044 336 1217 374 Mantinea
1236 336 1269 374 in
1287 337 1418 375 Italiam
1435 337 1629 380 deduxerit,
1652 338 1709 381 qui
1735 337 1868 375 iuvenes

83 391 218 427 Italicos
246 387 412 426 ἐνόπλιον
439 390 645 425 saltationem
672 390 836 424 docuerit.
888 390 935 422 At
960 387 1126 422 Critolaus
1153 388 1299 422 Saonem
1327 400 1366 422 ex
1397 389 1619 427 Samothrace
1647 400 1723 426 cum
1750 391 1865 423 Aenea

84 442 168 476 deos
196 443 335 475 Penates
363 442 422 485 qui
448 441 623 477 Lavinium
649 441 868 482 transtulerit,
894 440 1011 475 saliare
1041 451 1147 484 genus
1174 440 1316 473 saltandi
1353 441 1533 475 instituisse.
1564 452 1583 478 a
1610 451 1678 484 quo
1709 441 1865 485 appella-

83 500 134 527 tos
161 493 290 534 Salios,
329 493 449 537 quibus
481 504 543 538 per
579 494 685 528 omnis
720 493 810 534 dies,
852 492 1054 535 ubicumque
1079 496 1230 532 manent,
1270 492 1349 536 quia
1375 492 1509 536 amplae
1535 496 1703 537 ponuntur
1730 503 1863 535 caenae,

84 546 198 589 siquae
225 545 310 578 aliae
341 555 485 589 magnae
512 544 593 580 dum
608 547 631 585 *,
665 544 798 578 saliares
826 543 1048 589 appellantur.
1102 542 1313 578 Salmacis
1346 544 1479 577 nomine
1504 543 1671 588 nympha,
1709 543 1804 578 Caeli
1832 548 1864 576 et

83 598 211 630 Terrae
237 596 322 636 filia,
348 595 453 629 fertur
480 607 578 630 causa
604 595 703 631 fontis
729 595 953 633 Haliearnassi
985 605 1093 638 aquae
1127 594 1352 639 appellandae
1379 595 1477 631 fuisse
1504 595 1722 638 Salmacidis,
1761 606 1862 641 quam

83 649 141 692 qui
166 647 318 688 bibisset,
358 647 437 681 vitio
472 646 701 692 impudicitiae
735 647 952 680 mollesceret.
987 647 1033 682 ob
1060 657 1133 685 eam
1170 657 1258 687 rem,
1298 646 1390 689 quod
1427 647 1496 679 eius
1529 647 1636 682 aditus
1671 651 1863 691 angustatus

84 699 283 744 parietibus,
319 698 529 732 occasionem
556 698 697 744 largitur
729 699 899 735 iuvenibus
931 697 1156 744 petulantibus
1189 697 1481 735 antecedentium*
1515 709 1696 743 puerorum
1729 697 1862 742 puella—

83 762 224 795 rumque
251 749 502 793 violandarum,
528 750 606 796 quia
632 761 699 783 non
729 755 823 797 patet
851 749 1029 796 refugium.
1082 748 1226 786 Ennius:

186 810 444 845 Salmacida
470 809 619 855 spolia
646 811 736 844 sine
761 809 997 855 sanguine,
1024 815 1066 844 et
1091 808 1263 845 sudore.
1589 845 1593 852 Ι

83 869 252 905 Salias-⁹>
281 871 481 916 virgines
508 870 642 905 Cincius
668 870 714 903 ait
740 881 812 903 esse
837 870 1084 907 conducticias,
1112 880 1201 913 quae
1229 868 1272 902 ad
1300 867 1409 900 Salios
1435 866 1658 905 adhibeantur
1684 878 1759 900 cum
1787 868 1862 911 api-

83 923 177 956 cibus
202 922 400 967 paludatas,
427 934 509 965 quas
535 922 651 955 Aelius
677 921 762 955 Stilo
788 922 920 966 scripsit
945 921 1143 956 sacrificium
1170 921 1284 954 fucere
1310 919 1342 951 in
1369 919 1480 963 Regia
1506 930 1584 953 cum
1611 918 1772 952 Pontifice
1799 930 1862 963 pa·

82 974 211 1007 ludatas
246 984 322 1007 cum
351 974 502 1018 apicibus
533 973 567 1006 in
599 973 737 1006 modum
771 973 951 1009 Saliorum.
1011 972 1240 1017 Spondere
1274 970 1410 1004 Verrius
1444 975 1539 1015 putat
1573 970 1716 1011 dictum,
1767 970 1860 1012 quod

82 1031 202 1070 sponte
228 1037 304 1067 sua,
350 1025 386 1058 id
421 1031 470 1059 est
499 1025 688 1064 voluntate,
737 1025 960 1068 promittatur.
997 1024 1120 1057 deinde
1155 1024 1278 1057 oblitus
1312 1022 1469 1055 inferiore
1505 1021 1615 1066 capite
1646 1032 1802 1064 sponsum
1830 1027 1862 1053 et

81 1089 237 1122 sponsam
263 1088 303 1110 ex
330 1077 465 1110 Graeco
493 1076 616 1111 dictam
644 1077 707 1117 ait,
734 1077 825 1119 quod
854 1076 876 1108 ii
904 1073 1060 1115 σπονδάς
1085 1075 1285 1120 interpositis
1321 1074 1421 1106 rebus
1454 1073 1571 1106 divinis
1597 1073 1728 1105 faciant.
1781 1072 1861 1105 Sa·

82 1130 215 1163 licem
243 1129 333 1161 idem
362 1128 497 1174 virgulti
523 1139 644 1173 genus,
671 1138 738 1160 non
765 1128 890 1160 arboris
916 1127 1014 1168 dicit,
1040 1133 1075 1161 et
1099 1127 1243 1161 ridicule
1263 1127 1498 1169 interpretatur
1525 1125 1667 1164 dictam,
1702 1123 1794 1166 quod
1823 1135 1861 1155 ea

81 1180 251 1216 celeritate
278 1185 420 1221 crescat,
448 1185 486 1213 ut
511 1180 607 1212 salire
635 1179 795 1213 videatur.
849 1179 1047 1215 Salinum
1073 1180 1106 1212 in
1138 1191 1252 1213 mensa
1279 1188 1343 1222 pro
1379 1177 1491 1220 aquali
1515 1176 1648 1211 solitum
1679 1186 1749 1207 esse
1779 1175 1860 1218 poni

81 1232 125 1265 ait
151 1243 228 1265 cum
258 1232 404 1275 patella,
447 1231 524 1275 quia
552 1230 636 1264 nihil
662 1230 753 1264 aliud
788 1231 829 1263 sit
855 1230 921 1273 sal,
962 1242 1065 1274 quam
1099 1242 1197 1274 aqua.
1261 1225 1553 1263 Salentinos4
1587 1239 1607 1260 a
1640 1226 1711 1263 salo
1741 1226 1861 1264 dictos,

80 1283 217 1323 Cretas,
245 1289 278 1316 et
294 1283 444 1327 Illyrios,
470 1283 527 1326 qui
543 1294 619 1316 cum
633 1282 857 1316 Locrensibus
874 1282 1067 1327 navigantes
1080 1283 1273 1316 societatem
1292 1280 1450 1322 fecerint,
1476 1279 1544 1313 eius
1559 1290 1595 1312 re
1609 1274 1631 1326 ΙΙ
1647 1278 1724 1323 gio·
1751 1276 1858 1322 [138]

80 1336 130 1368 nis
156 1335 293 1375 ltaliae,
320 1345 421 1377 quam
449 1334 569 1367 dicunt
596 1333 642 1367 ab
671 1334 728 1367 eis.
782 1332 1100 1367 Saeculares⁶
1128 1334 1230 1367 ludi
1256 1331 1418 1376 Tarquini
1440 1330 1577 1376 superbi
1602 1330 1692 1375 regis
1714 1329 1750 1363 in
1765 1338 1859 1373 agro

79 1390 158 1420 sunt
179 1387 338 1431 primum
354 1385 472 1432 facti,
495 1397 598 1430 quem
628 1385 731 1418 Marti
758 1386 964 1419 consecravit
992 1386 1032 1421 P.
1067 1385 1229 1419 Valerius
1254 1383 1440 1430 Poplicola
1472 1382 1550 1417 Cos.
1585 1381 1677 1424 quod
1712 1380 1860 1425 populus

79 1438 121 1470 R.
147 1438 180 1470 in
208 1438 282 1471 loco
309 1438 370 1471 illo
405 1441 513 1471 antea
543 1441 725 1482 repertam
761 1449 854 1470 aram
889 1448 1026 1481 quoque
1052 1437 1137 1479 Diti,
1171 1449 1212 1472 ac
1238 1435 1481 1480 Proserpinae
1506 1435 1791 1471 consecraverat,
1824 1431 1859 1465 in

80 1496 227 1522 extremo
254 1489 380 1522 Martio
414 1489 566 1534 Campo,
594 1489 687 1534 qaod
719 1488 906 1522 Terentum
933 1489 1128 1534 appellatur
1155 1489 1333 1522 demissam
1359 1486 1457 1532 infra
1484 1489 1620 1521 terram
1641 1483 1756 1529 pedes
1772 1482 1857 1528 fere

79 1541 214 1585 viginti,
240 1540 275 1573 in
301 1551 368 1584 qua
387 1551 457 1585 pro
483 1541 588 1574 malis
611 1541 813 1574 avertendis
829 1541 983 1585 populus
998 1541 1041 1575 R.
1063 1541 1175 1574 facere
1201 1552 1298 1574 sacra
1323 1539 1445 1573 solitus
1468 1540 1554 1571 erat.
1594 1535 1715 1570 Ludos
1730 1538 1857 1579 postea

79 1592 282 1625 saeculares
309 1597 343 1624 et
368 1592 608 1636 nonagensimo
634 1603 768 1636 quoque
796 1603 888 1625 anno
911 1591 1045 1637 facere
1074 1591 1122 1625 ibi
1154 1592 1267 1637 coepit
1300 1589 1447 1635 Popillio
1479 1589 1627 1621 Laenate
1660 1585 1855 1620 Duumviro

79 1653 284 1676 sacrorum:
310 1643 344 1675 2⁸⁷1
372 1642 495 1687 quibus
521 1642 633 1676 hostiis
659 1643 777 1676 furulis
808 1648 857 1676 est
883 1647 1053 1687 operatus
1079 1642 1190 1676 tribus
1216 1641 1359 1682 diebus,
1387 1638 1599 1682 totidemque
1619 1637 1787 1678 noctibus,
1815 1646 1854 1668 ac

80 1694 208 1726 deinde
234 1694 425 1726 institutum
452 1704 544 1734 esse,
578 1699 710 1727 centum
742 1699 819 1738 post
845 1705 965 1735 annos,
993 1702 1029 1727 ut
1053 1693 1195 1740 fierent.
1254 1694 1356 1728 Unde
1382 1692 1546 1725 videntur
1571 1688 1764 1723 saeculares
1791 1698 1854 1731 ap-

79 1745 215 1789 pellati,
242 1744 336 1789 quod
354 1748 489 1778 centum
515 1756 686 1778 armorum
712 1746 865 1790 spatium
891 1746 1014 1779 saeculi
1041 1745 1192 1779 habetur.
1246 1740 1486 1779 Scutilum⁶
1514 1745 1615 1774 tenue
1641 1743 1674 1772 et
1694 1749 1853 1772 macrum

79 1797 226 1835 dicitur,
254 1806 299 1828 ex
325 1795 479 1836 Graeco,
507 1802 543 1829 ut
568 1808 645 1830 cum
674 1797 820 1830 dicimus
845 1798 1006 1830 scutilum
1033 1797 1224 1837 hominem,
1251 1797 1375 1829 exilem
1403 1794 1549 1836 aliquem
1572 1791 1854 1829 demonstramus

79 1849 114 1881 in
140 1858 207 1892 quo
227 1847 400 1892 pellicula
427 1851 571 1882 tantum.
633 1847 677 1881 In
704 1860 831 1893 pompa
858 1849 949 1881 aliud
977 1849 1123 1882 dicimus
1147 1848 1326 1888 scutilum,
1364 1849 1401 1879 ut
1426 1845 1591 1881 videatur
1624 1842 1780 1876 scutilum
1808 1840 1852 1873 (le

79 1899 213 1932 scrutilo
239 1898 438 1931 derivatum
465 1899 599 1933 detrita
627 1910 645 1932 r
672 1900 802 1940 littera,
829 1900 940 1945 sitque
959 1900 998 1941 is,
1019 1901 1075 1943 qui
1094 1901 1211 1933 virtute
1237 1901 1351 1943 potest
1377 1895 1541 1930 scrutari.
1561 1894 1627 1928 sed
1644 1904 1690 1927 ex
1709 1892 1852 1926 Graeco

78 1961 200 1982 nomen
216 1948 363 1995 sactum
379 1950 508 1993 scutilo,
526 1962 602 1984 cum
621 1951 816 1985 coriarium
833 1951 1090 1998 significamus.
1119 1946 1421 1996 squalidum?
1445 1946 1608 1984 incultum
1627 1950 1660 1982 et
1674 1943 1851 1982 Sordidum

78 2002 129 2035 ait
161 2001 303 2034 Verrius
328 2000 556 2047 significare,
589 2003 641 2036 sic
669 2003 819 2044 dietum,
846 2003 940 2047 quod
968 2003 1118 2047 proxime
1144 2003 1199 2037 ad
1224 2000 1485 2035 similitudinem
1511 2007 1681 2043 squamae
1704 1995 1848 2044 piscium

77 2052 224 2094 accedit,
251 2052 367 2097 utique
390 2063 525 2096 eorum,
553 2055 611 2099 qai
633 2054 667 2087 in
682 2053 989 2100 profunditatibus
1016 2053 1122 2087 abditi
1150 2053 1333 2098 paludum,
1351 2051 1521 2096 squallent
1548 2048 1712 2087 maxime,
1746 2044 1849 2083 Unde

76 2104 212 2138 Ennius
236 2104 269 2136 in
295 2103 473 2148 Telepho:

177 2155 307 2197 Quam
334 2156 523 2189 vestitus
548 2156 767 2201 squalida
793 2159 982 2201 saeptus
1010 2156 1130 2189 stola.

76 2285 174 2315 ctibue
203 2285 366 2324 agebantur
392 2297 449 2327 pro
472 2287 560 2316 culm
588 2288 665 2317 Solis
690 2287 759 2324 aie,
794 2292 826 2317 et
849 2293 939 2317 nocte
981 2286 1051 2316 vide
1073 2288 1102 2315 in
1122 2285 1306 2317 Alanducus.
1326 2286 1372 2314 Un
1381 2296 1404 2315 «ς.
1427 2302 1466 2311 «—
1489 2284 1518 2322 7)
1533 2280 1742 2322 δςααίἰιίαηι.]
1760 2280 1846 2319 Agel-

76 2328 184 2358 [ηοω.
214 2329 295 2358 Ure.
319 2345 358 2352 --
382 2329 413 2370 G)
430 2329 602 2369 Scutdlwm]
626 2331 670 2359 Ex
694 2330 808 2360 Graeco
832 2332 940 2367 σκῦτος
982 2330 1043 2359 lius
1072 2330 1121 2362 lib.
1146 2332 1176 2362 2.
1205 2339 1271 2368 unp.
1295 2331 1323 2360 62
1353 2327 1513 2368 squalere,
1541 2325 1656 2365 inquit,
1692 2324 1804 2356 clintum
1829 2333 1845 2351 a

76 2371 197 2401 videtur
226 2371 328 2404 Fama
355 2373 492 2402 scutilum
519 2373 697 2410 deduxisse,
735 2383 805 2402 cum
831 2373 941 2403 exilem
982 2382 1174 2411 squmnmmm
1192 2372 1368 2409 crebritate,
1392 2370 1612 2410 aspuituteque
1635 2377 1710 2407 qum
1731 2367 1762 2396 in
1784 2375 1844 2397 ser-

77 2413 208 2453 aliquem
230 2414 386 2454 significat.
414 2416 528 2455 reliqua
557 2426 618 2445 non
647 2421 738 2455 ⁴egent
768 2416 938 2456 interprete.
981 2416 1131 2455 pontium,
1161 2414 1350 2455 pieeiumque
1376 2413 1469 2443 coriis*
1487 2412 1633 2446 visanum.
1686 2410 1769 2447 Quae
1789 2416 1844 2438 nos

1877 237 1886 248 ⁸
1893 237 1911 263 f.
1927 237 2041 264 saliendo

1889 543 1898 553 ”
1906 541 1925 567 f.
1945 545 2003 568 sunt

1883 703 1894 713 ²
1902 702 1920 727 f.
1941 710 2015 730 acce-

1894 735 2004 762 dentium
