2263 2668
207 165 282 200 398
632 153 975 189 COMMENTARH
1001 153 1049 187 ΙΝ
1076 152 1218 187 PAULI
1244 151 1440 187 DIACONI
1465 154 1720 190 EXCERPTA

209 259 287 296 Daps
309 254 385 284 enim
407 251 495 280 latius
518 250 616 295 patet3
640 256 706 274 nam
729 255 830 274 omnes
853 246 1046 293 opiparoset
1067 250 1233 295 sumtuosos
1256 250 1418 284 apparatus
1444 246 1596 284 significat.
1629 248 1729 278 Livius
1750 249 1954 279 Andronicus:
1981 249 2061 288 Quae
2082 250 2151 280 haec

210 299 283 338 daps
305 305 360 332 est,
385 294 448 334 quis
458 290 558 331 festus
581 287 666 316 dies?
693 289 738 316 Ex
759 288 880 317 Homer.
903 289 955 316 illo
978 287 1062 316 lhad.
1080 300 1115 328 y.
1139 288 1259 326 (Odyss.
1278 288 1302 323 I,
1326 287 1429 327 225.):

873 341 924 375 Τίς
947 339 1012 374 δαὶς
1037 339 1080 374 τίς
1103 338 1134 370 δὲ
1157 337 1261 378 ὅμιλος
1283 335 1331 372 ῧ,ὸ’
1354 338 1470 376 ἔπλει-ος

210 402 246 430 Et
267 399 332 427 inde
356 393 470 433 dupiice
497 394 657 420 sumtuose,
702 389 859 428 Dapticum
891 390 1095 428 magnificum,
1131 395 1353 429 sumptuosum3
1393 389 1531 430 dapsilis,
1562 391 1744 429 magnificus.
1789 391 1873 431 Daps
1896 398 1991 421 autem
2014 396 2112 432 potius
2135 406 2151 423 a

210 440 328 473 &nativa
351 445 437 475 quam
462 445 477 462 a
501 434 581 467 δαῒς,
606 442 673 460 nam
697 433 781 470 prius
805 433 959 463 dicebatur
982 431 1076 472 dapis.
1100 433 1188 462 Dac.
1228 433 1341 460 Glossis
1364 429 1480 473 εὐωχία.
1506 432 1614 463 Goth.
1650 433 1711 463 Res
1733 433 1854 472 divina5
1883 435 1952 463 inde
1978 437 2068 464 Nonio
2093 438 2152 465 Da—

208 495 276 524 Pes,
301 482 461 519 apparatus
482 475 628 513 religiosi,
652 475 782 513 opipari3
806 476 857 504 sed
880 481 910 505 et
931 475 1045 504 infandi
1067 480 1096 505 et
1116 475 1261 506 vitabiles.
1284 473 1392 503 Idem.
1430 475 1556 516 Daptice
1577 488 1607 506 se
1627 485 1770 517 acceptos.
1800 477 1919 516 Dapsile
1941 478 2053 514 Nonio;
2077 479 2152 508 adde

210 526 333 555 eunden]
357 522 387 549 iu
414 518 528 557 Dapalis
553 527 633 545 cena.
680 518 714 545 Et
737 517 850 547 Glossis
873 519 994 558 Βαρας,
1017 520 1160 556 πολυτελῆ
1182 520 1293 548 δεῖπνα.
1338 515 1453 548 Idem.

369 559 588 592 Daedalum.
634 559 790 588 Daedalum
820 566 927 590 terram
951 561 988 589 ob
1011 561 1181 590 varietatem
1205 561 1281 588 dixit
1305 560 1420 590 Lucret.
1445 561 1536 597 lib.I‚
1560 560 1631 600 (7.):
1663 581 1700 584 —
1728 561 1797 590 Tibi
1818 563 1916 590 suavis
1939 561 2074 592 Daedala
2095 564 2152 593 iel-

208 610 253 639 lus
274 606 427 637 summittit
444 605 548 644 flores,
592 602 673 630 Idem
696 603 745 633 lib.
764 604 805 640 H,
832 604 948 642 (505.):
981 619 1022 624 —
1050 602 1187 632 Daedala
1210 601 1307 632 cordis
1333 604 1476 632 carmina.
1528 604 1564 632 Et
1586 604 1636 635 lib.
1652 605 1706 641 IV,
1734 605 1847 641 (551.):
1888 603 2049 634 Verborum
2072 605 2153 634 Dae-

208 650 280 680 dala
304 649 415 688 lingua.
451 647 510 676 Lib.
526 645 565 682 V,
589 644 703 684 (235.):
728 664 766 668 -
790 646 962 686 Natumque
975 644 1112 675 Daedala
1137 657 1238 674 rerum.
1272 645 1345 673 Item
1370 645 1424 684 (V,
1451 646 1573 684 1450.):
1595 663 1637 669 —
1657 645 1795 676 Daedala
1817 647 1909 686 signa.
1933 647 2022 677 Duc.
2060 647 2155 687 Apud

208 693 332 723 Ennium
357 690 533 720 Il‘Iinervam.
574 688 618 716 Ob
641 687 762 716 lanificii
784 689 960 724 artificium,
984 688 1032 716 cui
1053 693 1169 727 praeest
1190 689 1272 716 locus
1297 688 1383 717 Ennii
1404 688 1455 717 lib.
1469 689 1491 717 Ι.
1515 689 1619 718 Annal.
1644 690 1693 718 sed
1717 689 1854 718 mutilus:

740 738 877 768 Daedala
882 761 1405 770 ...........
1452 739 1597 769 Minerva.

210 795 315 824 Idem.
351 790 444 831 Apud
470 789 627 830 Virgilium
655 789 764 820 Circen.
800 791 861 820 Lib.
875 790 938 819 Vll.
962 790 1080 819 Aeneid.
1106 788 1220 830 (282.):

744 840 869 871 Illorum
893 840 928 870 de
946 849 1029 881 gente
1047 843 1128 881 patri
1150 853 1222 881 quos
1244 840 1381 870 Daedala
1407 839 1488 870 Circe

744 883 902 924 Supposita
926 883 961 913 de
984 891 1075 913 matre
1097 884 1199 913 nothos
1213 883 1327 925 furata
1351 884 1468 913 creavit.

209 930 318 960 Idem.

371 970 551 999 Damium.
597 970 715 1000 Damion.
761 969 959 998 Glossarium:
988 969 1145 1005 Dumium,
1176 970 1297 1005 θυσίαι,
1327 966 1497 1008 ὑπαίθριον
1520 966 1688 1009 γενόμενον.
1735 969 1843 996 Contra
1868 969 1958 1006 dicit,
1987 980 2021 998 ac
2044 971 2155 999 festus.

208 1016 323 1044 Falsum
346 1023 419 1042 vero
443 1009 681 1051 ἆντιφραστικιός
705 1013 832 1048 dictum,
871 1012 949 1051 quod
974 1012 1091 1040 minime
1121 1011 1276 1050 publicum
1307 1012 1354 1039 sit.
1398 1012 1463 1040 Imo
1491 1012 1532 1040 ita
1562 1012 1691 1047 dictum,
1730 1011 1809 1050 quod
1836 1022 1891 1050 pro
1920 1013 2031 1051 populo
2061 1012 2154 1042 fieret.

210 1057 355 1086 Iuvenalis
378 1055 449 1095 (IX,
475 1054 576 1095 117.):

742 1096 802 1126 Pro
823 1095 933 1136 populo
948 1096 1072 1138 faciens
1093 1104 1234 1137 quantum
1258 1095 1402 1137 Luufella
1424 1095 1548 1126 bibebat.

209 1150 367 1190 Sequentia
391 1160 509 1189 quoque
533 1149 574 1178 ita
597 1149 737 1186 legenda:
776 1148 840 1177 Dea
868 1158 980 1187 quoque
1001 1149 1065 1187 ipsa
1089 1148 1217 1186 Daunia,
1252 1155 1277 1176 et
1300 1146 1437 1177 sacerdos
1459 1148 1518 1176 eius
1544 1146 1718 1176 Damiairioe
1740 1145 1954 1187 appellabatur.
1998 1149 2074 1176 Sane
2097 1149 2156 1177 Da—

209 1193 331 1222 miatrix
361 1193 446 1221 etiam
473 1193 504 1220 in
533 1191 694 1230 antiquitus
724 1191 842 1220 excusis
865 1191 1024 1227 legebatur.
1071 1191 1158 1226 Quod
1181 1191 1273 1230 inepti
1296 1190 1429 1219 homines
1451 1190 1483 1218 iu
1506 1190 1605 1218 nescio
1628 1200 1701 1228 quas
1726 1190 1885 1219 Graeculas
1907 1190 2035 1229 ineptias
2058 1196 2156 1220 muta-

209 1241 287 1264 runt.
314 1234 414 1264 Scal.
445 1235 593 1264 Dumium.
625 1234 807 1262 Sacrificium
831 1234 861 1261 in
883 1232 1026 1261 honorem
1052 1234 1156 1270 Maiae,
1181 1244 1255 1272 quae
1278 1233 1355 1262 bona
1379 1233 1433 1262 dea
1456 1233 1637 1269 vocabatur,
1661 1243 1676 1261 a
1700 1233 1843 1261 matronis
1866 1234 1896 1261 in
1920 1233 1992 1262 aede
2007 1234 2157 1263 Pontificis

209 1278 329 1307 Maximi
351 1277 414 1306 fieri
438 1278 573 1312 solitum;
610 1278 662 1305 sed
686 1278 761 1305 male
785 1287 838 1315 per
860 1275 1046 1314 antiphrasin
1068 1277 1110 1305 sic
1133 1276 1245 1307 dictum
1270 1277 1387 1315 putavit
1409 1276 1527 1312 Festus,
1564 1276 1651 1314 quasi
1680 1275 1798 1304 minime
1819 1275 1974 1314 publicum
1998 1276 2052 1313 sit,
2089 1287 2156 1306 cum

209 1325 327 1350 constet
349 1331 404 1359 pro
435 1321 546 1359 populo
576 1320 686 1348 sactum
718 1320 824 1354 fuisse,
864 1323 893 1347 et
915 1319 969 1346 sub
993 1318 1053 1348 dio,
1099 1319 1200 1347 Cicero
1224 1319 1307 1357 epist.
1331 1319 1382 1347 lib.
1394 1319 1417 1349 I.
1441 1318 1478 1346 ad
1503 1318 1632 1346 Atticum
1663 1316 1727 1356 (ep.
1745 1320 1799 1354 12,
1823 1318 1853 1349 4.
1880 1320 1933 1354 13,
1956 1317 2025 1358 3.);
2065 1317 2157 1348 Credo

209 1365 283 1393 enim
308 1370 334 1391 te
356 1361 501 1391 audivisse
532 1374 597 1392 cum
626 1360 706 1401 apud
731 1361 882 1390 Caesarem
909 1372 963 1399 pro
989 1360 1099 1400 populo
1116 1362 1220 1401 fieret,
1257 1362 1364 1389 venisse
1386 1359 1428 1389 ibi
1449 1359 1584 1388 rnuliebri
1606 1361 1708 1388 vestitu
1730 1361 1832 1388 vir-um.
1879 1361 1975 1390 Gloss.
1996 1361 2156 1391 Dumium.-

209 1407 320 1441 θυσία,
343 1402 509 1444 ὑπαίθριον
532 1402 694 1444 γενόμενον
717 1404 895 1443 sacrficium
918 1402 1060 1432 subdiale.
1084 1403 1173 1433 Duc.
1211 1404 1250 1431 Et
1273 1401 1410 1431 sacerdos
1431 1403 1491 1431 eius
1505 1402 1639 1431 Damius.
1670 1403 1745 1440 Lege
1764 1402 1947 1439 Damiatrix,
1972 1408 2005 1431 ut:
2024 1404 2055 1431 in
2079 1414 2155 1432 mar-

209 1449 284 1486 gine.
308 1447 416 1477 Idem.
453 1448 566 1476 Glossis
590 1448 696 1477 θυσίαι
719 1446 883 1485 ὑπαίθριον
907 1443 1070 1485 γενόμεναι,
1097 1443 1200 1474 Goth.
1238 1445 1301 1473 Dea
1322 1445 1442 1475 Damia.
1478 1445 1550 1473 Aliis
1573 1445 1630 1473 Dea
1657 1445 1764 1475 Demia.
1788 1443 1895 1475 Idem.
1930 1444 2075 1474 Sacerdos
2098 1447 2157 1474 eius

213 1491 342 1521 Damius.
388 1490 447 1518 Alii
470 1490 652 1525 Damiatrix,
682 1489 732 1517 alii
756 1488 925 1517 DemiatriX.
971 1486 1078 1517 Idem.

374 1532 582 1562 Dacrimas.
627 1532 803 1572 Dacrymas.
844 1531 991 1569 Dacryma
1015 1542 1029 1558 a
1054 1531 1169 1558 Graeco
1199 1527 1337 1568 δάκρυμα
1360 1529 1441 1567 quod
1464 1529 1584 1558 verbale
1607 1533 1652 1558 est
1674 1540 1689 1557 a
1713 1527 1808 1569 δάκρυ
1832 1530 1880 1558 vel
1902 1527 2042 1567 δάκρυον.
2081 1531 2155 1558 Usus

210 1581 252 1604 es‘t
273 1576 375 1604 Livius
398 1575 604 1611 Andronicus,
628 1575 679 1603 sed
702 1574 790 1602 hodie
814 1573 894 1611 apud
917 1583 983 1601 eum
1010 1573 1119 1600 frustm
1144 1581 1279 1609 quaeras,
1302 1571 1390 1602 Dac.
1427 1570 1500 1600 Iiem
1524 1570 1636 1600 dantia.
1668 1571 1781 1600 Dautia
1803 1576 1919 1600 rectum
1943 1583 2005 1600 esse
2029 1572 2158 1601 arbitror

210 1624 237 1647 et
259 1618 327 1647 inde
351 1616 371 1645 d
392 1618 422 1645 in
444 1617 457 1647 l
478 1623 589 1646 mutato
613 1617 715 1646 lautia.
759 1616 784 1644 A
809 1616 921 1644 Graeco
949 1614 1088 1643 videlicet
1111 1611 1218 1650 δώτιας
1256 1618 1324 1641 sunt
1348 1619 1445 1642 autem
1468 1612 1562 1642 lautia
1585 1614 1697 1650 Xenia,
1737 1624 1812 1652 quae
1835 1613 1937 1651 legatis
1961 1614 2157 1643 mittebantur

211 1660 240 1689 in
264 1661 374 1690 donum
398 1664 431 1688 ut
454 1665 534 1689 recte
551 1661 664 1688 Festus.
697 1658 829 1687 Meminit
850 1657 951 1686 Livius
973 1658 1041 1696 plus
1065 1657 1154 1686 semel
1177 1656 1227 1686 lib.
1242 1655 1386 1692 XXVIII,
1412 1659 1480 1687 111.
1506 1657 1542 1692 (c.
1559 1658 1623 1694 39.)
1648 1656 1683 1685 de
1699 1657 1927 1693 Saguntinorum
1951 1657 2070 1695 legatis:
2092 1656 2160 1686 Lo—

213 1714 261 1732 cus
275 1702 358 1739 inde,
382 1701 532 1743 lautiaque
552 1701 684 1742 praeberi
706 1702 800 1738 iussa;
825 1705 853 1728 et
869 1700 938 1728 alibi
958 1700 1078 1738 (XXX,
1102 1699 1183 1737 17.):
1207 1698 1307 1727 Locus
1329 1706 1354 1727 ei
1378 1698 1472 1727 lautia
1491 1698 1636 1738 praebita.
1661 1698 1811 1728 Plutarch.
1830 1700 1860 1727 in
1875 1699 1991 1735 Αἰτίοις
2007 1701 2046 1738 (p.
2059 1702 2159 1737 275.):

212 1743 244 1775 τὸ
267 1745 321 1784 γάρ
344 1743 490 1781 παλαιὸν,
527 1742 567 1780 ὥς
596 1745 713 1780 ἔοικεν,
755 1744 786 1773 οἰ
811 1744 911 1782 ταμίαι
941 1744 1022 1779 ξένια
1048 1746 1110 1777 τοῖς
1131 1739 1347 1780 πρεςβεύουσιν
1370 1741 1517 1780 ἔπεμπον·
1556 1742 1685 1772 ἐκαλεῖτο
1709 1741 1740 1771 δὲ
1762 1741 1898 1772 Λαύτεια
1919 1740 1955 1771 τὰ
1976 1741 2159 1782 πεμπόμενα.

213 1788 306 1822 Quam
330 1789 468 1826 antiquus
491 1789 515 1816 is
539 1798 601 1816 mos
625 1788 713 1815 fuerit
736 1786 771 1814 a‹l
795 1786 907 1823 legatos
932 1795 1055 1814 munera
1078 1784 1215 1813 mittendi
1238 1794 1274 1811 ex
1292 1784 1421 1812 Homero
1446 1788 1474 1812 et
1497 1783 1561 1811 aliis
1584 1789 1687 1812 notum
1712 1789 1764 1812 est.
1789 1781 1902 1813 Idem.
1938 1783 2063 1822 Lamia,
2087 1795 2160 1825 quae

215 1828 320 1857 dantur
342 1829 445 1869 legatis
466 1830 585 1869 hospitii
605 1831 712 1869 gratia.
757 1829 790 1856 In
816 1838 882 1856 eum
906 1838 990 1856 usum
1014 1826 1244 1866 Xenoparochi7
1277 1827 1313 1854 de
1336 1826 1443 1864 quibus
1466 1826 1495 1853 in
1519 1826 1538 1854 l.
1554 1829 1602 1857 18.
1627 1826 1754 1865 §.10.ff.
1778 1827 1814 1855 de
1838 1825 2023 1863 muneribus3
2060 1827 2096 1856 de
2118 1827 2160 1855 le-

215 1871 310 1907 gativo
334 1872 409 1901 adde
432 1873 541 1900 dictam
565 1873 583 1901 l.
603 1874 648 1903 18.
674 1874 695 1909 §-
715 1875 760 1903 12.
791 1870 894 1901 Goth.
932 1872 1081 1899 Sanscrita
1104 1880 1165 1898 vox
1189 1874 1232 1898 est
1255 1879 1326 1911 acm
1347 1869 1367 1897 i.
1388 1879 1410 1897 e.
1435 1866 1546 1907 δάκρυ,
1569 1869 1648 1897 unde
1672 1869 1732 1896 Lat.
1757 1867 1890 1898 lacrima.
1923 1868 2161 1899 VocemLautia

217 1912 390 1942 descendere
414 1915 448 1942 ab
473 1915 528 1943 adi.
553 1913 650 1943 lautus
672 1915 741 1942 satis
764 1918 876 1943 notum.

377 1963 534 1994 Danant.
579 1966 673 1994 Plaut.
696 1964 823 1995 Mostell,
840 1965 869 2001 I,
893 1967 929 2001 2,
953 1963 1049 2001 (48.):

703 2014 759 2044 Ad
781 2014 951 2055 legationem
975 2025 1041 2044 cum
1063 2014 1154 2049 itant,
1191 2010 1403 2042 adminiculum
1426 2011 1463 2040 iis
1485 2010 1609 2041 danunt.

221 2062 307 2091 Dac.
345 2063 425 2091 Adde
447 2065 570 2094 Nonium
594 2067 624 2094 in
648 2066 775 2095 Danunt.
811 2066 924 2094 Glossis
947 2065 1080 2094 Dianunt
1104 2065 1225 2095 δίδωσιν
1248 2068 1276 2093 et
1296 2063 1383 2093 Ditia
1405 2062 1595 2094 διαδοθέντα.
1641 2061 1746 2094 Goth.

383 2113 484 2142 Dasi.
528 2115 619 2151 Dari,
642 2121 674 2145 ut
700 2117 815 2146 Valesii
836 2128 892 2156 pro
919 2115 1033 2145 Valerii
1056 2120 1110 2144 etc.
1134 2115 1224 2144 Dae.
1255 2115 1307 2144 Est
1330 2126 1346 2143 a
1370 2115 1519 2144 Sanscrita
1542 2114 1643 2144 radice
1665 2113 1746 2151 das,
1773 2113 1860 2149 dare,
1884 2113 2053 2151 porrigere3
2080 2113 2158 2142 unde

221 2154 359 2183 credibile
382 2160 439 2190 est,
471 2156 554 2183 etiam
578 2160 697 2188 verbum
721 2159 793 2189 daso
815 2160 921 2195 fuisse,
954 2160 1038 2187 cuius
1060 2157 1226 2186 infinitivus
1247 2168 1323 2196 pass.
1347 2156 1421 2186 daei.

382 2196 572 2226 Daniszae.
617 2201 674 2235 Qui
698 2202 853 2240 pecuniam
875 2202 994 2231 foenori
1017 2201 1168 2229 collocant
1190 2200 1335 2237 Danista,
1372 2200 1484 2229 Graece
1508 2195 1663 2238 δανειστὴς
1688 2209 1703 2226 a
1728 2196 1820 2233 δάνος
1842 2198 1956 2228 foenus.
2006 2197 2159 2237 Trapezt‘la

221 2239 308 2267 etiam
331 2238 429 2267 dictus
453 2250 468 2267 a
488 2239 595 2267 tabulis
617 2252 689 2278 quae
711 2244 824 2273 Graece
846 2241 994 2281 τράπεζαι.
1039 2243 1224 2281 Quamquam
1248 2243 1321 2271 illud
1345 2242 1524 2271 discriminis
1546 2242 1624 2271 inter
1647 2246 1805 2279 utrumque
1827 2240 1947 2279 quidam
1970 2244 2101 2279 ponunt,
2125 2242 2159 2267 ut

222 2279 340 2310 danista
362 2281 513 2320 privatus,
536 2284 676 2320 trapezita
699 2294 769 2313 vero
794 2287 930 2324 publicus
953 2286 991 2315 sit
1013 2287 1196 2322 foenerator3
1222 2285 1275 2314 sed.
1297 2285 1377 2324 apud
1399 2288 1515 2314 veteres
1537 2284 1715 2324 plerumque
1738 2282 1970 2311 confunduntur.
2006 2282 2094 2311 Dac.

384 2322 593 2362 Dagnades.
638 2325 739 2353 Scribe
762 2338 813 2364 per
836 2330 873 2364 C,
898 2327 1053 2364 δακνάδες.
1087 2327 1267 2367 Hesychius:
1292 2328 1414 2365 δακνὶς,
1438 2325 1517 2363 εἶδος
1540 2325 1656 2366 ὀρνέου.
1688 2325 1780 2362 Quod
1801 2335 1873 2354 vero
1896 2321 2085 2354 canturiendo
2106 2321 2156 2350 hic

223 2368 336 2393 mutant
365 2364 446 2394 docti
474 2365 530 2394 viri
560 2370 589 2394 et
619 2365 800 2396 substituunt
828 2371 1016 2407 cantitando,
1055 2370 1154 2399 nescio
1183 2380 1276 2408 quare
1305 2371 1358 2399 sibi
1386 2370 1590 2409 persuaserint
1612 2368 1765 2399 Canini-ire
1793 2367 1917 2397 verbum
1938 2366 2074 2395 Latinum
2095 2373 2157 2393 non

223 2416 302 2441 esse3
337 2416 405 2435 cum
427 2407 476 2436 alii
502 2412 613 2437 veteres
635 2411 824 2447 usurparint,
855 2417 884 2440 et
905 2418 990 2441 vetus
1011 2413 1155 2442 Glossarii
1175 2413 1318 2452 scriptor:
1357 2411 1505 2450 Camurii,
1533 2413 1700 2452 ψιθυρίζει.
1724 2408 1825 2439 scal.
1871 2410 1926 2438 Pro
1949 2404 2112 2443 decr-ades,
2139 2417 2157 2435 c
