2263 2668
230 139 305 174 240

999 128 1223 165 ARUSIANI
1259 131 1400 166 MESSI

230 237 269 270 ln
292 233 382 266 illam
405 241 476 263 rem
501 240 564 274 pro
593 238 690 261 causa
716 225 802 257 illius
831 221 907 257 rei¹.
942 223 1036 269 Virg.
1065 225 1149 260 Aen.
1180 225 1287 260 V111.:
1326 227 1405 260 Urit
1436 230 1606 260 nocturna
1638 227 1672 260 in
1702 228 1834 262 lumina
1861 231 2016 265 cedrum.
2050 233 2170 268 Salust.

331 284 454 317 Histor.
477 282 516 314 1.:
548 278 709 312 Omnium
726 276 885 321 partium
910 275 1017 308 decus
1035 275 1069 308 in
1093 278 1290 311 mercedem
1315 283 1516 324 corruptum
1540 282 1626 312 erat.
1654 279 1759 312 Idem.
1788 280 1938 316 Etruria
1959 285 2069 319 omnis
2093 298 2171 320 cum

332 333 466 379 Lepido
488 332 650 374 suspecta
673 328 707 360 in
732 328 915 360 tumultum
943 331 1030 362 erat.

230 387 399 432 Implexus
422 384 478 415 illa
495 393 540 415 re.
570 380 663 424 virg.
681 379 809 423 Georg.
831 374 943 411 1111.²:
969 378 1223 424 Caeruleosque
1247 380 1424 425 implexae
1448 380 1600 414 crinibus
1622 392 1760 427 angues
1783 381 2006 418 Eumenides.

231 440 381 483 Ingratus
403 434 490 466 illius
512 427 588 466 rei³.
617 431 711 475 Virg.
735 431 817 463 Aen.
845 430 903 463 X.:
931 429 1170 475 Ingratusque
1192 432 1324 465 salutis.

234 488 409 523 Iucludunt
431 483 510 516 huic
530 483 585 515 rei.
626 482 717 526 Virg.
748 482 830 515 Aen.
859 477 938 514 ll.4:
972 481 1162 515 Includunt
1189 494 1295 515 caeco
1325 482 1438 515 lateri.

1490 482 1706 516 Includuntur
1738 484 1771 516 in
1800 483 1888 518 hanc
1923 496 2004 519 rem.
2034 485 2104 520 Cic.
2128 487 2172 520 de

335 531 550 581 Suppliciis⁵:
578 533 811 566 Includuntur
836 533 871 566 in
893 543 1071 566 carcerem
1100 533 1329 567 condemnati.

231 593 270 625 In
295 587 500 636 praepositio
528 585 711 619 communis
735 584 900 617 interdum
926 584 1019 617 aliud
1045 585 1251 629 significans,
1272 584 1437 617 interdum
1462 584 1599 618 licenter
1624 584 1742 630 posita,
1769 585 1939 619 invenitur.
1990 586 2029 619 In
2055 587 2111 620 illa
2136 599 2173 622 re

335 633 516 675 conditur⁶.
544 637 638 681 Virg.
662 636 790 681 Georg.
817 636 908 668 1111.:
940 635 1056 682 Quam
1080 637 1191 669 multa
1221 637 1254 669 in
1277 636 1380 682 soliis
1415 636 1531 668 (trium
1564 647 1602 669 se
1635 637 1732 669 milia
1758 637 1917 670 condunt.
1959 638 2065 671 Idem'
2087 641 2171 673 Aen.

334 688 413 726 II.⁷:
440 690 487 722 Et
514 692 596 721 nota
623 688 816 721 conduntur
842 688 876 720 in
903 687 991 720 alvo.
1019 687 1056 720 ln
1081 688 1176 720 illum
1203 689 1364 721 conditur.
1393 687 1487 731 Virg.
1514 687 1596 721 Aen.
1624 686 1722 724 XLH:
1754 687 1924 721 Conditur
1950 689 1984 722 in
2010 690 2173 724 tenebras

335 744 445 777 altitm
473 740 628 785 caligine
655 739 796 773 coelum.
831 739 925 771 Idem
953 739 1079 784 Georg.
1109 735 1176 773 1.⁰:
1216 739 1266 772 Et
1291 750 1367 771 cum
1391 749 1428 771 se
1455 739 1572 771 condit
1604 739 1639 772 in
1665 739 1789 772 undas.
1824 740 1919 773 Idem
1946 741 1978 773 in
1999 742 2118 774 eodem
2131 739 2172 775 ¹⁰:

342 793 508 829 Conditus
539 792 574 824 in
606 789 740 823 nubem.
802 790 840 823 In
866 790 924 822 illa
956 802 992 823 re
1019 790 1171 824 concidit.
1207 791 1299 834 Virg.
1325 791 1408 822 Aen.
1432 790 1471 823 V.
1484 786 1522 822 ¹¹:
1557 789 1633 823 Sed
1659 801 1794 835 pronus
1827 791 1861 823 in
1901 792 1976 836 ipso
2011 792 2171 826 Concidit

334 843 511 878 immundo
538 843 572 875 in
586 842 681 891 fimo
706 853 877 886 sacroque
903 852 1035 875 cruore.
1087 842 1125 874 In
1151 841 1202 874 his
1229 842 1360 874 effusus.
1385 841 1477 886 Virg.
1502 842 1582 877 Aen,
1600 842 1657 874 vl.
1667 838 1707 874 ¹²:
1733 841 1933 876 Exciderat
1954 845 2070 889 puppi
2097 855 2171 878 me-

333 897 402 929 diis
429 893 560 942 effusus
582 895 616 927 in
637 893 748 927 undis.
801 893 1036 937 Diligentiores
1062 893 1198 936 quidam
1225 893 1442 926 Grammatici
1470 892 1538 925 hoc
1565 894 1609 925 ita
1637 892 1738 924 dividi
1764 894 1893 926 volunt:
1928 894 2015 928 Cum
2041 896 2075 928 in
2098 907 2172 929 me-

334 948 403 981 diis
429 946 532 979 undis
559 949 664 986 esset‚
698 945 815 991 puppi
842 941 1010 991 ςῙΙῙὶιειιε13
1037 945 1227 977 exciderat.
1281 945 1389 985 Quale
1425 948 1470 976 est
1504 944 1587 977 illud
1621 944 1815 977 Tullianum
1842 956 1905 989 pro
1931 946 2071 979 Roscio:
2102 947 2172 993 Qui

333 1003 501 1042 tanquam
526 997 556 1030 si
579 994 724 1044 effusa1⁴
750 996 853 1041 Reip.
881 996 1092 1040 sempiterna
1118 1007 1187 1028 nox
1210 1000 1312 1035 esset.
1334 996 1385 1028 ita
1411 994 1559 1028 ruebant
1585 996 1619 1028 in
1638 995 1804 1036 tenebris,
1839 996 2021 1041 omniaque
2048 998 2172 1031 misce-

334 1050 427 1083 bant.
454 1049 494 1081 Id
522 1053 568 1081 est
594 1048 713 1082 nonin
740 1047 902 1081 tenebras
924 1048 970 1081 de
996 1048 1122 1081 illustri
1145 1048 1261 1093 aliquo
1283 1048 1358 1080 Ioco
1384 1046 1550 1087 ruebant,
1577 1047 1661 1087 sed,
1689 1047 1796 1080 veluti
1820 1048 1855 1080 in
1882 1048 2031 1081 tenebris
2063 1048 2169 1095 [529]

334 1104 640 1141 conversarentur,
675 1099 823 1132 ruebant
839 1096 872 1131 ¹⁵.
925 1098 1046 1132 Offusa
1080 1099 1207 1143 quippe
1242 1098 1426 1132 circumdat
1457 1099 1489 1131 in
1515 1105 1647 1132 noctem
1681 1099 1780 1142 Reip.
1821 1099 1891 1132 Sed
1924 1099 2011 1133 hanc
2039 1111 2173 1133 omnem

335 1158 452 1186 acutae
473 1152 605 1184 rationis
632 1151 873 1184 distinctionem
901 1150 1044 1183 elocutio
1068 1150 1251 1183 Salustiana
1278 1150 1452 1184 confundit
1477 1151 1509 1182 in
1535 1150 1609 1195 lug.
1637 1150 1756 1182 Bello:
1792 1150 1850 1183 Ab
1879 1150 1996 1184 Zama
2023 1152 2173 1185 discedit

334 1205 369 1237 in
396 1204 450 1237 liis
471 1203 631 1243 urbibus,
656 1214 747 1246 quae
771 1202 821 1235 ad
844 1213 881 1234 se
904 1201 1119 1246 defecerant.
1147 1202 1183 1234 In
1207 1202 1263 1234 illa
1289 1214 1325 1234 re
1351 1201 1482 1234 veniens
1509 1213 1571 1245 pro
1599 1201 1646 1233 illi
1673 1201 1719 1233 rei
1740 1202 1951 1245 proveniens;
1977 1203 2031 1235 vel
2058 1203 2089 1236 in
2115 1203 2172 1236 illa

335 1267 372 1287 re
400 1255 502 1299 digne
529 1255 576 1287 sui
603 1254 743 1287 feliciter
769 1265 913 1288 nascens.
953 1253 1045 1297 Virg.
1072 1255 1152 1287 Aen.
1180 1253 1238 1287 V.:
1276 1253 1424 1286 Gratior
1447 1257 1479 1285 et
1492 1253 1646 1297 pulchro
1668 1253 1804 1286 veniens
1830 1254 1863 1285 in
1891 1264 2038 1298 corpore
2063 1255 2173 1288 virtus

334 1306 502 1339 Adiuvat.
530 1302 617 1345 ¹⁶Sic
644 1316 705 1349 per
728 1305 920 1338 adverbium
944 1305 1019 1337 loci.
1056 1305 1183 1349 Geor-g.
1208 1305 1249 1337 1.:
1282 1305 1353 1338 Hic
1381 1308 1537 1350 segetes,
1570 1305 1622 1337 illi
1650 1304 1788 1337 veniunt
1804 1303 1952 1350 felicius
1985 1316 2083 1341 uvae.
2115 1306 2172 1340 Sic

332 1357 454 1390 Salust.
476 1356 574 1389 Bello
592 1357 706 1390 Catu:
732 1356 807 1390 Sed
833 1357 915 1400 quia
932 1367 1125 1400 provenere
1150 1356 1197 1389 ibi
1221 1357 1430 1401 scriptorum
1458 1367 1595 1401 magna
1618 1356 1771 1400 ingenia.
2167 1359 2168 1362 ’

232 1409 390 1442 lmmunis
412 1409 496 1442 illius
516 1409 573 1443 rei.
602 1409 698 1453 Virg.
725 1409 809 1444 Aen.
836 1404 959 1441 XH.¹⁷:
985 1407 1179 1441 Immunem
1204 1407 1285 1441 belli
1318 1411 1422 1452 atque
1446 1408 1585 1452 impune
1615 1408 1779 1452 quietum.

234 1564 321 1592 quam
350 1552 471 1582 invenio
496 1556 648 1581 enotatum
673 1551 730 1579 hoc
752 1552 956 1589 fragmentum.
982 1567 1023 1574 —
1057 1550 1082 1589 1)
1106 1551 1183 1579 Inle-

235 1606 284 1633 ger
303 1596 351 1624 hic
369 1596 512 1625 articulus
536 1605 640 1623 recens
655 1594 779 1622 accessit
802 1605 816 1622 e
831 1595 901 1624 Cod.
919 1596 976 1624 Gu.
995 1595 1088 1622 Locus
1103 1595 1182 1632 Virg.

239 1643 283 1666 est
309 1639 379 1667 Aen.
396 1639 457 1674 Vll,
482 1641 529 1670 13.
556 1638 617 1665 Duo
641 1636 760 1664 Salustii
782 1636 840 1664 loci
861 1647 963 1664 recens
989 1637 1133 1665 accedunt
1149 1637 1184 1664 ad

240 1680 400 1716 flagmenta
421 1680 508 1708 huius
531 1679 695 1718 scriptoris.
728 1696 769 1701 —
797 1678 827 1716 9)
851 1677 1000 1717 Implestis
1031 1679 1084 1706 illu
1114 1679 1184 1707 Cod.

239 1721 272 1749 A.
295 1722 332 1748 M.
364 1724 438 1759 Imp.
463 1722 519 1748 illa
538 1733 567 1749 νε
590 1721 662 1749 cod.
687 1722 742 1749 Gu.
763 1721 848 1759 Virg.
874 1722 982 1759 Georg.
1013 1723 1087 1750 ΙΠῙ.
1113 1724 1182 1753 482·

239 1763 274 1791 A.
294 1763 330 1791 M.
352 1762 485 1800 Implcxcc
507 1762 540 1790 A.
568 1763 605 1790 M.
634 1763 691 1790 nisi
719 1773 801 1791 error
822 1768 866 1791 est
895 1769 1013 1802 typogr.
1037 1764 1183 1791 Eumeni·-

240 1804 291 1832 des
313 1805 413 1832 addidi
437 1815 451 1832 e
475 1805 546 1832 Cod.
570 1805 628 1834 Gu.
656 1820 699 1827 -—
726 1807 759 1841 3)
780 1806 946 1834 Articulum
969 1806 1050 1834 hunc
1073 1815 1088 1833 e
1112 1806 1182 1834 Cod.

242 1847 299 1875 Gn.
321 1846 422 1874 adieci.
446 1847 540 1874 Locus
560 1851 603 1874 est
630 1845 701 1875 Aen.
722 1847 760 1883 X,
780 1849 850 1878 666.
879 1865 921 1870 —
949 1850 976 1883 4)
1000 1846 1082 1875 Idem
1110 1848 1183 1877 Aen..

243 1891 286 1918 Π.
306 1891 352 1920 19.
376 1889 409 1917 A.
431 1889 468 1916 M.
490 1904 532 1909 -—
559 1888 589 1926 5)
614 1888 651 1916 Ia
668 1888 749 1915 hanc
772 1900 830 1917 rem
863 1890 934 1919 Cod.
957 1891 1014 1918 Gu.
1046 1891 1084 1918 In.
1106 1891 1185 1919 lianc

241 1941 297 1959 om.
314 1941 374 1958 rem
394 1931 426 1959 A.
453 1931 490 1960 M.
517 1930 577 1958 Cic.
601 1930 636 1957 a'c
653 1930 757 1969 Suppl.
774 1933 823 1962 45.
847 1932 877 1959 A.
900 1933 937 1960 M.
965 1931 1110 1961 Cundam
1120 1934 1186 1961 nati

241 1973 313 2002 cod.
339 1972 372 2001 A.
396 1973 435 2001 M.
457 1989 499 1994 —
529 1975 556 2006 6)
582 1973 692 2001 Verba:
728 1972 765 2000 Iu
787 1974 843 2000 illa
866 1985 895 2001 re
917 1974 1057 2003 conditur
1079 1976 1186 2004 desunt

241 2016 273 2044 in
296 2015 367 2044 Cod.
393 2016 424 2043 A.
447 2015 484 2043 M.
514 2015 598 2053 Virg.
623 2016 729 2054 Georg.
757 2017 831 2045 IIII.
857 2017 928 2047 473.
958 2018 990 2045 A.
1014 2018 1052 2048 M.
1082 2019 1187 2046 Millia

242 2058 314 2087 eod.
340 2058 393 2085 Gu.
410 2074 450 2078 —
473 2060 502 2092 7)
526 2058 607 2086 Idem
620 2058 695 2085 Aen.
712 2060 752 2087 II.
769 2059 839 2089 401.
858 2059 891 2087 A.
908 2058 944 2087 M.
965 2061 1004 2087 Et
1021 2066 1093 2088 nola
1115 2061 1186 2089 cod.

244 2100 301 2128 Gu.
324 2101 364 2127 Ec
382 2110 438 2129 om,
455 2099 525 2127 cod.
548 2099 581 2127 A.
602 2100 640 2128 M.
663 2116 704 2121 -—-
726 2099 753 2138 8)
777 2099 885 2128 Verba:
911 2102 947 2128 Iu
969 2103 1058 2130 illum
1080 2103 1186 2131 concli-

243 2149 293 2170 tur
315 2142 421 2170 desunt
451 2141 529 2180 apud
555 2141 587 2171 A.
613 2141 651 2169 M.
684 2141 766 2171 Idem
787 2143 844 2172 XI.
868 2144 937 2172 187.
967 2144 996 2172 A.
1017 2145 1053 2173 M.
1084 2162 1124 2167 —
1155 2145 1185 2184 9)

243 2183 326 2212 Idem
352 2185 404 2213 Ge.
432 2186 453 2213 I.
479 2185 548 2215 438.
567 2184 598 2211 A.
620 2183 657 2211 M.
686 2199 728 2206 --
761 2183 806 2224 10)
831 2183 912 2212 Idem
937 2185 968 2211 in
990 2186 1087 2214 eodem
1114 2189 1184 2220 442,

242 2228 276 2255 A.
292 2227 328 2254 M.
347 2228 386 2254 Et
405 2225 483 2254 idem
506 2226 576 2253 Cod.
599 2227 653 2253 Gu.
669 2241 711 2247 —·
735 2229 776 2260 11)
801 2227 893 2254 Verba
919 2226 955 2254 In.
977 2228 1033 2254 ill«v
1059 2240 1088 2255 re
1114 2242 1185 2258 con—

243 2268 318 2297 cidit
341 2269 447 2297 dcsunt
476 2268 555 2306 apud
587 2268 619 2297 A.
637 2267 674 2295 M.
698 2268 789 2295 Locus
804 2269 883 2305 Virg.
909 2273 950 2296 est
969 2268 1040 2297 Aen.
1061 2270 1093 2305 V,
1117 2275 1186 2303 333,

241 2311 292 2340 ubi
316 2311 438 2348 legilur:
465 2309 678 2347 immundoque
692 2311 779 2348 simo.
810 2328 843 2331 --
876 2312 919 2348 12)
943 2310 1050 2339 Velba:
1082 2312 1115 2340 [iz
1140 2315 1188 2342 hia-

243 2354 356 2392 est'uxus·
377 2353 580 2381 desiderantur
607 2352 685 2391 apud
709 2353 742 2380 A.
764 2352 801 2380 M.
827 2351 905 2380 Idem
936 2353 1009 2382 Aen..
1040 2353 1091 2382 VJ.
1117 2357 1186 2388 339,

243 2399 276 2425 A.
295 2395 333 2425 M.
361 2412 401 2418 —
426 2398 471 2431 13)
492 2396 595 2433 l'appi
618 2399 689 2423 esset
712 2394 824 2434 effusus
847 2405 905 2425 esc,
937 2395 1008 2425 Cod.
1031 2397 1087 2426 Gn.
1114 2398 1187 2427 Tum

1233 1552 1271 1579 Ut
1298 1549 1381 1579 illud
1403 1552 1498 1581 Tullii
1521 1562 1578 1590 pro
1604 1552 1715 1579 Roscio
1730 1551 1779 1582 32.
1804 1549 1838 1579 A.
1856 1549 1894 1578 M.
1920 1565 1962 1572 —
1997 1549 2041 1590 14)
2062 1551 2172 1591 Effusa

1227 1594 1297 1622 Cod.
1320 1599 1454 1633 uterque.
1482 1595 1591 1634 Ostiis-iz
1621 1594 1718 1622 editur
1741 1593 1819 1631 apud
1855 1593 1914 1621 Cic.
1944 1609 1987 1614 —
2017 1592 2061 1632 15)
2084 1595 2172 1630 Haec,

1228 1646 1301 1674 quae
1325 1637 1393 1665 inde
1414 1642 1579 1675 sequuntur
1596 1636 1693 1664 onmia
1710 1645 1802 1673 usque
1820 1635 1857 1663 ad
1880 1645 1907 1663 v.
1925 1645 2049 1663 nascens
2068 1636 2174 1664 desunt

1226 1680 1257 1706 in
1281 1680 1350 1709 Cod.
1373 1679 1406 1707 A.
1428 1680 1466 1708 M.
1492 1680 1540 1707 ubi
1561 1679 1601 1707 ita
1622 1678 1717 1716 pergit
1740 1677 1850 1706 oratio:
1881 1677 2030 1706 Ruebant.
2054 1677 2089 1706 In
2115 1678 2173 1706 illa

1221 1732 1280 1760 pro
1303 1722 1360 1751 illi.
1387 1722 1473 1760 Virg.
1495 1723 1568 1751 Aen.
1598 1720 1634 1751 17.
1661 1721 1734 1752 344·
1761 1722 1885 1748 Gratim·
1918 1725 1945 1747 et
1961 1720 2092 1758 pulchro
2115 1725 2172 1751 cet.

1226 1765 1321 1792 Locus
1343 1764 1462 1792 Salustii
1486 1769 1529 1792 cst
1547 1765 1578 1792 in
1591 1763 1669 1791 bello
1689 1763 1747 1800 lug.
1766 1772 1828 1801 cap.
1845 1764 1892 1793 61.
1909 1761 1974 1790 edd.
1990 1762 2069 1790 Cort.
2082 1763 2172 1799 Gerl„

1226 1807 1276 1834 ubi
1295 1816 1386 1844 quum
1400 1807 1527 1844 legatur:
1550 1812 1584 1834 et
1606 1807 1637 1833 in
1658 1805 1707 1832 his
1729 1805 1857 1832 urbibus
1880 1820 1918 1825 —
1936 1804 2097 1842 praesidia
2113 1805 2174 1833 im-

1221 1850 1327 1887 ponit3
1352 1849 1446 1877 omnis
1463 1849 1524 1877 loci
1548 1848 1707 1877 difficultas
1724 1846 1860 1883 tollitur,
1891 1856 1966 1884 quae
1988 1847 2108 1885 negotia
2132 1847 2174 1876 fa-

1227 1891 1345 1919 cessivit
1366 1891 1577 1921 Grammatico.
1606 1908 1646 1913 —-
1684 1892 1725 1923 16)
1752 1889 1830 1917 Haec
1849 1899 1968 1917 rursum
1991 1899 2140 1919 accessere
2158 1899 2174 1918 e

1229 1934 1300 1962 (lod.
1316 1934 1370 1962 Gu.
1382 1934 1456 1962 Nam
1471 1934 1500 1961 in
1519 1933 1590 1962 Cod.
1605 1933 1639 1963 A.
1656 1932 1692 1960 M.
1708 1931 1739 1959 in
1756 1941 1785 1960 v.
1801 1931 1942 1959 Adiuvat
1957 1930 2062 1960 finitur
2078 1931 2174 1961 omnis

1228 1976 1381 2005 articulus.
1407 1977 1500 2004 Locus
1523 1977 1602 2014 Virg.
1622 1979 1664 2003 est
1685 1974 1790 2011 Geor-g.
1815 1974 1835 2009 I,
1854 1975 1921 2009 54,
1952 1973 2003 2002 ubi
2028 1975 2104 2004 male
2127 1974 2175 2004 edi

1229 2019 1294 2046 illic
1312 2029 1366 2057 pro
1387 2019 1436 2046 illi
1462 2028 1499 2047 ex
1520 2018 1578 2047 hoc
1596 2018 1663 2045 loco
1683 2016 1865 2053 intelligitur.
1882 2016 2002 2044 Salustii
2025 2017 2111 2046 locus
2132 2020 2175 2045 est

1230 2062 1292 2090 Cat.
1310 2061 1386 2097 VlH,
1403 2064 1429 2092 3.
1452 2077 1495 2083 —
1519 2063 1563 2096 17)
1586 2059 1669 2088 Idem
1692 2060 1766 2088 XII.
1783 2061 1851 2090 559.
1874 2060 1905 2086 A.
1922 2059 1957 2086 M.
1974 2059 2119 2088 Immune
2133 2076 2174 2080 —-

1229 2105 1309 2141 quiet
1318 2114 1338 2131 ιι
1347 2114 1375 2131 m
1398 2103 1469 2131 Cod.
1494 2104 1549 2132 Gu.
1573 2118 1615 2124 —
1639 2101 1682 2140 18)
1707 2102 1773 2129 Irae
1794 2103 1870 2128 milii
1890 2106 1949 2136 est,
1974 2103 2055 2129 sicut
2076 2101 2175 2130 dolori

1229 2147 1299 2174 Cod.
1322 2146 1356 2174 A.
1379 2145 1417 2174 Μ.
1442 2144 1525 2173 Idem
1542 2146 1583 2174 Χ.
1600 2147 1671 2175 716.
1692 2144 1725 2172 Α.
1744 2144 1835 2172 Μ.--
1858 2146 1901 2180 19)
1926 2142 2006 2171 Idem
2027 2145 2084 2174 ,XL
2103 2146 2173 2175 639.

1230 2188 1263 2216 A.
1282 2188 1318 2216 M.
1341 2205 1379 2209 -
1405 2188 1451 2225 2³0)
1475 2188 1553 2215 Ilaec
1579 2187 1731 2225 eloquutio
1761 2196 1827 2214 cum
1856 2185 1990 2223 exemplo
2019 2197 2071 2215 suo
2095 2186 2175 2214 deest

1229 2231 1310 2269 apud
1333 2231 1364 2258 A.
1383 2230 1420 2259 M.
1444 2230 1540 2258 Locus
1565 2229 1645 2267 Virg.
1670 2234 1712 2258 est
1736 2228 1798 2256 Aen
1819 2229 1856 2262 X,
1878 2231 1948 2260 306.
1972 2244 2014 2250 -
2036 2227 2082 2269 21)
2105 2226 2173 2256 Im-

1224 2272 1310 2311 pecli!
1328 2273 1366 2300 ab
1379 2273 1431 2300 illo
1464 2272 1536 2301 eod.
1564 2273 1595 2301 A.
1611 2272 1650 2300 M.
1665 2270 1793 2309 Impedit
1809 2271 1894 2298 illius
1915 2270 1975 2298 illa
1997 2281 2042 2298 res
2057 2270 2094 2298 ab
2115 2269 2171 2297 illa

1230 2327 1260 2342 re
1280 2315 1350 2343 Cod.
1374 2316 1429 2343 Gu.
1457 2315 1520 2343 Sal.
1540 2313 1608 2352 Ing.
1628 2316 1676 2344 32.
1693 2315 1725 2342 Α.
1750 2313 1786 2341 M.
1807 2313 1874 2351 Cap.
1898 2313 1995 2340 XXX.
2010 2312 2074 2340 edd.
2091 2311 2170 2340 Cort.

1231 2357 1312 2386 Gerl.
1334 2374 1376 2379 —
1399 2360 1442 2392 2³2)
1467 2356 1562 2385 Ilii-ilo
1584 2357 1661 2384 lzom.
1676 2356 1745 2384 Cod.
1771 2355 1828 2384 Gu.
1852 2354 1942 2382 Irrito
1959 2353 1987 2382 li..
2009 2352 2076 2381 eod.
2092 2351 2171 2381 Α.Μ.

1235 2400 1318 2437 Virg.
1342 2400 1418 2429 Aen.
1443 2401 1482 2430 X.
1507 2400 1577 2431 644.
1596 2399 1630 2428 A.
1650 2398 1689 2428 M.
1720 2399 1795 2427 Tum
1817 2395 1967 2435 eloquutio
1981 2394 2089 2423 Inrita!
2104 2393 2171 2422 bel-
