2263 2668
545 121 610 156 DE
641 117 1026 155 SIGNIFICATIONE
1057 118 1341 156 VERBORUM.
1393 119 1539 154 LIBER
1566 119 1625 155 111.
1981 125 2056 159 369

118 214 315 244 Glossarium:
341 212 484 255 Cupidus,
507 212 621 251 κνιπός.
660 215 754 252 Lego:
779 211 929 253 Cupedius.
966 209 1085 248 Κνιπός
1107 218 1150 242 est
1172 223 1292 252 revera,
1317 223 1404 252 quem
1427 213 1610 241 fastidiosum
1635 213 1736 242 vocari
1759 214 1981 254 admonuimu33
2006 218 2056 256 qui

115 268 177 286 non
198 257 308 294 multa,
338 262 370 286 ut
392 262 561 295 voratores,
590 257 640 286 sed
664 256 791 286 electilia
816 255 892 291 edit3
924 264 1017 293 neque
1039 255 1125 284 facile
1147 256 1278 293 invenit,
1309 256 1390 295 quod
1412 255 1449 283 ad
1471 257 1603 294 palatum
1627 256 1724 284 saciat.
1768 258 1918 296 Significat
1939 265 1968 288 et
1990 273 2056 291 κνι-

116 297 187 337 πός,
211 310 350 338 parcum,
374 299 454 338 quod
476 311 537 328 non
558 299 672 329 recedit
694 310 708 327 a
731 299 831 338 priore
852 297 1073 335 significatione.
1106 298 1199 327 Porro
1223 299 1382 338 Cupedinis
1404 299 1502 327 sorum
1526 304 1568 327 est
1591 299 1690 326 forum
1712 299 1922 338 piscatorium,
1946 307 1979 330 ut
2002 313 2057 331 co-

115 343 286 380 gnos-cimus
309 353 346 371 ex
369 343 487 381 Apuleii
509 343 598 371 variis
621 342 704 371 locis.
729 339 827 370 scal.
872 341 980 368 Omnes
1011 341 1146 369 ciborum
1174 342 1295 370 delicias
1322 353 1406 380 cupes
1429 345 1458 369 et
1481 340 1603 380 cupedia
1626 341 1773 370 vocabant
1794 343 1916 382 antiqui.
1959 345 2055 377 Plaut,

116 384 209 416 Stich.
232 385 295 424 (V,
319 385 354 421 4,
378 386 464 422 32.):
500 384 555 414 Nil
575 395 673 414 moror
695 382 827 424 cupedia.
874 381 1001 422 Cupedia
1030 388 1126 412 autem
1153 385 1234 422 quasi
1261 383 1416 422 caupedia,
1452 394 1511 412 non
1535 395 1549 411 a
1574 384 1705 422 Cupedio
1729 385 1874 423 quodam,
1914 391 1947 414 ut
1969 392 2057 425 putat

117 427 230 463 Varro,
254 427 304 456 sed
329 427 410 466 quod
431 428 462 456 iu
484 428 627 466 cauponis
649 427 862 456 venderentur.
892 423 1008 464 caupo,
1031 437 1120 466 cop0,
1144 438 1234 466 cupo,
1259 426 1337 455 unde
1360 437 1444 465 cupes
1467 431 1494 454 et
1517 425 1647 465 cupedia.
1676 427 1775 465 Neque
1798 428 1883 456 etiam
1907 434 1986 457 caret
2008 439 2058 458 ra-

117 470 197 499 tione
220 481 235 498 a
259 469 419 509 cupiditate
438 471 537 499 forum
561 468 707 510 cupidinis
729 469 850 498 dictum.
895 468 968 496 Nam
998 473 1027 497 et
1054 469 1134 498 idem
1163 469 1267 497 scribit
1291 469 1398 496 Varro:
1434 467 1529 497 Multi
1541 467 1648 509 forum
1672 468 1820 509 cupedinis
1842 481 1861 498 α,
1884 470 2056 510 cupeditate.

119 513 155 542 Et
181 511 354 552 Cupedinem
377 523 432 552 pro
457 510 626 552 Cupidinem
650 517 763 541 veteres
786 511 894 540 dixisse
917 515 1030 539 ce1tum
1053 515 1105 540 est.
1149 512 1264 541 Lucret.
1286 511 1338 548 (V,
1362 509 1446 549 46.):

656 554 790 592 Quantae
812 551 1003 583 conscindunt
1025 553 1168 582 hominem
1194 552 1343 593 cupedinis
1366 563 1446 581 arces

650 596 817 626 Sollicitum
841 593 949 625 curae?

121 639 227 675 Porro,
266 638 345 676 quod
372 638 422 667 hic
451 639 511 678 agit
532 640 664 678 Scaliger
689 650 726 668 ex
749 639 876 678 Apuleio
899 638 996 666 sorum
1020 636 1175 676 cupedinis
1199 642 1226 666 et
1248 638 1347 667 sorum
1369 636 1563 676 piscatorium
1584 637 1660 666 idem
1685 647 1762 675 esse,
1801 648 1859 667 non
1883 639 1951 667 satis
1974 639 2057 668 firmo

119 681 240 709 tibicine
262 681 370 710 fultum
395 687 454 718 θεῖς
477 693 545 711 nam
567 693 604 711 ex
627 683 761 711 Varrone
784 687 812 710 et
834 682 899 710 aliis
921 680 992 709 satis
1015 685 1147 716 constat,
1175 681 1273 709 sorum
1296 679 1451 719 cupedinis
1474 690 1489 707 a
1512 680 1576 708 soro
1601 681 1759 718 piscatorio
1783 680 1933 709 diversum
1956 681 2057 713 fuisse.

118 723 212 753 Dae.
243 722 316 752 Inde
338 723 502 754 macellum.
534 725 608 754 Vide
632 735 686 753 suo
709 725 785 753 loco.
811 721 918 753 Idem.
954 721 1041 761 Quod
1062 721 1104 751 ibi
1116 721 1215 764 fuerit
1236 722 1399 763 Cupedinis.
1430 721 1571 750 Varronis
1594 722 1694 759 locus,
1719 733 1804 761 quem
1825 723 1926 752 Festus
1948 725 2059 753 intelli-

119 766 177 804 git,
200 771 244 795 est
265 776 300 794 ex
323 766 373 796 lib.
395 777 494 796 rerum
516 767 712 796 humanarum
736 768 893 805 (Fragmm.
916 768 1066 805 pag-213.
1090 765 1143 794 Ed.
1158 766 1255 804 ssip.):
1279 765 1435 794 Numerius
1452 763 1586 803 Equitius
1602 763 1704 804 Cupes‚
1727 765 1841 804 inquit,
1865 772 1891 794 et
1907 765 1949 794 A.
1969 765 2059 795 Oma-

120 810 185 837 nius
207 807 356 837 Macellus
385 809 528 849 singulari
558 810 714 840 latrocinio
742 808 836 838 mulia
866 807 933 838 loca
962 807 1120 836 habuerunt
1150 807 1265 848 infesta.
1310 808 1368 836 Sed
1398 807 1438 835 ibi
1461 817 1518 834 non
1541 806 1668 845 cupedo,
1701 808 1751 836 sed
1774 819 1858 847 cupes
1881 809 2059 840 nominatur.-

120 850 205 879 Uude
229 861 298 889 ergo
322 850 496 890 oupedinis?
522 852 628 882 Idem.
677 851 821 892 Cupedia‚
845 851 1005 890 Cuppedia.
1035 850 1108 879 Vide
1130 851 1260 879 Nonium
1281 850 1360 890 (pag.
1372 850 1422 882 85.
1447 846 1550 888 Mero.)
1572 849 1603 876 in
1629 847 1765 889 Cupedia.
1798 851 1856 878 Alii
1880 851 2059 890 Cuppediae,

120 899 153 922 ut
176 894 256 932 apud
279 894 409 922 Gellium
425 894 479 932 VI,
505 897 554 927 13.
581 894 685 925 Goth.
733 893 819 924 Cibos
840 893 981 933 scyphos.
1023 891 1135 922 Idem.
2056 912 2057 915 η

287 935 578 976 Caprunculum.
624 938 681 967 Vas
704 937 808 974 fictile,
844 938 921 966 forte
944 937 985 965 sic
1009 936 1136 974 dictum,
1172 936 1254 975 quod
1277 934 1360 974 capri
1382 934 1504 973 figuram
1526 932 1664 969 haberet,
1695 938 1726 962 ut
1749 934 1815 962 vult
1838 934 1976 972 Vossius,
2009 936 2060 974 qui

121 978 237 1007 dubitat
259 979 356 1015 etiam,
381 989 451 1007 num
474 980 627 1018 legendum
651 983 687 1009 sit
710 978 920 1019 capunculum‚
946 978 1027 1018 quud
1050 979 1104 1007 erit
1127 978 1338 1007 diminutivum
1354 988 1368 1006 a
1386 978 1476 1016 capis.
1502 976 1585 1004 Dae.
1618 974 1841 1014 Caprunculum.
1867 977 2062 1016 Capeduncu-

120 1021 199 1058 lum,
221 1021 269 1049 vel
292 1022 393 1060 potius
418 1022 636 1061 Copeduncula.
675 1023 778 1051 Cicero
804 1022 840 1051 de
863 1023 974 1051 Natura
1000 1021 1141 1061 (Deorum
1155 1021 1210 1059 tlt,
1237 1021 1317 1059 17.)=
1348 1019 1393 1049 vel
1410 1020 1508 1059 potius
1531 1016 1754 1057 capedunculis,
1778 1030 1849 1058 quas
1871 1019 1970 1048 Numa
1994 1019 2062 1050 reli-

120 1065 192 1104 quit.
217 1062 321 1093 Goth.
360 1064 435 1093 Vide
461 1065 551 1094 Beier.
576 1066 612 1094 ad
636 1065 696 1094 Cic.
716 1065 792 1093 Lael.
815 1067 927 1105 p.155.
953 1064 998 1093 ed.
1021 1065 1124 1093 maior.
1147 1069 1174 1093 et
1198 1064 1288 1093 Orell.
1312 1064 1371 1092 Cic.
1397 1063 1475 1101 Opp.
1500 1060 1565 1089 Vol.
1579 1060 1626 1088 IV.
1650 1060 1680 1088 P.
1694 1060 1715 1089 Ι.
1739 1063 1848 1099 9482.
1872 1067 1931 1091 not.
1948 1064 1996 1094 11.

289 1105 498 1138 Curatores.
546 1108 668 1137 Tutores
685 1108 841 1145 dicuntur,
868 1107 917 1146 qui
940 1107 1146 1147 impuberibus
1170 1107 1292 1144 dantur,
1316 1105 1368 1144 qui
1390 1115 1421 1134 se
1444 1114 1498 1143 per
1521 1108 1644 1132 aetatem
1668 1103 1823 1131 defendere
1846 1114 1903 1132 nou
1921 1109 2062 1143 possunt3

122 1154 271 1177 curatores
294 1158 381 1184 vero,
416 1149 467 1188 qui
490 1151 639 1179 tutoribus
662 1150 825 1180 succedunt
848 1155 875 1179 et
896 1150 1006 1179 dantur
1026 1150 1200 1189 puberibus.
1244 1150 1282 1178 Et
1304 1148 1378 1177 haec
1402 1147 1495 1175 voluit
1518 1146 1635 1182 Festus,
1670 1155 1737 1174 cum
1761 1145 1801 1173 ait
1824 1151 1974 1175 curatores
1996 1147 2062 1175 loco

121 1195 256 1219 tutorum
277 1191 403 1230 pupillis
426 1192 518 1221 datos.
563 1193 616 1221 Ubi
641 1204 675 1222 eo
699 1204 810 1222 errasse
832 1193 968 1230 videtur,
1003 1193 1083 1232 quod
1107 1192 1286 1232 puberibus,
1323 1202 1383 1220 non
1406 1189 1528 1229 pupillis
1552 1189 1700 1217 darentur.
1744 1188 1818 1216 Nam
1842 1199 1876 1217 ex
1899 1189 1972 1217 iuris
1995 1190 2064 1218 for-

122 1233 202 1262 mula
223 1238 307 1262 tutor
327 1235 474 1273 pupillum
496 1235 638 1274 puberem
661 1237 772 1265 factum
796 1236 986 1273 admonebat,
1014 1241 1047 1264 ut
1070 1235 1126 1264 sibi
1149 1241 1315 1264 curatorem
1338 1237 1476 1263 sumeret.
1521 1232 1630 1260 Tamen
1653 1235 1737 1259 extra
1760 1233 1866 1259 erroris
1888 1232 1979 1260 aleam
2003 1233 2065 1260 Fe-

122 1280 184 1304 stus
207 1276 275 1312 erit,
312 1277 334 1304 si
359 1277 489 1306 dicamus
510 1279 694 1317 pupillorum
717 1279 836 1308 nomine
858 1278 984 1317 puberes
1008 1278 1167 1316 aliquando
1192 1279 1278 1307 etiam
1302 1276 1463 1310 contineri,
1502 1274 1582 1313 quod
1606 1284 1708 1302 verum
1731 1283 1791 1302 esse
1814 1274 1929 1310 sciunt,
1962 1275 2011 1312 qui
2033 1275 2063 1302 in

122 1318 186 1346 iure
208 1319 317 1347 versati
339 1324 416 1348 sunt.
437 1320 528 1349 Dac.
563 1321 634 1350 Vide
656 1322 727 1351 lust.
750 1326 778 1350 et
803 1321 832 1349 ff.
857 1321 893 1349 de
917 1321 1121 1349 Curatoribus.
1149 1320 1253 1352 Goth.
1294 1320 1353 1359 Qui
1375 1320 1416 1348 rei
1426 1317 1654 1359 frumentariae.
1686 1316 1722 1344 Hi
1747 1321 1897 1345 curatores
1920 1315 2061 1346 frumeuti

122 1360 237 1389 emendi
261 1364 382 1392 σιτῶναι
405 1363 435 1389 in
458 1363 475 1393 Ι.
498 1364 551 1392 ult.
575 1365 598 1401 §.
613 1364 640 1396 5.
655 1364 685 1394 ss‘.
709 1364 744 1392 de
767 1374 865 1393 mune.
893 1369 921 1392 et
943 1363 1012 1394 hon.
1059 1362 1166 1394 Iclem.

287 1402 411 1433 Curia.
455 1404 599 1435 Asconius
629 1406 660 1434 in
685 1407 769 1435 Verr.
786 1407 833 1437 lll.
861 1405 935 1446 (pag
958 1410 1008 1438 72.
1035 1406 1086 1435 Ed.
1110 1406 1222 1444 Lugd.)
1252 1404 1361 1434 sentire
1391 1403 1510 1431 ridetur
1540 1401 1633 1431 tribus
1661 1406 1690 1429 et
1718 1401 1816 1429 curias
1847 1401 1964 1430 easdem
1993 1411 2064 1430 esse.

124 1443 247 1482 Tribus,
283 1446 394 1485 inquit,
429 1448 578 1488 principio
600 1456 656 1478 tres
674 1448 817 1491 fuerunt,
860 1451 924 1477 Ταί.
947 1448 1037 1478 Ram.
1061 1449 1137 1478 Luc.
1175 1448 1280 1478 Postea
1306 1446 1340 1475 (le
1365 1444 1529 1475 nominibus
1553 1443 1728 1472 Sabinarum
1750 1442 1846 1483 plures
1859 1443 1969 1484 factae
1990 1451 2065 1480 sunt,

122 1486 227 1527 quibus
249 1486 469 1528 deprecantibus
492 1490 597 1520 bellum
617 1499 771 1531 parentum
794 1492 1022 1531 maritorumque
1033 1492 1157 1531 finitum
1181 1498 1236 1530 est,-
1260 1489 1301 1518 acl
1320 1496 1495 1530 postremum
1515 1485 1793 1527 XXXI‘.factae.
1825 1487 1858 1514 Et
1882 1486 1912 1514 in
1935 1486 2016 1515 verr.
2031 1486 2066 1514 II.

123 1531 202 1568 (pag.
217 1532 267 1562 51.
291 1532 346 1560 Ed.
371 1532 495 1572 Lugd.):
526 1533 688 1573 Legitimos
711 1545 807 1562 omnes
830 1533 921 1562 tribus
944 1533 1049 1562 habent
1073 1533 1212 1563 divisores
1234 1544 1317 1569 suos,
1347 1542 1420 1572 quos
1441 1529 1563 1560 Plautus
1583 1529 1738 1567 magistros
1761 1528 1905 1557 curiarum
1930 1536 2015 1557 vocat
2037 1528 2066 1556 in

123 1570 230 1600 Aulul.
256 1573 312 1610 (11,
335 1576 371 1611 2,
393 1578 423 1606 3.
448 1575 477 1610 Ι,
500 1578 535 1611 2,
560 1578 633 1613 29.)
669 1576 744 1604 Vide
767 1576 903 1604 verrium
928 1576 1005 1615 apud
1031 1576 1064 1604 A.
1089 1576 1162 1604 Gen.
1185 1575 1354 1605 lib.XV111.
1381 1577 1469 1605 017.
1494 1572 1545 1600 ubi
1567 1571 1755 1599 scribendum
1779 1575 1819 1598 est
1842 1570 1934 1599 tribus
1956 1582 2068 1611 quoque

125 1621 151 1642 et
174 1615 270 1643 curias
292 1626 347 1654 pro
372 1626 423 1653 eo,
456 1617 535 1655 quod
558 1622 600 1646 est
622 1618 654 1646 in
676 1618 805 1656 vulgatis
829 1617 970 1648 decurias.
995 1617 1074 1646 Ful.
1103 1617 1178 1647 Urs.
1224 1617 1311 1653 Quod
1337 1617 1377 1645 ait
1398 1617 1514 1645 additas
1538 1624 1598 1643 esse
1623 1613 1777 1652 quinque,
1804 1617 1834 1640 ut
1857 1613 1885 1641 in
1909 1623 1959 1642 sua
1985 1612 2067 1651 quis-

127 1665 183 1694 que
208 1657 289 1685 curia
313 1668 397 1687 sacra
418 1659 535 1697 publica
559 1660 683 1695 faceret,
708 1666 766 1697 est,
793 1661 823 1688 ui
847 1660 951 1696 fallor,
975 1661 1023 1688 vel
1046 1661 1238 1697 mendosum,
1265 1660 1312 1688 vel
1336 1659 1461 1695 falsum,
1490 1658 1560 1686 licet
1583 1656 1673 1684 verbo
1698 1655 1919 1684 centumviialia
1945 1655 2066 1685 XXXV.

127 1698 224 1726 curias
247 1699 361 1728 easdem
385 1711 447 1729 esse
471 1702 639 1731 existiment.
661 1703 773 1738 tribus·,
797 1703 877 1742 quod
903 1707 1007 1731 contra
1030 1703 1228 1732 Romanarum
1252 1712 1351 1731 rerum
1375 1700 1546 1730 memoriam
1570 1703 1613 1727 est
1658 1697 1821 1726 Videndum
1846 1702 1904 1735 est,
1929 1708 1964 1726 an
1988 1702 2068 1726 recte

128 1741 257 1769 amoveri
280 1743 394 1780 possint
421 1744 471 1772 illa
502 1745 608 1773 verba:
644 1744 748 1785 quibus
768 1753 870 1785 postea
892 1744 1012 1773 additae
1034 1753 1099 1774 sunt
1122 1746 1264 1786 quinqua
1299 1754 1373 1783 quae
1394 1744 1519 1772 fortasse
1544 1741 1623 1770 Pauli
1647 1746 1725 1771 sunt.
1770 1741 1822 1768 His
1845 1741 1949 1769 amotis
1972 1744 2068 1769 cetera

128 1792 196 1811 vera
215 1789 299 1820 sunt,
324 1791 529 1824 praettrquain
554 1788 632 1826 quod
658 1788 693 1816 de
716 1788 885 1816 nominibus
909 1788 1057 1816 curiarum
1083 1788 1201 1823 scribit,
1227 1788 1306 1826 quod
1331 1787 1482 1815 nonnullis
1505 1785 1611 1813 salsum
1637 1793 1698 1811 esse
1720 1782 1849 1813 videtur.
1872 1783 1960 1812 Ant.
1976 1782 2068 1821 Aug.

130 1823 227 1854 Curia,
260 1824 395 1858 Calabra.
426 1829 625 1858 Glossarium:
650 1831 789 1866 Calabra,
814 1828 928 1867 ἷπῖῑών,
953 1828 1056 1870 βουλή.
1090 1832 1163 1858 Sane
1186 1830 1244 1858 hoc
1267 1830 1358 1858 verbo
1381 1830 1502 1859 ἱππῶνα
1524 1825 1681 1864 significari
1705 1835 1854 1864 nunquam
1876 1825 1940 1862 legi.
1972 1828 2069 1862 Supra

128 1869 298 1896 monuimus
322 1870 415 1909 inepti
438 1873 614 1901 mutilatoris
637 1873 727 1901 verba
750 1884 828 1902 esse:
868 1873 971 1913 quihus
998 1880 1099 1911 postea
1122 1881 1187 1901 sunt
1211 1871 1332 1901 additae
1354 1872 1487 1911 quinque.
1535 1870 1585 1897 llla
1608 1878 1680 1896 vero
1704 1868 1790 1896 eliam
1815 1868 1987 1895 mendosum
2007 1867 2068 1894 15¹¹-

128 1910 228 1939 niunt:
260 1910 388 1941 ,Nomina
412 1915 556 1943 curiarum
580 1916 734 1955 virginum.
779 1916 946 1954 Legenduni
971 1916 1046 1943 enim
1073 1914 1190 1944 Curium
1212 1920 1263 1943 aut
1288 1914 1431 1943 Curatum
1457 1912 1629 1952 Virginum,
1660 1910 1723 1947 vel,
1752 1910 1778 1938 si
1800 1910 1907 1946 mavis,
1941 1908 2066 1937 Curien-

127 1953 211 1982 sium.
255 1954 429 1984 Sabinarum
453 1957 528 1985 enim
552 1957 698 1996 virginum
724 1959 840 1987 nomina
864 1958 1000 1996 imposita
1025 1958 1122 1988 curiis.
1147 1956 1244 1987 Scal.
1288 1957 1394 1985 Tribus
1418 1955 1513 1983 modis
1537 1953 1682 1992 accipitur
1705 1953 1803 1987 curia,
1834 1951 1887 1980 sed
1909 1960 1945 1978 ex
1968 1951 2069 1980 eadem

128 2005 242 2034 semper
263 1996 391 2034 origine,
415 2009 517 2038 nempe
540 2011 555 2028 a
579 2012 657 2029 cura.
689 2001 787 2030 Primo
810 2012 864 2039 pro
888 2002 969 2036 loco,
995 2000 1044 2028 ubi
1067 2006 1185 2029 senatus
1209 1999 1352 2028 consedit.
1382 1998 1476 2026 Varro
1499 1997 1560 2028 l.2.
1584 1996 1619 2024 de
1638 1996 1698 2024 vita
1720 2006 1767 2034 po.
1788 1995 1854 2022 Ra:
1878 1992 1982 2032 Itaque
2001 2004 2068 2033 pro-

126 2045 191 2077 pter
211 2050 310 2067 curam
336 2038 417 2069 locus
438 2052 565 2081 quoque,
596 2054 652 2082 quo
675 2055 757 2072 suam
781 2045 901 2083 quisque
923 2050 1039 2071 senator
1061 2042 1191 2084 confert,
1219 2043 1332 2071 curiam
1355 2039 1495 2080 appellat.
1540 2038 1695 2075 secundo,
1722 2046 1794 2075 quae
1817 2041 1845 2064 et
1867 2036 2069 2074 prima'vocis

128 2081 225 2118 origo,
249 2092 304 2120 pro
328 2083 413 2120 loco,
437 2083 487 2111 ubi
511 2085 677 2113 sacerdotes
701 2087 842 2124 cuiusque
866 2086 964 2114 curiae
989 2095 1035 2113 res
1059 2085 1174 2113 dixinas
1198 2089 1387 2123 peragerent,
1412 2088 1443 2111 ut
1467 2082 1564 2111 curiae
1585 2088 1697 2109 veteres.
1742 2078 1874 2116 Denique
1897 2088 1953 2117 pro
1976 2079 2069 2117 trige—

127 2124 199 2151 sima
222 2129 307 2162 parte
329 2126 433 2164 populi
458 2127 510 2155 no.
534 2128 584 2166 qui
608 2128 636 2155 in
662 2129 780 2166 triginta
805 2128 901 2156 curia.-
926 2127 1039 2156 divisus
1062 2128 1126 2155 suit.
1174 2128 1252 2155 Duas
1274 2127 1388 2165 piiores
1410 2124 1636 2163 significationes
1657 2122 1761 2150 Festus
1784 2121 1937 2159 amplexus
1960 2126 2013 2157 est,
2037 2125 2070 2149 ut

128 2171 156 2194 et
178 2166 270 2194 Varro
294 2167 344 2195 lib.
360 2168 405 2198 vl.
431 2169 485 2205 (De
510 2170 539 2197 L.
559 2171 586 2199 L.
612 2170 651 2207 V,
677 2173 747 2202 155.
771 2171 854 2209 Sp.):
880 2169 983 2199 Curiae
1006 2168 1128 2197 fluorum
1150 2181 1302 2208 generum5
1325 2180 1392 2197 nam
1416 2175 1441 2196 et
1465 2166 1516 2195 ubi
1537 2171 1670 2195 curarent
1690 2162 1856 2193 sacerdotes
1879 2174 1921 2192 res
1944 2162 2067 2200 divinas,

128 2216 159 2236 ut
182 2209 280 2237 curiae
303 2217 419 2248 veteres,
445 2219 470 2239 ct
494 2211 544 2240 ubi
565 2220 680 2241 senatus
702 2213 859 2249 humanas,
886 2220 914 2240 ut
930 2211 1017 2241 Curia
1042 2211 1191 2246 Hostilia.
1214 2211 1294 2252 quod
1314 2213 1426 2250 primus
1449 2207 1615 2248 unificavit
1637 2205 1788 2234 Hostilius
1811 2217 1873 2234 resr.
1907 2206 1994 2244 Apud
2017 2206 2068 2233 Fe-

128 2256 204 2279 stum
223 2262 279 2290 pro
300 2254 410 2291 geritur
432 2254 551 2292 quidam
575 2254 643 2283 libri
665 2254 774 2283 habent
797 2254 944 2294 digeritur.
984 2254 1077 2288 Male,
1108 2259 1140 2283 ut
1163 2254 1290 2283 videtur.
1330 2254 1402 2282 Nam
1426 2262 1508 2281 sacra
1529 2251 1632 2278 Festus
1654 2248 1810 2286 intelligit,
1842 2258 1915 2286 quae
1937 2247 2067 2285 singulae

128 2294 227 2322 curiae
256 2294 285 2322 in
316 2305 399 2323 sacra
427 2307 479 2324 sua
503 2298 573 2325 aede
598 2307 650 2335 per
672 2298 837 2326 sacerdotes
859 2307 927 2325 suos
951 2296 1136 2335 peragebant.
1164 2297 1250 2326 Dae.
1294 2294 1422 2325 Calabra
1447 2293 1542 2323 Curia.
1583 2291 1626 2320 Ad
1650 2291 1755 2320 collem
1779 2291 1978 2329 Capitolinum
2000 2289 2064 2334 sita.

127 2337 176 2365 Sic
200 2336 279 2364 dicta
299 2348 314 2365 a
339 2337 483 2375 calando,
513 2339 570 2368 huc
594 2344 638 2368 est
659 2339 808 2375 vocando,
842 2340 920 2378 quod
948 2340 1099 2367 universus
1124 2340 1252 2378 populus
1275 2339 1311 2367 ad
1334 2349 1395 2367 eain
1422 2337 1585 2371 celaretur,
1614 2339 1774 2363 vocaretur
1797 2334 1915 2380 singulis
1937 2329 2064 2359 calendis

128 2379 164 2408 ad
186 2389 278 2407 nonas
303 2385 331 2408 et
354 2382 501 2411 nundinas
525 2382 706 2413 ediscendas.
744 2383 827 2411 Unde
852 2383 960 2421 liquet,
984 2381 1062 2410 hanc
1085 2382 1175 2410 fuisse
1197 2381 1354 2410 maximam
1380 2380 1507 2415 curiam,
1536 2377 1674 2406 omnibus
1697 2376 1801 2416 populi
1825 2375 1914 2404 curiis
1935 2380 2063 2400 commu-

178 2431 343 2460 GRAMMAT.
366 2443 430 2461 [ΛΤ.
453 2433 487 2461 ll.
1563 2431 1591 2464 A
1607 2441 1626 2462 a
1641 2441 1660 2462 a
