2263 2668
489 146 552 179 DE
580 142 969 179 SIGNIFICATIONE
997 145 1280 182 VERBORUM.
1342 148 1487 182 LIBER
1509 148 1599 183 XIV.
1947 153 2020 187 601

67 238 127 267 Cic.
150 238 180 266 in
204 237 289 267 verr.
304 237 352 266 VI.
375 237 452 275 (Act.
468 237 511 274 Il,
537 238 576 274 V,
600 240 634 274 6,
662 238 736 275 14.):
760 236 873 266 Fecisse
893 235 987 266 videri
1006 241 1211 277 pronuntiasti.
1238 241 1324 271 Dac.
1366 242 1423 270 Alii
1443 242 1608 281 patravisse
1629 240 1738 280 videri,
1762 243 1798 272 de
1822 254 1881 283 quo
1903 245 2020 284 plenius

67 281 165 310 dicam
189 280 350 318 aliquando
374 281 409 309 ad
433 281 494 311 l.3.
520 280 548 308 in
572 281 671 308 verbis
695 291 752 308 non
775 278 889 308 videtur
910 280 940 308 ff.
963 280 1000 309 de
1023 280 1087 318 his,
1111 293 1186 320 quae
1209 284 1238 313 in
1262 289 1376 314 testam.
1400 285 1547 314 delentur.
1594 282 1701 313 Gotlz.

231 331 447 361 Piscatorii
471 330 565 360 lucli.
598 331 658 368 (Ad
682 342 710 370 p.
724 330 808 370 208.)
839 330 912 359 Vide
936 340 1037 370 supra.
1078 333 1150 362 Nam
1174 335 1217 363 bis
1239 335 1313 364 haec
1336 337 1430 374 glossa
1453 335 1533 376 apud
1556 336 1676 364 Festum
1699 337 1856 376 reperitur.

235 381 447 412 Publicius.
472 382 530 421 (Ad
550 393 579 421 p.
593 382 674 420 208.)
700 383 732 411 ln
748 382 805 410 fine
827 380 961 410 vehicula
983 384 1078 411 venire
1097 387 1219 423 possint.
1239 386 1340 417 Scal.
1366 388 1460 417 Varro
1480 387 1530 418 lib.
1544 386 1591 416 IV.
1611 387 1671 421 (lib.
1686 387 1719 416 V.
1736 399 1765 426 p.
1782 389 1851 421 158.
1865 399 1925 428 seq.
1944 390 2021 429 Sp.):

70 423 170 455 Clivus
190 424 338 465 publicius
361 424 397 454 ab
419 423 565 453 aedilibus
585 424 680 464 plebei
703 424 863 460 Publiciis,
888 425 940 464 qui
962 437 1024 453 eum
1045 426 1163 465 publice
1185 427 1386 468 aedficarunt.
1428 431 1480 459 Ubi
1504 429 1654 458 Publicios
1678 430 1796 460 Aediles
1819 432 1911 471 plebis
1933 437 2023 463 vocat

67 468 179 505 Varro,
210 473 238 497 et
260 478 362 497 verum
387 473 438 496 est.
473 468 549 496 Nam
573 473 602 496 et
624 467 724 496 Plebei
746 468 803 506 ipsi
826 467 955 497 suerunt.
995 468 1077 496 Idem
1101 471 1188 499 etiam
1212 471 1300 500 Ovid.
1324 473 1374 502 lib.
1390 473 1423 503 V.
1446 474 1525 504 Fast.
1550 472 1635 513 (283.
1650 471 1766 514 seqq.):

607 518 735 547 Venerat
758 519 787 546 in
811 529 917 547 morem
938 517 1043 558 populi
1065 518 1218 559 depascere
1240 522 1350 551 saltus:

648 560 742 600 quue
765 559 816 589 diu
839 560 939 597 licuit,
969 572 1119 602 poenaque
1142 564 1224 593 nulla
1237 565 1314 605 suit.

607 603 735 632 Vindice
755 602 909 632 servabant
930 602 1013 632 nullo
1036 616 1088 632 sua
1109 605 1230 644 publica
1254 607 1366 647 vulgus,

647 645 768 685 Iamque
789 647 819 674 in
839 646 955 684 privato
976 657 1096 684 pascere
1118 649 1217 677 inertis
1239 658 1309 680 erat.

604 687 701 717 Plebis
722 687 763 716 acl
785 687 893 717 aediles
913 687 1054 728 perducta
1078 688 1197 719 licentia
1220 691 1291 720 talis

648 730 818 760 Publicios:
847 731 961 759 animus
984 729 1077 771 defuit
1101 740 1167 761 ante
1188 735 1267 763 viris.

604 772 678 802 Rem
699 772 827 812 populus
849 773 964 812 recipit.-
992 772 1115 802 multam
1139 775 1249 805 subiere
1272 784 1420 806 nocentes:

651 815 829 844 Vindicihus
851 814 936 844 laudi
956 814 1076 855 publica
1099 828 1169 846 cura
1182 818 1259 858 fuit.

602 857 706 889 Multa
730 857 801 886 data
824 865 864 886 est
887 869 927 887 ex
947 865 1030 897 parte
1052 859 1138 895 mihi,
1168 872 1332 902 magnoque
1345 861 1455 902 favore

650 900 785 929 Victores
807 899 894 929 ludos
917 901 1063 930 instituere
1085 913 1184 934 nouos.

605 943 693 972 Parte
713 941 814 972 locant
837 942 921 979 cliui,
947 944 997 983 qui
1020 951 1088 972 tunc
1110 953 1171 973 erat
1193 944 1289 974 arcina
1312 956 1404 984 rupes,

652 984 729 1014 Utile
752 996 829 1014 nunc
850 987 903 1014 iter
925 993 981 1023 est,
1016 985 1240 1028 Publiciumque
1261 995 1377 1017 vocant.

67 1037 118 1066 Ait
141 1037 228 1066 Flora
256 1048 293 1067 ex
322 1039 485 1069 multatitia
514 1037 637 1077 pecunia
669 1038 780 1067 clivum
806 1038 970 1067 Publicium
995 1038 1141 1067 munitum
1166 1044 1194 1067 et
1218 1039 1272 1067 sibi
1296 1039 1426 1067 Florales
1450 1038 1536 1067 ludos
1558 1039 1720 1070 institutos.
1765 1039 1797 1068 In
1821 1040 1920 1069 verbis
1943 1040 2023 1070 Festi

67 1080 98 1108 in
122 1080 178 1109 fine
201 1081 317 1118 legebat
339 1083 414 1111 Scal.
441 1081 585 1111 Vehicula
607 1082 702 1109 venire
721 1082 843 1120 possint.
889 1082 1075 1119 Legendum:
1117 1081 1154 1110 Ut
1177 1083 1207 1110 in
1229 1082 1408 1110 Aventinum
1438 1081 1578 1110 vehiculis
1604 1081 1691 1110 Velia
1717 1083 1812 1111 venire
1830 1084 1960 1123 possint,
1991 1084 2023 1113 id

68 1127 113 1151 est
136 1128 170 1152 ut
191 1134 207 1152 e
230 1124 313 1152 Velia
336 1125 365 1152 in
389 1126 568 1153 Aventinum
593 1123 737 1152 vehiculis
760 1125 905 1152 venirent.
950 1124 1039 1153 Dae.

232 1174 403 1205 Praedia.
431 1175 488 1215 (Ad
513 1186 540 1214 p.
554 1174 638 1214 208.)
666 1175 697 1203 ln
721 1175 810 1204 tertio
834 1175 1030 1203 Coniectaneo
1053 1175 1221 1204 monuimus
1245 1174 1403 1203 dicendum
1425 1174 1567 1214 proebra,
1598 1179 1631 1203 ut
1655 1175 1771 1205 enebra.
1802 1174 1904 1205 Scal.
1949 1176 2023 1206 Vide

67 1226 157 1256 supra
179 1216 309 1255 praebia.
345 1218 418 1246 Item
443 1220 533 1247 infra:
561 1216 641 1254 Quae
666 1216 738 1246 Caia
764 1216 891 1246 Caecilia
915 1223 970 1246 etc.
994 1222 1021 1246 et
1044 1219 1235 1246 immiscuisse
1256 1229 1348 1246 zonae
1369 1228 1445 1245 suae.
1469 1217 1522 1245 Da
1533 1229 1557 1247 c.
1602 1216 1637 1245 In
1661 1216 1731 1245 aea'e
1752 1218 1856 1247 sancti.
1891 1219 1957 1247 Hoc
1980 1223 2024 1248 est

66 1259 221 1296 Herculis,
247 1261 298 1298 qui
323 1262 445 1299 proprie
469 1268 588 1289 sanctus
611 1265 638 1287 et
661 1271 769 1288 sancus
793 1261 838 1287 vel
863 1271 972 1299 sangns
995 1261 1159 1289 dicebatur.
1207 1260 1279 1288 Vide
1302 1261 1331 1288 in
1355 1270 1382 1287 v.
1408 1260 1529 1299 Propter
1550 1260 1638 1288 viam.
1684 1258 1792 1288 Idem.

232 1301 387 1331 Priscae
411 1303 579 1331 Latinae
607 1301 790 1331 coloniae.
822 1301 884 1342 (Ad
909 1313 936 1340 p.
949 1302 1036 1343 208.)
1068 1304 1090 1331 A
1117 1305 1221 1331 Latino
1246 1303 1339 1331 Silvio
1365 1303 1546 1331 Albanorum
1570 1313 1636 1340 rege
1661 1302 1812 1331 deductae.
1851 1303 1913 1332 Liv.
1936 1303 1986 1332 lib.
2000 1304 2023 1335 Î™.

66 1349 136 1373 sect.
153 1346 184 1375 3.
228 1345 257 1373 Is
280 1345 406 1373 Aeneam
430 1346 554 1373 Silvium
579 1349 675 1377 creat,
705 1345 729 1372 is
754 1345 860 1373 deinde
885 1345 1018 1373 Latinum
1043 1347 1185 1382 Silvium,
1216 1346 1252 1374 ab
1277 1356 1311 1374 eo
1335 1346 1466 1374 coloniae
1490 1345 1605 1383 aliquot
1627 1345 1788 1381 deductae,
1812 1345 1903 1374 Prisci
1927 1346 2025 1375 Latini

66 1387 220 1426 appellati.
255 1387 363 1416 Eodem
387 1393 489 1426 postea
514 1387 644 1416 colonias
669 1387 785 1415 Priscus
809 1388 944 1416 deduxit.
983 1388 1056 1417 Vide
1081 1388 1211 1417 Sanates.
1250 1389 1327 1416 lnfra
1351 1399 1406 1427 pro
1431 1387 1580 1416 dabantur
1601 1387 1735 1416 tentabat
1757 1388 1870 1416 Merula
1894 1386 2025 1418 deduce-

66 1428 181 1460 bantur.
217 1429 273 1458 Sed
298 1429 371 1459 nihil
396 1441 522 1459 necesse.
546 1430 636 1459 Dac.
672 1430 862 1458 Coloniarum
887 1431 962 1458 aliae
987 1431 1120 1469 priscae,
1147 1432 1219 1460 aliae
1243 1442 1348 1460 novae.
1397 1429 1502 1460 Goth.

230 1471 398 1504 Praetor,
424 1474 481 1513 (Ad
505 1475 618 1512 p.208.
634 1471 691 1510 sq.)
716 1474 808 1501 Totus
830 1473 880 1501 hic
904 1474 986 1501 locus
1009 1474 1037 1501 in
1060 1475 1164 1502 ceteris
1188 1474 1272 1502 libris
1296 1475 1414 1509 deerat,
1440 1473 1471 1501 in
1495 1483 1553 1510 quo
1577 1472 1654 1500 illud
1677 1472 1715 1501 ad
1738 1477 1829 1511 caput
1853 1473 2025 1503 Oetentinae

65 1514 138 1553 quid
162 1514 216 1551 sit,
239 1515 353 1552 ignoro.
393 1516 451 1544 Sed
475 1526 512 1544 ex
538 1515 678 1553 Dionysio
704 1516 751 1545 lib.
766 1516 815 1544 IV.
840 1521 867 1544 et
892 1516 924 1543 V.
946 1521 1064 1544 constat
1089 1517 1207 1544 Latinos
1231 1517 1360 1554 populos
1384 1522 1548 1544 conventus
1571 1514 1711 1543 habuisse
1734 1515 1900 1552 Ferentini,
1925 1522 1954 1545 et
1976 1517 2026 1545 Li-

63 1557 131 1585 vius
153 1557 204 1585 lib.
220 1557 239 1586 l.
263 1559 298 1594 (c.
311 1560 361 1589 50.
381 1560 445 1595 52.)
469 1559 505 1586 ad
530 1559 629 1586 lucum
647 1558 822 1586 Ferentinae
846 1558 1019 1586 convenisse
1038 1559 1159 1587 Latinos
1182 1559 1287 1587 scribit
1311 1564 1339 1587 et
1362 1559 1450 1596 paulo
1475 1563 1543 1596 post
1564 1558 1599 1586 ad
1625 1563 1716 1596 caput
1739 1568 1831 1595 aquae
1850 1558 2026 1588 Ferentinae

64 1599 199 1628 Turnum
223 1600 371 1628 deiectum
396 1602 500 1636 fuisse,
523 1601 572 1629 vel
597 1601 633 1627 ad
658 1607 746 1638 caput
769 1610 862 1638 aquae
885 1601 1068 1629 Ferentinae.
1086 1601 1173 1630 Ant.
1191 1601 1287 1639 Aug.
1325 1602 1409 1636 Quae
1434 1606 1519 1638 porta
1544 1601 1579 1628 ab
1604 1611 1637 1629 eo
1662 1601 1806 1629 Salutaris
1830 1601 1919 1629 dicta.
1952 1601 2026 1630 Vide

64 1641 225 1672 Salutaris.
270 1643 349 1671 infra
373 1643 547 1679 legendum,
575 1647 607 1670 ut
629 1643 659 1670 in
682 1647 741 1671 vet.
766 1643 849 1672 cod.:
872 1642 1013 1672 Albanos
1038 1655 1129 1671 rerum
1151 1644 1262 1682 potitos
1285 1655 1374 1682 usque
1396 1642 1437 1670 ad
1463 1641 1582 1671 Tullum
1607 1655 1716 1682 regem,
1740 1642 1825 1672 Alba
1849 1642 1952 1672 deinde
1975 1642 2026 1672 di-

64 1692 131 1713 ruta
154 1696 244 1724 usque
268 1684 309 1712 ad
332 1684 365 1715 P.
389 1685 510 1714 Decium
534 1685 668 1721 Ilsurem,
707 1683 785 1714 Coss.
806 1683 932 1724 populos
956 1685 1084 1714 Latinos
1113 1684 1153 1713 ml
1179 1692 1268 1724 caput
1293 1685 1474 1720 Ferentinae,
1514 1684 1594 1724 quod
1620 1693 1661 1713 est
1688 1685 1740 1714 sub
1771 1693 1868 1714 monte
1889 1685 2023 1716 Albano.

64 1726 115 1754 Ait
136 1726 236 1755 diruta
261 1727 334 1755 Alba
358 1737 452 1765 usque
475 1728 510 1756 ad
535 1728 654 1755 Decium
676 1728 790 1755 Murem
815 1728 945 1767 populos
965 1728 1083 1756 Latinos
1099 1729 1241 1756 Consules
1266 1728 1422 1756 consulere
1446 1727 1535 1755 fuisse
1559 1728 1660 1755 solitos
1683 1728 1720 1756 ad
1745 1733 1835 1766 caput
1850 1729 2025 1757 Ferentinae

64 1773 93 1797 et
121 1769 280 1808 imperium
312 1771 462 1799 communi
491 1770 614 1799 consilio
646 1770 863 1799 administrare.
908 1771 1056 1798 Ferentini
1087 1776 1183 1799 autern
1214 1775 1377 1799 conventus
1409 1770 1527 1797 Latinos
1555 1771 1683 1808 populos
1712 1770 1851 1799 habuisse
1880 1781 1916 1799 ex
1940 1771 2024 1800 Livio

63 1811 115 1840 lib.
127 1812 150 1842 Î™,
175 1817 279 1840 notum
303 1817 354 1841 est.
387 1811 443 1842 Ad
465 1821 553 1852 caput
577 1818 673 1841 auten]
699 1812 868 1841 Ferentinae
889 1814 994 1851 supple
1017 1824 1117 1853 aquae.
1155 1814 1203 1841 Sic
1224 1813 1325 1841 Livius
1351 1813 1399 1842 lib.
1414 1812 1434 1840 l.
1459 1817 1530 1841 sect.
1547 1814 1596 1843 51.
1622 1813 1658 1841 de
1682 1813 1797 1841 Turno:
1825 1812 1960 1842 Deiectus
1982 1811 2024 1842 ad

64 1862 153 1893 caput
175 1866 270 1894 aquae
292 1854 468 1884 Ferentinae.
512 1854 605 1895 Caput
629 1866 738 1894 aquae,
770 1856 799 1884 id
825 1861 869 1884 est
891 1856 966 1885 sons.
1011 1856 1114 1885 Horat.
1140 1856 1233 1885 Od.1.
1258 1856 1309 1884 lib.
1323 1856 1343 1884 Î™.
1369 1857 1419 1893 (1,
1442 1856 1523 1892 22.):
1560 1853 1648 1884 Nunc
1670 1854 1711 1884 ad
1734 1866 1829 1896 aquae
1851 1854 1914 1884 lene
1936 1862 2025 1895 caput

63 1906 175 1926 sacrae.
217 1896 305 1927 Dae.

229 1939 435 1970 Patricios.
464 1941 525 1978 (Ad
549 1951 577 1980 p.
591 1941 678 1977 209.)
709 1941 803 1969 Cincii
827 1941 928 1980 opinio
953 1950 1022 1969 vera
1045 1941 1173 1969 sortasse
1198 1941 1255 1969 suit
1277 1945 1359 1976 tum,
1397 1950 1488 1977 quum
1511 1939 1643 1978 primum
1666 1939 1786 1978 patricii
1809 1950 1824 1967 a
1847 1938 1970 1977 plebeiis
1991 1939 2023 1969 in

63 1981 129 2019 ipso
152 1981 236 2010 initio
261 1983 343 2011 urbis
365 1984 476 2012 Romae
499 1984 581 2012 suere
605 1983 748 2011 distincti.
776 1984 863 2013 Ant.
884 1984 979 2022 Aug.
1024 1983 1107 2011 Hanc
1131 1983 1226 2011 Cincii
1256 1983 1428 2021 opinionem
1452 1993 1512 2010 non
1535 1982 1628 2011 cuivis
1650 1982 1761 2021 passim
1783 1986 1883 2010 notam
1906 1981 2022 2010 confir-

63 2028 145 2052 mant
167 2025 257 2053 verba
280 2025 311 2054 P.
337 2026 417 2054 Decii
440 2027 532 2055 Muris
555 2026 634 2064 apud
658 2026 776 2054 Livium
799 2027 851 2055 lib.
864 2028 900 2056 X.
925 2027 1008 2063 (c.8.
1030 2025 1111 2063 fin.)Í¾
1148 2025 1202 2054 An
1226 2023 1309 2065 (En)
1333 2036 1461 2065 unquam
1480 2023 1587 2065 fando
1615 2024 1741 2054 audistis
1759 2024 1904 2064 patricios
1923 2025 2021 2064 primo

63 2077 123 2095 esse
134 2065 260 2107 factos,
299 2079 356 2097 non
380 2066 416 2097 â€˜le
438 2068 519 2098 coelo
543 2067 699 2105 demissos,
737 2067 789 2097 sed
811 2069 861 2109 qui
880 2076 993 2108 patrem
1018 2068 1091 2097 ciere
1112 2079 1255 2107 avumque
1275 2075 1409 2107 possent,
1445 2066 1477 2096 id
1499 2074 1540 2096 est
1563 2066 1640 2096 nihil
1659 2066 1737 2096 ultra
1759 2077 1848 2107 quam
1870 2067 2019 2107 ingenuos.

64 2107 167 2138 Scal.
207 2110 320 2139 Glossis
343 2109 492 2140 Patricius
515 2109 712 2149 Îµá½Ï€Î±Ï„Ïá½·Î´Î·Ï‚,
736 2107 912 2150 Î±á½Ï„á½¹Ï‡Î¸Ï‰Î½,
936 2108 1079 2151 Îµá½Î³ÎµÎ½á½µÏ‚Ï‚
1106 2110 1251 2146 Potricii,
1273 2109 1428 2150 Ï€Ïá½¹Î³Î¿Î½Î¿Î¹.
1476 2108 1579 2140 Goth.

228 2151 506 2182 Possessiones.
530 2153 591 2192 (Ad
615 2152 742 2193 p0209.)
768 2154 892 2182 Videtur
917 2153 1121 2181 contradicere
1145 2163 1234 2190 supra
1257 2153 1376 2192 scriptis
1400 2154 1444 2190 (Î½.
1464 2151 1664 2181 Possessio
1687 2150 1782 2189 est):
1803 2150 1954 2180 Posseuio
1977 2155 2019 2179 est

62 2202 134 2221 usus
153 2194 231 2231 agri,
256 2205 313 2224 non
336 2195 400 2234 ipse
422 2206 498 2234 ager.
528 2196 586 2224 Sed
609 2196 669 2224 illic
691 2196 737 2224 ius
759 2196 919 2233 significat,
942 2196 1024 2234 quod
1049 2206 1084 2223 ex
1108 2195 1287 2234 possidendo
1313 2196 1425 2232 oritur,
1449 2195 1530 2232 quod
1552 2194 1582 2222 in
1605 2204 1660 2222 usu
1681 2194 1827 2222 consistit.
1861 2193 1916 2222 Hic
1932 2203 2016 2222 usur-

61 2235 209 2274 pationem
233 2238 360 2267 nominis
382 2239 488 2275 refert,
516 2244 547 2267 ut
570 2239 669 2267 minus
692 2240 814 2278 proprie
838 2239 875 2267 ad
899 2248 983 2275 agros
1007 2239 1193 2267 extendatur.
1216 2237 1273 2267 An
1283 2246 1301 2267 t.
1321 2238 1415 2277 Aug.
1448 2237 1528 2266 Idem
1552 2237 1589 2265 ad
1612 2236 1736 2266 verbum
1759 2235 1865 2265 Isidor.
1886 2234 2013 2265 lib.XV.

61 2288 126 2316 cap.
141 2281 189 2310 13.
225 2280 425 2310 possessiones
447 2286 519 2310 sunt
541 2282 602 2319 agri
627 2282 685 2309 late
709 2287 841 2319 patentes
865 2281 978 2320 publici
1001 2281 1187 2319 privatique,
1211 2290 1286 2318 quos
1310 2281 1394 2309 initio
1419 2290 1477 2308 non
1501 2279 1736 2318 mancipatione,
1760 2278 1811 2308 sed
1835 2278 1958 2316 quisque
1981 2281 2014 2305 ut

60 2321 177 2359 potuit,
206 2324 367 2362 occupavit
389 2329 478 2363 atque
500 2324 641 2363 possedit.
688 2324 772 2353 Unde
795 2324 875 2363 apud
902 2324 1017 2352 Festum
1040 2323 1142 2352 forsan
1165 2333 1220 2362 pro
1244 2322 1404 2352 collidebat
1425 2321 1582 2360 legendum
1603 2320 1790 2361 possidebat,
1820 2325 1853 2348 ut
1875 2324 1903 2348 et
1925 2318 2011 2347 Fulv-

63 2363 127 2394 Urs.
151 2364 238 2394 vidit.
276 2366 336 2395 Nisi
365 2376 434 2396 cum
460 2367 625 2405 Augustino
655 2366 739 2395 matis
762 2366 885 2396 colebat.
916 2366 1004 2395 Dac.
1046 2366 1118 2395 Vide
1142 2376 1232 2405 supra
1260 2364 1464 2405 Occupatitius
1485 2376 1561 2404 ager.
1595 2363 1700 2394 Goth.
1737 2361 1876 2393 Niebuhr.
1899 2360 2010 2391 Histor.

63 2406 184 2437 Roman.
209 2408 292 2437 'r.11.
316 2419 381 2448 pag.
396 2412 465 2442 162.
491 2415 552 2440 not.
568 2412 638 2442 300.
664 2409 819 2447 tegendum
842 2414 942 2438 censet
964 2409 1015 2449 qui
1037 2419 1093 2448 pro
1115 2410 1186 2449 quia
1209 2413 1237 2437 et
1260 2407 1432 2438 colebantur
1453 2418 1510 2447 pro
1535 2406 1705 2437 collidebat.

102 2458 270 2488 Gnmmu.
290 2469 360 2489 Lar.
382 2460 416 2489 11.
1460 2459 1493 2493 G
1507 2471 1532 2504 g
1546 2470 1570 2504 g
1585 2470 1610 2504 g
