<?xml version="1.0" encoding="UTF-8"?>
<!DOCTYPE html PUBLIC "-//W3C//DTD XHTML 1.0 Transitional//EN"
    "http://www.w3.org/TR/xhtml1/DTD/xhtml1-transitional.dtd">
<html xmlns="http://www.w3.org/1999/xhtml" xml:lang="en" lang="en">
 <head>
  <title>
</title>
<meta http-equiv="Content-Type" content="text/html;charset=utf-8" />
  <meta name='ocr-system' content='tesseract 3.04.00' />
  <meta name='ocr-capabilities' content='ocr_page ocr_carea ocr_par ocr_line ocrx_word'/>
</head>
<body>
  <div class='ocr_page' id='page_1' title='image "./corpusgrammatico01linduoft_0193.png"; bbox 0 0 2263 2668; ppageno 0'>
   <div class='ocr_carea' id='block_1_1' title="bbox 953 131 2028 181">
    <p class='ocr_par' dir='ltr' id='par_1_1' title="bbox 953 131 2028 181">
     <span class='ocr_line' id='line_1_1' title="bbox 953 131 2028 181; baseline -0.002 -14"><span class='ocrx_word' id='word_1_1' title='bbox 953 131 1098 167; x_wconf 84' lang='lat' dir='ltr'>LIBER</span> <span class='ocrx_word' id='word_1_2' title='bbox 1134 133 1177 168; x_wconf 85' lang='grc' dir='ltr'><strong>ΙΙ.</strong></span> <span class='ocrx_word' id='word_1_3' title='bbox 1953 145 2028 181; x_wconf 68' lang='lat'><strong>177</strong></span> 
     </span>
    </p>
   </div>
   <div class='ocr_carea' id='block_1_2' title="bbox 83 220 2029 1757">
    <p class='ocr_par' dir='ltr' id='par_1_2' title="bbox 312 220 703 271">
     <span class='ocr_line' id='line_1_2' title="bbox 312 220 703 271; baseline -0.005 -12"><span class='ocrx_word' id='word_1_4' title='bbox 312 225 514 271; x_wconf 77' lang='lat' dir='ltr'><strong><em>Indixitque</em></strong></span> <span class='ocrx_word' id='word_1_5' title='bbox 537 222 642 269; x_wconf 74' lang='lat' dir='ltr'><strong>nefas</strong></span> <span class='ocrx_word' id='word_1_6' title='bbox 657 220 703 269; x_wconf 60' lang='lat'><strong>²²³,-</strong></span> 
     </span>
    </p>

    <p class='ocr_par' dir='ltr' id='par_1_3' title="bbox 85 274 1097 516">
     <span class='ocr_line' id='line_1_3' title="bbox 85 274 1097 322; baseline 0 -10"><span class='ocrx_word' id='word_1_7' title='bbox 85 288 186 322; x_wconf 86' lang='lat' dir='ltr'><strong>qnam</strong></span> <span class='ocrx_word' id='word_1_8' title='bbox 202 276 357 321; x_wconf 74' lang='lat' dir='ltr'><strong>indicas,</strong></span> <span class='ocrx_word' id='word_1_9' title='bbox 382 281 420 311; x_wconf 89' lang='lat' dir='ltr'><strong>ut</strong></span> <span class='ocrx_word' id='word_1_10' title='bbox 440 275 531 322; x_wconf 89' lang='lat' dir='ltr'><strong>apud</strong></span> <span class='ocrx_word' id='word_1_11' title='bbox 549 275 726 309; x_wconf 81' lang='lat' dir='ltr'><strong>Horatium</strong></span> <span class='ocrx_word' id='word_1_12' title='bbox 752 274 942 310; x_wconf 81' lang='lat' dir='ltr'><strong>carminum</strong></span> <span class='ocrx_word' id='word_1_13' title='bbox 966 276 1024 312; x_wconf 86' lang='lat' dir='ltr'><strong>lib.</strong></span> <span class='ocrx_word' id='word_1_14' title='bbox 1053 277 1097 312; x_wconf 83' lang='lat'><strong>1.:</strong></span> 
     </span>
     <span class='ocr_line' id='line_1_4' title="bbox 539 326 960 361; baseline 0.005 -2"><span class='ocrx_word' id='word_1_15' title='bbox 539 346 590 352; x_wconf 92' lang='lat'>—</span> <span class='ocrx_word' id='word_1_16' title='bbox 619 326 682 360; x_wconf 89' lang='lat' dir='ltr'><strong>Me</strong></span> <span class='ocrx_word' id='word_1_17' title='bbox 708 326 832 361; x_wconf 80' lang='lat' dir='ltr'><strong>tabula</strong></span> <span class='ocrx_word' id='word_1_18' title='bbox 857 338 960 361; x_wconf 84' lang='lat' dir='ltr'><strong>sacer</strong></span> 
     </span>
     <span class='ocr_line' id='line_1_5' title="bbox 320 375 951 423; baseline 0 -10"><span class='ocrx_word' id='word_1_19' title='bbox 320 378 443 413; x_wconf 82' lang='lat' dir='ltr'><strong>Votiva</strong></span> <span class='ocrx_word' id='word_1_20' title='bbox 464 378 589 423; x_wconf 78' lang='lat' dir='ltr'><strong>paries</strong></span> <span class='ocrx_word' id='word_1_21' title='bbox 615 378 767 420; x_wconf 77' lang='lat' dir='ltr'><strong>indicat,</strong></span> <span class='ocrx_word' id='word_1_22' title='bbox 800 379 909 413; x_wconf 84' lang='lat' dir='ltr'><strong>uvida</strong></span> <span class='ocrx_word' id='word_1_23' title='bbox 925 375 951 396; x_wconf 69' lang='lat'><strong>²²</strong></span> 
     </span>
     <span class='ocr_line' id='line_1_6' title="bbox 414 429 803 474; baseline -0.003 -10"><span class='ocrx_word' id='word_1_24' title='bbox 414 429 646 474; x_wconf 80' lang='lat' dir='ltr'><strong>Suspendisse</strong></span> <span class='ocrx_word' id='word_1_25' title='bbox 669 430 803 474; x_wconf 81' lang='lat' dir='ltr'><strong>potenti</strong></span> 
     </span>
     <span class='ocr_line' id='line_1_7' title="bbox 534 480 996 516; baseline 0.004 -3"><span class='ocrx_word' id='word_1_26' title='bbox 534 480 746 514; x_wconf 79' lang='lat' dir='ltr'><em>Vestimenta</em></span> <span class='ocrx_word' id='word_1_27' title='bbox 772 481 882 514; x_wconf 82' lang='lat' dir='ltr'><strong>maris</strong></span> <span class='ocrx_word' id='word_1_28' title='bbox 907 480 996 516; x_wconf 91' lang='lat' dir='ltr'><strong>Deo.</strong></span> 
     </span>
    </p>

    <p class='ocr_par' dir='ltr' id='par_1_4' title="bbox 87 527 1034 580">
     <span class='ocr_line' id='line_1_8' title="bbox 87 527 1034 580; baseline -0.001 -15"><span class='ocrx_word' id='word_1_29' title='bbox 87 535 120 565; x_wconf 86' lang='lat' dir='ltr'><strong>et</strong></span> <span class='ocrx_word' id='word_1_30' title='bbox 138 527 236 580; x_wconf 49' lang='lat' dir='ltr'><strong>{apud</strong></span> <span class='ocrx_word' id='word_1_31' title='bbox 262 530 423 564; x_wconf 79' lang='lat' dir='ltr'><strong>Ovidium</strong></span> <span class='ocrx_word' id='word_1_32' title='bbox 443 531 477 563; x_wconf 93' lang='lat' dir='ltr'><strong>in</strong></span> <span class='ocrx_word' id='word_1_33' title='bbox 499 531 556 564; x_wconf 86' lang='lat' dir='ltr'><strong>XI.</strong></span> <span class='ocrx_word' id='word_1_34' title='bbox 576 532 663 565; x_wconf 91' lang='lat' dir='ltr'><strong>libro</strong></span> <span class='ocrx_word' id='word_1_35' title='bbox 689 532 1034 577; x_wconf 86' lang='lat' dir='ltr'><strong>Metamorphoseon:</strong></span> 
     </span>
    </p>

    <p class='ocr_par' dir='ltr' id='par_1_5' title="bbox 86 577 1290 678">
     <span class='ocr_line' id='line_1_9' title="bbox 319 577 1290 629; baseline 0.001 -13"><span class='ocrx_word' id='word_1_36' title='bbox 319 581 449 616; x_wconf 80' lang='lat' dir='ltr'><strong>Omnia</strong></span> <span class='ocrx_word' id='word_1_37' title='bbox 482 583 652 625; x_wconf 80' lang='lat' dir='ltr'><strong>servavit,</strong></span> <span class='ocrx_word' id='word_1_38' title='bbox 687 584 820 629; x_wconf 79' lang='lat' dir='ltr'><strong>lapidis</strong></span> <span class='ocrx_word' id='word_1_39' title='bbox 850 584 945 618; x_wconf 86' lang='lat' dir='ltr'><strong>color</strong></span> <span class='ocrx_word' id='word_1_40' title='bbox 970 577 1108 616; x_wconf 76' lang='lat' dir='ltr'><strong>&#39;indicat</strong></span> <span class='ocrx_word' id='word_1_41' title='bbox 1138 581 1237 615; x_wconf 75' lang='lat' dir='ltr'><strong>illum</strong></span> <span class='ocrx_word' id='word_1_42' title='bbox 1255 578 1290 617; x_wconf 72' lang='lat'><strong>²5.</strong></span> 
     </span>
     <span class='ocr_line' id='line_1_10' title="bbox 86 630 573 678; baseline 0 -11"><span class='ocrx_word' id='word_1_43' title='bbox 86 632 357 678; x_wconf 54' lang='lat' dir='ltr'><strong>Apudssundem</strong></span> <span class='ocrx_word' id='word_1_44' title='bbox 384 633 416 666; x_wconf 88' lang='lat' dir='ltr'><strong>in</strong></span> <span class='ocrx_word' id='word_1_45' title='bbox 437 630 573 667; x_wconf 77' lang='lat' dir='ltr'>X11.²&#39;⁵:</span> 
     </span>
    </p>

    <p class='ocr_par' dir='ltr' id='par_1_6' title="bbox 83 681 2029 975">
     <span class='ocr_line' id='line_1_11' title="bbox 319 681 1362 730; baseline 0.001 -13"><span class='ocrx_word' id='word_1_46' title='bbox 319 684 461 718; x_wconf 81' lang='lat' dir='ltr'><em>Cornua</em></span> <span class='ocrx_word' id='word_1_47' title='bbox 477 684 602 730; x_wconf 84' lang='lat' dir='ltr'><strong>fronte</strong></span> <span class='ocrx_word' id='word_1_48' title='bbox 627 686 744 730; x_wconf 54' lang='lat' dir='ltr'><strong>gerim</strong></span> <span class='ocrx_word' id='word_1_49' title='bbox 769 696 870 730; x_wconf 84' lang='lat' dir='ltr'><strong>quem</strong></span> <span class='ocrx_word' id='word_1_50' title='bbox 895 684 992 718; x_wconf 79' lang='lat' dir='ltr'><strong>vobis</strong></span> <span class='ocrx_word' id='word_1_51' title='bbox 1018 684 1152 717; x_wconf 78' lang='lat' dir='ltr'><strong>indicat</strong></span> <span class='ocrx_word' id='word_1_52' title='bbox 1180 688 1304 718; x_wconf 78' lang='lat' dir='ltr'><em>auctor</em></span> <span class='ocrx_word' id='word_1_53' title='bbox 1319 681 1362 725; x_wconf 84' lang='lat'><strong>²⁷;</strong></span> 
     </span>
     <span class='ocr_line' id='line_1_12' title="bbox 86 730 2029 786; baseline 0.005 -19"><span class='ocrx_word' id='word_1_54' title='bbox 86 744 127 768; x_wconf 88' lang='lat' dir='ltr'><strong>ex</strong></span> <span class='ocrx_word' id='word_1_55' title='bbox 154 745 222 778; x_wconf 87' lang='lat' dir='ltr'><strong>quo</strong></span> <span class='ocrx_word' id='word_1_56' title='bbox 236 730 262 752; x_wconf 74' lang='lat'><strong>²⁹</strong></span> <span class='ocrx_word' id='word_1_57' title='bbox 285 736 473 780; x_wconf 88' lang='lat' dir='ltr'><strong>perfectum</strong></span> <span class='ocrx_word' id='word_1_58' title='bbox 496 737 534 769; x_wconf 90' lang='lat' dir='ltr'><strong>fit</strong></span> <span class='ocrx_word' id='word_1_59' title='bbox 557 737 721 770; x_wconf 77' lang='lat' dir='ltr'><strong>indicavi.</strong></span> <span class='ocrx_word' id='word_1_60' title='bbox 772 737 875 770; x_wconf 87' lang='lat' dir='ltr'><strong>Duco</strong></span> <span class='ocrx_word' id='word_1_61' title='bbox 902 748 1038 780; x_wconf 91' lang='lat' dir='ltr'><strong>quoque</strong></span> <span class='ocrx_word' id='word_1_62' title='bbox 1060 747 1082 768; x_wconf 90' lang='lat' dir='ltr'><strong>u</strong></span> <span class='ocrx_word' id='word_1_63' title='bbox 1105 736 1208 780; x_wconf 85' lang='lat' dir='ltr'><strong>longa</strong></span> <span class='ocrx_word' id='word_1_64' title='bbox 1236 736 1472 779; x_wconf 79' lang='lat' dir='ltr'>antecedente,</span> <span class='ocrx_word' id='word_1_65' title='bbox 1508 742 1574 772; x_wconf 90' lang='lat' dir='ltr'><strong>tam</strong></span> <span class='ocrx_word' id='word_1_66' title='bbox 1595 739 1627 772; x_wconf 93' lang='lat' dir='ltr'><strong>in</strong></span> <span class='ocrx_word' id='word_1_67' title='bbox 1649 740 1790 785; x_wconf 86' lang='lat' dir='ltr'><strong>simplici</strong></span> <span class='ocrx_word' id='word_1_68' title='bbox 1811 737 1847 784; x_wconf 77' lang='lat'><strong>²⁹,</strong></span> <span class='ocrx_word' id='word_1_69' title='bbox 1875 754 1975 786; x_wconf 89' lang='lat' dir='ltr'><strong>quam</strong></span> <span class='ocrx_word' id='word_1_70' title='bbox 1995 744 2029 777; x_wconf 91' lang='lat' dir='ltr'><strong>in</strong></span> 
     </span>
     <span class='ocr_line' id='line_1_13' title="bbox 85 783 2028 838; baseline 0.005 -19"><span class='ocrx_word' id='word_1_71' title='bbox 85 786 238 819; x_wconf 88' lang='lat' dir='ltr'><strong>omnibus</strong></span> <span class='ocrx_word' id='word_1_72' title='bbox 265 787 561 833; x_wconf 83' lang='lat' dir='ltr'><strong>compositionibus</strong></span> <span class='ocrx_word' id='word_1_73' title='bbox 589 788 704 822; x_wconf 81' lang='lat' dir='ltr'><strong>tertiae</strong></span> <span class='ocrx_word' id='word_1_74' title='bbox 737 788 977 833; x_wconf 85' lang='lat' dir='ltr'><strong>coniugationis</strong></span> <span class='ocrx_word' id='word_1_75' title='bbox 1007 792 1054 820; x_wconf 85' lang='lat' dir='ltr'><strong>est</strong></span> <span class='ocrx_word' id='word_1_76' title='bbox 1076 783 1111 828; x_wconf 79' lang='lat'><strong>³⁰,</strong></span> <span class='ocrx_word' id='word_1_77' title='bbox 1147 786 1305 830; x_wconf 72' lang='lat' dir='ltr'><strong>abduco,</strong></span> <span class='ocrx_word' id='word_1_78' title='bbox 1339 789 1406 833; x_wconf 81' lang='lat' dir='ltr'><strong>cis,·</strong></span> <span class='ocrx_word' id='word_1_79' title='bbox 1443 789 1601 832; x_wconf 82' lang='lat' dir='ltr'><strong>adduco,</strong></span> <span class='ocrx_word' id='word_1_80' title='bbox 1642 792 1714 835; x_wconf 68' lang='grc' dir='ltr'><strong>οἶες</strong></span> <span class='ocrx_word' id='word_1_81' title='bbox 1752 792 1924 835; x_wconf 78' lang='lat' dir='ltr'><strong>subduco,</strong></span> <span class='ocrx_word' id='word_1_82' title='bbox 1968 795 2028 838; x_wconf 83' lang='lat' dir='ltr'><strong>cis,</strong></span> 
     </span>
     <span class='ocr_line' id='line_1_14' title="bbox 86 834 2028 888; baseline 0.004 -17"><span class='ocrx_word' id='word_1_83' title='bbox 86 838 216 880; x_wconf 83' lang='lat' dir='ltr'><strong>educo,</strong></span> <span class='ocrx_word' id='word_1_84' title='bbox 243 838 379 880; x_wconf 84' lang='lat' dir='ltr'><strong>educis,</strong></span> <span class='ocrx_word' id='word_1_85' title='bbox 406 839 440 871; x_wconf 87' lang='lat' dir='ltr'><strong>id</strong></span> <span class='ocrx_word' id='word_1_86' title='bbox 464 844 526 881; x_wconf 86' lang='lat' dir='ltr'><strong>est,</strong></span> <span class='ocrx_word' id='word_1_87' title='bbox 554 839 703 873; x_wconf 83' lang='lat' dir='ltr'><strong>extraho.</strong></span> <span class='ocrx_word' id='word_1_88' title='bbox 755 840 793 873; x_wconf 89' lang='lat' dir='ltr'><strong>In</strong></span> <span class='ocrx_word' id='word_1_89' title='bbox 816 851 880 872; x_wconf 90' lang='lat' dir='ltr'><strong>una</strong></span> <span class='ocrx_word' id='word_1_90' title='bbox 903 844 1028 872; x_wconf 90' lang='lat' dir='ltr'><strong>tantum</strong></span> <span class='ocrx_word' id='word_1_91' title='bbox 1043 834 1066 855; x_wconf 77' lang='lat'><strong>³¹</strong></span> <span class='ocrx_word' id='word_1_92' title='bbox 1091 839 1335 882; x_wconf 78' lang='lat' dir='ltr'><strong>compositione</strong></span> <span class='ocrx_word' id='word_1_93' title='bbox 1358 840 1468 873; x_wconf 86' lang='lat' dir='ltr'><strong>educo</strong></span> <span class='ocrx_word' id='word_1_94' title='bbox 1491 852 1514 873; x_wconf 89' lang='lat' dir='ltr'><strong>u</strong></span> <span class='ocrx_word' id='word_1_95' title='bbox 1539 842 1630 875; x_wconf 90' lang='lat' dir='ltr'><strong>brevi</strong></span> <span class='ocrx_word' id='word_1_96' title='bbox 1653 844 1841 888; x_wconf 86' lang='lat' dir='ltr'><strong>profertur,</strong></span> <span class='ocrx_word' id='word_1_97' title='bbox 1868 845 2028 879; x_wconf 85' lang='lat' dir='ltr'><strong>differen-</strong></span> 
     </span>
     <span class='ocr_line' id='line_1_15' title="bbox 84 887 2029 941; baseline 0.004 -19"><span class='ocrx_word' id='word_1_98' title='bbox 84 889 150 923; x_wconf 84' lang='lat' dir='ltr'><strong>tiae</strong></span> <span class='ocrx_word' id='word_1_99' title='bbox 181 900 312 933; x_wconf 81' lang='lat' dir='ltr'><strong>caussa,</strong></span> <span class='ocrx_word' id='word_1_100' title='bbox 349 890 538 936; x_wconf 83' lang='lat' dir='ltr'><strong>significans</strong></span> <span class='ocrx_word' id='word_1_101' title='bbox 569 891 695 933; x_wconf 85' lang='lat' dir='ltr'><strong>nutrio,</strong></span> <span class='ocrx_word' id='word_1_102' title='bbox 729 896 761 924; x_wconf 89' lang='lat' dir='ltr'><strong>et</strong></span> <span class='ocrx_word' id='word_1_103' title='bbox 790 896 860 924; x_wconf 90' lang='lat' dir='ltr'><strong>tum</strong></span> <span class='ocrx_word' id='word_1_104' title='bbox 880 887 906 908; x_wconf 82' lang='lat'><strong>³²</strong></span> <span class='ocrx_word' id='word_1_105' title='bbox 933 891 1040 924; x_wconf 89' lang='lat' dir='ltr'><strong>solum</strong></span> <span class='ocrx_word' id='word_1_106' title='bbox 1075 890 1206 935; x_wconf 84' lang='lat' dir='ltr'><strong>primae</strong></span> <span class='ocrx_word' id='word_1_107' title='bbox 1237 896 1285 924; x_wconf 89' lang='lat' dir='ltr'><strong>est</strong></span> <span class='ocrx_word' id='word_1_108' title='bbox 1315 892 1576 937; x_wconf 84' lang='lat' dir='ltr'><strong>coniugationis‚</strong></span> <span class='ocrx_word' id='word_1_109' title='bbox 1609 898 1645 926; x_wconf 93' lang='lat' dir='ltr'><strong>ut</strong></span> <span class='ocrx_word' id='word_1_110' title='bbox 1678 895 1768 939; x_wconf 92' lang='lat' dir='ltr'><strong>apud</strong></span> <span class='ocrx_word' id='word_1_111' title='bbox 1806 895 1983 941; x_wconf 89' lang='lat' dir='ltr'><strong>Virgilium</strong></span> <span class='ocrx_word' id='word_1_112' title='bbox 2003 895 2029 916; x_wconf 80' lang='lat'><strong>³³</strong></span> 
     </span>
     <span class='ocr_line' id='line_1_16' title="bbox 83 940 258 975; baseline 0 -1"><span class='ocrx_word' id='word_1_113' title='bbox 83 940 173 975; x_wconf 89' lang='lat' dir='ltr'><strong>libro</strong></span> <span class='ocrx_word' id='word_1_114' title='bbox 198 941 258 974; x_wconf 89' lang='lat' dir='ltr'><strong>X.:</strong></span> 
     </span>
    </p>

    <p class='ocr_par' dir='ltr' id='par_1_7' title="bbox 85 991 2029 1192">
     <span class='ocr_line' id='line_1_17' title="bbox 315 991 1328 1039; baseline 0.001 -13"><span class='ocrx_word' id='word_1_115' title='bbox 315 991 478 1039; x_wconf 77' lang='lat' dir='ltr'><strong>Quatuor</strong></span> <span class='ocrx_word' id='word_1_116' title='bbox 500 992 557 1026; x_wconf 84' lang='lat' dir='ltr'><strong>hic</strong></span> <span class='ocrx_word' id='word_1_117' title='bbox 582 993 738 1034; x_wconf 76' lang='lat' dir='ltr'><strong>iuvenes,</strong></span> <span class='ocrx_word' id='word_1_118' title='bbox 765 993 911 1026; x_wconf 78' lang='lat' dir='ltr'><strong>totidem</strong></span> <span class='ocrx_word' id='word_1_119' title='bbox 937 1003 1022 1038; x_wconf 81' lang='lat' dir='ltr'><strong>quos</strong></span> <span class='ocrx_word' id='word_1_120' title='bbox 1048 992 1177 1026; x_wconf 83' lang='lat' dir='ltr'><strong>educat</strong></span> <span class='ocrx_word' id='word_1_121' title='bbox 1209 992 1328 1039; x_wconf 74' lang='lat' dir='ltr'><strong>UsenS.</strong></span> 
     </span>
     <span class='ocr_line' id='line_1_18' title="bbox 85 1041 2029 1090; baseline 0.003 -13"><span class='ocrx_word' id='word_1_122' title='bbox 85 1043 217 1078; x_wconf 86' lang='lat' dir='ltr'><strong>Tamen</strong></span> <span class='ocrx_word' id='word_1_123' title='bbox 238 1043 369 1077; x_wconf 85' lang='lat' dir='ltr'><strong>videtur</strong></span> <span class='ocrx_word' id='word_1_124' title='bbox 393 1044 520 1084; x_wconf 88' lang='lat' dir='ltr'><strong>educo,</strong></span> <span class='ocrx_word' id='word_1_125' title='bbox 553 1044 701 1086; x_wconf 80' lang='lat' dir='ltr'><strong>educas,</strong></span> <span class='ocrx_word' id='word_1_126' title='bbox 738 1045 878 1077; x_wconf 89' lang='lat' dir='ltr'><strong>verbum</strong></span> <span class='ocrx_word' id='word_1_127' title='bbox 900 1044 1123 1077; x_wconf 82' lang='lat' dir='ltr'><strong>rationabilius</strong></span> <span class='ocrx_word' id='word_1_128' title='bbox 1154 1056 1173 1077; x_wconf 91' lang='lat' dir='ltr'><strong>a</strong></span> <span class='ocrx_word' id='word_1_129' title='bbox 1200 1041 1362 1078; x_wconf 85' lang='lat' dir='ltr'><strong>nomine³</strong></span> <span class='ocrx_word' id='word_1_130' title='bbox 1399 1045 1544 1087; x_wconf 84' lang='lat' dir='ltr'><strong>verbali,</strong></span> <span class='ocrx_word' id='word_1_131' title='bbox 1579 1044 1672 1089; x_wconf 87' lang='lat' dir='ltr'><strong>quod</strong></span> <span class='ocrx_word' id='word_1_132' title='bbox 1706 1051 1754 1079; x_wconf 89' lang='lat' dir='ltr'><strong>est</strong></span> <span class='ocrx_word' id='word_1_133' title='bbox 1786 1047 1877 1089; x_wconf 77' lang='lat' dir='ltr'><strong>dux,</strong></span> <span class='ocrx_word' id='word_1_134' title='bbox 1917 1048 2029 1090; x_wconf 79' lang='lat' dir='ltr'><strong>ducis,</strong></span> 
     </span>
     <span class='ocr_line' id='line_1_19' title="bbox 86 1095 2029 1142; baseline 0.003 -14"><span class='ocrx_word' id='word_1_135' title='bbox 86 1095 290 1137; x_wconf 85' lang='lat' dir='ltr'><strong>derivatum,</strong></span> <span class='ocrx_word' id='word_1_136' title='bbox 321 1095 391 1129; x_wconf 90' lang='lat' dir='ltr'><strong>iure</strong></span> <span class='ocrx_word' id='word_1_137' title='bbox 413 1095 541 1140; x_wconf 86' lang='lat' dir='ltr'><strong>primae</strong></span> <span class='ocrx_word' id='word_1_138' title='bbox 565 1106 634 1128; x_wconf 85' lang='lat' dir='ltr'><strong>esse</strong></span> <span class='ocrx_word' id='word_1_139' title='bbox 657 1095 916 1140; x_wconf 85' lang='lat' dir='ltr'><strong>coniugationis,</strong></span> <span class='ocrx_word' id='word_1_140' title='bbox 952 1100 989 1130; x_wconf 90' lang='lat' dir='ltr'><strong>ut</strong></span> <span class='ocrx_word' id='word_1_141' title='bbox 1013 1101 1145 1140; x_wconf 86' lang='lat' dir='ltr'><strong>tempus</strong></span> <span class='ocrx_word' id='word_1_142' title='bbox 1169 1095 1268 1129; x_wconf 89' lang='lat' dir='ltr'><strong>etiam</strong></span> <span class='ocrx_word' id='word_1_143' title='bbox 1299 1097 1440 1130; x_wconf 85' lang='lat' dir='ltr'><strong>nominis</strong></span> <span class='ocrx_word' id='word_1_144' title='bbox 1470 1097 1503 1130; x_wconf 84' lang='lat' dir='ltr'><strong>in</strong></span> <span class='ocrx_word' id='word_1_145' title='bbox 1533 1098 1716 1142; x_wconf 86' lang='lat' dir='ltr'><strong>penultima</strong></span> <span class='ocrx_word' id='word_1_146' title='bbox 1745 1100 1837 1132; x_wconf 86' lang='lat' dir='ltr'><strong>verbi</strong></span> <span class='ocrx_word' id='word_1_147' title='bbox 1865 1105 2029 1133; x_wconf 79' lang='lat' dir='ltr'><strong>servatum</strong></span> 
     </span>
     <span class='ocr_line' id='line_1_20' title="bbox 86 1146 260 1192; baseline 0 -12"><span class='ocrx_word' id='word_1_148' title='bbox 86 1146 260 1192; x_wconf 81' lang='lat' dir='ltr'><strong>siguificat.</strong></span> 
     </span>
    </p>

    <p class='ocr_par' dir='ltr' id='par_1_8' title="bbox 250 1196 2027 1248">
     <span class='ocr_line' id='line_1_21' title="bbox 250 1196 2027 1248; baseline 0.003 -18"><span class='ocrx_word' id='word_1_149' title='bbox 250 1197 285 1230; x_wconf 83' lang='lat'><strong>3.</strong></span> <span class='ocrx_word' id='word_1_150' title='bbox 338 1196 548 1231; x_wconf 89' lang='lat' dir='ltr'><strong>Consonante</strong></span> <span class='ocrx_word' id='word_1_151' title='bbox 568 1208 703 1241; x_wconf 90' lang='lat' dir='ltr'><strong>quoque</strong></span> <span class='ocrx_word' id='word_1_152' title='bbox 720 1208 918 1240; x_wconf 87' lang='lat' dir='ltr'><strong>quacunque</strong></span> <span class='ocrx_word' id='word_1_153' title='bbox 941 1197 1065 1240; x_wconf 83' lang='lat' dir='ltr'><strong>absque</strong></span> <span class='ocrx_word' id='word_1_154' title='bbox 1084 1208 1102 1231; x_wconf 83' lang='lat' dir='ltr'><strong>s</strong></span> <span class='ocrx_word' id='word_1_155' title='bbox 1129 1198 1345 1232; x_wconf 87' lang='lat' dir='ltr'><strong>antecedente</strong></span> <span class='ocrx_word' id='word_1_156' title='bbox 1368 1199 1402 1231; x_wconf 92' lang='lat' dir='ltr'><strong>in</strong></span> <span class='ocrx_word' id='word_1_157' title='bbox 1425 1210 1466 1232; x_wconf 89' lang='lat' dir='ltr'><strong>co</strong></span> <span class='ocrx_word' id='word_1_158' title='bbox 1484 1199 1576 1232; x_wconf 90' lang='lat' dir='ltr'><strong>finita</strong></span> <span class='ocrx_word' id='word_1_159' title='bbox 1596 1200 1714 1241; x_wconf 89' lang='lat' dir='ltr'><strong>verba,</strong></span> <span class='ocrx_word' id='word_1_160' title='bbox 1741 1201 1869 1244; x_wconf 86' lang='lat' dir='ltr'><strong>primae</strong></span> <span class='ocrx_word' id='word_1_161' title='bbox 1897 1200 2027 1248; x_wconf 74' lang='lat'><strong>[2171]</strong></span> 
     </span>
    </p>

    <p class='ocr_par' dir='ltr' id='par_1_9' title="bbox 86 1245 1884 1294">
     <span class='ocr_line' id='line_1_22' title="bbox 86 1245 1884 1294; baseline 0.001 -10"><span class='ocrx_word' id='word_1_162' title='bbox 86 1253 159 1284; x_wconf 83' lang='lat' dir='ltr'><strong>sunt</strong></span> <span class='ocrx_word' id='word_1_163' title='bbox 180 1248 441 1294; x_wconf 85' lang='lat' dir='ltr'><strong>coniugationis,</strong></span> <span class='ocrx_word' id='word_1_164' title='bbox 467 1253 503 1281; x_wconf 92' lang='lat' dir='ltr'><strong>ut</strong></span> <span class='ocrx_word' id='word_1_165' title='bbox 511 1259 640 1293; x_wconf 81' lang='lat' dir='ltr'><strong>pecco,</strong></span> <span class='ocrx_word' id='word_1_166' title='bbox 668 1259 728 1286; x_wconf 79' lang='lat' dir='ltr'><strong>czs‚·</strong></span> <span class='ocrx_word' id='word_1_167' title='bbox 754 1249 853 1282; x_wconf 84' lang='lat' dir='ltr'><strong>calco</strong></span> <span class='ocrx_word' id='word_1_168' title='bbox 872 1245 907 1290; x_wconf 79' lang='lat'><strong>³⁵,</strong></span> <span class='ocrx_word' id='word_1_169' title='bbox 933 1249 1047 1291; x_wconf 87' lang='lat' dir='ltr'><strong>sulco,</strong></span> <span class='ocrx_word' id='word_1_170' title='bbox 1073 1249 1203 1292; x_wconf 88' lang='lat' dir='ltr'><strong>mulco,</strong></span> <span class='ocrx_word' id='word_1_171' title='bbox 1230 1253 1352 1284; x_wconf 81' lang='lat' dir='ltr'><strong>trunco</strong></span> <span class='ocrx_word' id='word_1_172' title='bbox 1366 1246 1411 1288; x_wconf 74' lang='grc'><strong>36;</strong></span> <span class='ocrx_word' id='word_1_173' title='bbox 1436 1251 1590 1285; x_wconf 88' lang='lat' dir='ltr'><strong>Lucanus</strong></span> <span class='ocrx_word' id='word_1_174' title='bbox 1611 1251 1644 1284; x_wconf 92' lang='lat' dir='ltr'><strong>in</strong></span> <span class='ocrx_word' id='word_1_175' title='bbox 1666 1251 1753 1284; x_wconf 90' lang='lat' dir='ltr'><strong>libro</strong></span> <span class='ocrx_word' id='word_1_176' title='bbox 1776 1252 1832 1286; x_wconf 82' lang='lat' dir='ltr'><strong>Vl.</strong></span> <span class='ocrx_word' id='word_1_177' title='bbox 1846 1249 1884 1286; x_wconf 85' lang='lat'><strong>³⁷:</strong></span> 
     </span>
    </p>

    <p class='ocr_par' dir='ltr' id='par_1_10' title="bbox 83 1296 2027 1449">
     <span class='ocr_line' id='line_1_23' title="bbox 309 1296 1199 1346; baseline 0.001 -13"><span class='ocrx_word' id='word_1_178' title='bbox 309 1318 361 1325; x_wconf 92' lang='lat'>—</span> <span class='ocrx_word' id='word_1_179' title='bbox 391 1300 582 1334; x_wconf 85' lang='lat' dir='ltr'><strong>Caesorum</strong></span> <span class='ocrx_word' id='word_1_180' title='bbox 596 1296 622 1316; x_wconf 71' lang='lat'><strong>³⁰</strong></span> <span class='ocrx_word' id='word_1_181' title='bbox 647 1303 814 1332; x_wconf 81' lang='lat' dir='ltr'><strong>truncare</strong></span> <span class='ocrx_word' id='word_1_182' title='bbox 840 1300 1024 1333; x_wconf 77' lang='lat' dir='ltr'><strong>cadavera</strong></span> <span class='ocrx_word' id='word_1_183' title='bbox 1050 1311 1199 1346; x_wconf 79' lang='lat' dir='ltr'><strong>regum,-</strong></span> 
     </span>
     <span class='ocr_line' id='line_1_24' title="bbox 85 1350 2027 1397; baseline 0 -10"><span class='ocrx_word' id='word_1_184' title='bbox 85 1362 126 1387; x_wconf 82' lang='lat' dir='ltr'><strong>ex</strong></span> <span class='ocrx_word' id='word_1_185' title='bbox 149 1362 217 1396; x_wconf 92' lang='lat' dir='ltr'><strong>quo</strong></span> <span class='ocrx_word' id='word_1_186' title='bbox 243 1352 457 1396; x_wconf 85' lang='lat' dir='ltr'><strong>componitur</strong></span> <span class='ocrx_word' id='word_1_187' title='bbox 476 1351 658 1394; x_wconf 81' lang='lat' dir='ltr'><strong>obtrunco,</strong></span> <span class='ocrx_word' id='word_1_188' title='bbox 686 1350 883 1385; x_wconf 80' lang='lat' dir='ltr'><strong>obtruncas.</strong></span> <span class='ocrx_word' id='word_1_189' title='bbox 911 1351 968 1386; x_wconf 89' lang='lat' dir='ltr'><strong>Sic</strong></span> <span class='ocrx_word' id='word_1_190' title='bbox 994 1352 1093 1386; x_wconf 88' lang='lat' dir='ltr'><strong>etiam</strong></span> <span class='ocrx_word' id='word_1_191' title='bbox 1115 1353 1253 1386; x_wconf 91' lang='lat' dir='ltr'><strong>verbum</strong></span> <span class='ocrx_word' id='word_1_192' title='bbox 1281 1353 1414 1395; x_wconf 76' lang='lat' dir='ltr'><strong>inesco,</strong></span> <span class='ocrx_word' id='word_1_193' title='bbox 1441 1363 1519 1397; x_wconf 83' lang='lat' dir='ltr'><strong>cas,</strong></span> <span class='ocrx_word' id='word_1_194' title='bbox 1546 1353 1639 1397; x_wconf 90' lang='lat' dir='ltr'><strong>quod</strong></span> <span class='ocrx_word' id='word_1_195' title='bbox 1662 1353 1836 1388; x_wconf 80' lang='lat' dir='ltr'><strong>Terentius</strong></span> <span class='ocrx_word' id='word_1_196' title='bbox 1857 1354 1890 1387; x_wconf 90' lang='lat' dir='ltr'><strong>in</strong></span> <span class='ocrx_word' id='word_1_197' title='bbox 1918 1354 2027 1389; x_wconf 90' lang='lat' dir='ltr'><strong>Adel-</strong></span> 
     </span>
     <span class='ocr_line' id='line_1_25' title="bbox 83 1400 344 1449; baseline 0 -12"><span class='ocrx_word' id='word_1_198' title='bbox 83 1403 161 1449; x_wconf 86' lang='lat' dir='ltr'><strong>phis</strong></span> <span class='ocrx_word' id='word_1_199' title='bbox 186 1403 282 1449; x_wconf 91' lang='lat' dir='ltr'><strong>ponit</strong></span> <span class='ocrx_word' id='word_1_200' title='bbox 302 1400 344 1437; x_wconf 80' lang='lat'><strong>³⁹:</strong></span> 
     </span>
    </p>

    <p class='ocr_par' dir='ltr' id='par_1_11' title="bbox 84 1452 2028 1757">
     <span class='ocr_line' id='line_1_26' title="bbox 306 1452 977 1491; baseline -0.004 -2"><span class='ocrx_word' id='word_1_201' title='bbox 306 1454 432 1489; x_wconf 76' lang='lat' dir='ltr'><strong>Nescis</strong></span> <span class='ocrx_word' id='word_1_202' title='bbox 457 1454 616 1489; x_wconf 69' lang='lat' dir='ltr'><strong>inescare</strong></span> <span class='ocrx_word' id='word_1_203' title='bbox 642 1453 797 1487; x_wconf 82' lang='lat' dir='ltr'><strong>homines</strong></span> <span class='ocrx_word' id='word_1_204' title='bbox 823 1452 977 1491; x_wconf 76' lang='lat' dir='ltr'><strong>Sannio;</strong></span> 
     </span>
     <span class='ocr_line' id='line_1_27' title="bbox 84 1501 2028 1552; baseline 0.002 -14"><span class='ocrx_word' id='word_1_205' title='bbox 84 1506 212 1552; x_wconf 85' lang='lat' dir='ltr'><strong>primae</strong></span> <span class='ocrx_word' id='word_1_206' title='bbox 237 1511 286 1540; x_wconf 90' lang='lat' dir='ltr'><strong>est</strong></span> <span class='ocrx_word' id='word_1_207' title='bbox 311 1506 570 1551; x_wconf 82' lang='lat' dir='ltr'><strong>coniugationis,</strong></span> <span class='ocrx_word' id='word_1_208' title='bbox 597 1505 674 1540; x_wconf 90' lang='lat' dir='ltr'><strong>licet</strong></span> <span class='ocrx_word' id='word_1_209' title='bbox 698 1516 715 1538; x_wconf 82' lang='lat' dir='ltr'><strong>s</strong></span> <span class='ocrx_word' id='word_1_210' title='bbox 737 1504 862 1538; x_wconf 88' lang='lat' dir='ltr'><strong>habeat</strong></span> <span class='ocrx_word' id='word_1_211' title='bbox 883 1509 957 1537; x_wconf 88' lang='lat' dir='ltr'><strong>ante</strong></span> <span class='ocrx_word' id='word_1_212' title='bbox 979 1501 1062 1547; x_wconf 66' lang='lat'><strong>00⁴⁰,</strong></span> <span class='ocrx_word' id='word_1_213' title='bbox 1089 1506 1167 1550; x_wconf 91' lang='lat' dir='ltr'><strong>quia</strong></span> <span class='ocrx_word' id='word_1_214' title='bbox 1191 1518 1211 1539; x_wconf 88' lang='lat' dir='ltr'><strong>a</strong></span> <span class='ocrx_word' id='word_1_215' title='bbox 1231 1506 1365 1539; x_wconf 89' lang='lat' dir='ltr'><strong>nomine</strong></span> <span class='ocrx_word' id='word_1_216' title='bbox 1381 1516 1462 1539; x_wconf 87' lang='lat' dir='ltr'><strong>esca</strong></span> <span class='ocrx_word' id='word_1_217' title='bbox 1478 1505 1676 1547; x_wconf 90' lang='lat' dir='ltr'><strong>deductum,</strong></span> <span class='ocrx_word' id='word_1_218' title='bbox 1703 1510 1771 1540; x_wconf 89' lang='lat' dir='ltr'><strong>tam</strong></span> <span class='ocrx_word' id='word_1_219' title='bbox 1796 1507 1935 1540; x_wconf 86' lang='lat' dir='ltr'><strong>nominis</strong></span> <span class='ocrx_word' id='word_1_220' title='bbox 1961 1519 2028 1541; x_wconf 87' lang='lat' dir='ltr'><strong>ser-</strong></span> 
     </span>
     <span class='ocr_line' id='line_1_28' title="bbox 84 1554 2027 1603; baseline 0 -11"><span class='ocrx_word' id='word_1_221' title='bbox 84 1558 172 1592; x_wconf 77' lang='lat' dir='ltr'><strong>vavit</strong></span> <span class='ocrx_word' id='word_1_222' title='bbox 185 1554 210 1575; x_wconf 75' lang='lat'><strong>⁴¹</strong></span> <span class='ocrx_word' id='word_1_223' title='bbox 225 1559 421 1603; x_wconf 88' lang='lat' dir='ltr'><strong>scripturam</strong></span> <span class='ocrx_word' id='word_1_224' title='bbox 442 1558 475 1590; x_wconf 90' lang='lat' dir='ltr'><strong>in</strong></span> <span class='ocrx_word' id='word_1_225' title='bbox 495 1558 616 1598; x_wconf 85' lang='lat' dir='ltr'><strong>verbo,</strong></span> <span class='ocrx_word' id='word_1_226' title='bbox 644 1568 744 1600; x_wconf 89' lang='lat' dir='ltr'><strong>quam</strong></span> <span class='ocrx_word' id='word_1_227' title='bbox 771 1557 924 1601; x_wconf 87' lang='lat' dir='ltr'><strong>regulam</strong></span> <span class='ocrx_word' id='word_1_228' title='bbox 949 1568 968 1589; x_wconf 88' lang='lat' dir='ltr'><strong>a</strong></span> <span class='ocrx_word' id='word_1_229' title='bbox 990 1557 1124 1591; x_wconf 87' lang='lat' dir='ltr'><strong>nomine</strong></span> <span class='ocrx_word' id='word_1_230' title='bbox 1140 1558 1365 1591; x_wconf 88' lang='lat' dir='ltr'><strong>derivatorum</strong></span> <span class='ocrx_word' id='word_1_231' title='bbox 1387 1557 1573 1590; x_wconf 88' lang='lat' dir='ltr'><strong>verborum.</strong></span> <span class='ocrx_word' id='word_1_232' title='bbox 1600 1557 1742 1590; x_wconf 84' lang='lat' dir='ltr'><strong>Notatur</strong></span> <span class='ocrx_word' id='word_1_233' title='bbox 1764 1560 1890 1599; x_wconf 85' lang='lat' dir='ltr'><strong>tertiae,</strong></span> <span class='ocrx_word' id='word_1_234' title='bbox 1918 1560 2027 1600; x_wconf 75' lang='lat' dir='ltr'><strong>vinco,</strong></span> 
     </span>
     <span class='ocr_line' id='line_1_29' title="bbox 84 1608 2028 1653; baseline 0 -10"><span class='ocrx_word' id='word_1_235' title='bbox 84 1610 212 1651; x_wconf 79' lang='lat' dir='ltr'><strong>vincis,</strong></span> <span class='ocrx_word' id='word_1_236' title='bbox 240 1614 273 1643; x_wconf 88' lang='lat' dir='ltr'><strong>et</strong></span> <span class='ocrx_word' id='word_1_237' title='bbox 295 1610 338 1642; x_wconf 91' lang='lat' dir='ltr'><strong>ab</strong></span> <span class='ocrx_word' id='word_1_238' title='bbox 360 1621 400 1643; x_wconf 92' lang='lat' dir='ltr'><strong>eo</strong></span> <span class='ocrx_word' id='word_1_239' title='bbox 428 1609 632 1653; x_wconf 79' lang='lat' dir='ltr'><strong>composita,</strong></span> <span class='ocrx_word' id='word_1_240' title='bbox 667 1608 846 1649; x_wconf 75' lang='lat' dir='ltr'><strong>convinco,</strong></span> <span class='ocrx_word' id='word_1_241' title='bbox 881 1608 1055 1641; x_wconf 79' lang='lat' dir='ltr'><strong>convincis</strong></span> <span class='ocrx_word' id='word_1_242' title='bbox 1062 1623 1075 1653; x_wconf 79' lang='lat'><strong>,-</strong></span> <span class='ocrx_word' id='word_1_243' title='bbox 1111 1609 1273 1650; x_wconf 80' lang='lat' dir='ltr'><strong>devince,</strong></span> <span class='ocrx_word' id='word_1_244' title='bbox 1307 1608 1481 1644; x_wconf 75' lang='lat' dir='ltr'><strong>devincis‚·</strong></span> <span class='ocrx_word' id='word_1_245' title='bbox 1508 1617 1622 1651; x_wconf 77' lang='lat' dir='ltr'><strong>parco</strong></span> <span class='ocrx_word' id='word_1_246' title='bbox 1644 1619 1778 1651; x_wconf 88' lang='lat' dir='ltr'><strong>quoque</strong></span> <span class='ocrx_word' id='word_1_247' title='bbox 1802 1610 1895 1652; x_wconf 90' lang='lat' dir='ltr'><strong>quod</strong></span> <span class='ocrx_word' id='word_1_248' title='bbox 1921 1611 2028 1643; x_wconf 84' lang='lat' dir='ltr'><strong>solum</strong></span> 
     </span>
     <span class='ocr_line' id='line_1_30' title="bbox 84 1658 2028 1704; baseline 0 -10"><span class='ocrx_word' id='word_1_249' title='bbox 84 1671 106 1694; x_wconf 79' lang='lat' dir='ltr'><strong>r</strong></span> <span class='ocrx_word' id='word_1_250' title='bbox 129 1666 204 1694; x_wconf 88' lang='lat' dir='ltr'><strong>ante</strong></span> <span class='ocrx_word' id='word_1_251' title='bbox 230 1672 270 1694; x_wconf 84' lang='lat' dir='ltr'><strong>co</strong></span> <span class='ocrx_word' id='word_1_252' title='bbox 293 1661 421 1694; x_wconf 86' lang='lat' dir='ltr'><strong>habens</strong></span> <span class='ocrx_word' id='word_1_253' title='bbox 441 1661 555 1694; x_wconf 84' lang='lat' dir='ltr'><strong>tertiae</strong></span> <span class='ocrx_word' id='word_1_254' title='bbox 582 1659 823 1704; x_wconf 84' lang='lat' dir='ltr'><strong>coniugationis</strong></span> <span class='ocrx_word' id='word_1_255' title='bbox 849 1664 906 1694; x_wconf 85' lang='lat' dir='ltr'><strong>est.</strong></span> <span class='ocrx_word' id='word_1_256' title='bbox 959 1658 991 1693; x_wconf 86' lang='lat' dir='ltr'><strong><em>S</em></strong></span> <span class='ocrx_word' id='word_1_257' title='bbox 1014 1671 1093 1693; x_wconf 90' lang='lat' dir='ltr'><strong>vero</strong></span> <span class='ocrx_word' id='word_1_258' title='bbox 1124 1661 1356 1699; x_wconf 88' lang='lat' dir='ltr'><strong>antecedente,</strong></span> <span class='ocrx_word' id='word_1_259' title='bbox 1387 1660 1412 1690; x_wconf 88' lang='lat' dir='ltr'><strong>si</strong></span> <span class='ocrx_word' id='word_1_260' title='bbox 1435 1658 1571 1700; x_wconf 82' lang='lat' dir='ltr'><strong>quidem</strong></span> <span class='ocrx_word' id='word_1_261' title='bbox 1592 1658 1654 1691; x_wconf 84' lang='lat' dir='ltr'><strong>sint</strong></span> <span class='ocrx_word' id='word_1_262' title='bbox 1677 1659 1885 1700; x_wconf 82' lang='lat' dir='ltr'><strong>inchoativa,</strong></span> <span class='ocrx_word' id='word_1_263' title='bbox 1911 1661 2028 1694; x_wconf 87' lang='lat' dir='ltr'><strong>tertiae</strong></span> 
     </span>
     <span class='ocr_line' id='line_1_31' title="bbox 84 1705 2026 1757; baseline -0.001 -11"><span class='ocrx_word' id='word_1_264' title='bbox 84 1717 157 1746; x_wconf 83' lang='lat' dir='ltr'><strong>sunt</strong></span> <span class='ocrx_word' id='word_1_265' title='bbox 179 1713 248 1746; x_wconf 88' lang='lat' dir='ltr'><strong>sine</strong></span> <span class='ocrx_word' id='word_1_266' title='bbox 271 1712 394 1754; x_wconf 87' lang='lat' dir='ltr'><strong>dubio,</strong></span> <span class='ocrx_word' id='word_1_267' title='bbox 422 1722 484 1746; x_wconf 90' lang='lat' dir='ltr'><strong>ceu</strong></span> <span class='ocrx_word' id='word_1_268' title='bbox 502 1711 711 1757; x_wconf 87' lang='lat' dir='ltr'><strong>praedictum</strong></span> <span class='ocrx_word' id='word_1_269' title='bbox 735 1716 800 1753; x_wconf 90' lang='lat' dir='ltr'><strong>est,</strong></span> <span class='ocrx_word' id='word_1_270' title='bbox 836 1711 1096 1756; x_wconf 81' lang='lat' dir='ltr'><strong>coniugationis,</strong></span> <span class='ocrx_word' id='word_1_271' title='bbox 1127 1718 1164 1746; x_wconf 89' lang='lat' dir='ltr'><strong>ut</strong></span> <span class='ocrx_word' id='word_1_272' title='bbox 1183 1711 1343 1745; x_wconf 77' lang='lat' dir='ltr'><strong>horresco</strong></span> <span class='ocrx_word' id='word_1_273' title='bbox 1359 1705 1393 1750; x_wconf 82' lang='lat'><strong>⁴²,</strong></span> <span class='ocrx_word' id='word_1_274' title='bbox 1420 1712 1575 1753; x_wconf 78' lang='lat' dir='ltr'><strong>tepesco,</strong></span> <span class='ocrx_word' id='word_1_275' title='bbox 1603 1710 1756 1752; x_wconf 82' lang='lat' dir='ltr'><strong>calesco,</strong></span> <span class='ocrx_word' id='word_1_276' title='bbox 1784 1709 1958 1752; x_wconf 84' lang='lat' dir='ltr'><strong>erubesco,</strong></span> <span class='ocrx_word' id='word_1_277' title='bbox 1986 1712 2026 1753; x_wconf 78' lang='lat' dir='ltr'><strong>is,</strong></span> 
     </span>
    </p>
   </div>
   <div class='ocr_carea' id='block_1_3' title="bbox 1363 1041 1376 1062">
    <p class='ocr_par' dir='ltr' id='par_1_12' title="bbox 1363 1041 1376 1062">
     <span class='ocr_line' id='line_1_32' title="bbox 1363 1041 1376 1062; baseline 0 0"><span class='ocrx_word' id='word_1_278' title='bbox 1363 1041 1376 1062; x_wconf 66' lang='grc' dir='ltr'><strong>«Ι</strong></span> 
     </span>
    </p>
   </div>
   <div class='ocr_carea' id='block_1_4' title="bbox 1076 1792 2024 1834">
    <p class='ocr_par' dir='ltr' id='par_1_13' title="bbox 1076 1792 2024 1834">
     <span class='ocr_line' id='line_1_33' title="bbox 1076 1792 2024 1834; baseline 0 -10"><span class='ocrx_word' id='word_1_279' title='bbox 1076 1796 1160 1824; x_wconf 76' lang='lat' dir='ltr'><strong>verbi</strong></span> <span class='ocrx_word' id='word_1_280' title='bbox 1175 1795 1253 1824; x_wconf 79' lang='lat' dir='ltr'><strong>cam.</strong></span> <span class='ocrx_word' id='word_1_281' title='bbox 1272 1792 1400 1821; x_wconf 65' lang='lat' dir='ltr'><strong>verbialt·</strong></span> <span class='ocrx_word' id='word_1_282' title='bbox 1427 1792 1514 1820; x_wconf 85' lang='lat' dir='ltr'><strong>etiam</strong></span> <span class='ocrx_word' id='word_1_283' title='bbox 1537 1792 1608 1822; x_wconf 84' lang='lat' dir='ltr'><strong>Cod.</strong></span> <span class='ocrx_word' id='word_1_284' title='bbox 1630 1793 1708 1830; x_wconf 90' lang='lat' dir='ltr'><strong>quod</strong></span> <span class='ocrx_word' id='word_1_285' title='bbox 1733 1793 1942 1832; x_wconf 82' lang='lat' dir='ltr'><strong>corrigendum</strong></span> <span class='ocrx_word' id='word_1_286' title='bbox 1963 1806 2024 1834; x_wconf 91' lang='lat' dir='ltr'><strong>pu—</strong></span> 
     </span>
    </p>
   </div>
   <div class='ocr_carea' id='block_1_5' title="bbox 84 1795 2024 1875">
    <p class='ocr_par' dir='ltr' id='par_1_14' title="bbox 84 1795 2024 1875">
     <span class='ocr_line' id='line_1_34' title="bbox 84 1795 1034 1833; baseline -0.003 -8"><span class='ocrx_word' id='word_1_287' title='bbox 84 1807 124 1826; x_wconf 88' lang='lat' dir='ltr'><strong>m.</strong></span> <span class='ocrx_word' id='word_1_288' title='bbox 145 1796 262 1825; x_wconf 74' lang='lat' dir='ltr'><strong>indicat</strong></span> <span class='ocrx_word' id='word_1_289' title='bbox 289 1803 316 1825; x_wconf 87' lang='lat' dir='ltr'><strong>et</strong></span> <span class='ocrx_word' id='word_1_290' title='bbox 338 1795 435 1833; x_wconf 72' lang='lat' dir='ltr'><strong>illad3</strong></span> <span class='ocrx_word' id='word_1_291' title='bbox 460 1796 511 1825; x_wconf 88' lang='lat' dir='ltr'><strong>sed</strong></span> <span class='ocrx_word' id='word_1_292' title='bbox 531 1806 633 1825; x_wconf 86' lang='lat' dir='ltr'><strong>rasura</strong></span> <span class='ocrx_word' id='word_1_293' title='bbox 657 1807 734 1825; x_wconf 82' lang='lat' dir='ltr'><strong>corr.</strong></span> <span class='ocrx_word' id='word_1_294' title='bbox 758 1795 848 1823; x_wconf 84' lang='lat' dir='ltr'><strong>illum</strong></span> <span class='ocrx_word' id='word_1_295' title='bbox 873 1795 981 1824; x_wconf 82' lang='lat' dir='ltr'><strong>extrita</strong></span> <span class='ocrx_word' id='word_1_296' title='bbox 1007 1800 1034 1822; x_wconf 81' lang='lat' dir='ltr'><strong>et</strong></span> 
     </span>
     <span class='ocr_line' id='line_1_35' title="bbox 1077 1834 2024 1875; baseline 0.001 -12"><span class='ocrx_word' id='word_1_297' title='bbox 1077 1839 1147 1867; x_wconf 76' lang='lat' dir='ltr'><strong>tavi,</strong></span> <span class='ocrx_word' id='word_1_298' title='bbox 1175 1853 1209 1858; x_wconf 90' lang='lat'>—</span> <span class='ocrx_word' id='word_1_299' title='bbox 1241 1837 1291 1872; x_wconf 78' lang='lat'><strong>35)</strong></span> <span class='ocrx_word' id='word_1_300' title='bbox 1317 1836 1426 1864; x_wconf 65' lang='lat' dir='ltr'><strong>Galeas</strong></span> <span class='ocrx_word' id='word_1_301' title='bbox 1452 1835 1517 1862; x_wconf 80' lang='lat' dir='ltr'><strong>add.</strong></span> <span class='ocrx_word' id='word_1_302' title='bbox 1540 1834 1571 1862; x_wconf 86' lang='lat' dir='ltr'><strong>in</strong></span> <span class='ocrx_word' id='word_1_303' title='bbox 1594 1835 1672 1863; x_wconf 80' lang='lat' dir='ltr'><strong>Cam.</strong></span> <span class='ocrx_word' id='word_1_304' title='bbox 1696 1836 1728 1866; x_wconf 92' lang='lat' dir='ltr'><strong>P.</strong></span> <span class='ocrx_word' id='word_1_305' title='bbox 1751 1852 1792 1858; x_wconf 92' lang='grc'><strong>--</strong></span> <span class='ocrx_word' id='word_1_306' title='bbox 1818 1836 1864 1875; x_wconf 82' lang='grc'><strong>36)</strong></span> <span class='ocrx_word' id='word_1_307' title='bbox 1890 1839 2024 1867; x_wconf 69' lang='lat' dir='ltr'><strong>Truncas</strong></span> 
     </span>
    </p>
   </div>
   <div class='ocr_carea' id='block_1_6' title="bbox 86 1837 1033 1875">
    <p class='ocr_par' dir='ltr' id='par_1_15' title="bbox 86 1837 1033 1875">
     <span class='ocr_line' id='line_1_36' title="bbox 86 1837 1033 1875; baseline -0.002 -8"><span class='ocrx_word' id='word_1_308' title='bbox 86 1839 163 1868; x_wconf 86' lang='lat' dir='ltr'><strong>coni.</strong></span> <span class='ocrx_word' id='word_1_309' title='bbox 191 1841 285 1869; x_wconf 86' lang='lat' dir='ltr'><strong>Locus</strong></span> <span class='ocrx_word' id='word_1_310' title='bbox 309 1844 355 1868; x_wconf 84' lang='lat' dir='ltr'><strong>est</strong></span> <span class='ocrx_word' id='word_1_311' title='bbox 377 1839 465 1869; x_wconf 83' lang='lat' dir='ltr'><strong>ovid.</strong></span> <span class='ocrx_word' id='word_1_312' title='bbox 492 1839 560 1870; x_wconf 82' lang='lat' dir='ltr'><strong>Met.</strong></span> <span class='ocrx_word' id='word_1_313' title='bbox 588 1839 647 1875; x_wconf 86' lang='lat' dir='ltr'><strong>Xl,</strong></span> <span class='ocrx_word' id='word_1_314' title='bbox 675 1839 746 1870; x_wconf 91' lang='lat'>405.</span> <span class='ocrx_word' id='word_1_315' title='bbox 779 1855 814 1860; x_wconf 91' lang='lat'>—</span> <span class='ocrx_word' id='word_1_316' title='bbox 862 1841 906 1873; x_wconf 72' lang='lat'><strong>26)</strong></span> <span class='ocrx_word' id='word_1_317' title='bbox 938 1837 1033 1866; x_wconf 83' lang='lat' dir='ltr'><strong>Libro</strong></span> 
     </span>
    </p>
   </div>
   <div class='ocr_carea' id='block_1_7' title="bbox 86 1876 2022 1920">
    <p class='ocr_par' dir='ltr' id='par_1_16' title="bbox 86 1876 2022 1920">
     <span class='ocr_line' id='line_1_37' title="bbox 86 1876 2022 1920; baseline -0.005 -9"><span class='ocrx_word' id='word_1_318' title='bbox 86 1881 200 1911; x_wconf 81' lang='lat' dir='ltr'><strong>addunt</strong></span> <span class='ocrx_word' id='word_1_319' title='bbox 219 1883 296 1911; x_wconf 86' lang='lat' dir='ltr'><strong>Cam.</strong></span> <span class='ocrx_word' id='word_1_320' title='bbox 315 1883 346 1912; x_wconf 92' lang='lat' dir='ltr'><strong>P.</strong></span> <span class='ocrx_word' id='word_1_321' title='bbox 369 1899 407 1904; x_wconf 90' lang='lat'><strong>——-</strong></span> <span class='ocrx_word' id='word_1_322' title='bbox 441 1879 489 1920; x_wconf 77' lang='lat'><strong>27)</strong></span> <span class='ocrx_word' id='word_1_323' title='bbox 514 1881 601 1910; x_wconf 85' lang='lat' dir='ltr'><strong>Ovid.</strong></span> <span class='ocrx_word' id='word_1_324' title='bbox 625 1881 695 1910; x_wconf 84' lang='lat' dir='ltr'><strong>Met.</strong></span> <span class='ocrx_word' id='word_1_325' title='bbox 716 1880 781 1916; x_wconf 88' lang='lat' dir='ltr'><strong>XV,</strong></span> <span class='ocrx_word' id='word_1_326' title='bbox 805 1880 875 1912; x_wconf 88' lang='lat'>596.</span> <span class='ocrx_word' id='word_1_327' title='bbox 903 1880 937 1908; x_wconf 80' lang='lat' dir='ltr'><strong>lu</strong></span> <span class='ocrx_word' id='word_1_328' title='bbox 960 1879 1033 1908; x_wconf 92' lang='lat' dir='ltr'><strong>Cod.</strong></span> <span class='ocrx_word' id='word_1_329' title='bbox 1078 1880 1144 1908; x_wconf 84' lang='lat' dir='ltr'><strong>add.</strong></span> <span class='ocrx_word' id='word_1_330' title='bbox 1161 1879 1190 1907; x_wconf 89' lang='lat' dir='ltr'><strong>in</strong></span> <span class='ocrx_word' id='word_1_331' title='bbox 1208 1879 1286 1906; x_wconf 82' lang='lat' dir='ltr'><strong>Cam.</strong></span> <span class='ocrx_word' id='word_1_332' title='bbox 1306 1878 1335 1906; x_wconf 91' lang='lat' dir='ltr'><strong>P.</strong></span> <span class='ocrx_word' id='word_1_333' title='bbox 1358 1893 1400 1899; x_wconf 93' lang='lat'><strong>—</strong></span> <span class='ocrx_word' id='word_1_334' title='bbox 1420 1877 1467 1915; x_wconf 86' lang='lat'><strong>37)</strong></span> <span class='ocrx_word' id='word_1_335' title='bbox 1480 1876 1575 1905; x_wconf 83' lang='lat' dir='ltr'><strong>Libro</strong></span> <span class='ocrx_word' id='word_1_336' title='bbox 1596 1877 1663 1907; x_wconf 82' lang='lat' dir='ltr'><em>VII.</em></span> <span class='ocrx_word' id='word_1_337' title='bbox 1687 1878 1765 1906; x_wconf 78' lang='lat' dir='ltr'><strong>Cam,</strong></span> <span class='ocrx_word' id='word_1_338' title='bbox 1789 1879 1818 1907; x_wconf 82' lang='grc' dir='ltr'><strong>Ρ,</strong></span> <span class='ocrx_word' id='word_1_339' title='bbox 1839 1880 1928 1908; x_wconf 68' lang='lat' dir='ltr'><strong>Recte</strong></span> <span class='ocrx_word' id='word_1_340' title='bbox 1953 1881 2022 1910; x_wconf 66' lang='lat' dir='ltr'><strong>cod,</strong></span> 
     </span>
    </p>
   </div>
   <div class='ocr_carea' id='block_1_8' title="bbox 85 1922 1035 2177">
    <p class='ocr_par' dir='ltr' id='par_1_17' title="bbox 85 1922 1035 2177">
     <span class='ocr_line' id='line_1_38' title="bbox 86 1922 1035 1964; baseline -0.004 -11"><span class='ocrx_word' id='word_1_341' title='bbox 86 1935 102 1954; x_wconf 82' lang='lat' dir='ltr'><strong>a</strong></span> <span class='ocrx_word' id='word_1_342' title='bbox 123 1935 169 1963; x_wconf 88' lang='lat' dir='ltr'><strong>pr.</strong></span> <span class='ocrx_word' id='word_1_343' title='bbox 193 1934 232 1952; x_wconf 88' lang='lat' dir='ltr'><strong>m.</strong></span> <span class='ocrx_word' id='word_1_344' title='bbox 257 1929 300 1953; x_wconf 81' lang='lat' dir='ltr'><strong>est</strong></span> <span class='ocrx_word' id='word_1_345' title='bbox 319 1926 429 1964; x_wconf 82' lang='lat' dir='ltr'><strong>geritq.</strong></span> <span class='ocrx_word' id='word_1_346' title='bbox 446 1924 516 1963; x_wconf 90' lang='lat' dir='ltr'><strong>(sic)</strong></span> <span class='ocrx_word' id='word_1_347' title='bbox 538 1924 621 1952; x_wconf 68' lang='lat' dir='ltr'><strong>vobis</strong></span> <span class='ocrx_word' id='word_1_348' title='bbox 644 1924 696 1951; x_wconf 74' lang='lat' dir='ltr'><strong>ille</strong></span> <span class='ocrx_word' id='word_1_349' title='bbox 720 1922 856 1958; x_wconf 76' lang='lat' dir='ltr'><strong>indicat5</strong></span> <span class='ocrx_word' id='word_1_350' title='bbox 885 1922 936 1950; x_wconf 88' lang='lat' dir='ltr'><strong>sed</strong></span> <span class='ocrx_word' id='word_1_351' title='bbox 966 1932 1035 1950; x_wconf 89' lang='lat' dir='ltr'><strong>cor-</strong></span> 
     </span>
     <span class='ocr_line' id='line_1_39' title="bbox 85 1963 1034 2006; baseline -0.005 -11"><span class='ocrx_word' id='word_1_352' title='bbox 85 1971 199 1997; x_wconf 85' lang='lat' dir='ltr'><strong>rectum</strong></span> <span class='ocrx_word' id='word_1_353' title='bbox 223 1967 302 2005; x_wconf 83' lang='lat' dir='ltr'><strong>gerit</strong></span> <span class='ocrx_word' id='word_1_354' title='bbox 325 1977 429 2006; x_wconf 84' lang='lat' dir='ltr'><strong>quem,</strong></span> <span class='ocrx_word' id='word_1_355' title='bbox 457 1971 492 1994; x_wconf 90' lang='lat' dir='ltr'><strong>ut</strong></span> <span class='ocrx_word' id='word_1_356' title='bbox 513 1971 556 1995; x_wconf 89' lang='lat' dir='ltr'><strong>est</strong></span> <span class='ocrx_word' id='word_1_357' title='bbox 583 1966 662 2005; x_wconf 82' lang='lat' dir='ltr'><strong>apud</strong></span> <span class='ocrx_word' id='word_1_358' title='bbox 687 1965 844 2001; x_wconf 81' lang='lat' dir='ltr'><strong>Ovidium,</strong></span> <span class='ocrx_word' id='word_1_359' title='bbox 876 1969 905 1992; x_wconf 87' lang='lat' dir='ltr'><strong>et</strong></span> <span class='ocrx_word' id='word_1_360' title='bbox 930 1973 957 1992; x_wconf 81' lang='lat' dir='ltr'><strong>v.</strong></span> <span class='ocrx_word' id='word_1_361' title='bbox 982 1963 1034 1990; x_wconf 85' lang='lat' dir='ltr'><strong>ille</strong></span> 
     </span>
     <span class='ocr_line' id='line_1_40' title="bbox 87 2004 1032 2049; baseline -0.007 -11"><span class='ocrx_word' id='word_1_362' title='bbox 87 2013 280 2049; x_wconf 84' lang='lat' dir='ltr'><strong>expunctum.</strong></span> <span class='ocrx_word' id='word_1_363' title='bbox 334 2010 420 2047; x_wconf 80' lang='lat' dir='ltr'><strong>Quae</strong></span> <span class='ocrx_word' id='word_1_364' title='bbox 442 2009 522 2039; x_wconf 83' lang='lat' dir='ltr'><strong>Cam.</strong></span> <span class='ocrx_word' id='word_1_365' title='bbox 550 2009 581 2037; x_wconf 89' lang='lat' dir='ltr'><strong>P.</strong></span> <span class='ocrx_word' id='word_1_366' title='bbox 609 2009 745 2037; x_wconf 83' lang='lat' dir='ltr'><strong>Ceterum</strong></span> <span class='ocrx_word' id='word_1_367' title='bbox 778 2007 808 2035; x_wconf 88' lang='lat' dir='ltr'><strong>in</strong></span> <span class='ocrx_word' id='word_1_368' title='bbox 837 2006 922 2034; x_wconf 78' lang='lat' dir='ltr'><strong>editis</strong></span> <span class='ocrx_word' id='word_1_369' title='bbox 952 2004 1032 2042; x_wconf 84' lang='lat' dir='ltr'><strong>apud</strong></span> 
     </span>
     <span class='ocr_line' id='line_1_41' title="bbox 87 2047 1034 2090; baseline -0.011 -7"><span class='ocrx_word' id='word_1_370' title='bbox 87 2052 147 2083; x_wconf 85' lang='lat' dir='ltr'><strong>OV.</strong></span> <span class='ocrx_word' id='word_1_371' title='bbox 169 2061 289 2090; x_wconf 77' lang='lat' dir='ltr'><strong>augur,</strong></span> <span class='ocrx_word' id='word_1_372' title='bbox 315 2061 370 2090; x_wconf 84' lang='lat' dir='ltr'><strong>pro</strong></span> <span class='ocrx_word' id='word_1_373' title='bbox 395 2056 510 2080; x_wconf 76' lang='lat' dir='ltr'><strong>auctor.</strong></span> <span class='ocrx_word' id='word_1_374' title='bbox 539 2067 581 2072; x_wconf 91' lang='lat'><strong>-—</strong></span> <span class='ocrx_word' id='word_1_375' title='bbox 607 2053 658 2087; x_wconf 69' lang='lat'><strong>28)</strong></span> <span class='ocrx_word' id='word_1_376' title='bbox 688 2050 893 2078; x_wconf 67' lang='lat' dir='ltr'><strong>Praeteritum</strong></span> <span class='ocrx_word' id='word_1_377' title='bbox 919 2047 1034 2074; x_wconf 80' lang='lat' dir='ltr'><strong>addunt</strong></span> 
     </span>
     <span class='ocr_line' id='line_1_42' title="bbox 87 2087 1033 2132; baseline -0.01 -9"><span class='ocrx_word' id='word_1_378' title='bbox 87 2095 168 2124; x_wconf 86' lang='lat' dir='ltr'><strong>Cam.</strong></span> <span class='ocrx_word' id='word_1_379' title='bbox 185 2099 214 2123; x_wconf 82' lang='lat' dir='ltr'><strong>et</strong></span> <span class='ocrx_word' id='word_1_380' title='bbox 233 2094 265 2124; x_wconf 91' lang='lat' dir='ltr'><strong>P.</strong></span> <span class='ocrx_word' id='word_1_381' title='bbox 289 2109 329 2114; x_wconf 90' lang='lat'><strong>—-</strong></span> <span class='ocrx_word' id='word_1_382' title='bbox 351 2096 395 2127; x_wconf 75' lang='lat'><strong>29)</strong></span> <span class='ocrx_word' id='word_1_383' title='bbox 415 2094 618 2132; x_wconf 74' lang='lat' dir='ltr'><strong>Simplicitate</strong></span> <span class='ocrx_word' id='word_1_384' title='bbox 639 2093 718 2120; x_wconf 82' lang='lat' dir='ltr'><strong>solus</strong></span> <span class='ocrx_word' id='word_1_385' title='bbox 732 2093 763 2121; x_wconf 86' lang='lat' dir='ltr'><strong>P.</strong></span> <span class='ocrx_word' id='word_1_386' title='bbox 785 2107 826 2111; x_wconf 92' lang='lat'>—</span> <span class='ocrx_word' id='word_1_387' title='bbox 848 2090 896 2126; x_wconf 85' lang='lat'><strong>30)</strong></span> <span class='ocrx_word' id='word_1_388' title='bbox 926 2089 963 2116; x_wconf 80' lang='lat' dir='ltr'><strong>Ut</strong></span> <span class='ocrx_word' id='word_1_389' title='bbox 985 2087 1033 2115; x_wconf 77' lang='lat' dir='ltr'><strong>in—</strong></span> 
     </span>
     <span class='ocr_line' id='line_1_43' title="bbox 86 2134 1035 2177; baseline -0.012 -10"><span class='ocrx_word' id='word_1_390' title='bbox 86 2141 251 2177; x_wconf 87' lang='lat' dir='ltr'><strong>terponunt</strong></span> <span class='ocrx_word' id='word_1_391' title='bbox 268 2135 346 2164; x_wconf 79' lang='lat' dir='ltr'><strong>Cam.</strong></span> <span class='ocrx_word' id='word_1_392' title='bbox 368 2135 400 2165; x_wconf 90' lang='lat' dir='ltr'><strong>P.</strong></span> <span class='ocrx_word' id='word_1_393' title='bbox 423 2152 462 2158; x_wconf 58' lang='grc' dir='ltr'><strong>-ν-</strong></span> <span class='ocrx_word' id='word_1_394' title='bbox 489 2138 536 2172; x_wconf 84' lang='lat'><strong>31)</strong></span> <span class='ocrx_word' id='word_1_395' title='bbox 566 2137 673 2164; x_wconf 80' lang='lat' dir='ltr'><strong>Tamen</strong></span> <span class='ocrx_word' id='word_1_396' title='bbox 694 2135 726 2163; x_wconf 88' lang='lat' dir='ltr'><strong>P.</strong></span> <span class='ocrx_word' id='word_1_397' title='bbox 751 2134 784 2161; x_wconf 83' lang='lat' dir='ltr'><strong>in</strong></span> <span class='ocrx_word' id='word_1_398' title='bbox 808 2142 848 2160; x_wconf 85' lang='lat' dir='ltr'><strong>un</strong></span> <span class='ocrx_word' id='word_1_399' title='bbox 858 2141 915 2158; x_wconf 78' lang='lat' dir='ltr'><strong>am</strong></span> <span class='ocrx_word' id='word_1_400' title='bbox 935 2136 1035 2158; x_wconf 75' lang='lat' dir='ltr'><strong>tamen</strong></span> 
     </span>
    </p>
   </div>
   <div class='ocr_carea' id='block_1_9' title="bbox 88 2195 1035 2436">
    <p class='ocr_par' dir='ltr' id='par_1_18' title="bbox 88 2195 1035 2436">
     <span class='ocr_line' id='line_1_44' title="bbox 997 2195 1035 2214; baseline 0 0"><span class='ocrx_word' id='word_1_401' title='bbox 997 2195 1035 2214; x_wconf 76' lang='lat' dir='ltr'><strong>tm</strong></span> 
     </span>
     <span class='ocr_line' id='line_1_45' title="bbox 88 2221 994 2259; baseline -0.012 0"><span class='ocrx_word' id='word_1_402' title='bbox 88 2231 169 2259; x_wconf 85' lang='lat' dir='ltr'><strong>Cam.</strong></span> <span class='ocrx_word' id='word_1_403' title='bbox 193 2230 329 2258; x_wconf 82' lang='lat' dir='ltr'><strong>Ceterum</strong></span> <span class='ocrx_word' id='word_1_404' title='bbox 353 2226 424 2256; x_wconf 83' lang='lat' dir='ltr'><strong>eod.</strong></span> <span class='ocrx_word' id='word_1_405' title='bbox 447 2226 571 2256; x_wconf 83' lang='lat' dir='ltr'><strong>vitiose:</strong></span> <span class='ocrx_word' id='word_1_406' title='bbox 607 2226 699 2255; x_wconf 78' lang='lat' dir='ltr'><strong>educo</strong></span> <span class='ocrx_word' id='word_1_407' title='bbox 730 2223 798 2252; x_wconf 80' lang='lat' dir='ltr'><strong>inde</strong></span> <span class='ocrx_word' id='word_1_408' title='bbox 829 2221 932 2250; x_wconf 68' lang='lat' dir='ltr'><strong>educis</strong></span> <span class='ocrx_word' id='word_1_409' title='bbox 960 2232 994 2249; x_wconf 78' lang='lat' dir='ltr'><strong>ex</strong></span> 
     </span>
     <span class='ocr_line' id='line_1_46' title="bbox 88 2267 1035 2311; baseline -0.012 -9"><span class='ocrx_word' id='word_1_410' title='bbox 88 2273 145 2302; x_wconf 79' lang='lat' dir='ltr'><strong>hoc</strong></span> <span class='ocrx_word' id='word_1_411' title='bbox 163 2271 232 2311; x_wconf 89' lang='lat' dir='ltr'><strong>(sic)</strong></span> <span class='ocrx_word' id='word_1_412' title='bbox 255 2273 286 2299; x_wconf 79' lang='lat' dir='ltr'><strong>in</strong></span> <span class='ocrx_word' id='word_1_413' title='bbox 312 2280 375 2298; x_wconf 78' lang='lat' dir='ltr'><strong>una</strong></span> <span class='ocrx_word' id='word_1_414' title='bbox 395 2274 523 2297; x_wconf 75' lang='lat' dir='ltr'><strong>tantum.</strong></span> <span class='ocrx_word' id='word_1_415' title='bbox 550 2285 591 2291; x_wconf 89' lang='lat'><strong>—</strong></span> <span class='ocrx_word' id='word_1_416' title='bbox 618 2267 665 2308; x_wconf 70' lang='lat'><strong>32)</strong></span> <span class='ocrx_word' id='word_1_417' title='bbox 691 2269 720 2296; x_wconf 88' lang='lat' dir='ltr'><strong>P.</strong></span> <span class='ocrx_word' id='word_1_418' title='bbox 741 2268 818 2295; x_wconf 83' lang='lat' dir='ltr'><strong>Cam.</strong></span> <span class='ocrx_word' id='word_1_419' title='bbox 844 2270 871 2292; x_wconf 76' lang='lat' dir='ltr'><strong>et</strong></span> <span class='ocrx_word' id='word_1_420' title='bbox 893 2274 961 2292; x_wconf 83' lang='lat' dir='ltr'><strong>cum</strong></span> <span class='ocrx_word' id='word_1_421' title='bbox 983 2275 1035 2292; x_wconf 72' lang='lat' dir='ltr'><strong>so-</strong></span> 
     </span>
     <span class='ocr_line' id='line_1_47' title="bbox 89 2307 1035 2349; baseline -0.011 -5"><span class='ocrx_word' id='word_1_422' title='bbox 89 2316 163 2344; x_wconf 83' lang='lat' dir='ltr'><strong>lum.</strong></span> <span class='ocrx_word' id='word_1_423' title='bbox 186 2315 219 2343; x_wconf 86' lang='lat' dir='ltr'><strong>In</strong></span> <span class='ocrx_word' id='word_1_424' title='bbox 238 2313 308 2342; x_wconf 86' lang='lat' dir='ltr'><strong>cod.</strong></span> <span class='ocrx_word' id='word_1_425' title='bbox 326 2318 352 2340; x_wconf 81' lang='lat' dir='ltr'><strong>et</strong></span> <span class='ocrx_word' id='word_1_426' title='bbox 376 2311 406 2339; x_wconf 67' lang='lat' dir='ltr'><strong>iii</strong></span> <span class='ocrx_word' id='word_1_427' title='bbox 427 2311 493 2349; x_wconf 88' lang='lat' dir='ltr'><strong>(sic)</strong></span> <span class='ocrx_word' id='word_1_428' title='bbox 519 2316 584 2339; x_wconf 82' lang='lat' dir='ltr'><strong>tum</strong></span> <span class='ocrx_word' id='word_1_429' title='bbox 605 2312 713 2339; x_wconf 72' lang='lat' dir='ltr'><strong>solum.</strong></span> <span class='ocrx_word' id='word_1_430' title='bbox 735 2307 946 2347; x_wconf 79' lang='lat' dir='ltr'><strong>Recipiendum</strong></span> <span class='ocrx_word' id='word_1_431' title='bbox 972 2311 1035 2335; x_wconf 86' lang='lat' dir='ltr'><strong>erat</strong></span> 
     </span>
     <span class='ocr_line' id='line_1_48' title="bbox 89 2350 1032 2394; baseline -0.012 -7"><span class='ocrx_word' id='word_1_432' title='bbox 89 2363 163 2387; x_wconf 73' lang='lat' dir='ltr'><strong>tum.</strong></span> <span class='ocrx_word' id='word_1_433' title='bbox 185 2373 227 2379; x_wconf 90' lang='lat'><strong>-—</strong></span> <span class='ocrx_word' id='word_1_434' title='bbox 247 2356 295 2394; x_wconf 79' lang='lat'><strong>33)</strong></span> <span class='ocrx_word' id='word_1_435' title='bbox 317 2355 353 2383; x_wconf 72' lang='lat' dir='ltr'><strong>ln</strong></span> <span class='ocrx_word' id='word_1_436' title='bbox 372 2354 439 2383; x_wconf 83' lang='lat' dir='ltr'><strong>add.</strong></span> <span class='ocrx_word' id='word_1_437' title='bbox 462 2353 540 2382; x_wconf 78' lang='lat' dir='ltr'><strong>Cam.</strong></span> <span class='ocrx_word' id='word_1_438' title='bbox 565 2353 595 2382; x_wconf 91' lang='lat' dir='ltr'><strong>P.</strong></span> <span class='ocrx_word' id='word_1_439' title='bbox 623 2354 716 2380; x_wconf 84' lang='lat' dir='ltr'><strong>Locus</strong></span> <span class='ocrx_word' id='word_1_440' title='bbox 737 2351 813 2388; x_wconf 71' lang='lat' dir='ltr'><strong>Virg.</strong></span> <span class='ocrx_word' id='word_1_441' title='bbox 833 2354 875 2378; x_wconf 76' lang='lat' dir='ltr'><strong>est</strong></span> <span class='ocrx_word' id='word_1_442' title='bbox 901 2350 971 2377; x_wconf 84' lang='lat' dir='ltr'><strong>Aen.</strong></span> <span class='ocrx_word' id='word_1_443' title='bbox 995 2350 1032 2386; x_wconf 89' lang='lat' dir='ltr'><strong>X,</strong></span> 
     </span>
     <span class='ocr_line' id='line_1_49' title="bbox 89 2391 1034 2436; baseline -0.01 -8"><span class='ocrx_word' id='word_1_444' title='bbox 89 2401 161 2433; x_wconf 86' lang='lat'><strong>518.</strong></span> <span class='ocrx_word' id='word_1_445' title='bbox 192 2415 232 2421; x_wconf 92' lang='lat'><strong>—</strong></span> <span class='ocrx_word' id='word_1_446' title='bbox 263 2397 311 2436; x_wconf 77' lang='lat'><strong>34)</strong></span> <span class='ocrx_word' id='word_1_447' title='bbox 334 2396 510 2425; x_wconf 78' lang='lat' dir='ltr'><strong>Deductum</strong></span> <span class='ocrx_word' id='word_1_448' title='bbox 533 2395 661 2424; x_wconf 83' lang='lat' dir='ltr'><strong>intrudit</strong></span> <span class='ocrx_word' id='word_1_449' title='bbox 684 2393 762 2422; x_wconf 84' lang='lat' dir='ltr'><strong>solus</strong></span> <span class='ocrx_word' id='word_1_450' title='bbox 786 2394 817 2422; x_wconf 81' lang='lat'><strong>1‘.</strong></span> <span class='ocrx_word' id='word_1_451' title='bbox 860 2391 894 2420; x_wconf 89' lang='lat' dir='ltr'><em>A</em></span> <span class='ocrx_word' id='word_1_452' title='bbox 915 2393 1034 2420; x_wconf 84' lang='lat' dir='ltr'><strong>nomine</strong></span> 
     </span>
    </p>
   </div>
   <div class='ocr_carea' id='block_1_10' title="bbox 133 2447 429 2480">
    <p class='ocr_par' dir='ltr' id='par_1_19' title="bbox 133 2447 429 2480">
     <span class='ocr_line' id='line_1_50' title="bbox 133 2447 429 2480; baseline -0.01 0"><span class='ocrx_word' id='word_1_453' title='bbox 133 2451 294 2480; x_wconf 68' lang='lat' dir='ltr'><strong>Gnmnmr.</strong></span> <span class='ocrx_word' id='word_1_454' title='bbox 316 2458 385 2478; x_wconf 80' lang='lat' dir='ltr'><strong>LAT.</strong></span> <span class='ocrx_word' id='word_1_455' title='bbox 409 2447 429 2477; x_wconf 92' lang='lat'><strong>1.</strong></span> 
     </span>
    </p>
   </div>
   <div class='ocr_carea' id='block_1_11' title="bbox 1074 1919 2057 2387">
    <p class='ocr_par' dir='ltr' id='par_1_20' title="bbox 1074 1919 2057 2387">
     <span class='ocr_line' id='line_1_51' title="bbox 1078 1919 2022 1962; baseline -0.005 -12"><span class='ocrx_word' id='word_1_456' title='bbox 1078 1931 1234 1951; x_wconf 83' lang='lat' dir='ltr'><strong>numerum</strong></span> <span class='ocrx_word' id='word_1_457' title='bbox 1258 1919 1386 1950; x_wconf 82' lang='lat' dir='ltr'><strong>exhibet.</strong></span> <span class='ocrx_word' id='word_1_458' title='bbox 1417 1919 1470 1947; x_wconf 89' lang='lat' dir='ltr'><strong>Est</strong></span> <span class='ocrx_word' id='word_1_459' title='bbox 1492 1919 1570 1948; x_wconf 83' lang='lat' dir='ltr'><strong>enim</strong></span> <span class='ocrx_word' id='word_1_460' title='bbox 1593 1920 1663 1948; x_wconf 84' lang='lat' dir='ltr'><strong>libri</strong></span> <span class='ocrx_word' id='word_1_461' title='bbox 1694 1921 1741 1957; x_wconf 80' lang='lat' dir='ltr'><strong>VI,</strong></span> <span class='ocrx_word' id='word_1_462' title='bbox 1769 1931 1798 1949; x_wconf 86' lang='lat' dir='ltr'><strong>v.</strong></span> <span class='ocrx_word' id='word_1_463' title='bbox 1819 1923 1889 1953; x_wconf 79' lang='lat'><strong>584,</strong></span> <span class='ocrx_word' id='word_1_464' title='bbox 1914 1940 1950 1944; x_wconf 86' lang='grc'><strong>-.</strong></span> <span class='ocrx_word' id='word_1_465' title='bbox 1975 1923 2022 1962; x_wconf 77' lang='grc'><strong>38)</strong></span> 
     </span>
     <span class='ocr_line' id='line_1_52' title="bbox 1078 1961 2022 2001; baseline 0 -8"><span class='ocrx_word' id='word_1_466' title='bbox 1078 1965 1152 1993; x_wconf 83' lang='lat' dir='ltr'><strong>Male</strong></span> <span class='ocrx_word' id='word_1_467' title='bbox 1181 1973 1208 1991; x_wconf 87' lang='lat' dir='ltr'><strong>v.</strong></span> <span class='ocrx_word' id='word_1_468' title='bbox 1236 1962 1311 1990; x_wconf 84' lang='lat' dir='ltr'><strong>bello</strong></span> <span class='ocrx_word' id='word_1_469' title='bbox 1338 1962 1389 1990; x_wconf 84' lang='lat' dir='ltr'><strong>hic</strong></span> <span class='ocrx_word' id='word_1_470' title='bbox 1409 1961 1605 2000; x_wconf 83' lang='lat' dir='ltr'><strong>interponunt</strong></span> <span class='ocrx_word' id='word_1_471' title='bbox 1632 1962 1713 1992; x_wconf 85' lang='lat' dir='ltr'><strong>Cam.</strong></span> <span class='ocrx_word' id='word_1_472' title='bbox 1741 1964 1768 1992; x_wconf 81' lang='lat' dir='ltr'><strong>P.</strong></span> <span class='ocrx_word' id='word_1_473' title='bbox 1800 1973 1888 2001; x_wconf 87' lang='lat' dir='ltr'><strong>quam</strong></span> <span class='ocrx_word' id='word_1_474' title='bbox 1917 1975 2022 1994; x_wconf 83' lang='lat' dir='ltr'><strong>vocem</strong></span> 
     </span>
     <span class='ocr_line' id='line_1_53' title="bbox 1076 2004 2020 2045; baseline 0.002 -10"><span class='ocrx_word' id='word_1_475' title='bbox 1076 2008 1214 2042; x_wconf 65' lang='lat' dir='ltr'><strong>ignorant</strong></span> <span class='ocrx_word' id='word_1_476' title='bbox 1237 2005 1306 2033; x_wconf 84' lang='lat' dir='ltr'><strong>cod.</strong></span> <span class='ocrx_word' id='word_1_477' title='bbox 1328 2009 1357 2033; x_wconf 80' lang='lat' dir='ltr'><strong>et</strong></span> <span class='ocrx_word' id='word_1_478' title='bbox 1377 2004 1450 2034; x_wconf 87' lang='lat' dir='ltr'><strong>Edd.</strong></span> <span class='ocrx_word' id='word_1_479' title='bbox 1475 2004 1603 2040; x_wconf 86' lang='lat' dir='ltr'><strong>Lucani,</strong></span> <span class='ocrx_word' id='word_1_480' title='bbox 1635 2006 1682 2033; x_wconf 88' lang='lat' dir='ltr'><strong>ubi</strong></span> <span class='ocrx_word' id='word_1_481' title='bbox 1704 2015 1807 2034; x_wconf 82' lang='lat' dir='ltr'><strong>versus</strong></span> <span class='ocrx_word' id='word_1_482' title='bbox 1833 2007 1874 2034; x_wconf 92' lang='lat' dir='ltr'><strong>sic</strong></span> <span class='ocrx_word' id='word_1_483' title='bbox 1896 2007 2020 2045; x_wconf 82' lang='lat' dir='ltr'><strong>legitur:</strong></span> 
     </span>
     <span class='ocr_line' id='line_1_54' title="bbox 1077 2047 2022 2087; baseline 0 -9"><span class='ocrx_word' id='word_1_484' title='bbox 1077 2049 1234 2086; x_wconf 79' lang='lat' dir='ltr'><strong>Sanguine</strong></span> <span class='ocrx_word' id='word_1_485' title='bbox 1241 2059 1250 2083; x_wconf 87' lang='lat'><strong>‚·</strong></span> <span class='ocrx_word' id='word_1_486' title='bbox 1273 2057 1427 2075; x_wconf 72' lang='lat' dir='ltr'><strong>caesorum</strong></span> <span class='ocrx_word' id='word_1_487' title='bbox 1445 2052 1585 2075; x_wconf 80' lang='lat' dir='ltr'><strong>truncare</strong></span> <span class='ocrx_word' id='word_1_488' title='bbox 1605 2047 1754 2076; x_wconf 74' lang='lat' dir='ltr'><strong>cadavera</strong></span> <span class='ocrx_word' id='word_1_489' title='bbox 1774 2059 1888 2087; x_wconf 77' lang='lat' dir='ltr'><strong>regum.</strong></span> <span class='ocrx_word' id='word_1_490' title='bbox 1910 2065 1952 2071; x_wconf 89' lang='lat'><strong>—-</strong></span> <span class='ocrx_word' id='word_1_491' title='bbox 1973 2053 2022 2086; x_wconf 81' lang='lat'><strong>39)</strong></span> 
     </span>
     <span class='ocr_line' id='line_1_55' title="bbox 1079 2088 2022 2129; baseline 0 -9"><span class='ocrx_word' id='word_1_492' title='bbox 1079 2092 1110 2120; x_wconf 84' lang='lat' dir='ltr'><strong>lu</strong></span> <span class='ocrx_word' id='word_1_493' title='bbox 1132 2090 1204 2119; x_wconf 85' lang='lat' dir='ltr'><strong>eod.</strong></span> <span class='ocrx_word' id='word_1_494' title='bbox 1231 2099 1318 2128; x_wconf 86' lang='lat' dir='ltr'><strong>supra</strong></span> <span class='ocrx_word' id='word_1_495' title='bbox 1340 2099 1369 2118; x_wconf 86' lang='lat' dir='ltr'><strong>v.</strong></span> <span class='ocrx_word' id='word_1_496' title='bbox 1387 2088 1537 2128; x_wconf 69' lang='lat' dir='ltr'><strong>Adelphis</strong></span> <span class='ocrx_word' id='word_1_497' title='bbox 1557 2089 1668 2119; x_wconf 84' lang='lat' dir='ltr'><strong>insulsa</strong></span> <span class='ocrx_word' id='word_1_498' title='bbox 1690 2091 1797 2128; x_wconf 79' lang='lat' dir='ltr'><strong>legitur</strong></span> <span class='ocrx_word' id='word_1_499' title='bbox 1821 2091 1930 2128; x_wconf 73' lang='lat' dir='ltr'><strong>glossa:</strong></span> <span class='ocrx_word' id='word_1_500' title='bbox 1944 2092 2022 2129; x_wconf 80' lang='lat' dir='ltr'><strong>fra-</strong></span> 
     </span>
     <span class='ocr_line' id='line_1_56' title="bbox 1077 2132 2019 2170; baseline 0 -8"><span class='ocrx_word' id='word_1_501' title='bbox 1077 2135 1167 2162; x_wconf 73' lang='lat' dir='ltr'><strong>terni-⁵</strong></span> <span class='ocrx_word' id='word_1_502' title='bbox 1186 2132 1354 2170; x_wconf 62' lang='lat' dir='ltr'><strong>«scripturis.</strong></span> <span class='ocrx_word' id='word_1_503' title='bbox 1377 2133 1512 2160; x_wconf 85' lang='lat' dir='ltr'><strong>Ceterum</strong></span> <span class='ocrx_word' id='word_1_504' title='bbox 1529 2134 1637 2170; x_wconf 73' lang='lat' dir='ltr'><strong>posuit</strong></span> <span class='ocrx_word' id='word_1_505' title='bbox 1658 2132 1776 2161; x_wconf 69' lang='lat' dir='ltr'><strong>exhibet</strong></span> <span class='ocrx_word' id='word_1_506' title='bbox 1791 2133 1870 2161; x_wconf 83' lang='lat' dir='ltr'><strong>solus</strong></span> <span class='ocrx_word' id='word_1_507' title='bbox 1890 2134 1921 2162; x_wconf 92' lang='lat' dir='ltr'><strong>P.</strong></span> <span class='ocrx_word' id='word_1_508' title='bbox 1943 2134 2019 2162; x_wconf 86' lang='lat' dir='ltr'><strong>Tum</strong></span> 
     </span>
     <span class='ocr_line' id='line_1_57' title="bbox 1076 2175 2057 2214; baseline -0.001 -9"><span class='ocrx_word' id='word_1_509' title='bbox 1076 2177 1108 2205; x_wconf 88' lang='lat' dir='ltr'><strong>in</strong></span> <span class='ocrx_word' id='word_1_510' title='bbox 1126 2175 1195 2204; x_wconf 88' lang='lat' dir='ltr'><strong>Cod.</strong></span> <span class='ocrx_word' id='word_1_511' title='bbox 1211 2185 1238 2204; x_wconf 90' lang='lat' dir='ltr'><strong>v.</strong></span> <span class='ocrx_word' id='word_1_512' title='bbox 1254 2175 1359 2203; x_wconf 65' lang='lat' dir='ltr'><strong>Nescis</strong></span> <span class='ocrx_word' id='word_1_513' title='bbox 1376 2175 1442 2203; x_wconf 85' lang='lat' dir='ltr'><strong>voci</strong></span> <span class='ocrx_word' id='word_1_514' title='bbox 1459 2176 1589 2202; x_wconf 73' lang='lat' dir='ltr'><strong>inescare</strong></span> <span class='ocrx_word' id='word_1_515' title='bbox 1606 2186 1622 2202; x_wconf 86' lang='lat' dir='ltr'><strong>a</strong></span> <span class='ocrx_word' id='word_1_516' title='bbox 1635 2185 1695 2204; x_wconf 87' lang='lat' dir='ltr'><strong>rec.</strong></span> <span class='ocrx_word' id='word_1_517' title='bbox 1712 2186 1752 2207; x_wconf 82' lang='lat' dir='ltr'><strong>m.</strong></span> <span class='ocrx_word' id='word_1_518' title='bbox 1767 2176 2016 2214; x_wconf 78' lang='lat' dir='ltr'><strong>suprascriptum3</strong></span> <span class='ocrx_word' id='word_1_519' title='bbox 2054 2187 2057 2191; x_wconf 90' lang='lat'>·</span> 
     </span>
     <span class='ocr_line' id='line_1_58' title="bbox 1076 2217 2017 2255; baseline -0.002 -7"><span class='ocrx_word' id='word_1_520' title='bbox 1076 2220 1152 2248; x_wconf 86' lang='lat' dir='ltr'><strong>idem</strong></span> <span class='ocrx_word' id='word_1_521' title='bbox 1174 2217 1280 2246; x_wconf 86' lang='lat' dir='ltr'><strong>deinde</strong></span> <span class='ocrx_word' id='word_1_522' title='bbox 1297 2227 1387 2255; x_wconf 87' lang='lat' dir='ltr'><strong>porro</strong></span> <span class='ocrx_word' id='word_1_523' title='bbox 1410 2217 1544 2245; x_wconf 66' lang='lat' dir='ltr'><strong>hommes</strong></span> <span class='ocrx_word' id='word_1_524' title='bbox 1569 2219 1689 2246; x_wconf 71' lang='lat' dir='ltr'><strong>insanio</strong></span> <span class='ocrx_word' id='word_1_525' title='bbox 1708 2217 1836 2246; x_wconf 82' lang='lat' dir='ltr'><strong>exhibet.</strong></span> <span class='ocrx_word' id='word_1_526' title='bbox 1864 2219 1959 2246; x_wconf 86' lang='lat' dir='ltr'><strong>Locus</strong></span> <span class='ocrx_word' id='word_1_527' title='bbox 1974 2223 2017 2246; x_wconf 85' lang='lat' dir='ltr'><strong>est</strong></span> 
     </span>
     <span class='ocr_line' id='line_1_59' title="bbox 1075 2259 2015 2296; baseline -0.005 -5"><span class='ocrx_word' id='word_1_528' title='bbox 1075 2262 1190 2290; x_wconf 86' lang='lat' dir='ltr'><strong>Terent.</strong></span> <span class='ocrx_word' id='word_1_529' title='bbox 1221 2260 1274 2288; x_wconf 81' lang='lat' dir='ltr'><strong>Ad.</strong></span> <span class='ocrx_word' id='word_1_530' title='bbox 1300 2259 1346 2295; x_wconf 86' lang='lat'><strong>11,</strong></span> <span class='ocrx_word' id='word_1_531' title='bbox 1377 2263 1411 2296; x_wconf 79' lang='lat'><strong>2,</strong></span> <span class='ocrx_word' id='word_1_532' title='bbox 1443 2263 1491 2292; x_wconf 82' lang='lat'><strong>12.</strong></span> <span class='ocrx_word' id='word_1_533' title='bbox 1527 2259 1578 2288; x_wconf 92' lang='lat' dir='ltr'><strong>ubi</strong></span> <span class='ocrx_word' id='word_1_534' title='bbox 1605 2260 1756 2289; x_wconf 83' lang='lat' dir='ltr'><strong>Bentleius</strong></span> <span class='ocrx_word' id='word_1_535' title='bbox 1783 2271 1841 2288; x_wconf 89' lang='lat' dir='ltr'><strong>non</strong></span> <span class='ocrx_word' id='word_1_536' title='bbox 1876 2261 1946 2289; x_wconf 72' lang='lat' dir='ltr'><strong>scis.</strong></span> <span class='ocrx_word' id='word_1_537' title='bbox 1976 2276 2015 2281; x_wconf 92' lang='lat'><strong>—-</strong></span> 
     </span>
     <span class='ocr_line' id='line_1_60' title="bbox 1075 2301 2014 2343; baseline -0.002 -10"><span class='ocrx_word' id='word_1_538' title='bbox 1075 2303 1119 2343; x_wconf 82' lang='lat'><strong>40)</strong></span> <span class='ocrx_word' id='word_1_539' title='bbox 1141 2304 1227 2332; x_wconf 80' lang='lat' dir='ltr'><strong>Licet</strong></span> <span class='ocrx_word' id='word_1_540' title='bbox 1248 2301 1356 2330; x_wconf 75' lang='lat' dir='ltr'><strong>habeat</strong></span> <span class='ocrx_word' id='word_1_541' title='bbox 1384 2313 1399 2329; x_wconf 75' lang='lat' dir='ltr'><em>s</em></span> <span class='ocrx_word' id='word_1_542' title='bbox 1424 2307 1493 2330; x_wconf 78' lang='lat' dir='ltr'><strong>ante</strong></span> <span class='ocrx_word' id='word_1_543' title='bbox 1520 2312 1559 2330; x_wconf 83' lang='lat' dir='ltr'><strong>co</strong></span> <span class='ocrx_word' id='word_1_544' title='bbox 1591 2301 1649 2331; x_wconf 89' lang='lat' dir='ltr'><strong>hoc</strong></span> <span class='ocrx_word' id='word_1_545' title='bbox 1672 2303 1777 2331; x_wconf 84' lang='lat' dir='ltr'><strong>ordine</strong></span> <span class='ocrx_word' id='word_1_546' title='bbox 1804 2303 1881 2330; x_wconf 81' lang='lat' dir='ltr'><strong>Cam.</strong></span> <span class='ocrx_word' id='word_1_547' title='bbox 1915 2303 1946 2331; x_wconf 84' lang='lat' dir='ltr'><strong>P.</strong></span> <span class='ocrx_word' id='word_1_548' title='bbox 1974 2316 2014 2323; x_wconf 92' lang='lat'><strong>—-</strong></span> 
     </span>
     <span class='ocr_line' id='line_1_61' title="bbox 1074 2343 2012 2387; baseline -0.005 -12"><span class='ocrx_word' id='word_1_549' title='bbox 1074 2345 1121 2387; x_wconf 82' lang='lat'><strong>41)</strong></span> <span class='ocrx_word' id='word_1_550' title='bbox 1143 2346 1175 2374; x_wconf 92' lang='lat' dir='ltr'><strong>V.</strong></span> <span class='ocrx_word' id='word_1_551' title='bbox 1199 2346 1332 2373; x_wconf 72' lang='lat' dir='ltr'><strong>servavit</strong></span> <span class='ocrx_word' id='word_1_552' title='bbox 1352 2344 1383 2372; x_wconf 86' lang='lat' dir='ltr'><strong>in</strong></span> <span class='ocrx_word' id='word_1_553' title='bbox 1403 2345 1476 2374; x_wconf 83' lang='lat' dir='ltr'><strong>Cod.</strong></span> <span class='ocrx_word' id='word_1_554' title='bbox 1497 2355 1645 2384; x_wconf 87' lang='lat' dir='ltr'><strong>suprascr.</strong></span> <span class='ocrx_word' id='word_1_555' title='bbox 1669 2361 1711 2367; x_wconf 91' lang='lat'>—</span> <span class='ocrx_word' id='word_1_556' title='bbox 1735 2344 1783 2384; x_wconf 69' lang='lat'><strong>49)</strong></span> <span class='ocrx_word' id='word_1_557' title='bbox 1812 2345 1937 2372; x_wconf 74' lang='lat' dir='ltr'><strong>Timesco</strong></span> <span class='ocrx_word' id='word_1_558' title='bbox 1959 2343 2012 2370; x_wconf 89' lang='lat' dir='ltr'><strong>iu-</strong></span> 
     </span>
    </p>
   </div>
   <div class='ocr_carea' id='block_1_12' title="bbox 1074 2387 1562 2462">
    <p class='ocr_par' dir='ltr' id='par_1_21' title="bbox 1074 2387 1562 2462">
     <span class='ocr_line' id='line_1_62' title="bbox 1074 2387 1562 2462; baseline -0.008 -44"><span class='ocrx_word' id='word_1_559' title='bbox 1074 2387 1206 2428; x_wconf 84' lang='lat' dir='ltr'><strong>terponit</strong></span> <span class='ocrx_word' id='word_1_560' title='bbox 1230 2387 1310 2417; x_wconf 88' lang='lat' dir='ltr'><strong>solus</strong></span> <span class='ocrx_word' id='word_1_561' title='bbox 1332 2387 1364 2416; x_wconf 84' lang='lat' dir='ltr'><strong>P.</strong></span> <span class='ocrx_word' id='word_1_562' title='bbox 1534 2429 1562 2462; x_wconf 81' lang='grc' dir='ltr'>Ζ</span> 
     </span>
    </p>
   </div>
  </div>
 </body>
</html>
