2263 2668
592 125 656 158 DE
683 123 1076 160 SIGNIFICATIONE
1102 123 1388 161 VERBORUM.
1441 129 1587 162 LIBER
1613 129 1640 164 Ι.
2011 135 2086 171 323

130 227 186 246 sar.
209 216 302 256 p.24.
327 221 357 246 et
378 217 474 256 Bopp.
498 217 629 248 Gramm.
654 219 770 248 Sanscr.
795 218 861 247 crit.
885 227 945 256 reg.
959 219 1032 249 203.
1075 216 1258 248 Descendere
1285 220 1406 250 videtur
1435 222 1471 251 ab
1496 233 1529 251 as
1551 227 1580 252 et
1602 219 1716 259 ridsch,
1754 227 1789 252 ut
1810 223 1969 264 significet,
2006 230 2087 267 quod

127 259 319 289 nutritionem
344 260 480 298 corporis
502 260 585 298 regit.

292 301 498 333 Ambrices.
543 303 655 332 Addito
678 302 692 331 Ζ
713 303 839 332 dicimus
863 301 995 332 lambris.
1018 301 1106 330 Dae.
1134 302 1207 332 Inde
1231 304 1310 333 Galli
1332 305 1514 338 Lambrices.
1537 323 1579 328 —-
1601 304 1742 346 Regulae.
1773 307 1832 337 Alii
1854 308 1979 347 tegulae,
2002 314 2084 345 male.

127 344 202 373 Nam
226 349 254 372 et
276 355 348 372 mox
371 345 519 383 sequitur:
544 345 649 385 tegulis
671 346 901 385 interponuntur.
931 342 1039 373 Goth.
1073 345 1162 373 Recte
1186 347 1330 376 ambrices
1354 348 1469 388 regulae
1491 350 1695 388 explicantur,
1723 360 1782 378 non
1804 351 1935 390 tegulae3
1961 353 2086 384 descen-

129 387 175 416 dit
197 388 272 415 enim
295 387 476 416 vocabulum
499 388 536 416 ab
559 399 607 416 am
630 388 692 417 sive
715 387 784 416 amb
806 388 1026 427 praepositione
1050 392 1079 415 et
1101 388 1210 417 suffixo
1235 401 1307 427 rem,
1330 391 1410 428 quod
1433 403 1448 420 a
1472 391 1595 431 regendo
1619 392 1823 425 derivandum.
1866 394 2007 426 Ambreae
2028 397 2083 436 igi-

127 434 178 458 tur
200 434 243 458 est
268 430 347 468 quod
372 430 603 469 circumquaque
622 435 732 460 tectum
760 431 854 468 regit,
891 430 1064 468 tegulasque
1093 434 1180 459 tenet.
1226 432 1290 460 Nisi
1315 433 1393 461 forte
1417 445 1432 462 a
1455 435 1605 463 Sanscrita
1633 445 1707 463 voce
1735 435 1839 472 amba,
1879 447 1955 475 quae
1978 450 2084 478 aquam

127 471 287 510 significat,
322 472 490 509 descendit,
526 474 619 502 veluti
641 473 758 502 imbrex
781 474 817 501 ab
840 472 931 502 imbre
952 472 1120 501 deducitur.
1164 474 1304 503 Ceterum
1334 475 1392 505 hoc
1417 487 1481 505 voc.
1504 478 1628 506 fortasse
1650 477 1866 507 restituendum
1890 481 1971 518 apud
1994 483 2083 511 Plau-

127 520 193 543 tum
215 515 300 544 Milit.
322 515 359 553 gl.
374 516 417 552 It,
441 518 476 552 6,
500 516 550 548 24.

710 556 798 596 Quod
819 569 898 586 meas
920 556 1092 599 confregisti
1114 557 1258 588 ambrices
1280 567 1307 588 ei
1328 559 1451 600 tegulas,

128 599 180 628 ubi
202 600 293 638 vulgo
317 600 425 638 legitur
446 599 591 629 imbrices.

129 691 162 720 V.
235 693 260 721 G
292 651 423 723 AnItIes.
469 651 668 733 Gl3ssarium:
702 651 799 680 Anus
819 652 912 690 στίχοι
935 649 1080 690 ἀμπέλων.
1119 650 1264 689 Antium,
1294 651 1421 691 τάξεων,
1447 650 1589 694 ὄρχάτων.
1620 654 1720 685 Scal.
1760 655 1888 685 Ordines
1911 658 2082 688 anteriores.

155 701 209 730 irg.
263 703 340 732 eorg.
390 717 397 731 ‚
426 697 511 735 (417.
534 706 540 722 ε

707 735 772 764 Iam
796 737 875 765 canit
899 736 1019 776 effaetas
1042 743 1189 765 extremus
1211 738 1318 766 vinitor
1341 745 1430 768 antes.

127 786 184 815 Ubi
206 787 366 825 interpres:
388 787 485 816 Antes
506 795 572 816 sunt
594 788 719 816 extremi
741 786 857 816 ordines
880 788 909 816 in
933 788 1079 826 ingressu,
1103 787 1155 827 qui
1176 795 1202 816 et
1214 786 1291 826 finis
1313 796 1354 817 cst
1377 787 1487 817 laboris
1511 800 1575 825 cum
1599 788 1640 818 ad
1661 802 1722 819 eum
1740 798 1904 830 perventum
1923 799 1971 820 est.
1994 791 2083 824 Dac.

127 829 241 866 Antae,
273 841 347 869 quae
367 836 434 858 sunt
458 828 551 858 latera
574 830 723 858 ostiorum.
767 830 847 858 Pilae
871 830 933 858 sive
957 830 1109 858 columnae
1130 830 1265 869 lapideae
1288 831 1317 859 in
1340 831 1482 860 lateribus
1507 832 1667 870 ostiorum,
1701 833 1829 871 quadras
1853 833 2004 863 columnas
2028 845 2084 864 ex-

127 873 213 910 ponit
234 872 355 900 Nonius.
380 873 428 910 (S.
451 882 479 900 v.
502 873 613 909 Antes,
640 872 692 900 ubi
714 872 791 901 idem
816 872 930 910 Virgilii
954 882 1057 901 versus
1080 872 1248 911 laudatur).
1293 873 1429 903 Glossae:
1461 874 1576 911 Antae,
1606 873 1809 914 παραστάδις,
1840 881 1868 905 et
1891 874 2084 915 παραστάδες.

126 914 277 953 Hesychio
307 920 392 943 sunt:
429 912 506 955 πρὸς
533 918 595 949 τοῖς
624 914 737 954 τοίχοις
764 915 957 954 τὲτραμμένοι
987 916 1097 951 κίονες.
1140 915 1269 944 Eaedem
1298 916 1429 954 glossae:
1468 924 1565 953 antes,
1601 927 1657 956 pro
1681 926 1766 946 antae
1788 926 1868 947 antes
1890 917 2083 957 παραστάται.

127 954 240 987 Idem.
283 957 359 986 Vide
381 958 458 986 infra
481 958 708 996 antipagmenta.
759 956 865 987 Goth.

290 1000 358 1029 Am
369 999 476 1031 bitus.
521 999 616 1028 Varro
640 1000 676 1028 de
699 1001 731 1029 L.
751 1001 783 1028 L.
807 1000 862 1037 IV,
886 1000 939 1037 (V,
963 1002 998 1035 4,
1021 1001 1049 1030 9.
1074 1002 1167 1038 p.32.
1192 999 1270 1039 Sp.):
1302 999 1442 1029 Ambitus
1464 1001 1517 1029 iter
1539 999 1620 1041 quod
1643 1001 1846 1031 circumeundo
1870 1004 1988 1044 teritur-,-
2014 1016 2083 1034 nam

127 1041 254 1070 ambitus
285 1043 442 1081 circuitus,-
487 1041 524 1070 ab
555 1053 642 1082 eoque
665 1041 818 1072 duodecim
844 1041 1010 1071 tabularum
1035 1043 1199 1082 interpretes
1222 1042 1364 1071 ambitum
1386 1044 1506 1083 parietis
1529 1044 1711 1072 circumitum
1736 1057 1792 1073 esse
1815 1043 1962 1074 dixerunt.
1994 1046 2083 1079 Dac.

126 1083 179 1112 Ea·
209 1095 266 1124 quo
295 1086 382 1113 etiam
412 1085 530 1115 honoris
559 1084 694 1114 ambitus.
741 1086 813 1113 Cum
842 1085 1047 1123 largitionibus
1071 1090 1099 1114 et
1121 1086 1347 1124 profusionibus
1369 1086 1481 1114 iudices
1507 1096 1697 1125 corrumpere
1720 1087 1918 1124 conabantur,
1957 1088 2085 1119 ambitus

128 1127 299 1163 dicebatur3
334 1127 457 1157 ambitio
481 1137 553 1155 vero
575 1128 674 1165 ipsum
696 1127 819 1157 honoris
843 1128 1033 1157 desiderium.
1078 1127 1221 1157 Ambitus
1243 1139 1275 1157 re
1299 1133 1327 1157 et
1351 1134 1419 1156 actu
1443 1128 1615 1167 perficitur,
1648 1128 1770 1158 ambitio
1793 1135 1907 1158 tantum
1930 1132 1961 1159 in
1985 1131 2084 1160 animo

128 1175 186 1206 est,
212 1180 391 1209 quamquam
413 1169 541 1198 ambitus
561 1175 590 1198 et
613 1169 736 1199 ambitio
758 1171 888 1199 invicem
911 1171 1138 1199 confunduntur
1161 1176 1189 1199 et
1212 1170 1334 1200 ambitio
1357 1182 1412 1210 pro
1433 1171 1498 1209 ipsa
1522 1171 1676 1200 ambientis
1694 1173 1817 1200 actione.
1846 1172 1979 1203 Ambitio
1997 1174 2085 1202 etiam

127 1217 212 1242 extra
243 1223 360 1241 omnem
392 1212 584 1251 cupiditatem
615 1212 763 1241 honorum
795 1220 839 1242 est
869 1213 1082 1251 obsequentior
1113 1214 1301 1252 popularitas
1331 1219 1359 1242 et
1386 1215 1551 1253 impensum
1582 1214 1714 1242 studium
1745 1214 1907 1253 captandae
1928 1211 2084 1255 popularis

127 1255 253 1293 gratiae,
287 1255 367 1283 unde
389 1254 552 1289 ambitiosi,
586 1265 676 1294 supra
700 1256 820 1284 modum
845 1266 912 1294 erga
937 1256 1088 1286 subiectos
1113 1257 1217 1285 faciles
1241 1261 1269 1285 et
1290 1256 1477 1295 indulgentes
1501 1256 1598 1285 studio
1623 1257 1787 1295 captandae
1810 1258 1961 1295 popularis
1985 1269 2084 1289 aurae.

128 1298 188 1327 Cic.
204 1299 225 1326 I.
249 1298 286 1326 ad
305 1298 450 1333 Quintum
474 1298 596 1326 fratrem
619 1308 664 1336 ep.
679 1301 714 1335 2,
737 1302 767 1330 2.
816 1297 882 1336 Qua
907 1297 942 1326 de
965 1310 1008 1335 re,
1034 1309 1071 1328 ac
1095 1298 1130 1327 de
1152 1298 1208 1328 hoc
1227 1311 1329 1338 genere
1351 1307 1412 1328 toto
1436 1311 1469 1327 ne
1485 1298 1568 1340 forte
1589 1311 1633 1328 me
1654 1300 1685 1328 in
1709 1298 1835 1329 Graecos
1858 1307 1916 1328 tam
1940 1300 2084 1331 ambitio-

126 1352 188 1369 sum
201 1339 326 1382 factum
351 1352 410 1369 esse
431 1341 549 1378 mirere,
573 1351 673 1380 pauca
694 1350 845 1381 cognosce.
872 1340 960 1369 Dac.
990 1340 1136 1370 Ambitio.
1164 1342 1260 1372 Plaut.
1281 1342 1430 1381 Amphitr.
1451 1342 1529 1371 Prol.
1554 1342 1646 1379 (75.):

794 1382 911 1412 P'irtute
932 1382 1014 1412 dixit
1035 1395 1086 1413 vos
1109 1385 1232 1413 victores
1253 1385 1352 1422 vivere,

794 1424 864 1455 Non
887 1424 1046 1454 ambitione
1068 1438 1157 1467 neque
1177 1426 1311 1466 perfidia.

127 1468 186 1505 Qui
207 1469 292 1497 locus
315 1469 448 1508 apprime
471 1467 632 1504 notandus,
656 1467 698 1496 ibi
715 1468 793 1497 enim
808 1467 930 1497 ambitio
945 1478 1002 1508 pro
1017 1468 1143 1505 ambitu,
1167 1469 1198 1497 id
1221 1475 1264 1499 est
1287 1481 1341 1508 pro
1364 1469 1428 1508 ipsa
1452 1469 1566 1498 actione
1589 1469 1752 1499 ambientis.
1780 1468 1937 1504 Quomodo
1960 1473 1990 1497 et
2006 1468 2084 1508 apud

126 1511 296 1540 Sallustium
320 1511 437 1541 alicubi.
461 1511 536 1550 (lug.
551 1521 576 1538 c.
587 1510 651 1549 86.)
674 1509 787 1540 Idem.
817 1510 964 1540 Ambitio.
997 1511 1082 1540 Adde
1096 1512 1260 1540 Varronem
1284 1512 1320 1540 de
1342 1513 1374 1541 L.
1390 1513 1421 1540 L.
1435 1512 1485 1548 IV,
1511 1511 1558 1549 (V,
1582 1512 1618 1549 4,
1642 1511 1686 1550 9.)
1713 1516 1741 1540 et
1756 1511 1883 1540 Nonium
1907 1511 1936 1539 in
1950 1510 2084 1540 Ambire.

130 1552 236 1583 Goth.
272 1555 425 1582 Geminam
448 1553 499 1581 hic
522 1563 640 1581 manum
665 1563 823 1591 agnoscere
845 1553 901 1582 sibi
921 1553 1004 1581 visus
1027 1558 1072 1582 est
1094 1554 1251 1592 Dacerius‚
1282 1565 1373 1593 quum
1396 1565 1486 1593 supra
1509 1555 1567 1582 iam
1591 1554 1692 1583 eadem
1715 1555 1851 1592 exposita
1873 1554 2025 1592 legantur,
2053 1553 2085 1582 in

128 1606 200 1625 voce
222 1595 377 1633 Ambitus,
401 1606 436 1625 eo
459 1595 626 1632 adductus,
649 1596 706 1624 nisi
728 1596 834 1632 fallor,
861 1594 929 1634 quia
953 1596 1012 1624 duo
1037 1596 1153 1624 articuli
1177 1597 1362 1626 coniunctim
1384 1597 1522 1635 leguntur
1542 1597 1572 1625 in
1594 1597 1723 1635 vulgatis
1747 1596 1945 1634 editionibus,
1969 1596 2019 1635 qui
2041 1600 2086 1625 ta-

128 1649 193 1667 men
217 1639 247 1666 in
272 1639 364 1667 codd.
388 1643 417 1667 et
438 1638 566 1666 vetustis
588 1638 663 1667 Edd.
686 1638 775 1676 longo
804 1638 965 1666 intervallo
997 1639 1135 1678 dirempti
1166 1639 1316 1677 leguntur.
1361 1640 1427 1675 Qua
1457 1640 1493 1667 de
1522 1649 1622 1668 caussa
1653 1649 1713 1667 non
1735 1649 1894 1678 possumus
1918 1638 2084 1668 consentire

128 1680 268 1717 Dacerio,
306 1680 358 1719 qui
379 1691 469 1719 supra
488 1680 600 1715 Paulli,
633 1680 691 1709 hoc
721 1685 819 1709 autem
842 1681 908 1709 loco
930 1681 1010 1709 Festi
1034 1691 1153 1709 manum
1178 1682 1375 1710 animadverti
1399 1682 1578 1720 suspicatur.
1624 1681 1750 1710 Videtur
1772 1682 1872 1721 potius
1893 1681 1958 1721 ipse
1979 1682 2084 1710 Festus

129 1723 243 1752 duabus
266 1733 303 1752 ex
325 1723 490 1752 rationibus
513 1722 630 1751 duobus
651 1723 740 1758 locis,
774 1732 812 1751 ex
834 1723 890 1751 alia
914 1723 970 1752 alio
992 1724 1077 1760 Ioco,
1112 1734 1174 1753 rem
1198 1724 1321 1753 eandem
1342 1729 1496 1753 tractasse.

292 1773 435 1803 Amnis.
482 1774 527 1802 Ab
551 1784 598 1802 am
624 1774 737 1802 circum
762 1779 788 1803 et
811 1785 848 1802 no
871 1779 951 1805 nato.
997 1774 1053 1803 Sed
1077 1775 1182 1803 melius
1202 1775 1295 1804 Varro
1318 1775 1369 1803 lib.
1382 1775 1430 1805 IV.
1455 1774 1565 1814 (p.44.
1590 1775 1657 1813 Sp.)
1681 1773 1717 1802 ab
1741 1785 1788 1803 am
1811 1779 1942 1803 tantum:
1976 1773 2084 1802 ‚Amnis

129 1815 161 1845 ιἰἶ
172 1817 289 1857 flumen
311 1824 368 1850 est,
390 1815 469 1857 quod
492 1817 597 1845 circuit
619 1816 753 1857 aliquid,·
776 1828 844 1845 nam
867 1816 905 1845 ab
929 1816 1041 1846 ambitu
1061 1818 1166 1846 amnis.
1191 1818 1278 1847 Dac.
1322 1817 1397 1846 Vide
1421 1828 1510 1856 supra
1531 1816 1603 1846 Am.
1651 1814 1755 1846 Goth.

293 1867 526 1908 Ambiguum.
570 1867 659 1903 Quod
683 1868 714 1896 in
738 1868 837 1896 ambas
860 1869 905 1906 agi
927 1874 1027 1908 partes
1051 1868 1162 1907 possit,
1195 1874 1225 1897 et
1247 1869 1289 1897 sic
1312 1868 1436 1897 dubium
1460 1868 1506 1896 sit.
1538 1867 1641 1905 virgil.
1665 1864 1750 1907 (Aen.
1766 1867 1822 1903 Ill,
1847 1864 1946 1906 180.):

662 1911 796 1950 Agnovit
815 1909 927 1950 prolem
950 1910 1134 1950 ambiguam,
1157 1912 1344 1951 geminosque
1362 1919 1505 1951 parentes.
1843 1906 1849 1914 ’

130 1953 216 1982 Dac.
248 1952 322 1980 Vide
343 1953 405 1984 1.3.
429 1957 457 1981 et
479 1953 588 1992 passim
610 1953 640 1983 ff.
664 1953 700 1982 de
722 1953 812 1982 rebus
835 1953 941 1982 dubiis.
965 1954 1108 1985 l.125.ff.
1133 1953 1170 1982 de
1193 1954 1352 1982 verborum
1376 1953 1600 1992 significatione.
1647 1950 1752 1981 Goth.

294 2004 359 2031 Am
370 2003 512 2032 brones.
556 2004 644 2039 Quod
675 2004 715 2032 ait
745 2004 782 2032 de
809 2004 1008 2033 Ambronibus
1037 2004 1133 2033 subita
1162 2004 1354 2033 inundatione
1382 2005 1471 2033 maris
1500 2006 1609 2033 eiectos
1637 2002 1744 2042 patriis
1765 2000 1885 2030 sedibus
1906 1999 2011 2037 fuisse,
2049 2000 2082 2028 id

128 2047 206 2075 ridet
229 2045 354 2081 Strabo,
385 2046 435 2084 qui
459 2046 520 2074 eius
542 2046 704 2075 sententiae
726 2051 880 2075 auctorem
904 2047 973 2075 facit
997 2046 1166 2085 Ephorum,
1192 2057 1278 2085 quem
1301 2047 1351 2075 hic
1373 2047 1507 2086 sequitur
1530 2047 1642 2075 Festus.
1689 2045 1765 2074 Nam·
1782 2043 1818 2071 de
1840 2042 1981 2079 Cimbris,
2008 2053 2082 2081 quo-

129 2099 197 2118 rum
219 2099 289 2127 pars
313 2093 401 2117 erant.
411 2089 595 2125 Ambrones,
615 2089 655 2117 ita
678 2089 796 2118 scribit:
822 2090 897 2128 (VH,
920 2088 1008 2129 292.)
1030 2090 1106 2128 Περὶ
1130 2090 1159 2120 δὲ
1176 2091 1322 2130 Κίμβρων
1345 2087 1382 2119 τὰ
1402 2089 1455 2128 μὲν
1477 2087 1535 2120 οὐκ
1556 2083 1589 2119 εὖ
1610 2088 1735 2128 λέγεται,
1762 2083 1798 2116 τὰ
1821 2082 1852 2116 δ’
1876 2085 1930 2123 ἔχει
1953 2083 2081 2115 πιθανό-

128 2143 218 2170 τητας
241 2129 275 2162 οὗ
298 2132 424 2169 μετρίας.
472 2130 546 2162 Οὔτε
567 2129 624 2172 γὰρ
645 2130 700 2168 τήν
725 2129 867 2170 τοιαύτην
890 2132 988 2162 αἰτίαν
1009 2134 1064 2162 τοῦ
1086 2130 1243 2171 πλανήτας
1259 2132 1401 2172 γενέσθαι
1423 2132 1480 2163 καὶ
1496 2129 1671 2175 timot-ommi?
1692 2125 1863 2165 dmofftgmz'
1881 2127 1920 2158 εἷ’-ν
1943 2135 2002 2164 τις,
2035 2125 2080 2158 ὅτι

128 2172 313 2213 χεῤῥόνησον
338 2175 490 2210 οἰκοῦντες
510 2173 619 2215 μεγάλῃ
642 2175 827 2212 πλημμυρίδι
851 2174 983 2210 ἐξελθεῖν
1006 2174 1037 2204 ἐκ
1059 2177 1117 2204 τῶν
1139 2172 1244 2205 τόπων
1261 2171 1509 2215 ἧναγκᾶῡθησανι
1540 2174 1593 2204 καὶ
1612 2171 1670 2213 γὰρ
1691 2175 1749 2202 νῦν
1772 2171 1870 2210 ἔχουσι
1891 2168 1946 2209 τὴν
1968 2169 2077 2209 χώραν,

128 2216 168 2255 ἢν
192 2215 272 2255 εἶχον
295 2215 449 2254 πρότερον.
494 2217 579 2245 Post:
616 2218 739 2247 Γελοῖον
765 2216 796 2246 δὲ
818 2220 938 2258 φυσικῷ
960 2216 1014 2246 καὶ
1033 2217 1145 2258 αἰωνίῳ
1168 2215 1263 2248 πάθει
1286 2219 1337 2253 δὶς
1354 2215 1479 2256 ἑκάστης
1499 2215 1614 2255 ’ἡμέρας-
1633 2215 1829 2255 συμβαίνσντι
1850 2212 2077 2252 παροργισθέν-

128 2271 181 2295 τας
203 2257 347 2290 ἀπελθεῖν
370 2259 400 2289 ἐκ
423 2261 474 2289 τοῦ
496 2257 600 2289 τόπου.
645 2259 719 2296 Lege
741 2259 872 2296 reliqua,
910 2269 984 2297 quae
1007 2265 1185 2298 sequuntur.
1232 2261 1322 2296 Quod
1350 2261 1391 2289 ait
1418 2260 1514 2299 turpis
1535 2259 1614 2287 vitae
1635 2257 1769 2287 homines
1792 2257 1887 2285 dictos
1909 2256 1977 2284 inde
2000 2254 2075 2282 Ain-⁶

128 2303 253 2339 brones3
290 2302 368 2330 idem
392 2302 525 2330 invenies
547 2302 577 2330 in
603 2302 714 2330 Glossis
737 2301 858 2330 Isidori:
895 2300 1032 2338 Ambro,
1061 2303 1176 2341 inquit,
1205 2303 1382 2339 devorator,
1412 2306 1606 2340 consumptor
1628 2299 1891 2340 patrimoniorum,
1922 2297 2071 2329 decoctor,

128 2345 320 2381 luxuriosus,
345 2345 493 2383 profusus
518 2343 620 2375 Scal,
644 2344 753 2373 Tamen
768 2344 853 2373 Festo
875 2345 1021 2373 consentit
1037 2346 1141 2374 Florus
1164 2346 1216 2376 lib.
1227 2346 1287 2383 111,
1312 2356 1335 2374 c.
1347 2348 1375 2377 3.
1404 2343 1514 2375 Cimbri
1536 2345 1676 2382 (quorum
1698 2353 1767 2382 pars
1784 2339 1972 2375 AmBrones),
1997 2336 2071 2364 Teu-

129 2389 192 2417 toni
213 2395 299 2427 atquc
319 2387 469 2427 Tigurini,
491 2386 529 2415 ab
551 2388 689 2416 extremis
713 2385 831 2416 Galliae
849 2386 989 2429 profugi,
1014 2399 1100 2427 quum
1125 2396 1216 2418 terras
1236 2399 1333 2418 eorum
1355 2386 1524 2417 inundasset
1542 2386 1689 2423 Oceanus,
1713 2392 1808 2414 novas·
1823 2381 1902 2412 sedes
1922 2386 1982 2408 toto
2003 2375 2070 2406 orbe

1573 2439 1667 2472 Ss*
