2263 2668
546 149 609 184 DE
634 146 1020 184 SIGNIFICATIONE
1047 146 1330 183 VERBORUM.
1392 150 1536 183 LIBER
1561 150 1603 185 V.
1966 153 2041 187 413

104 244 221 283 pluviae
244 252 354 281 aquae,
379 247 441 271 tum
465 253 540 281 quae
563 253 600 271 ex
623 242 737 271 sentina
761 241 984 270 exhauriuntur.
1028 238 1114 267 Unde
1137 250 1188 278 per
1211 241 1413 280 metaphoram
1437 243 1478 270 sic
1501 242 1612 270 dicitur
1633 242 1715 271 filum
1736 242 1812 271 illud
1833 243 1959 280 lineum,
1986 254 2040 283 per

104 286 186 325 quod
209 282 338 322 κλυσμός
360 285 414 321 (sic
437 285 513 314 enim
537 286 689 323 legendum
713 289 771 318 est,
802 294 861 312 non
883 281 998 321 κλιμός)
1023 282 1173 310 emittitur.
1218 282 1365 314 Εὐόἱαιον
1388 285 1423 312 ab
1446 279 1481 314 εὖ
1503 289 1532 313 et
1555 286 1659 315 ὃιαίνω
1681 286 1781 322 irrigo.
1825 285 1912 314 Dac.

266 326 481 356 Euboicum.
532 328 687 356 Talentum
718 326 932 365 Babylonicum
965 330 1009 353 est
1037 325 1223 362 septuaginta
1254 327 1399 355 minarum
1430 327 1643 364 Euboicarum,
1684 332 1717 356 ut
1738 327 1908 356 Herodotus
1937 328 2040 358 scribit

102 370 153 400 lib.
165 370 215 399 Ill.
246 370 329 407 (cap.
342 370 415 406 95.)
446 376 472 398 et
497 369 659 398 Atticarum
689 370 834 398 minarum
864 367 1048 407 septuaginta
1079 367 1220 404 duarum,
1257 373 1290 397 ut
1316 370 1455 398 Aelianus
1486 369 1611 398 affirmat
1639 370 1688 399 lib.
1703 370 1724 398 I.
1750 373 1876 409 cap-22.
1901 370 1937 399 de
1958 381 1986 399 v.
2009 370 2038 400 1;ι.

103 414 197 441 Omne
219 416 316 440 auten]
340 413 482 440 talentum
507 418 549 441 est
572 413 723 450 sexaginta
747 413 907 447 minarum,
938 411 1032 438 minae
1056 414 1151 437 autem
1176 411 1305 448 singulae
1328 418 1466 440 centenas
1489 411 1642 441 drachmas
1666 413 1835 449 continent,
1865 417 1899 440 ut
1921 412 2039 442 Africa-

102 465 158 484 nus
182 460 209 483 et
232 455 325 483 lulius
348 454 456 482 Pollux
485 455 630 484 scribunt.
675 455 723 482 Sic
751 454 798 489 fit,
834 458 866 482 ut
889 453 1050 481 Euboicum
1079 452 1219 480 talentum
1242 453 1279 481 sit
1301 455 1451 489 sexaginta
1475 455 1620 483 minarum
1642 455 1841 484 Euboicarum
1865 459 1893 483 et
1914 455 2039 484 totidem

102 498 195 526 millia
223 497 429 531 denariorum,
467 502 501 525 ut
533 497 622 525 verbo
648 496 838 526 Talentm-um
859 496 961 524 Festus
990 494 1109 530 scribit,
1148 495 1227 532 quod
1250 497 1338 524 etiam
1363 497 1435 526 Ptin.
1458 497 1499 524 ait
1520 497 1568 524 lib.
1582 498 1703 526 XXXV.
1727 507 1790 536 cap.
1807 501 1854 528 11.
1880 502 1909 526 et
1931 497 2038 528 Athen.

102 540 151 569 lib.
164 540 214 568 IV.
240 550 303 578 cap.
317 542 346 571 6.
372 544 401 568 et
423 539 531 567 Pollux
554 540 604 568 lib.
620 540 671 568 IX.
715 540 818 577 Itaque
839 540 862 567 si
886 539 976 566 LXX.
1000 537 1094 565 minae
1117 537 1265 566 Euboicae
1295 539 1486 567 aestimantur
1509 539 1626 568 LXth'.
1665 539 1771 568 Atticis
1794 544 1824 568 et
1845 539 1945 567 eadem
1969 551 2039 578 pro-

101 582 202 621 portio
225 587 269 610 est
290 583 321 610 in
351 581 500 610 drachmis
528 583 589 610 sive
618 582 767 617 denariis,
805 582 924 619 triginta
955 579 1083 619 quinque
1113 579 1270 608 drachmae
1295 581 1440 609 Euboicae
1470 581 1660 610 aestimantur
1682 581 1787 611 Atticis
1809 581 1958 610 drachmis
1980 583 2038 611 tri-

101 625 181 663 ginta
209 635 271 652 sex.
315 624 470 652 Talentum
498 634 569 653 vero
592 624 756 652 Euboicum
786 625 954 652 aestimatur
984 621 1133 650 drachmis
1158 623 1277 655 Atticis,
1319 623 1381 651 sive
1411 623 1536 652 denariis
1565 629 1682 653 centum
1710 629 1737 653 et
1762 624 1946 663 septuaginta
1968 634 2038 660 uno,

101 677 192 706 supra
214 677 266 694 sex
289 667 390 695 millia.
432 667 572 695 Mendose
594 667 684 704 igitur
705 667 807 695 Festus
830 667 869 694 ait
891 670 1032 704 quattuor
1056 664 1187 692 millibus
1210 665 1400 694 denariorum
1424 666 1577 697 aestimari,
1620 666 1706 702 Quod
1729 677 1799 695 vero
1823 666 1860 694 ad
1883 665 2038 705 cistopho-

101 720 151 738 ros
175 709 295 744 attinet,
319 708 393 737 nihil
416 720 431 737 a
455 719 499 737 me
524 709 597 737 certi
621 709 710 737 statui
726 713 833 748 potest.
864 709 930 737 Non
954 708 1057 745 ignoro
1073 707 1222 735 Pollucem
1245 707 1343 735 (licere
1361 709 1573 746 Babylonicum
1597 710 1737 738 talentum
1758 708 1905 737 aestimari
1926 713 2038 747 septem

100 751 234 780 millibus
258 751 466 780 drachmarum
491 752 671 786 Atticarum;
701 752 750 780 sed
777 751 847 779 mihi
870 761 940 779 vero
964 750 1086 778 similior
1110 750 1228 777 videtur
1252 750 1362 778 Aeliani
1386 751 1503 789 opime,
1533 756 1565 779 ut
1588 751 1734 780 Euboicae
1755 752 1851 780 minae
1873 751 1909 779 ab
1932 751 2038 779 Atticis

100 794 248 823 differant.
271 794 326 823 An
336 801 355 823 1.
377 793 470 832 Aug.
515 794 701 822 Falsissimus
725 794 842 822 videtur
864 793 912 821 hic
935 794 1036 829 locus,
1075 802 1142 820 nam
1167 791 1355 830 cistophorus
1381 803 1439 821 non
1464 793 1557 821 multo
1582 794 1666 831 plus,
1703 804 1789 832 quam
1813 793 1926 822 denarii
1950 793 2038 822 dimi-

100 837 181 866 dium
204 837 346 865 continet.
390 836 553 865 Euboicum
584 841 680 865 autem
710 837 851 864 talentum
875 836 986 864 talento
1010 835 1108 864 Attico
1131 835 1229 863 minus
1252 840 1295 863 est
1318 835 1412 863 tribus
1435 836 1520 865 minis
1546 840 1573 863 et
1596 837 1708 864 triente.
1753 836 1882 864 Atticum
1905 836 2038 864 continet

98 879 249 916 sexaginta
272 879 380 915 minas,
404 878 462 907 11οο
486 884 529 907 est
551 890 602 907 sex
625 879 716 907 millia
739 879 947 915 denariorum,
971 883 1003 906 ut
1026 878 1102 906 infra
1127 877 1156 905 in
1182 875 1346 906 Talentum.
1379 880 1453 906 Sunt
1474 879 1564 914 igitur
1586 878 1716 906 Euboico
1740 879 1849 907 talento
1873 878 1968 906 minae
1984 880 2035 909 56.

99 926 127 950 et
148 921 216 957 bes,
247 921 305 949 11οο
327 927 370 950 est
391 926 527 950 sexcenta
551 927 580 950 et
602 921 754 959 sexaginta
777 932 829 950 sex
852 932 941 960 supra
967 921 1095 958 quinque
1118 919 1305 948 denariorum
1330 921 1430 950 millia.
1474 921 1549 957 Ergo
1574 920 1782 959 Cistophorilm
1805 921 1913 955 maior,
1949 930 2036 958 quam

98 969 210 1002 septem
233 964 358 993 millium
380 969 407 992 et
430 964 660 1002 quingentorum
689 964 776 992 debet
802 974 862 992 esse
885 974 1042 1000 nume1·uS‚
1080 963 1213 1000 adeoque
1237 963 1330 990 maior
1353 964 1456 999 etiam,
1495 972 1581 1001 quam
1605 971 1728 1002 quatuor·
1749 962 1874 992 millium
1898 961 2036 991 denario-

98 1017 176 1043 rum,
207 1006 288 1044 quod
313 1017 347 1035 ex
372 1007 550 1044 supradictis
574 1007 660 1035 facile
683 1008 880 1043 cognoscitur.
923 1006 1089 1034 Euboicum
1112 1005 1252 1033 talentum
1277 1015 1382 1033 aureos
1407 1011 1520 1034 nostros
1545 1006 1623 1043 capit
1643 1008 1713 1036 556.
1738 1006 1826 1044 paulo
1851 1006 1933 1043 plus3
1962 1005 2035 1033 Atti-

98 1058 166 1076 cum
184 1051 256 1080 600.
291 1048 486 1087 Cistophorus
509 1049 654 1077 Asiaticae
677 1050 817 1087 pecuniae
840 1059 946 1086 genus,
976 1049 1017 1076 sic
1040 1048 1153 1083 dictus,
1187 1047 1267 1085 quod
1291 1057 1447 1085 expressos
1471 1047 1591 1076 haberet
1615 1047 1784 1084 cisfigeros,
1815 1048 1864 1086 qui
1885 1057 2036 1076 sacrorum

98 1101 205 1119 arcana
229 1091 311 1120 cistis
333 1091 445 1120 inclusa
470 1091 629 1129 gestabant.
676 1091 839 1119 Euboicum
866 1097 962 1120 autem
987 1091 1125 1119 talentum
1149 1090 1261 1118 dietum
1287 1100 1345 1117 non
1370 1091 1404 1118 ab
1428 1091 1546 1119 Euboea
1570 1090 1679 1124 insula,
1712 1090 1762 1118 sed
1785 1091 1819 1118 ab
1843 1090 1961 1119 Euboea
1985 1089 2037 1118 Ar-

96 1133 203 1171 golidis
230 1134 313 1170 loco,
353 1134 404 1162 ubi
428 1133 542 1163 Phidon
573 1134 706 1173 pondera
736 1139 764 1162 et
794 1144 944 1162 mensuras
974 1134 1087 1162 invenit
1111 1133 1282 1172 primusque
1304 1142 1441 1162 nummos
1465 1137 1617 1172 argenteos
1641 1137 1670 1161 et
1692 1142 1795 1161 aureos
1819 1133 1927 1161 rudere
1949 1131 2036 1160 insti-

97 1176 164 1207 tuit.
208 1175 296 1206 Dac-

261 1226 493 1256 Eoetrarium.
538 1226 696 1256 Eximi-ius
719 1232 746 1256 et
770 1227 938 1256 Extraneus
962 1228 1044 1256 nullo
1068 1227 1156 1256 niodo
1181 1228 1332 1257 differunt.
1371 1227 1418 1255 Sic
1437 1225 1613 1266 proletarius
1635 1231 1663 1255 et
1681 1225 1864 1266 proletaneus
1886 1224 2034 1261 dicebant,

95 1269 309 1308 praesentarius
331 1274 358 1297 et
380 1276 618 1308 praesentaneus,
658 1270 786 1299 vicarius
808 1275 835 1298 et
856 1272 992 1299 vicaneus
1015 1276 1044 1299 et
1066 1271 1179 1299 similia.
1224 1270 1272 1298 Sic
1302 1271 1448 1299 extrarius
1479 1274 1507 1298 et
1538 1274 1695 1298 extraneus
1724 1269 1842 1303 haeres,
1880 1267 1929 1306 qui
1952 1267 2034 1295 nullo

97 1311 282 1348 cognationis
307 1312 424 1339 vinculo
447 1312 580 1340 testatori
604 1312 745 1349 iungitur.
790 1312 868 1340 Infra
892 1313 1062 1349 legendum:
1088 1312 1146 1351 Qui
1167 1320 1254 1341 extra
1267 1311 1392 1353 focum,
1417 1323 1502 1341 sacra
1514 1310 1659 1353 familiae
1680 1312 1780 1352 iusque
1801 1312 1847 1341 sit.
1889 1309 2035 1338 Extrariis

97 1358 293 1392 opponuntur
315 1354 360 1382 sui
383 1353 542 1389 haeredes,
566 1354 618 1392 qui
640 1359 708 1382 sunt
730 1355 760 1382 in
783 1355 875 1383 sacris
898 1356 1126 1393 patrisfamiliae.
1150 1355 1236 1384 Dac.
1283 1355 1364 1384 Unde
1386 1355 1471 1384 liberi
1495 1354 1525 1382 in
1548 1354 1640 1382 sacris
1662 1354 1793 1393 paternis
1815 1352 1967 1382 constituti
1989 1352 2033 1381 le-

94 1400 206 1433 guntur
227 1395 338 1434 passim
359 1396 391 1424 in
413 1397 488 1426 iure.
533 1397 574 1425 De
598 1407 656 1435 quo
680 1397 776 1425 dicam
800 1398 837 1425 ad
860 1398 953 1435 legem
977 1399 1028 1426 ult.
1052 1397 1124 1426 cod.
1147 1398 1184 1425 ad
1207 1399 1433 1428 Tertullianum.
1479 1395 1583 1426 Goth.

257 1445 370 1475 Exta.
415 1446 507 1482 Quasi
530 1455 665 1484 exsecta,
689 1448 725 1476 ab
749 1448 935 1483 exsecando,
958 1454 986 1477 et
1008 1460 1068 1477 non
1091 1449 1127 1477 ab
1151 1449 1295 1485 extando,
1318 1454 1352 1477 ut
1374 1453 1460 1486 putat
1481 1448 1595 1477 Festus,
1626 1447 1698 1476 Inde
1720 1455 1808 1476 exter
1828 1447 1859 1474 in
1882 1444 2034 1483 glossario,

94 1488 171 1525 olla,
201 1488 254 1516 ubi
276 1494 342 1517 exta
366 1490 578 1528 coquebantur.
610 1490 697 1519 Dac.
743 1491 826 1519 Adde
855 1491 890 1519 de
921 1493 996 1519 extis
1018 1491 1175 1529 Regalibus
1207 1492 1282 1520 infra
1304 1490 1443 1530 Regalia.
1477 1489 1580 1520 Goth.
1626 1490 1669 1518 Ab
1696 1501 1736 1519 ex
1757 1488 1976 1528 praepositione
1998 1487 2035 1515 sit

95 1530 274 1559 adiectivum
295 1538 398 1567 extus,
425 1533 506 1561 unde
526 1532 746 1570 comparativus
769 1540 902 1569 exterus,
934 1534 1132 1572 superlativus
1154 1535 1291 1564 extimus.
1334 1533 1445 1562 Verum
1468 1533 1556 1571 igitur
1578 1532 1656 1561 Festi
1679 1537 1799 1571 etymon
1822 1541 1884 1561 esse
1905 1530 2034 1564 videtur,

94 1572 151 1601 nisi
175 1573 254 1612 quod
276 1574 367 1610 magis
390 1573 426 1602 ab
450 1585 490 1603 εει·
510 1584 610 1613 praep.
634 1585 722 1612 quam
745 1575 781 1602 ab
804 1573 949 1604 eat-stando
973 1576 1102 1604 derivari
1125 1576 1282 1604 dicendum
1306 1580 1378 1606 erat.

256 1622 460 1654 Extimum.
504 1623 659 1653 Eat-timum
679 1626 918 1664 promontorium.
946 1626 1019 1656 Plin.
1043 1626 1098 1665 (H.
1116 1627 1151 1654 N.
1170 1626 1214 1664 V,
1239 1629 1272 1663 1,
1297 1627 1353 1663 1.).
1379 1625 1432 1654 Da
1443 1637 1467 1655 c.
1512 1625 1595 1654 Adde
1616 1630 1717 1655 notata
1740 1625 1808 1656 adv.
1831 1622 1886 1654 Ad
1909 1621 2032 1651 Exitum

95 1674 146 1693 seu
168 1663 224 1693 Ad
244 1664 407 1694 Est-timum.
454 1664 558 1696 Goth.

257 1714 528 1745 Exterraneus.
571 1716 691 1745 Frustra
719 1722 762 1746 est
783 1718 903 1754 Festus,
940 1719 990 1756 qui
1013 1730 1027 1747 a
1052 1726 1128 1747 terro
1153 1724 1181 1747 et
1203 1718 1365 1757 praeposit.
1390 1729 1431 1747 ex
1452 1725 1652 1747 exterraneum
1682 1718 1793 1747 dictum
1822 1721 1917 1756 putat.
1959 1714 2032 1743 Nam

94 1762 138 1786 est
161 1757 196 1785 ab
220 1764 324 1794 extra,
347 1768 403 1796 pro
427 1769 486 1797 quo
510 1758 593 1798 prius
617 1759 753 1788 dicebant
774 1768 884 1789 extero.
929 1761 970 1789 Ita
993 1768 1193 1798 exterraneus,
1223 1762 1274 1799 qui
1298 1765 1398 1799 postea
1423 1768 1587 1790 extraneus.
1632 1761 1719 1791 Dae.

257 1808 525 1838 Exterraneus
548 1821 698 1850 quoque.
741 1811 795 1839 Hic
818 1811 902 1840 locus
925 1812 968 1839 sic
989 1812 1093 1840 melius
1115 1811 1145 1839 in
1170 1811 1343 1850 quibusdam
1368 1811 1455 1839 codd.
1470 1815 1629 1849 conceptus
1645 1816 1703 1840 est:
1726 1808 1945 1840 Exterricineus
1960 1816 2030 1845 quo-

92 1861 147 1890 que
169 1848 293 1886 dicitur,
330 1852 380 1890 qui
401 1859 468 1880 ante
489 1859 598 1891 tempus
621 1861 706 1882 natus
728 1852 773 1882 vel
792 1854 890 1892 potius
911 1854 1014 1882 eiectus
1036 1861 1085 1882 est.
1129 1853 1234 1883 Dictus
1258 1861 1352 1882 autem
1377 1854 1600 1889 exterricineus‚
1636 1851 1715 1893 quod
1738 1864 1800 1881 eum
1822 1857 1913 1880 mater
1934 1854 2028 1876 exter-

93 1893 151 1920 rita
173 1891 240 1921 alvo
264 1890 373 1921 deiecit.
418 1893 461 1921 Ab
483 1896 659 1924 exterrendo
683 1897 891 1924 exterricineus
914 1896 1026 1932 dictus,
1059 1906 1145 1934 quem
1169 1896 1309 1925 exterrita
1331 1900 1424 1924 mater
1446 1896 1540 1924 eiecit.
1586 1896 1691 1923 Graeci
1713 1898 1823 1924 vocant
1845 1893 1980 1930 ἔκτρωμα
2001 1893 2030 1916 et

91 1932 275 1974 ἐξάμβλωμα.
321 1935 357 1963 Et
378 1935 476 1964 differt
497 1936 532 1964 ab
556 1947 606 1974 eo,
644 1948 731 1976 quem
755 1938 859 1967 Graeci
883 1944 990 1967 vocant
1012 1935 1205 1977 ἠλιτόμηνον,
1243 1939 1293 1977 qui
1323 1943 1390 1966 ante
1413 1944 1534 1966 exactos
1556 1947 1669 1967 menses
1692 1943 1778 1967 natus
1801 1940 1859 1972 est,
1894 1937 1928 1962 ut
1949 1930 2028 1971 apud

90 1982 194 2016 poetas
214 1976 407 2014 Eurystheus.
452 1978 539 2007 Dac.

255 2018 452 2049 Externus.
496 2021 540 2049 Ab
563 2028 646 2050 exter
667 2029 798 2059 exterus,
822 2022 900 2051 unde
921 2030 1066 2052 externus.
1090 2022 1177 2053 Dac.
1213 2021 1358 2056 Alienae;
1381 2022 1493 2050 alienus
1516 2021 1563 2050 vel
1588 2022 1672 2052 alius.
1699 2020 1802 2050 Goth.
1840 2017 1883 2046 Ab
1904 2025 1944 2044 ex
1965 2024 2027 2043 ex-

91 2068 152 2097 ius,
179 2068 310 2096 exterus,
336 2070 487 2099 externus,
509 2064 644 2092 extimus.
680 2064 733 2093 Est
756 2066 832 2093 enim
855 2064 885 2093 in
908 2065 1059 2094 Sanscrito
1083 2075 1216 2094 sermone
1238 2065 1367 2102 legitima
1391 2064 1584 2102 comparativi
1607 2065 1701 2093 forma
1724 2064 1754 2091 in
1777 2069 1858 2090 taras
1881 2057 2026 2092 desinens,

90 2103 265 2142 superlativi
289 2103 317 2131 in
341 2111 453 2141 tamus,
477 2115 603 2143 quorum
625 2106 675 2134 illa
699 2117 766 2135 cum
790 2107 959 2136 Latinorum
985 2115 1073 2143 ierus,
1097 2108 1278 2136 Graecorum
1301 2119 1402 2147 τερος,
1429 2106 1502 2135 haec
1523 2117 1594 2135 vero
1617 2106 1787 2135 Latinorum
1810 2104 1896 2132 timus
1917 2100 1947 2128 in
1969 2109 2025 2128 ex-

90 2146 190 2181 timus,
222 2144 354 2181 ultimus,
391 2148 524 2187 irfimus,
559 2148 677 2177 intimus
705 2150 854 2178 convenit.
900 2150 994 2188 Atque
1019 2151 1106 2178 etiam
1129 2150 1159 2178 in
1182 2149 1331 2178 Sanscrito
1355 2159 1490 2178 sermone
1511 2148 1741 2188 praepositiones
1763 2146 1805 2175 sic
1825 2144 2023 2174 inflectuntur.

88 2186 163 2216 Vide
185 2198 274 2226 supra
298 2187 388 2219 Exta.

252 2229 525 2269 Experrectus.
569 2232 626 2260 Pro
653 2231 823 2271 corrigendo
852 2244 881 2261 se
901 2233 1020 2262 videtur
1041 2233 1196 2271 legendum
1220 2244 1238 2261 a
1258 2232 1435 2273 porrigendo
1457 2245 1494 2263 se.
1524 2231 1601 2262 Ful.
1629 2232 1706 2261 Urs.
1750 2231 1806 2260 Hic
1828 2234 1925 2259 autem
1945 2238 2022 2268 por-

89 2269 180 2309 rigere
201 2276 243 2299 est
264 2283 319 2310 pro
340 2285 500 2312 per-regere,
525 2274 603 2302 unde
623 2285 747 2313 pergere.
779 2275 850 2304 Vide
872 2286 960 2314 supra
986 2273 1172 2315 Expergitus.
1208 2275 1404 2315 Eat-porrigere
1426 2281 1538 2312 autem,
1560 2275 1638 2304 unde
1661 2285 1712 2312 per
1733 2283 1885 2313 syncopen
1907 2280 2020 2309 expor-

86 2324 167 2352 gere‚
191 2323 251 2341 non
273 2326 288 2342 a
309 2326 398 2354 porro
419 2327 515 2354 ogere,
541 2321 572 2344 ut
592 2316 668 2344 infra
691 2317 811 2354 Festus,
834 2318 885 2347 sed
908 2329 924 2346 a
944 2329 996 2357 per
1019 2323 1047 2346 et
1068 2328 1133 2358 rego
1156 2318 1264 2357 probat
1285 2319 1478 2358 praeteritum
1497 2319 1629 2358 porrexi.
1652 2317 1744 2347 Dac.
1779 2316 1860 2345 Nihil
1882 2315 1940 2351 agit
1962 2312 2017 2338 0³·

89 2355 191 2384 certus.
227 2356 315 2384 Recte
338 2358 449 2386 Festus.
481 2358 554 2387 Vide
576 2369 629 2387 suo
652 2359 728 2389 loco.

248 2397 423 2439 Eae-preto.
466 2399 546 2429 Nihil
569 2402 752 2432 mutandum.
782 2401 917 2442 Expreta
938 2403 1118 2442 transposita
1140 2403 1225 2432 litera
1248 2413 1304 2442 pro
1327 2409 1463 2443 experta,
1486 2402 1517 2432 id
1540 2406 1586 2432 est
1607 2401 1748 2442 expet-ito.
1780 2395 1918 2436 Experiri
1924 2415 1932 2431 ,
1954 2403 2014 2423 esc-

1494 2446 1507 2458 0
