2263 2668
541 65 605 99 DE
631 63 1022 98 SIGNIFICATIONE
1050 64 1335 100 VERBORUM.
1389 67 1534 101 LIBER
1561 67 1635 101 XII.

1989 71 2063 105 107

212 170 357 202 nequam
381 170 451 192 esse
477 170 611 200 aurum,
647 159 739 203 quod
766 169 859 190 aures
887 157 998 190 laedat
1024 159 1177 203 pondere
1204 160 1384 204 inaurium,
1429 173 1532 205 quum
1560 162 1646 195 auris
1672 161 1843 202 inciditur3
1884 164 1938 197 vel
1965 165 2063 199 etiam

215 210 436 255 cupiditatem
462 211 625 255 pecuniae
653 211 756 243 voluit
783 209 979 254 significare.

112 260 269 295 Nervam
296 262 509 307 appellamus
537 263 636 296 etiam
662 263 808 296 ferreum
835 261 1021 302 vinculum,
1056 273 1124 305 quo
1151 262 1258 306 pedes
1284 264 1337 295 vel
1366 263 1464 296 etiam
1492 264 1637 298 cervices
1664 265 1901 310 impediuntur.

111 312 320 358 Negumate
347 318 478 359 negate.

111 362 283 398 Νεῐὸιιῑο36
298 365 405 399 dictus
426 369 492 407 est,
519 365 576 409 qui
598 375 664 397 non
684 364 789 408 pluris
812 369 877 405 est,
905 375 1005 407 quam
1028 364 1167 405 nebula,
1195 369 1252 397 aut
1272 366 1330 409 qui
1348 376 1414 398 non
1432 365 1532 400 facile
1550 368 1696 412 perspici
1712 364 1862 413 possit³¹‚
1889 368 1995 412 qualis
2013 368 2061 404 sit.

111 415 379 462 Negabundum
390 413 415 433 ³⁸
440 427 502 460 pro
530 412 707 460 negante³⁹
732 416 894 450 dixerunt.

112 466 328 513 Neutiquam
356 479 418 512 pro
445 468 538 500 nullo
565 467 679 502 modo.

112 517 268 564 Nepotes
293 520 479 552 luxuriosae
505 519 590 552 vitae
616 514 803 551 homines‘¹⁰
826 517 1006 562 appellati,
1042 517 1136 561 quod
1163 528 1230 550 nou
1255 518 1364 563 magis
1386 518 1439 551 his
1449 514 1471 535 ‘¹¹
1495 520 1542 552 rei
1568 531 1646 553 suae
1672 517 1877 554 familiaris‘ffl
1898 532 1977 555 cura
2003 527 2061 565 est,

215 582 315 614 quam
342 567 437 611 his⁴³‚
481 571 600 614 quibus
627 575 724 615 pater
750 581 894 613 avusque
922 569 1043 601 vivunt.

112 620 233 667 Nepos
260 622 481 666 compositum
510 623 552 655 ab
577 634 637 662 eo,
680 620 773 665 quod
801 626 892 654 natus
918 626 994 665 post
1020 620 1061 653 sit
1086 620 1174 664 patri
1184 616 1220 663 ⁴⁴,
1254 632 1356 664 quam
1382 621 1480 656 filius,

111 672 256 719 Nefas-li
283 673 353 706 dies
374 673 414 706 N
432 673 527 707 litera
553 678 708 707 notantur
718 669 751 705 ⁴⁰.

112 723 219 770 Nepa
239 725 397 758 Afrorum
420 725 536 770 lingua
555 725 660 767 sidus,
687 724 780 768 quod
801 734 920 757 cancer
940 723 1130 768 appellatur
1139 720 1174 764 ⁴⁶,
1203 723 1270 765 vel,
1300 728 1334 756 ut
1357 723 1492 767 quidam
1516 724 1648 765 volunt,
1669 725 1820 770 scorpius
1829 721 1863 761 4⁷.
1906 725 2059 758 Plautus:

484 776 591 810 Dabo
617 788 674 810 me
699 776 750 809 ad
772 775 968 821 parietem,
1004 774 1170 808 imitabor
1194 785 1335 820 nepam.

112 823 269 872 Nepte-3⁴⁸
292 839 357 860 non
383 839 495 872 purus.

113 877 257 911 Nautea
282 878 388 912 herba
415 879 524 924 granis
551 879 671 924 nigris,
699 874 800 922 (ῃιῖι.49
821 877 951 912 coriarii
978 881 1128 918 utuntur,
1162 889 1182 909 a
1208 889 1292 910 nave
1319 873 1481 910 dictum-5⁰
1504 888 1644 918 nomen,
1669 877 1746 921 quia
1773 887 1927 910 nauseam
1938 873 1960 894 5¹
1982 877 2062 910 facit

215 941 278 974 per
305 931 522 963 mutationem
532 927 557 948 ⁵²
579 935 591 963 t
620 935 652 963 et
677 927 738 966 8⁵³.

113 979 222 1014 Natio
248 993 353 1026 genus
380 982 570 1023 hominum,
598 983 656 1025 qui
682 992 748 1014 non
776 980 908 1013 aliunde
936 985 1111 1021 venerunt,
1139 979 1197 1012 sed
1224 978 1270 1012 ibi
1298 979 1364 1011 nati
1391 984 1473 1012 sunt.
1525 979 1562 1012 In
1589 980 1768 1024 pecoribus
1796 990 1931 1023 quoque
1954 979 2061 1013 bonus

216 1039 396 1077 proventus
423 1034 552 1067 feturae
579 1034 667 1066 bona
694 1033 783 1065 natio
811 1032 939 1066 dicitur.

113 1082 325 1118 Nautiorum
335 1081 360 1102 ⁵⁴
381 1086 507 1118 familia
535 1081 587 1117 a55
611 1085 764 1118 Troianis
791 1083 912 1117 dicitur
939 1082 1089 1117 oriunda.

112 1135 298 1169 Natinatio
324 1136 499 1170 dicebatur
525 1136 707 1180 negotiatio
718 1132 752 1177 ⁵⁶,
796 1141 828 1168 et
855 1135 1053 1167 natinatores
1082 1145 1122 1167 ex
1149 1144 1189 1167 eo
1218 1132 1365 1165 seditiosi
1375 1129 1408 1165 ⁵⁷.

113 1186 262 1221 Naccae
287 1188 499 1232 appellantur
524 1188 688 1229 fullones,
716 1186 809 1230 quod
819 1183 843 1204 5⁸
866 1186 962 1220 nauci
989 1197 1055 1218 non
1065 1182 1090 1203 ⁵⁹
1113 1185 1174 1218 sint
1200 1185 1234 1217 id
1262 1189 1311 1217 est
1336 1184 1457 1217 nullius
1484 1182 1592 1228 pretii.

215 1239 290 1272 lana
317 1250 420 1273 nacae
447 1239 601 1272 dicuntur
627 1251 647 1272 a
673 1239 823 1272 Graecis

112 1287 293 1323 Ναιισαε60
315 1302 378 1334 pro
411 1292 509 1336 nugis
544 1291 696 1335 ponitur,
740 1286 852 1323 aliasffl
875 1299 937 1333 pro
965 1288 1061 1321 oleae
1088 1292 1144 1321 aut
1170 1287 1262 1322 nucis
1289 1287 1422 1322 nucleo.

656 1342 804 1384 Quidam
833 1352 872 1374 ex
900 1340 1034 1373 Graeco
1045 1336 1079 1380 ⁸²,
1108 1340 1200 1383 quod
1229 1339 1268 1372 sit
1294 1339 1354 1374 ναὶ
1378 1338 1436 1374 καὶ
1459 1336 1539 1382 οὐχί
1549 1334 1584 1378 ¹⁵³,
1611 1338 1721 1370 levem
1741 1336 1912 1370 hominem
1933 1337 2063 1383 signifi-

213 1341 258 1374 ita
284 1342 451 1387 appellari
477 1343 602 1375 volunt.

1645 1182 1768 1216 Omnia
1795 1183 1865 1216 fere
1893 1194 1997 1228 opera
2024 1193 2063 1216 ex

1483 1286 1552 1319 Alii
1586 1285 1734 1318 omnium
1767 1296 1877 1318 rerum
1903 1290 2062 1330 putamen

215 1403 292 1426 care
301 1389 325 1410 ‘¹⁴
340 1394 498 1427 volentes.
539 1394 686 1435 Quidam
709 1393 825 1426 volunt
845 1392 891 1426 sic
915 1391 1080 1436 appellari
1103 1391 1386 1432 membranulam,
1415 1402 1502 1435 quae
1521 1390 1554 1423 in
1574 1389 1665 1424 nucis
1686 1388 1852 1434 iuglandis
1873 1393 1920 1422 est
1939 1388 2061 1423 medio.

111 1443 252 1478 Norica
278 1456 383 1490 genus
410 1445 509 1490 piscis
535 1446 650 1479 minuti
659 1442 693 1477 ⁶⁵.

111 1495 286 1529 Nancitor
312 1494 458 1531 nactus⁶⁸
482 1497 551 1529 erit.

116 1546 218 1581 Nare
242 1559 262 1580 a
288 1559 372 1581 nave
398 1548 536 1581 ductum
546 1545 581 1589 ⁶⁷,
620 1547 712 1591 quod
740 1557 827 1589 aqua
853 1545 977 1579 feratur
1004 1549 1132 1585 natans,
1172 1549 1207 1577 ut
1233 1543 1332 1577 navis.

114 1598 254 1632 Nature
278 1605 326 1632 est
352 1599 482 1644 saepius
508 1611 587 1632 nare
596 1595 632 1639 ⁶⁸,
671 1604 706 1631 ut
733 1598 901 1637 dictitare,
938 1596 1097 1630 factitare.

115 1702 187 1731 Cod.
203 1703 299 1732 Berol.
314 1703 369 1731 ita:
403 1702 516 1730 Nectar
539 1699 622 1739 quod
641 1702 681 1728 sit
702 1700 871 1728 immortale
893 1698 928 1726 id
948 1705 990 1728 est
1006 1710 1065 1727 non

114 1744 216 1773 occido
229 1746 341 1774 Graece
354 1744 511 1782 Significat
526 1744 648 1771 deorum
657 1744 811 1781 potionem
826 1742 939 1772 κτείνω.
962 1759 996 1763 -
1018 1741 1064 1778 36)

116 1787 250 1826 Nebula]
273 1788 310 1816 Ut
330 1797 383 1816 nos
403 1786 591 1826 scripsimus,
619 1786 662 1814 sic
678 1785 816 1814 exhibent
831 1785 956 1823 glossam
974 1784 1063 1812 codd.

114 1835 143 1859 et
164 1829 236 1860 edit.
249 1830 344 1870 princ.
359 1829 463 1867 Scalig.
477 1828 618 1865 retinuit,
647 1838 722 1867 quae
743 1832 812 1856 sunt
828 1827 857 1855 in
873 1826 992 1856 schedis
1007 1826 1065 1854 Fe·

114 1873 170 1909 sti,
194 1882 266 1911 quas
280 1872 356 1901 vide.
380 1888 417 1893 —
441 1872 488 1909 37)
507 1871 619 1910 possit]
637 1876 737 1910 potest
754 1871 810 1899 Gu.
827 1873 852 1900 1.
874 1887 916 1891 —
936 1871 982 1906 38)
1007 1869 1062 1896 Ne.

111 1914 309 1955 gabundum]
333 1913 547 1953 Negibundam
562 1914 591 1941 L.
605 1914 638 1942 B.
652 1913 689 1942 M.
707 1913 762 1942 Gu.
781 1916 807 1944 1.
828 1914 856 1940 S.
878 1928 920 1934 -—
942 1910 988 1949 39)
1012 1922 1063 1939 ne-

111 1957 216 1997 gante]
238 1962 393 1996 negantem
406 1956 439 1985 B.
463 1973 501 1978 ——
524 1956 570 1995 40)
592 1958 672 1985 vitae
686 1955 778 1994 lzom.]
801 1955 849 1983 Sic
866 1955 897 1982 L.
909 1954 942 1982 B.
956 1954 993 1982 M.
1008 1954 1065 1981 Gu.

117 2003 183 2032 1.2.
201 2011 246 2040 pr.
264 2002 292 2029 S.
335 1999 413 2028 hom.
433 2000 486 2026 vit.
506 1999 586 2036 vulg.
614 2015 649 2020 —
680 1999 725 2036 41)
749 1999 814 2033 his]
839 1998 878 2024 iis
901 1996 955 2026 Gu.
976 1999 1000 2027 1.
1023 2011 1065 2016 -

113 2044 158 2080 42)
181 2054 256 2071 suae
266 2042 367 2081 sam.]
385 2042 467 2080 fam.
481 2052 555 2069 suae
572 2041 605 2070 L.
630 2057 665 2062 —
689 2039 736 2079 43)
759 2040 823 2075 liis]
847 2041 877 2067 in
894 2039 944 2066 his
959 2038 988 2065 L.
1033 2038 1065 2065 in

114 2087 153 2113 ι’ίᾰ·
167 2086 222 2114 Gu.
236 2088 262 2117 1.
285 2102 324 2106 -
347 2087 392 2121 44)
410 2083 509 2122 patri]
525 2085 627 2122 fratri
642 2084 673 2113 L.
696 2099 738 2104 —
760 2081 806 2121 45)
830 2081 988 2118 notantur]
1007 2080 1064 2107 Fa-

113 2130 154 2156 sii
168 2139 233 2156 vero
249 2128 282 2157 R
297 2137 365 2155 cum
379 2125 444 2154 dies
458 2131 529 2154 sunt
544 2137 596 2154 nec
608 2127 695 2163 fasti
714 2136 765 2153 nec
786 2125 901 2162 nefasti
919 2128 1067 2150 notantur

114 2170 183 2200 add.
204 2171 234 2198 L.
265 2186 305 2192 —-
336 2168 384 2209 46)
408 2168 599 2207 appellatur]
623 2179 679 2197 om.
702 2168 734 2196 B.
763 2182 806 2187 —
833 2165 881 2206 47)
909 2163 1066 2204 scorpius]

113 2215 247 2251 scorpios
261 2212 299 2242 M.
344 2211 503 2250 scorpltiu-s·
519 2210 573 2239 Gu.
587 2213 615 2241 2.
635 2227 676 2231 ——-
699 2210 744 2246 48)
770 2209 889 2247 Nepae]
914 2208 993 2246 vulg.
1012 2207 1067 2236 ad—

113 2256 194 2284 ditur
207 2266 280 2293 pro,
305 2254 384 2293 quod
402 2254 540 2292 ignorant
556 2252 645 2281 codd.
662 2257 689 2280 et
707 2251 775 2282 edit.
793 2261 838 2290 pr.
860 2267 901 2272 —
923 2252 970 2291 49)
994 2249 1067 2289 qua]

114 2309 171 2328 om.
191 2298 229 2326 M.
258 2313 299 2319 —
328 2298 372 2334 50)
396 2295 532 2334 dictum]
556 2294 681 2324 ductum
698 2294 729 2322 L.
747 2294 778 2323 B.
793 2293 831 2322 M.
846 2304 891 2333 pr.
906 2294 934 2321 S.
962 2310 992 2314 -
1021 2291 1067 2331 51)

115 2339 273 2378 nauseam]
297 2340 345 2368 Sic
360 2340 389 2369 L.
404 2339 437 2368 B.
451 2338 488 2369 M.
510 2339 566 2368 Gu.
583 2341 606 2369 1.
622 2339 652 2369 2.
666 2347 712 2376 pr.
729 2337 756 2365 S.
793 2335 920 2366 ναυτέαν
935 2335 1016 2374 vulg.
1027 2350 1068 2357 -—

1109 1696 1154 1738 52)
1171 1708 1226 1736 per
1244 1694 1462 1734 mutationem]
1480 1697 1704 1733 permutatione
1725 1695 1763 1725 M.
1781 1695 1809 1724 S.
1832 1710 1872 1717 —
1895 1697 1940 1732 53)
1965 1701 1976 1723 ε
1990 1701 2016 1724 et
2031 1694 2061 1734 s]

1109 1741 1158 1768 Sic
1176 1741 1206 1770 L,
1223 1740 1279 1767 Gu.
1297 1741 1323 1769 1.
1339 1741 1368 1769 2.
1414 1742 1467 1765 tet
1483 1748 1498 1764 S
1514 1743 1547 1765 at
1562 1742 1574 1764 t
1592 1743 1617 1765 et
1632 1749 1655 1766 ε.
1676 1738 1744 1775 Cf
1766 1738 1795 1766 T.
1811 1738 1840 1766 S.
1860 1736 1937 1777 (sic)
1958 1737 1991 1766 Β.
2020 1754 2062 1759 -

1108 1785 1153 1820 54)
1178 1779 1375 1818 Nautiorum]
1401 1781 1606 1808 Nautio-orum
1618 1781 1651 1810 L.
1672 1796 1710 1802 —
1736 1783 1781 1815 55)
1803 1779 1834 1818 a]
1858 1780 1907 1808 Sic
1923 1780 2016 1811 Gu.2.
2033 1780 2061 1809 S.

1108 1836 1122 1853 e
1142 1825 1224 1863 vulg.
1269 1823 1334 1851 Om.
1352 1833 1454 1861 praep.
1472 1823 1503 1851 L.
1519 1823 1551 1851 B.
1568 1823 1606 1851 M.
1622 1823 1678 1851 Gu.
1696 1825 1723 1854 1.
1741 1832 1787 1861 pr.
1812 1839 1847 1843 -
1873 1820 1918 1861 56)
1943 1821 2062 1850 diceba-

1109 1873 1161 1895 tur
1176 1865 1361 1905 negotiatio]
1385 1871 1482 1904 negot.
1498 1864 1590 1893 diceb.
1604 1865 1636 1894 L.
1658 1881 1699 1887 —
1719 1866 1765 1902 57)
1788 1862 1943 1903 seditiosi]
1968 1865 2016 1893 Sic
2030 1865 2061 1893 L.

1108 1910 1140 1940 B.
1156 1909 1195 1937 Μ.
1214 1909 1270 1936 Gu.
1286 1911 1312 1939 1.
1328 1911 1356 1940 2.
1376 1907 1522 1947 (scedio-si)
1546 1918 1592 1947 pr.
1609 1908 1637 1936 S.
1680 1908 1828 1946 negotiosi
1846 1907 1927 1945 vulg.
1953 1924 1989 1928 —
2013 1909 2060 1947 58)

1109 1950 1207 1991 quod]
1232 1952 1286 1990 qui
1305 1951 1337 1978 L.
1360 1966 1402 1972 —
1424 1950 1469 1989 59)
1492 1952 1587 1979 nauci
1604 1949 1681 1990 non]
1703 1960 1764 1978 non
1780 1951 1875 1977 nauci
1893 1949 1926 1979 B.
1950 1965 1990 1970 —
2013 1950 2061 1988 60)

1109 1993 1255 2032 Naucus]
1280 1992 1328 2021 Sic
1350 1993 1381 2021 B.
1394 1993 1431 2022 M.
1447 1993 1505 2024 Gu.
1521 1997 1549 2026 2.
1573 2003 1617 2032 pr.
1635 1994 1662 2021 S.
1709 1992 1829 2021 Naucis
1846 1992 1879 2022 L.
1898 1992 1954 2021 Gu.
1968 1994 1997 2024 1.
2020 2008 2062 2014 —-

1108 2037 1156 2074 61)
1180 2035 1274 2075 alia-9]
1297 2037 1404 2064 naucis
1419 2035 1488 2065 add.
1502 2036 1534 2064 L.
1559 2052 1596 2057 —
1621 2035 1669 2071 62)
1691 2045 1724 2063 ex
1739 2035 1867 2073 Graeco]
1892 2045 1948 2066 om,
1965 2035 2020 2065 Gu.
2033 2037 2059 2066 1.

1108 2095 1150 2101 —
1177 2081 1223 2117 63)
1245 2077 1294 2109 ναὶ
1314 2078 1365 2108 καὶ
1389 2076 1471 2118 ου’χί]
1501 2079 1552 2108 ΝΕ
1577 2078 1623 2106 CE
1648 2077 1716 2106 VHI
1737 2077 1814 2117 (sic)
1836 2077 1875 2106 M.
1919 2077 2062 2106 necelielzi

1111 2122 1206 2152 Gu.2.
1243 2131 1309 2149 nece
1324 2121 1356 2150 L.
1389 2133 1464 2150 nace
1481 2132 1526 2161 pr.
1556 2130 1659 2149 neceae
1673 2120 1704 2151 Β.
1746 2130 1805 2149 om.
1824 2120 1880 2148 Gu.
1896 2122 1922 2151 1.
1938 2121 2060 2149 Graeca.

1110 2180 1152 2185 —
1173 2162 1219 2203 64)
1241 2163 1427 2204 significare]
1451 2164 1624 2204 significari
1638 2163 1669 2192 L.
1691 2178 1734 2184 —
1755 2165 1800 2202 65)
1823 2163 1948 2202 minuti]
1962 2164 2060 2190 minu-

1111 2212 1177 2235 tum
1193 2207 1223 2236 L.
1241 2207 1271 2236 B.
1288 2216 1334 2245 pr.
1363 2223 1406 2228 ——
1435 2207 1481 2247 66)
1503 2208 1629 2242 nactus]
1653 2211 1785 2234 nanctus
1804 2215 1848 2245 pr.
1872 2221 1913 2227 —
1935 2203 1980 2243 67)
2001 2202 2060 2230 du-

1111 2248 1204 2288 ctum]
1220 2249 1269 2278 Sic
1284 2249 1315 2277 L.
1327 2249 1359 2278 B.
1370 2249 1407 2279 M.
1425 2250 1519 2283 Gu.2.
1534 2260 1582 2290 pr.
1619 2247 1738 2277 dictum
1752 2248 1831 2287 vulg.
1851 2263 1889 2269 —
1912 2242 1956 2280 68)
1978 2244 2060 2282 nare]

1113 2302 1171 2324 om.
1187 2292 1218 2321 L.
1235 2292 1266 2321 Β.
1280 2302 1324 2330 pr.

1583 2383 1654 2417 O*
