2263 2668
217 135 268 169 60
641 130 783 164 PAULI
810 130 933 166 DIAC.
958 132 1215 168 EXCERPTA
1242 134 1304 168 Ex
1331 135 1419 168 LIB.
1447 135 1590 170 POMP.
1620 137 1756 170 FESTI

209 221 422 261 Exdorsua¹
446 223 581 255 dorsum
607 220 823 268 confringe²;
865 225 934 268 alii,
971 226 1087 261 exime.

210 274 337 325 Εῃῖν3
360 278 635 321 purgamentum,
676 273 785 308 unde‘¹
808 276 923 311 adhuc
950 283 1060 312 manet
1087 278 1211 312 suffitio
1221 276 1242 311 ⁵.

210 324 431 363 Escenderess
455 324 581 370 egredi.

210 380 400 425 Experitos
424 376 603 421 imperitos

211 431 411 476 Emplenunt
438 428 582 472 explent.

211 475 400 515 Exdutae⁷
423 479 570 513 exuviae.

211 532 411 576 Excipuum
421 527 444 572 Β,
476 530 569 574 quod
597 528 810 574 excipiatur⁹‚
845 537 881 565 ut
906 533 1143 578 praecipuum,
1179 533 1271 577 quod
1295 538 1369 566 ante
1396 535 1536 579 capitur.

211 583 338 617 Exciet
366 582 518 615 excutiet.

213 635 402 680 Expatare
427 633 460 665 in
486 634 599 666 locum
626 637 796 677 patentem
823 646 857 667 se
885 634 985 675 dare,
1026 635 1092 669 sive
1118 636 1149 668 in
1177 635 1324 680 spacium
1352 648 1386 669 se
1414 636 1577 671 conferre.

214 685 454 719 Exdecimata
465 682 488 702 ¹⁰
515 685 631 719 electa.

215 737 453 782 Expectorat‚
489 746 529 768 ex
555 740 693 780 pectore
721 736 816 770 eiicit.

216 789 455 834 Experrectus
478 791 525 820 est
535 783 569 828 ¹¹,
603 787 661 831 qui
685 798 747 832 per
773 799 807 820 se
835 787 975 833 vigilare
1003 788 1132 832 coepit:
1166 789 1354 833 expergitus
1382 789 1424 822 ab
1453 790 1518 822 alio
1547 790 1723 830 excitatus,
1751 800 1851 832 quem
1879 791 2021 823 solemus
2047 790 2159 825 dicere

318 839 594 883 expergefactum
603 836 637 871 ¹².

216 890 448 924 Excidionem
475 890 565 923 urbis
592 902 611 922 a
637 889 810 923 caedendo
839 889 963 924 dictam
990 890 1202 923 manifestum
1229 896 1287 925 est.

216 940 344 989 Effata
373 942 512 975 elocuta.

216 993 432 1039 Exporgere
458 1003 560 1038 porro
589 1003 708 1037 agere,
736 993 961 1038 exporrigere.

217 1045 403 1085 Exoletus,
438 1045 495 1088 qui
517 1043 727 1085 adolescere,
763 1044 798 1077 id
824 1049 873 1077 est
899 1040 1080 1078 crescere¹3
1105 1043 1210 1077 desiit.

222 1096 444 1140 Exanclare,
485 1095 667 1128 exhaurire.

217 1147 380 1181 Examen
407 1152 454 1181 est
481 1152 512 1180 et
522 1144 545 1164 ¹⁴
572 1152 825 1190 aequamentum
853 1151 885 1180 et
910 1146 1021 1180 iudicii
1047 1146 1254 1191 investigatio
1266 1142 1290 1163 ¹5
1318 1151 1348 1179 et
1376 1146 1488 1190 apium
1500 1143 1522 1163 ¹¹⁵
1552 1148 1773 1192 congregatio
1802 1147 1855 1180 vel
1881 1148 2090 1181 locustarum.

217 1199 426 1244 Exagogen
453 1199 668 1232 evectionem.

217 1246 479 1295 ΕκανςεητεεΠ
501 1250 730 1294 exprimentes.

218 1298 479 1346 Exgregiae¹⁸,
509 1301 684 1346 egregiae,
711 1299 747 1332 id
773 1304 821 1333 est
841 1312 859 1333 e
882 1311 990 1345 grege
1001 1296 1025 1316 ¹⁹
1052 1299 1169 1333 lectae.

219 1352 397 1386 Est-odium
424 1353 557 1386 exitum.

219 1404 446 1438 Examussz'm
472 1404 676 1449 regulariter.
730 1403 875 1436 Amussis
903 1403 988 1436 enim
1014 1402 1133 1447 regula
1159 1402 1330 1435 fabrorum
1359 1407 1423 1435 est:

321 1467 389 1499 quo
415 1456 449 1488 in
475 1455 637 1501 poliendo
663 1458 797 1487 utuntur
807 1450 841 1486 ²⁰.

220 1506 365 1540 Exoriri
391 1504 572 1552 surgerem.

222 1558 382 1592 Exuviae
408 1559 451 1591 ab
479 1558 630 1592 exuendo
658 1556 777 1590 dictae.

222 1609 406 1644 Exercitus
429 1615 461 1643 et
482 1611 625 1643 militum
651 1609 751 1653 copia
778 1607 916 1647 dicitur,
943 1611 976 1639 et
1002 1605 1107 1639 homo
1134 1607 1243 1641 multis
1270 1606 1411 1651 negotiis
1439 1605 1616 1645 exercitus;
1641 1606 1699 1639 sed
1712 1602 1736 1622 ²²
1758 1605 1905 1650 superius
1931 1606 2039 1649 quarti
2065 1605 2157 1639 ordi-

321 1662 383 1703 nis,
422 1658 524 1696 hoc²³
548 1660 684 1694 secundi
711 1664 768 1692 est.

224 1710 412 1746 Exomides
437 1718 510 1746 sunt
537 1712 656 1748 comici
683 1711 814 1744 vestitus
842 1708 958 1742 exertis
984 1708 1130 1742 humeris
1139 1706 1171 1742 ²⁴.

1473 1402 1545 1442 vel,
1590 1408 1625 1435 ut
1651 1402 1706 1435 alii
1734 1402 1866 1443 volunt,
1908 1401 2155 1442 ferramentum,

227 1845 282 1874 Gu.
295 1850 320 1876 1.
338 1858 380 1885 pr.
397 1851 425 1878 S.
442 1850 474 1878 l).
519 1850 642 1878 exburae
657 1850 737 1888 vulg.
760 1866 792 1870 -—
822 1850 850 1885 1)
873 1847 1048 1886 Exdorsua]
1073 1848 1120 1876 Sic
1136 1848 1166 1876 in

227 1887 282 1914 Gu-
295 1890 320 1918 1.
335 1895 391 1926 est,
414 1893 466 1920 sed
481 1893 597 1931 punctis
612 1897 746 1921 notatum
762 1902 792 1920 ιι.
815 1908 856 1913 -
877 1892 908 1929 2)
932 1890 1098 1929 confringe]
1119 1890 1167 1918 Sic

226 1928 257 1958 B.
272 1929 311 1957 M.
329 1930 383 1959 Gu.
395 1936 419 1962 1.
435 1943 478 1971 pr.
494 1936 520 1962 S.
536 1935 568 1964 l).
607 1936 775 1972 constringe
790 1935 868 1972 vulg.
915 1934 971 1963 Sed
988 1932 1168 1961 adorsum-e

226 1975 270 1999 est
291 1971 411 2001 dorsum
436 1976 474 2002 ita
492 1977 629 2013 caedere,
662 1982 696 2006 ut
714 1977 827 2005 nullum
847 1981 1006 2016 appareat,
1036 1977 1168 2004 confrin-

226 2022 308 2051 gere,
338 2025 397 2042 non
418 2021 528 2045 tantum
550 2020 758 2057 constringere.
785 2036 826 2041 —
855 2021 885 2057 3)
907 2019 1011 2057 E—tfil']
1036 2019 1118 2057 E³fit
1136 2019 1166 2046 L·

227 2056 282 2084 Gu.
296 2059 323 2088 1.
349 2073 386 2077 —-
409 2058 435 2094 4)
460 2059 554 2096 ande]
577 2066 601 2087 et
619 2061 677 2090 add
695 2063 726 2091 L.
749 2078 790 2083 -
812 2060 840 2102 5)
864 2061 1000 2100 suffitio]
1024 2062 1117 2099 suffio
1134 2061 1164 2091 L.

224 2107 271 2136 pr.
316 2099 456 2137 Sequitur
477 2100 507 2128 in
524 2102 553 2128 L.
570 2102 680 2138 glossa,
711 2114 786 2142 quae
807 2114 903 2142 neque
924 2105 955 2133 in
979 2105 1042 2132 aliis
1067 2103 1164 2139 codd„

225 2149 320 2178 neque
339 2140 368 2169 in
391 2141 471 2169 editt.
489 2147 599 2170 exstat:
630 2145 763 2173 Exlt'tius
781 2146 886 2184 iudex,
915 2157 1000 2185 quem
1018 2157 1166 2185 unapars

226 2182 320 2220 eligit.
343 2199 384 2205 -—
405 2188 432 2217 6)
454 2183 635 2222 Escendere]
659 2186 706 2213 Sic
727 2188 761 2215 M.
786 2189 841 2217 Gu.
858 2192 887 2220 2.
932 2188 1116 2217 Ε.ι’-ςει“1ι(ῖιί·ε
1131 2190 1164 2218 L.

225 2223 259 2252 Β.
275 2224 331 2255 Gu.
342 2228 369 2256 1.
412 2226 560 2254 Evcedere
575 2226 653 2263 vulg.
676 2243 716 2248 —
737 2232 763 2261 7)
787 2230 942 2270 Eli-dulae]
965 2231 1120 2260 Exdultae
1134 2232 1165 2259 L.

227 2265 383 2295 Exductae
396 2268 428 2297 B.
451 2285 492 2290 —
515 2267 544 2308 8)
567 2268 752 2305 Excipnam]
776 2271 937 2310 Excipiam
953 2275 1051 2305 Gu.1.
1074 2290 1115 2295 —
1137 2271 1166 2312 9)

227 2310 410 2349 excipiatur]
434 2312 580 2350 excipitur
600 2310 637 2340 M.
683 2312 820 2347 capiatur
841 2315 894 2342 Gn,
913 2318 938 2345 1,
964 2332 1003 2336 -..
1035 2315 1080 2355 10)
1102 2316 1168 2344 Ex..

228 2349 307 2391 dec.]
330 2351 420 2380 Eclec.
437 2353 474 2381 M.
496 2370 537 2375 —
560 2351 603 2390 11)
628 2351 687 2390 est]
713 2362 768 2381 om.
788 2353 819 2381 B.
841 2370 881 2375 —
905 2359 946 2388 12)
971 2356 1065 2385 dicere
1085 2357 1165 2395 επὶ-[3,]

228 2404 289 2431 exp.
315 2393 371 2424 dic.
388 2395 419 2426 B.
440 2412 480 2417 —
506 2396 549 2432 13)
573 2394 607 2422 id
626 2400 667 2422 est
691 2394 830 2431 crescere]
856 2406 911 2423 om.
928 2397 960 2424 B.
987 2414 1028 2419 —
1060 2402 1100 2433 14)
1125 2398 1167 2436 et]

1212 1859 1268 1877 om.
1285 1848 1316 1876 B.
1337 1863 1379 1870 —
1402 1845 1447 1886 15)
1471 1848 1679 1887 itzrtestzgalio]
1693 1849 1876 1876 examinatio
1893 1846 1961 1875 add.
1975 1846 2006 1874 L.
2014 1846 2046 1875 B.
2064 1846 2121 1875 Gu.
2130 1847 2155 1878 1.

1210 1907 1251 1912 —-
1273 1892 1315 1924 16)
1338 1889 1462 1929 apium]
1485 1890 1533 1918 Sic
1553 1891 1591 1919 M.
1617 1892 1672 1919 Gu.
1686 1894 1715 1923 2.
1758 1889 1833 1918 Vide
1853 1888 2016 1918 Gernhard.
2038 1888 2076 1917 ad
2097 1888 2154 1917 Cic-

1211 1933 1274 1961 Cat.
1288 1932 1356 1963 Mai.
1374 1933 1426 1969 15,
1450 1932 1500 1964 54.
1522 1949 1563 1954 —
1586 1932 1630 1972 17)
1654 1931 1853 1971 Erat-gentes]
1875 1932 1924 1961 Sic
1941 1931 2046 1970 scripsi
2063 1941 2078 1960 e
2093 1940 2156 1960 ves-

1211 1976 1288 2014 tigiis
1307 1975 1393 2004 codd.
1406 1975 1444 2003 M.
1459 1975 1514 2003 Gn.
1525 1979 1567 2012 2.,
1590 1975 1621 2004 in
1637 1976 1743 2014 quibus
1761 1979 1804 2004 est
1812 1976 2024 2014 Exurgaentes
2036 1972 2155 2011 antiqua

1211 2017 1430 2057 orthographia.
1480 2019 1679 2056 Exutgienles
1700 2019 1732 2046 B.
1777 2019 1976 2056 Exsurgentes
1996 2016 2028 2045 L.
2070 2015 2156 2044 Exu-

1205 2067 1307 2098 gentes
1323 2061 1401 2098 vulg.
1423 2077 1464 2082 -
1488 2061 1534 2097 13)
1556 2060 1742 2100 Ergregzssae]
1764 2061 1874 2099 Egreg.
1891 2060 1929 2089 M.
1973 2058 2155 2098 Exegregiae

1208 2105 1240 2133 L.
1258 2120 1300 2125 —
1324 2102 1367 2143 19)
1382 2114 1395 2130 e
1405 2102 1506 2142 grege]
1521 2114 1643 2143 exgrege
1650 2105 1682 2132 L.
1709 2105 1824 2142 egregie
1837 2102 1917 2131 B.M.
1942 2118 1980 2123 --
2002 2102 2052 2137 20)
2065 2105 2154 2128 utun-

1209 2146 1276 2184 tur]
1302 2147 1401 2174 utitur
1414 2146 1446 2174 B.
1470 2161 1511 2167 --
1532 2149 1577 2181 21)
1603 2145 1740 2185 surgere]
1764 2145 1856 2175 Addit
1871 2145 1903 2175 L.
1921 2144 2047 2182 glossam
2061 2143 2155 2181 Egre-

1206 2191 1280 2227 gius
1297 2200 1310 2216 e
1322 2199 1413 2227 grege
1433 2188 1534 2218 lectus.
1557 2205 1599 2210 —
1622 2192 1667 2222 22)
1690 2188 1758 2228 sed]
1782 2197 1876 2226 usque
1898 2186 1937 2215 ad
1951 2186 2038 2214 finem
2054 2195 2111 2214 om.
2121 2183 2150 2211 L.

1212 2248 1246 2252 —
1273 2231 1317 2269 23)
1341 2230 1414 2268 Ιιοε]
1439 2240 1505 2259 {vero
1522 2230 1588 2260 add.
1604 2231 1636 2259 B.
1659 2247 1700 2253 -
1724 2232 1772 2268 24)
1795 2231 1921 2259 vestitus
1935 2229 2040 2256 exertis
2052 2227 2170 2256 humb.

1210 2272 1266 2313 ris]
1291 2275 1396 2301 exertis
1409 2273 1544 2301 humeris
1559 2275 1661 2302 vestiti
1674 2273 1708 2306 B.
1731 2289 1773 2295 ·-—-
1795 2276 1842 2309 25)
1863 2277 1890 2300 et
1903 2271 1969 2309 ilia]
1993 2280 2047 2299 om.
2060 2267 2091 2296 11-
2110 2281 2151 2288 -·

1210 2317 1256 2353 26)
1280 2315 1413 2354 inarum]
1437 2317 1558 2344 viarum
1571 2316 1610 2346 M.
1627 2317 1655 2344 S.
1671 2316 1703 2344 D.
1729 2332 1764 2337 -ψ
1788 2314 1834 2354 27)
1856 2316 1890 2342 in
1903 2311 2025 2348 chartis]
2048 2318 2104 2338 om.
2119 2308 2150 2336 L.

1209 2374 1251 2379 —-
1271 2360 1316 2395 28)
1344 2358 1500 2394 videntur]
1525 2358 1603 2387 unde
1617 2357 1678 2386 vid.
1697 2358 1726 2386 L.
1770 2358 1803 2385 ιἠ.
1817 2356 1912 2384 chart.
1928 2363 1996 2392 app.
2009 2353 2055 2379 ita
2067 2349 2150 2378 vide-

1210 2405 1262 2426 tur
1277 2411 1337 2427 esse
1353 2400 1436 2427 dicta
1450 2411 1497 2438 pr.
1518 2416 1559 2422 --
1582 2401 1628 2433 29)
1652 2399 1746 2437 dicta]
1762 2398 1836 2427 Add.
1850 2398 1880 2426 L.
1896 2396 2019 2434 glossam
2028 2392 2148 2421 Ehulus
