2263 2668
237 193 310 228 422
665 182 1008 218 COMMENTARII
1034 184 1082 218 IN
1107 182 1250 218 PAULI
1275 182 1471 218 DIACONI
1497 184 1751 220 EXGERPTA

402 280 449 309 Fo
459 277 503 307 da
513 288 556 306 re.
600 276 689 305 Forte
713 285 749 304 an
772 275 852 315 apud
874 275 1002 304 Ennium
1023 276 1149 314 legerat:

851 316 966 358 Illyrici
987 325 1096 347 restant
1120 318 1198 348 Sicis
1219 318 1386 358 Sibinisque
1403 316 1553 356 fotlantes.

238 369 293 397 Ubi
316 367 405 402 vulgo
422 360 575 401 fodenteS,
600 359 680 398 quod
704 370 762 388 non
784 360 901 398 placet,
927 360 995 398 quia
1017 360 1067 389 hic
1088 362 1186 390 littera
1205 374 1219 390 e
1235 372 1338 390 vocem
1361 361 1459 388 reddit
1482 361 1567 391 nimis
1592 363 1697 392 exilem
1718 368 1745 392 et
1764 372 1939 400 exanguem.
1971 364 2079 394 Aurem
2099 369 2177 394 tuam

238 413 384 446 interroga
407 410 434 433 ei.
456 405 527 441 lege.
564 403 639 432 Vide
660 401 789 432 Sibinae.
830 402 919 433 Dae.

379 446 560 475 .Forctes.
604 444 710 473 Fortis.
753 445 886 474 Restitue
915 445 946 473 in
974 444 1068 473 veteri
1098 445 1224 474 editione
1253 445 1376 474 Forctis.
1423 445 1455 473 In
1486 447 1552 476 XII.
1580 447 1716 476 Tabulis:
1756 445 2024 478 SANATIBUS.
2057 447 2177 479 IDEM.

237 490 366 531 QUOD.
394 486 647 517 FORCTIBUS.
670 485 782 517 IOUS.
806 486 928 517 ESTO.
951 487 969 515 i.
991 497 1014 515 e.
1038 487 1122 516 bonis
1145 493 1173 517 et
1195 489 1246 527 qui
1269 498 1329 517 non
1352 488 1521 518 defecerant
1544 500 1559 518 a
1582 491 1695 529 populo
1713 491 1766 519 Ro.
1789 490 1893 520 Scal.
1925 489 1998 517 Vide
2022 488 2177 521 Horetum.

234 535 321 564 Dac.
364 532 519 567 Forectes,
549 530 679 566 sorects,
711 530 840 566 l'orcte53
870 530 920 558 alii
942 529 1076 565 sorcties3
1102 531 1152 559 alii
1174 532 1293 567 soletis,
1324 535 1356 558 ut
1377 530 1455 559 infra
1479 531 1509 559 in
1533 531 1679 561 Horetum
1704 538 1733 561 et
1754 532 1783 560 in
1809 532 1941 562 Sanates.
1967 530 2070 561 Goth.
2114 532 2178 562 Hoc

234 586 347 606 merum
369 579 414 603 est
436 574 616 602 Sanscritum
640 572 819 601 adiectivuni
842 571 911 609 urk,
941 572 1023 610 quod
1045 572 1197 602 descendit
1221 585 1235 602 a
1259 573 1358 601 radice
1383 571 1539 609 urclsclz,
1570 575 1648 603 unde
1672 575 1722 613 qui
1746 576 1894 604 Sanscrite
1917 579 2045 611 norunt,
2069 574 2177 604 intelli-

233 624 305 658 gunt
327 617 344 646 k
365 617 427 646 sive
451 628 466 645 c
487 617 516 644 in
538 615 594 643 hac
616 625 689 644 voce
711 614 749 643 ad
772 616 866 654 ipsam
890 615 1029 643 vocabuli
1050 617 1172 655 stirpem
1196 616 1352 655 peitinere.
1381 616 1454 644 Nam
1478 616 1541 645 tsclz
1565 622 1593 646 et
1616 616 1688 646 dsclz
1711 618 1827 656 linguae
1844 617 2010 646 Sanscritae
2032 618 2178 647 elementa

234 672 271 692 ex
295 660 382 690 certis
411 658 585 697 quibusdan]
616 656 785 696 euphoniae
813 659 927 696 legibus
957 658 987 685 in
1011 656 1027 685 k
1050 663 1078 686 et
1106 659 1264 697 aliquoties
1292 659 1323 686 in
1343 670 1364 697 g
1386 662 1550 688 transeunt.
1596 660 1640 688 Ex
1669 670 1729 698 quo
1761 660 1905 699 efficitur,
1944 659 2178 697 antiquissimam

240 704 322 733 illius
343 701 482 732 vocabuli
506 700 586 739 apud
609 701 727 728 Latinos
751 700 873 729 formam
897 700 988 728 fuisse
1009 699 1126 730 horctus
1146 702 1207 730 sive
1230 701 1355 736 lior-ctis,
1393 700 1472 729 unde
1494 706 1595 740 postea
1625 707 1722 731 ortum
1745 703 1871 741 forctis,
1908 708 1938 732 et
1966 701 2180 731 consuetudine

237 747 349 776 diutina
373 743 545 773 facilitatem
567 743 779 782 pronuntiandi
803 743 1002 782 praeferente,
1025 741 1133 780 fortis,
1157 743 1238 782 quod
1260 744 1288 771 in
1312 753 1366 771 usu
1388 744 1537 775 remansit.

397 784 539 814 Forum.
581 785 614 813 In
636 785 693 814 fine
715 796 771 824 pro
789 783 926 824 sorecula
945 796 983 813 m.
1002 784 1021 815 l.
1045 784 1133 815 habet
1157 785 1268 824 for-ula.
1292 784 1393 814 Fulv.
1421 785 1498 815 Urs.
1542 785 1651 814 Forum
1673 798 1764 826 agere.
1805 786 1898 815 Lucas
1919 787 1951 815 in
1974 786 2054 815 Actis
2077 786 2178 824 (XIX,

233 833 311 869 38.):
341 829 374 858 αἴ
393 826 530 868 ἆγόραιοι
553 824 686 868 ἄγονται.
727 829 764 857 Et
787 829 905 856 Servius
928 827 958 855 in
981 826 1072 856 illud:
1104 827 1269 868 Indicitque
1284 828 1384 865 forum
1407 825 1457 868 (ad
1482 829 1600 857 Aeneid.
1620 829 1661 865 V,
1685 829 1778 867 758.).
1805 827 1908 859 Scal.
1948 829 2042 858 Varro
2064 829 2176 860 lib.1V.

232 873 267 901 de
288 873 322 901 L.
346 872 379 899 L.
406 870 460 909 (V,
482 880 550 909 pag.
565 873 636 902 147.
661 869 741 910 Sp.):
780 869 844 908 Quo
869 870 1028 908 conferrent
1050 880 1118 899 suas
1143 871 1368 906 controversias,
1399 878 1424 899 et
1447 883 1521 910 quae
1542 869 1661 899 vendere
1683 870 1802 908 vellent,
1835 879 1862 900 et
1884 882 1941 911 quo
1964 883 2092 912 quaeque
2107 871 2180 910 ser*-

232 922 293 944 rent
309 913 411 952 sorum
433 911 626 952 appellarunt.
647 912 737 942 Dac.
771 911 805 940 1η
829 923 887 952 quo
910 911 1022 941 iudicia
1037 913 1122 951 fieri,
1148 924 1211 942 cum
1232 911 1342 952 populo
1365 913 1416 952 agi
1432 918 1488 943 etc.
1519 914 1631 942 Graece
1655 913 1853 952 δικαστήριον.
1891 913 1963 942 Vide
1987 925 2051 942 cum
2068 911 2179 954 populo

230 969 323 997 agere.
346 954 459 985 Idem.
508 953 577 984 Cum
602 956 643 992 is,
668 956 718 995 qui
739 955 908 994 provinciae
928 962 1053 994 praeest,
1070 955 1170 994 forum
1194 966 1286 994 agere,
1332 955 1393 985 Cic.
1412 956 1463 994 Ep,
1487 957 1523 984 ad
1545 956 1627 985 Fam.
1643 956 1700 992 ΙΙΙ,
1725 957 1769 987 4.;
1794 954 1941 985 Malevoli
1962 954 2105 992 homines,
2129 955 2180 996 qui

234 1008 260 1029 te
276 1000 380 1038 forum
409 998 495 1026 'sarsi
516 1008 618 1037 agere,
646 1005 769 1026 statuere
792 996 899 1034 multa,
923 996 1087 1034 decernere,
1113 996 1244 1026 iudicare
1267 995 1410 1035 dicerent,
1437 1010 1500 1027 cum
1521 1009 1620 1038 posses
1643 999 1702 1027 iam
1725 998 1882 1038 suspicari,
1906 997 1960 1027 tibi
1980 1009 2038 1027 esse
2058 1007 2179 1027 succes-

229 1054 302 1071 sum.
339 1038 518 1070 Conveniam
541 1044 569 1068 et
593 1047 747 1069 conventus
769 1050 852 1079 agere
875 1050 928 1079 pro
953 1039 1055 1068 eodem
1079 1040 1198 1070 dicitur.
1240 1040 1301 1068 Cic.
1326 1041 1411 1069 Verr.
1428 1043 1478 1072 27.
1503 1043 1552 1072 27.
1579 1040 1633 1081 (ll,
1657 1042 1693 1077 5,
1718 1043 1799 1079 11.):
1830 1039 1940 1069 Scitote
1960 1052 2018 1069 esse
2039 1038 2179 1080 oppidum

231 1086 261 1113 in
286 1082 393 1113 Sicilia
419 1081 533 1110 nullum
557 1093 597 1111 ex
619 1083 655 1110 iis
678 1080 811 1121 oppidis,
840 1082 870 1109 in
895 1081 998 1123 quibus
1018 1090 1164 1121 praetores
1187 1083 1340 1111 consistere
1361 1090 1387 1111 et
1409 1091 1578 1112 conventum
1601 1095 1684 1122 agere
1705 1082 1807 1113 solent.
1852 1084 1932 1113 CaeS.
1956 1084 2004 1112 lib.
2017 1082 2065 1111 IV.
2089 1083 2119 1111 B.
2145 1083 2179 1110 G.

229 1127 299 1162 (VI,
323 1123 406 1165 44.):
449 1123 600 1153 Frumento
630 1125 774 1153 exercitui
797 1125 914 1164 proviso
944 1124 975 1153 in
999 1122 1118 1153 Italiam
1149 1123 1190 1152 ari
1218 1132 1373 1154 conventus
1401 1124 1529 1164 agendos
1549 1126 1697 1165 profectus
1719 1133 1769 1155 est.
1816 1126 1893 1154 Galli
1918 1125 2021 1154 dicunt
2044 1126 2118 1154 tenir
2139 1122 2180 1153 les

231 1162 355 1205 assises,
394 1164 435 1195 les
457 1174 553 1195 estats.
578 1165 688 1198 Idem.
736 1164 806 1195 Cum
835 1164 866 1194 id
891 1167 992 1206 sorum
1017 1167 1133 1207 antiqui
1154 1178 1220 1206 app.
1243 1179 1270 1207 q.
1294 1179 1321 1195 η.
1344 1178 1370 1196 v.
1415 1167 1476 1196 Cic.
1500 1168 1548 1197 libv
1564 1169 1599 1196 11.
1624 1168 1659 1196 de
1681 1169 1764 1206 Legg.
1788 1173 1858 1197 sect.
1871 1169 1937 1199 24:
1975 1166 2064 1206 Quod
2085 1174 2180 1195 autem

223 1212 341 1250 sorum,
376 1208 409 1237 id
438 1216 478 1237 est
507 1207 676 1238 vestibulum
700 1207 826 1248 sepulcri
849 1205 996 1238 bastumve
1018 1210 1139 1248 usucapi
1161 1216 1253 1246 vetat,
1291 1216 1398 1238 tutetur
1420 1210 1464 1238 ius
1486 1209 1715 1249 sepulchrorum.
1761 1211 1907 1249 Loquitur
1930 1210 2034 1239 Cicero
2057 1208 2094 1238 de
2115 1209 2180 1247 lege

229 1254 299 1283 ΧΠ.
319 1252 394 1282 tab.:
430 1250 538 1280 Forum
568 1250 716 1280 bustumve
744 1251 866 1290 usucapi
897 1251 976 1290 nesas
1005 1258 1073 1280 esto.
1117 1250 1189 1280 Fori
1218 1251 1328 1280 bustive
1356 1259 1472 1281 aeterna
1496 1254 1658 1281 auctoritas
1680 1260 1747 1283 esto.
1772 1251 1883 1282 Idem.
1927 1252 2028 1282 Locus
2048 1253 2078 1281 in
2101 1251 2178 1282 naui.

230 1297 326 1325 Forus
349 1303 411 1324 non
434 1298 549 1322 tantum
572 1304 628 1332 pro
650 1293 718 1322 loco
741 1294 771 1321 in
793 1293 878 1331 navi,
909 1294 960 1322 sed
984 1293 1070 1322 etiam
1093 1305 1148 1332 pro
1173 1294 1379 1332 negotiationis
1402 1295 1468 1322 loco
1492 1295 1653 1324 masculine
1676 1295 1833 1332 dixerunt,
1864 1300 1897 1323 ut
1919 1294 2062 1323 Lucilius.
2106 1294 2180 1323 Vide

228 1339 356 1368 Nonium
379 1337 463 1376 (pag.
478 1338 549 1368 206.
574 1337 688 1373 Mete).
734 1335 848 1365 Charis.
871 1336 920 1365 lib.
934 1337 956 1367 Ι.
981 1335 1064 1375 (pag.
1077 1339 1126 1368 69.
1150 1337 1269 1374 Fabr.):
1306 1335 1413 1365 Forum
1444 1345 1543 1366 neutro
1564 1348 1666 1376 genere
1688 1336 1813 1366 dicimus
1835 1336 1931 1366 locum
1956 1336 2038 1365 rebus
2060 1335 2181 1376 agendis

230 1380 418 1415 destinatum,
445 1385 495 1406 aut
519 1390 606 1418 quum
633 1379 836 1408 commercium
860 1379 1066 1417 significamus.
1099 1378 1269 1408 Illasculine
1291 1386 1385 1406 autem
1409 1378 1543 1407 tabulata
1568 1381 1684 1406 navium
1708 1387 1734 1407 et
1755 1391 1864 1418 semper
1883 1378 2055 1418 pluraliter,
2079 1390 2180 1419 quam-

231 1425 273 1453 uis
298 1421 408 1452 Gellius
431 1421 505 1459 fora
531 1421 645 1450 navium
670 1420 838 1449 neutraliter
861 1420 980 1450 dixerit.
1026 1420 1063 1449 Et
1087 1420 1222 1450 Lucilius
1245 1422 1425 1460 negotiorum
1449 1422 1551 1460 sorum
1576 1419 1737 1449 masculine
1759 1420 1896 1450 extulerit
1919 1420 1969 1449 lib.
1983 1419 2042 1449 III.
2086 1419 2179 1449 For-us

231 1464 301 1496 olim
323 1471 442 1494 ornatus
465 1462 598 1493 lucernis.
644 1463 704 1491 Imo
734 1463 800 1491 salsi
830 1469 900 1492 sunt
929 1464 1015 1492 etiam
1044 1467 1072 1491 et
1095 1464 1196 1492 Festus
1226 1467 1254 1492 et
1277 1463 1442 1500 Charisius,
1483 1474 1550 1492 cum
1580 1463 1729 1491 affirmant
1751 1463 1816 1502 fori
1838 1464 1873 1492 de
1896 1463 2036 1492 tabulatis
2058 1463 2179 1492 navium

230 1507 386 1548 pluraliter
410 1506 478 1535 dici.
523 1505 599 1535 Nam
622 1508 650 1535 et
671 1505 861 1544 singulariter
883 1507 994 1534 Ennius
1016 1506 1141 1534 extulit:

808 1547 912 1577 Multa
928 1549 998 1586 foro
1019 1559 1129 1587 ponens
1151 1558 1280 1587 ageaque
1302 1546 1390 1586 longa
1413 1546 1544 1587 repletur.

230 1594 268 1623 Et
290 1590 444 1621 Sallustius
469 1588 562 1630 (apud
581 1588 656 1619 Non.
680 1601 705 1620 c.
719 1590 778 1626 111,
801 1589 882 1630 96.):
917 1589 1000 1618 illum
1025 1591 1122 1618 nautis
1146 1590 1256 1627 forum.
1294 1589 1439 1618 Videlicet
1456 1590 1543 1628 sorus
1566 1594 1610 1618 est
1632 1590 1743 1619 tabula.
1785 1590 1868 1618 Unde
1884 1589 1985 1628 sorum
2007 1588 2178 1618 aleatorium

233 1640 322 1665 vocat
344 1635 463 1663 Sueton.
488 1632 583 1671 (Aug.
600 1633 671 1671 71.)
697 1631 826 1661 tabulam
852 1632 913 1661 sive
943 1632 1060 1660 alveum
1091 1631 1245 1660 lusorium.
1290 1632 1326 1659 Et
1346 1632 1459 1660 Gellius
1483 1632 1519 1659 de
1539 1633 1650 1661 Arione
1672 1633 1723 1662 lib.
1738 1632 1829 1661 XVII.
1855 1642 1917 1671 cap.
1932 1635 1997 1664 19.:
2035 1631 2181 1672 Stansque

233 1679 262 1707 in
284 1688 413 1707 summae
433 1676 539 1715 puppis
555 1674 634 1712 foi-o.
674 1674 750 1704 Foro
773 1674 804 1703 id
827 1680 870 1703 est
891 1675 1001 1704 tabula.
1026 1673 1136 1702 Idem.
1180 1673 1249 1702 Fori
1270 1674 1436 1713 significant
1462 1672 1608 1703 Circensia
1631 1673 1806 1713 spectacula.
1844 1675 1908 1703 Hoc
1930 1679 1972 1703 est
1994 1675 2060 1703 loca
2083 1679 2179 1703 erecta

234 1721 264 1748 iu
287 1722 391 1756 Circo,
415 1718 494 1746 unde
517 1717 605 1745 ludos
629 1720 811 1756 spectarunt.
857 1718 919 1747 Liv.
942 1718 992 1747 lib.
1006 1717 1027 1746 I.
1052 1722 1121 1746 sect.
1134 1718 1202 1747 36.:
1238 1717 1309 1744 Tum
1329 1717 1456 1755 primum
1482 1715 1584 1753 Circo,
1608 1717 1658 1756 qui
1680 1728 1756 1746 nunc
1778 1718 1929 1745 maximus
1952 1715 2076 1753 dicitur,
2099 1715 2181 1745 desi-

234 1770 338 1801 gnatus
359 1761 441 1791 locus
463 1767 513 1788 est.
558 1759 643 1789 Loca
667 1759 761 1788 divisa
782 1759 918 1799 patribus
940 1758 1154 1800 equitibusque,
1181 1757 1232 1787 ubi
1252 1757 1421 1797 spectacula.
1443 1758 1501 1787 sibi
1523 1759 1643 1799 quisque
1658 1759 1806 1797 facerent,
1823 1759 1888 1797 sori
1909 1757 2058 1798 appellati.
2103 1757 2182 1798 Spe—

237 1812 345 1833 ctavere
367 1804 462 1842 furcis
489 1800 638 1832 duodenos
665 1802 702 1830 ab
732 1809 808 1830 terra.
835 1801 1004 1842 spectacula
1033 1800 1097 1830 alta
1127 1800 1331 1830 sustinentibus
1357 1800 1451 1839 perles.
1496 1801 1569 1829 Inde
1592 1811 1646 1840 per
1669 1802 1894 1830 diminutionem
1918 1801 1992 1830 dicti
2013 1801 2121 1838 foruli,
2151 1800 2183 1830 id.

239 1851 280 1874 est
302 1846 456 1875 armariola
479 1845 542 1873 sive
565 1845 721 1884 capsulae,
744 1845 797 1873 ubi
819 1850 1007 1883 reponuntur
1029 1844 1108 1873 libri.
1135 1845 1255 1872 Sueton.
1280 1844 1402 1881 August.
1425 1854 1449 1873 e.
1464 1846 1513 1874 31.
1538 1842 1645 1872 Idem.
1679 1842 1752 1873 Inde
1773 1851 1799 1872 et
1814 1844 1916 1882 forare
1937 1842 2080 1881 etseras,
2103 1843 2181 1872 unde

236 1887 342 1924 forare.
379 1889 468 1915 Foras
491 1892 590 1915 autem
613 1897 630 1915 a
652 1884 772 1926 θύραζε.
811 1888 922 1916 Forsan
946 1887 1032 1915 etiam
1055 1886 1128 1914 soris
1151 1886 1255 1915 melius
1277 1896 1292 1913 a
1315 1883 1407 1924 θύρα.
1448 1886 1535 1921 Quod
1559 1886 1707 1924 Scaligero
1731 1891 1759 1915 et
1782 1887 1902 1914 Caninio
1925 1886 2047 1924 placuit.
2071 1884 2181 1915 Idem.

403 1928 503 1959 Fons.
547 1930 642 1958 Varro
666 1930 716 1959 lib.
733 1930 777 1959 lv.
800 1930 836 1958 (le
862 1931 891 1959 L.
913 1931 942 1958 L.
967 1930 1020 1969 (V,
1045 1940 1072 1967 p.
1091 1931 1158 1960 128.
1181 1929 1263 1967 Sp.):
1289 1927 1380 1964 Fons,
1405 1927 1480 1956 unde
1494 1927 1635 1967 funditur
1657 1940 1670 1956 e
1692 1936 1766 1957 terra
1790 1939 1869 1969 aqua
1892 1929 1965 1957 viva.
1989 1927 2078 1960 Dae.
2108 1928 2181 1958 Ideo

244 1970 389 1998 veteribus
413 1972 563 2000 dicebatur
580 1973 669 2010 funs,
709 1983 767 2000 non
785 1973 867 2011 fons.
895 1971 999 2001 Goth.
1045 1970 1122 1999 Fons
1144 1982 1160 1999 3
1184 1971 1333 1999 Sanscrita
1356 1970 1454 1999 radice
1479 1969 1554 2006 ancl,
1584 1971 1692 2007 fluere,
1730 1971 1900 2008 descendit,
1930 1971 2182 2009 quemadmodum

247 2010 370 2048 Formis,
400 2014 496 2049 fortis,
531 2014 565 2043 ab
589 2013 651 2046 urle,
697 2016 740 2043 Ab
763 2016 812 2044 illa
836 2020 932 2043 autem
955 2014 1054 2043 radice
1078 2012 1154 2049 und,
1193 2015 1320 2052 primum
1344 2013 1496 2042 derivatur
1518 2012 1616 2048 unda3
1653 2019 1715 2042 tum
1738 2014 1806 2052 quia
1830 2013 1993 2042 secundum
2016 2012 2181 2052 euphoniae

243 2054 322 2091 leges
346 2054 431 2081 certis
453 2056 626 2092 quibusdam
650 2058 871 2086 conditionibus
894 2068 930 2086 ex
955 2055 1016 2085 und
1039 2056 1165 2085 efficitur
1188 2054 1242 2092 ud,
1279 2056 1314 2084 ab
1336 2055 1394 2084 hoc
1416 2054 1492 2084 udus
1516 2060 1544 2083 et
1567 2054 1670 2084 uvidus
1695 2056 1896 2092 efformatum;
1933 2056 2039 2085 deinde
2056 2054 2182 2095 fundere

244 2095 369 2124 verbum
393 2105 566 2134 procusum,
591 2100 669 2128 unde
692 2101 814 2138 antiqua
838 2111 895 2128 vox
913 2101 1001 2138 funs,
1026 2099 1133 2135 funtis,
1160 2104 1301 2127 consueta
1324 2098 1437 2126 mediae
1460 2099 1574 2126 litterae
1597 2100 1627 2125 in
1650 2103 1766 2127 tenuem
1791 2099 1969 2135 mutatione,
1992 2098 2182 2136 quemadmo-

245 2138 315 2166 dum
339 2147 373 2165 ex
397 2136 449 2164 (lul
470 2137 578 2167 sactum
600 2141 677 2178 tulo,
705 2143 793 2179 tollo,
823 2154 858 2171 ex
883 2142 959 2171 balzu
982 2144 1077 2180 πῆχυς
1099 2146 1128 2169 et
1150 2142 1241 2169 inulta
1264 2141 1295 2169 id
1316 2151 1407 2178 genus
1430 2141 1494 2169 alia.
1540 2142 1584 2169 Ex
1608 2140 1653 2168 his
1675 2141 1867 2179 intelligitur,
1896 2151 1983 2180 quain
2006 2141 2081 2170 male
2105 2141 2181 2170 Doe-

246 2181 376 2209 derlinus
400 2179 468 2216 53¹¹·
493 2181 553 2209 Lat.
572 2181 609 2217 11,
633 2194 695 2221 pag.
710 2187 779 2216 155.
826 2186 996 2214 Latinorum
1012 2184 1084 2222 fons
1107 2188 1134 2212 et.
1158 2184 1340 2212 Graecorum
1363 2184 1440 2213 πίνω
1464 2183 1672 2222 composuerit.

410 2219 575 2250 Fomitcs.
620 2225 720 2254 Omnis
743 2229 865 2256 mateiia
891 2228 971 2255 arida
997 2232 1024 2255 et
1047 2227 1084 2254 ad
1106 2227 1317 2263 ignescendum
1341 2231 1409 2265 apta
1427 2226 1525 2264 fomes
1548 2225 1659 2254 dicitur
1681 2236 1695 2254 a
1713 2224 1860 2264 favendo,
1883 2225 1964 2264 quod
1986 2235 2021 2254 eo
2044 2225 2117 2263 ignis
2137 2225 2179 2254 to-

247 2269 359 2293 veatur.
404 2262 512 2292 Notum
536 2269 579 2292 est
600 2265 674 2294 illud
694 2270 729 2297 ll.
752 2270 821 2298 Aen.
846 2270 938 2307 (Virg.
964 2270 1036 2298 Aen.
1053 2269 1082 2306 Ι,
1107 2270 1210 2305 175.);

776 2311 964 2352 Suscepitque
986 2313 1080 2351 ignem
1097 2310 1204 2349 soliis,
1237 2318 1323 2351 atque
1345 2309 1431 2339 arida
1453 2311 1564 2339 vircum

778 2353 961 2382 Nutrimenta
981 2353 1075 2390 dedit,
1103 2355 1254 2394 rapuitque
1276 2355 1305 2381 in
1322 2353 1427 2391 fomite
1443 2355 1606 2392 flammam.

252 2389 339 2419 Dae·
376 2387 448 2418 Pari
469 2388 558 2419 modo
580 2389 710 2426 assulae,
741 2403 813 2430 quae
835 2403 899 2422 sunt
922 2395 1068 2424 securibus
1090 2407 1239 2427 excussae.
1286 2396 1354 2424 lnde
1379 2396 1562 2424 Glossarium
1586 2395 1809 2426 Graeco-Lat:
1843 2394 2049 2432 πελέκημα,
2073 2392 2177 2430 fomis,

246 2433 356 2470 fomes,
379 2430 534 2471 πελεκήτης
556 2433 687 2468 dolator,
709 2437 832 2470 πελεκώ,
863 2436 948 2472 dolo,
974 2438 1080 2465 someo.
1124 2440 1235 2475 Supra,
1259 2448 1325 2466 cum
1349 2438 1432 2466 adlit
1452 2438 1568 2466 Festus:
1599 2437 1645 2466 At
1671 2436 1786 2475 Opilius
1807 2435 1927 2465 adustas
1950 2437 2008 2463 iam
2030 2435 2099 2463 vites
2120 2446 2177 2465 vo·-
