2263 2668
554 125 620 160 DE
646 121 1036 162 SIGNIFIOATIONE
1065 121 1349 157 VERBORUM.
1401 123 1546 158 Linea
1571 123 1613 159 v.
1644 108 1646 111 ’
1978 127 2054 163 417

273 217 488 250 Exercitus.
530 218 658 249 Militum
685 219 773 259 copia
798 218 961 254 exercitus,
995 216 1045 252 u's,
1081 215 1226 247 substant.
1250 221 1372 255 quartae
1393 217 1606 247 declinationis.
1651 217 1689 246 At
1712 218 1872 255 exercitus,
1903 226 1949 257 ta,
1982 227 2054 259 tum,

109 262 216 292 adiect.
238 262 364 300 negotiis
385 262 553 298 districtus,
576 262 754 302 impeditus,
776 262 922 300 fatigatus.
957 259 1054 288 Plaut.
1079 258 1219 289 Bacchid.
1242 259 1351 298 (Hodie
1374 260 1483 298 legitur
1504 261 1581 289 inter
1603 260 1777 299 Fragmm.):
1799 277 1841 283 -—
1863 273 1938 302 quae
1959 261 2055 292 soda-

110 304 166 334 lem
188 311 275 344 atque
297 316 340 333 me
361 305 507 334 exercitos
529 304 623 334 hahet.
666 304 835 344 Aliquando
859 303 946 333 etiam
969 301 1131 338 exercitus,
1160 301 1245 330 huius
1268 303 1427 340 exercitus,
1456 313 1513 342 pro
1536 303 1745 332 exercitatione
1767 303 1890 342 legitur,
1915 309 1950 334 ut
1974 305 2055 345 apud

109 348 248 376 Plautum
271 347 399 376 Rudent.
414 347 458 383 ll,
482 349 510 378 1.
533 347 602 387 (7.):

602 388 661 419 Pro
683 390 815 419 exercitu
834 386 1016 428 gymnastico
1039 392 1064 414 et
1085 383 1263 425 palaestrico
1286 385 1342 416 Izoc
1363 386 1510 418 habemus.

111 432 232 469 Legitur
255 435 284 460 et
305 431 470 467 exercitus,
493 432 617 460 exerciti
639 442 694 471 pro
717 432 880 467 exercitus,
905 426 1060 458 exercitus.
1099 428 1192 457 Varro
1217 430 1253 457 de
1276 429 1337 458 vita
1360 440 1430 468 pop.
1454 431 1536 459 Rom.
1558 430 1607 461 lib.
1623 432 1670 461 2.:
1695 430 1801 460 Decius
1821 431 1980 472 imperator
1999 444 2054 473 pro

111 475 235 503 exerciti
256 471 351 502 salute
371 484 401 501 se
423 472 481 502 diis
499 473 634 502 manibus
657 473 779 504 devovit.
803 474 889 502 Dac.
930 471 1002 501 Vide
1024 471 1150 498 Nonium
1174 471 1252 510 (pag.
1265 474 1292 502 6,
1316 472 1419 510 Mero.)
1442 473 1473 500 in
1494 472 1675 502 Exercitum.

276 514 488 544 Exomides.
530 512 696 555 Ἑξωμίὸες.
740 517 870 545 Tunicae
897 514 939 543 sic
969 513 1066 542 dictae
1098 513 1146 541 vel
1177 515 1257 552 quod
1288 514 1323 542 ab
1346 514 1477 543 humeris
1500 515 1715 553 dependerent,
1750 515 1812 543 sive
1835 516 1916 554 quod
1938 516 2054 547 humeri

113 561 314 587 exererentur.
342 554 493 597 Ἕξωμίδα
515 558 629 597 ἐσθῆτα
651 557 786 598 κωμικὴν
808 561 896 587 vocat
917 556 1002 586 etiam
1020 555 1128 584 Pollux
1150 556 1198 586 lib.
1212 557 1262 585 tv.
1291 556 1369 585 Idem
1394 559 1481 586 etiam
1502 557 1597 586 innuit
1613 557 1758 596 Hesych.,
1781 557 1833 586 sed
1855 569 1914 587 non
1937 564 2056 588 tantum

113 601 259 629 comicam
280 599 371 628 fuisse
393 605 506 629 eertum
528 605 580 629 est.
626 602 701 630 Gell.
725 602 774 630 lib.
787 601 850 630 Vlt.
873 610 936 638 cap.
952 601 1014 630 12.:
1049 596 1182 627 Romani
1210 600 1306 638 primo
1334 598 1449 639 quidem
1472 600 1531 628 sine
1554 601 1659 629 tunicis
1681 607 1749 639 toga
1771 599 1836 628 sola
1859 602 1961 630 amicti
1973 601 2056 644 fue-

113 649 199 680 runt3
220 650 321 681 postea
343 641 514 672 substrictas
535 650 561 671 et
584 642 679 672 breves
703 645 816 672 tunicas
839 644 912 672 citra
933 641 1080 670 humerum
1104 639 1262 670 desinentes
1284 641 1443 678 haheban15
1473 641 1551 681 quod
1570 654 1660 681 genus
1685 640 1790 672 Graeci
1813 641 1914 671 dicunt
1938 644 2056 672 exomi-

112 683 175 714 das.
219 685 287 713 'si-ia
315 690 412 713 autem
439 685 609 714 exomidum
639 696 743 724 genera
772 686 859 714 fuisse
886 684 1011 723 reperio,
1054 683 1184 712 Primum
1209 684 1265 712 fuit
1288 694 1404 720 earum,
1445 694 1518 722 quae
1541 686 1602 713 sine
1624 684 1746 713 manicis
1769 690 1868 722 erant,
1904 695 1972 714 cum
1995 695 2055 715 uno

112 731 228 756 tantum
251 728 409 764 foramine,
448 738 507 766 quo
530 729 640 757 collum
665 729 855 765 exserebant,
888 737 962 766 quae
983 726 1104 765 proprie
1127 726 1274 765 ἐξωμίδες.
1318 727 1450 755 Alterum
1474 737 1589 763 earum,
1621 738 1696 766 quae
1719 727 1791 756 duas
1814 728 1942 756 manicas
1964 727 2057 757 liabe-

113 770 201 807 bant,
236 767 459 809 ἆμφιμάσχαλοι
488 771 584 800 dictae
607 776 635 800 et
657 771 855 810 ingenuorum
885 774 1000 798 tantum
1029 769 1178 807 propriae.
1221 769 1352 798 Tertium
1377 779 1494 806 earum,
1529 779 1602 807 quae
1628 781 1713 798 unam
1735 770 1879 799 manicam
1902 771 2057 808 duntaxat,

114 817 144 841 et
167 812 343 842 dicebantur
366 811 608 852 ἕτερομάσχαλοι,
647 819 676 842 et
698 820 783 842 erant
805 822 968 842 servorum.
1013 812 1055 840 De
1081 811 1127 840 his
1148 812 1355 850 intelligendus
1378 811 1478 841 sthol.
1506 812 1656 851 Aristopli.
1679 823 1744 841 cum
1768 813 1807 841 ait
1829 812 1972 851 ἕξωμίδας
1994 823 2057 842 esse

114 852 214 893 ἱμάτια
237 853 360 886 δουλικὰ
382 857 434 886 καὶ
455 854 679 895 ἒτερομάσχιιλα.
725 856 799 885 Vide
822 857 852 884 in
878 851 1106 893 ἄμφιμοῖσχαλος
1128 859 1155 882 et
1177 852 1414 893 ἕτερομάσχαλος.
1458 854 1549 884 Dae.

277 896 420 926 Exiles.
465 899 632 936 Legenduin
656 898 775 928 videtur
797 900 912 927 inarum
936 907 991 936 pio
1014 897 1147 933 viarum,
1171 901 1206 925 ut
1226 896 1316 926 habet
1339 897 1360 926 l.
1378 908 1417 926 m.
1447 897 1519 925 Vide
1541 897 1570 924 in
1589 894 1656 927 Ilia.
1682 895 1783 925 Fulv.
1805 896 1884 925 Urs.
1914 897 1996 933 Quid
2020 897 2058 926 sit

114 939 164 968 ina
187 939 216 967 in
241 938 359 976 charta,
384 940 511 969 diximus
534 942 563 969 in
585 941 679 970 libros
698 941 838 970 Varronis
862 941 898 968 de
921 950 953 968 re
976 945 1049 968 rust.
1067 939 1129 978 (ΙΙΙ,
1153 941 1182 975 9,
1209 940 1271 977 11.)
1291 940 1400 968 Plinius
1425 939 1461 968 de
1484 939 1652 967 chartarum
1679 940 1835 976 generibus
1852 939 1951 979 (Xlll,
1977 939 2057 979 12.):

113 980 344 1021 Deprehenditur
366 990 391 1010 et
416 982 522 1022 lentigo
546 983 656 1022 oculis5
683 983 734 1012 sed
755 985 862 1012 inserta
886 981 988 1011 mediis
1007 980 1227 1021 glutinamentis
1249 983 1326 1010 tenia
1338 981 1440 1023 fungo
1461 983 1568 1022 papyri
1591 980 1691 1009 bibula
1713 982 1767 1010 vix
1789 983 1845 1010 inis
1868 981 1968 1010 literae
1978 981 2059 1023 fun-

64 1049 69 1052 .
114 1023 194 1052 (lenti
216 1035 245 1052 se
269 1024 444 1062 (legendum
467 1026 631 1054 secundum
655 1026 844 1055 Salmasium:
883 1026 933 1053 ina
956 1036 970 1053 e
991 1025 1077 1053 iunco
1098 1025 1203 1064 papyri
1226 1023 1343 1061 bibulo,
1379 1026 1434 1053 vix
1456 1025 1512 1052 nisi
1534 1023 1631 1053 littera
1645 1022 1789 1064 fundenti
1810 1026 1856 1061 se)
1882 1032 1995 1052 tantum
2018 1032 2058 1053 est

110 1065 226 1107 fraudi.
272 1066 331 1102 Qui
354 1068 439 1096 locus
462 1073 491 1097 et
515 1079 671 1108 perperam
695 1068 783 1098 hodie
806 1068 915 1106 legitur
938 1072 967 1096 et
990 1067 1065 1095 male
1088 1071 1253 1106 conceptus
1276 1072 1320 1095 est
1342 1078 1357 1095 a
1380 1066 1538 1095 Melchiore
1563 1066 1749 1101 Guillandio‚
1781 1067 1830 1104 qui
1853 1066 1883 1095 in
1906 1077 1937 1095 ea
1961 1066 2060 1105 capita

114 1109 202 1137 Plinii
225 1109 262 1138 de
284 1120 401 1148 papyro
425 1111 552 1149 scripsit.
591 1113 628 1140 At
651 1122 704 1140 nos
731 1112 817 1150 plura
839 1113 869 1139 in
892 1120 958 1139 eum
982 1110 1132 1146 dicemus,
1156 1115 1184 1138 et
1207 1115 1302 1138 errata
1324 1109 1451 1137 hominis
1475 1110 1506 1137 in
1529 1119 1628 1137 omnes
1652 1109 1747 1136 bonos
1769 1110 1929 1148 scriptores
1952 1109 2060 1138 debac—

115 1151 231 1179 chantis
253 1152 283 1180 in
307 1154 435 1181 inedium
459 1153 654 1192 proferemus.
682 1153 783 1183 ScaZ.
826 1152 911 1189 Inue,
943 1163 959 1181 a
983 1153 1097 1181 Graeco
1121 1150 1196 1189 ἶνες,
1233 1151 1291 1181 hoc
1315 1157 1358 1181 est
1381 1152 1586 1180 subtilissimae
1609 1152 1794 1180 incursantes
1816 1163 1921 1187 venae,
1958 1152 2059 1190 quales

114 1195 145 1222 in
169 1194 280 1223 chartis
303 1200 435 1224 veterum
459 1201 488 1224 et
510 1196 670 1235 aliquando
692 1197 723 1224 in
748 1197 868 1224 nostris:
907 1195 943 1223 ab
967 1196 1031 1231 ina,
1063 1193 1162 1232 inula,
1194 1195 1270 1223 unde
1294 1193 1348 1223 illa
1373 1195 1419 1223 vel
1443 1193 1502 1231 ila,
1539 1194 1615 1223 unde
1638 1193 1691 1222 ilia
1715 1199 1743 1222 et
1764 1193 1868 1231 exilis,
1899 1194 1953 1222 nisi
1975 1194 2059 1223 malis

115 1246 183 1265 cum
206 1237 319 1265 Isidoro
342 1239 414 1275 (XI,
442 1240 482 1275 1.)
506 1238 559 1267 ilia
582 1249 644 1268 esse
668 1250 683 1267 a
708 1240 822 1267 Graeco
846 1236 937 1273 εἰλεός
965 1237 1061 1274 (ἰλεός
1082 1237 1148 1267 cod.
1174 1237 1252 1267 Gud.
1277 1237 1444 1276 optimus),
1485 1237 1565 1275 quod
1594 1236 1767 1265 intestinum
1795 1242 1881 1265 tenue
1905 1236 2059 1274 significat,

115 1284 144 1307 et
165 1289 232 1307 cuin
249 1279 351 1308 Vossio
375 1279 465 1309 exilis
487 1281 523 1310 ab
546 1281 689 1321 ἐξίτηλος,
714 1280 819 1318 exilis,
842 1280 950 1317 tenuis,
975 1278 1133 1318 evanidus,
1158 1279 1312 1318 obscurus,
1335 1291 1390 1320 per
1411 1290 1562 1319 syncopen
1585 1280 1695 1317 ἕξιλος,
1719 1279 1814 1309 exilis.
1848 1280 1939 1318 Apud
1955 1279 2059 1309 Horat.

116 1322 172 1350 Od.
194 1321 245 1351 lib.
260 1321 290 1357 Ι,
312 1322 346 1359 4,
370 1321 469 1363 (16.):

694 1365 758 1395 Iam
781 1373 809 1395 te
827 1374 935 1406 premet
959 1378 1023 1395 nox
1043 1365 1225 1408 fabulaeque
1248 1367 1357 1397 Manes

689 1408 728 1438 Et
751 1408 855 1437 domus
877 1409 966 1439 exilis
989 1408 1137 1438 Plutonia.

114 1450 226 1479 Domus
249 1448 338 1479 exilis
360 1450 574 1490 interpretibus
597 1452 747 1489 negotium
771 1451 897 1481 facessit.
942 1452 1046 1490 Ibique
1069 1462 1171 1480 omnes
1194 1452 1249 1481 etsi
1270 1463 1300 1481 se
1323 1451 1517 1487 excruciant,
1542 1455 1640 1478 tamen
1663 1448 1733 1478 nibil
1758 1448 1934 1487 intelligunt.
1972 1448 2061 1488 Atqui

114 1497 254 1532 poterant
275 1493 373 1532 ipsum
396 1493 551 1523 Horatium
574 1494 620 1523 sui
641 1495 734 1533 ipsius
758 1496 950 1532 interpretem
974 1494 1131 1531 adhibere,
1155 1495 1207 1532 qui
1230 1495 1272 1523 ait
1295 1495 1386 1533 Epist.
1405 1494 1433 1531 l,
1457 1496 1493 1528 6,
1519 1492 1611 1532 (45.);

690 1536 792 1565 Exilis
816 1535 918 1565 (lomus
940 1544 996 1572 est,
1021 1535 1071 1564 uhi
1093 1547 1151 1564 non
1174 1544 1199 1565 et
1221 1535 1314 1565 multa
1335 1543 1487 1576 supersunt

692 1578 728 1607 El
753 1577 902 1607 dominum
915 1577 1036 1619 fallunt
1059 1585 1084 1606 et
1105 1587 1226 1616 prosunt
1240 1579 1374 1620 furibuS.

116 1619 217 1649 Exilis
240 1620 329 1658 igitur
350 1623 393 1648 est
414 1620 527 1656 tenuis,
560 1631 679 1658 pauper.
704 1620 794 1650 Dae.
838 1620 995 1649 Marcellus
1015 1620 1182 1658 Empiricus
1205 1631 1271 1660 cap.
1286 1624 1352 1653 31.:
1388 1618 1544 1650 Atlulcera
1566 1619 1595 1647 in
1619 1629 1674 1647 ano
1686 1617 1780 1659 facta
1804 1616 1921 1646 chartae
1943 1616 2063 1647 combu-

117 1669 179 1691 stae
200 1675 247 1692 seu
270 1664 384 1691 inarum
407 1663 466 1690 eius
489 1661 652 1702 conferunt.
680 1661 784 1692 Goth.
823 1663 933 1691 Domus
958 1663 1041 1691 esilis
1067 1663 1202 1692 Plutonia
1226 1664 1339 1692 dicitur
1360 1668 1483 1702 propter
1505 1661 1671 1690 umbrarum
1695 1661 1856 1688 exilitatem
1880 1670 1914 1688 ac
1936 1660 2064 1689 tenuita-

117 1709 187 1734 tem.
234 1705 277 1733 cf.
303 1704 434 1742 interpp.
460 1705 496 1732 ad
518 1704 602 1732 illum
625 1704 740 1732 llonatii
762 1706 873 1734 locuni.
919 1705 965 1734 Ad
989 1710 1108 1743 etymon
1132 1711 1228 1735 autem
1251 1706 1331 1745 quod
1354 1707 1474 1742 attinet,
1499 1704 1572 1733 mihi
1594 1702 1684 1732 exilis
1706 1702 1828 1742 proprie
1851 1702 1910 1731 dici
1934 1702 2063 1740 videtur,

118 1747 170 1786 qui
192 1748 333 1786 exemptis
357 1751 400 1774 est
423 1745 525 1782 ilibus,
556 1746 585 1775 h.
610 1757 635 1776 e.
661 1747 772 1783 tenuis,
801 1752 950 1779 tenuatus.

280 1787 450 1818 Exilica.
498 1789 539 1817 Ab
562 1787 673 1826 exilio,
698 1790 777 1828 quod
800 1801 855 1828 pro
879 1789 1005 1819 escsulio.
1050 1791 1085 1819 Et
1108 1788 1247 1818 exsilium
1271 1800 1324 1828 per
1345 1802 1359 1818 s
1382 1789 1571 1818 scribendum
1594 1788 1676 1816 aiunt
1699 1787 1905 1823 Grainmatici,
1929 1786 1980 1815 sed
2003 1797 2062 1816 non

119 1831 291 1866 attendunt,
331 1832 361 1859 in
384 1831 520 1859 omuibus
547 1832 607 1859 sere
629 1833 740 1869 verbis,
778 1842 854 1870 quae
876 1833 1025 1872 incipiunt
1048 1844 1062 1861 a
1086 1833 1300 1871 praepositione
1323 1844 1363 1861 ex
1385 1837 1413 1861 et
1436 1844 1449 1860 s
1472 1833 1575 1868 litera,
1611 1840 1673 1858 eain
1698 1830 1792 1868 ipsam
1815 1830 1931 1858 literam
1954 1829 2062 1868 perire.

118 1875 167 1903 Sic
198 1874 278 1913 apud
308 1874 439 1902 Festum:
478 1873 651 1904 Exercirent
680 1885 736 1914 pro
765 1877 941 1905 exsercirent
965 1887 979 1903 a
1002 1876 1108 1904 sarcio.
1156 1875 1228 1903 Vide
1250 1874 1377 1904 Pierium
1407 1875 1458 1903 lib.
1473 1875 1507 1904 V.
1532 1873 1651 1902 Aeneid.
1675 1877 1704 1901 et
1726 1872 1779 1901 lib.
1793 1872 1815 1901 I.
1840 1873 1944 1909 Georg.
1974 1871 2062 1901 Dac-

119 1915 252 1946 Exilica.
286 1916 420 1945 Exulica.
471 1915 574 1945 Goth.

282 1957 462 1989 Exitium.
507 1959 585 1987 Olim
609 1961 714 1989 exitus.
753 1960 838 1988 Nunc
861 1959 1024 1999 pernicieS‚
1046 1970 1136 1989 mors.
1169 1960 1264 1988 Gloss.
1289 1958 1441 1996 Racilium,
1465 1957 1610 1997 ὄλεθρος,
1634 1955 1770 1995 ὄλεθρον.
1794 1956 1880 1986 Dac.
1915 1954 1958 1983 Cf·
1985 1954 2062 1984 Doe-

119 2002 226 2031 derlin.
247 2002 358 2039 Synon.
383 2001 442 2030 Lat.
456 2001 498 2037 ΙΙ,
523 2011 588 2040 pag.
602 2005 651 2034 64.
676 2008 705 2031 et
729 2002 784 2038 ΙΙΙ,
808 2013 873 2041 pag.
891 2005 957 2034 176.

283 2042 527 2073 Exercirent.
574 2045 597 2072 A
620 2045 716 2074 sarcio
740 2045 937 2083 compositum
960 2045 1108 2079 exsercio,
1140 2045 1211 2073 eliso
1233 2056 1247 2072 s
1269 2044 1396 2072 exercio.
1439 2042 1520 2071 Unde
1543 2043 1660 2071 Terent.
1684 2041 1804 2080 (Heaut.
1819 2039 1849 2076 I,
1875 2041 1908 2074 1,
1933 2037 2014 2077 91.):

783 2105 820 2109 —
866 2088 917 2127 qui
939 2098 1021 2125 opere
1043 2087 1150 2115 rustico

738 2128 889 2158 Faciundo
902 2127 1004 2170 facile
1025 2130 1132 2157 victum
1156 2128 1317 2157 exercirent
1340 2139 1431 2157 suum.

118 2171 162 2199 lta
187 2171 264 2198 enim
286 2169 459 2199 scribendus
483 2176 525 2198 est
548 2171 648 2207 locus,
679 2181 738 2199 non
762 2176 795 2199 ut
818 2171 938 2209 quidam
964 2172 1038 2199 male
1060 2172 1248 2200 exsors-irent.
1293 2171 1330 2199 Et
1354 2172 1427 2199 sorte
1450 2167 1631 2199 restituenda
1654 2177 1714 2196 vox
1737 2166 1788 2195 illa
1812 2165 1948 2194 Ciceroni
1971 2165 2000 2193 in
2023 2165 2060 2193 li-

119 2214 173 2242 bro
197 2214 233 2241 de
256 2213 398 2252 petitione
422 2214 594 2241 consulatus
618 2216 685 2249 (ll,
710 2217 785 2250 45.):
817 2212 899 2242 Aliis
924 2220 950 2241 te
971 2212 1003 2240 icl
1026 2212 1108 2241 rebus
1130 2220 1304 2242 exacturum
1328 2224 1386 2242 esse
1404 2210 1588 2252 persuadeas.
1633 2209 1800 2248 Legendum
1825 2209 1919 2238 enim:
1943 2215 2060 2237 exertu-

120 2267 192 2285 rum.
218 2255 304 2284 Dac.
349 2256 479 2284 Orellius
503 2266 518 2283 e
541 2256 714 2285 ‹umet-tura
737 2256 868 2284 Lambini
892 2256 992 2294 posuit
1015 2262 1211 2284 exsarturum.
1995 2290 2000 2296 ¹

283 2297 576 2327 Exercitionem.
622 2298 666 2326 Ab
690 2309 810 2327 exerceo
833 2303 876 2326 est
898 2298 1085 2333 exercitium,
1117 2298 1274 2334 exercitio,
1301 2298 1462 2333 exercitus,
1485 2294 1658 2330 exercitior,
1683 2293 1928 2328 exercitissimus,
1948 2289 2058 2339 ‘quibus

119 2340 167 2369 usi
198 2344 312 2369 veteres
341 2340 564 2375 Iurisconsulti,
603 2347 635 2370 ut
661 2341 695 2369 ab
719 2342 914 2376 exercitatus,
951 2341 1155 2375 exercitatior,
1194 2340 1454 2368 exercitatissimus
1477 2343 1531 2366 etc.
1576 2337 1631 2365 Sed
1655 2336 1685 2364 in
1710 2340 1781 2365 vett.
1803 2334 1875 2365 libb.
1897 2337 2056 2379 scriptum:

120 2382 313 2412 Exercionem
337 2384 460 2412 exerciti
478 2382 615 2413 dicebant
637 2389 711 2421 etc.,
742 2383 823 2422 quod
845 2388 874 2412 et
896 2393 1001 2413 verum
1023 2387 1075 2413 est.
1118 2383 1191 2412 Nam
1214 2387 1247 2411 ut
1272 2394 1287 2411 a
1310 2382 1436 2422 suspicio
1458 2380 1570 2411 dictum
1592 2379 1735 2419 suspicio,
1760 2378 1837 2413 onis,
1861 2387 1875 2403 a
1897 2383 2055 2412 conspicio,

169 2434 335 2463 Gemma-r.
356 2444 422 2462 LAT.
443 2434 478 2462 ΙΙ.
1543 2432 1576 2466 G
1591 2443 1615 2476 g
1629 2443 1653 2477 g
