2263 2668
508 148 572 182 DE
599 143 988 181 SIGNIFICATIONE
1015 146 1300 183 VERBORUM.
1351 146 1497 181 LIBER
1523 146 1615 181 XVI.
1965 149 2037 184 641

87 240 209 273 Rabula
232 252 249 271 a
273 240 354 271 rabie
383 239 479 271 (lictus
506 248 563 278 est,
602 252 685 281 quem
717 250 793 269 nunc
820 237 996 268 advocatum
1025 238 1071 268 vel
1097 251 1266 270 caussarum
1294 248 1450 281 patronum
1475 238 1608 270 dicimus.
1653 239 1716 269 Nisi
1739 239 1821 269 dicas
1843 250 1910 270 cum
1934 241 2039 273 Vossio

88 295 151 314 esse
169 296 183 313 a
200 283 295 326 ῥᾶζω,
319 283 405 314 latro.
442 285 478 312 Ut
501 294 516 311 a
540 280 612 322 φάω
635 284 681 312 vel
705 281 791 322 φάζω
807 280 940 324 fabula,
964 282 1006 310 sic
1024 292 1038 309 a
1057 282 1135 321 ράζω
1160 283 1274 313 rabula.
1309 284 1382 312 Nam
1405 283 1504 312 verius
1525 282 1661 311 rabulam
1684 283 1792 312 latrare
1816 283 1926 313 dixeris
1950 296 2039 324 quam

87 328 189 367 loqui,
213 337 305 366 quare
329 331 358 355 et
380 336 481 354 eorum
505 326 641 354 facundia
664 326 770 354 canina
794 325 881 353 etiam
904 324 993 352 dicta.
1018 324 1104 355 Dac.
1146 326 1219 355 Vide
1242 326 1371 355 Nouium
1393 325 1425 354 in
1447 324 1571 355 Rabula
1593 330 1623 355 et
1644 325 1676 354 in
1697 324 1835 355 Rabulae
1857 332 1886 356 et
1907 328 1985 357 infra
2007 329 2039 357 in

89 369 187 401 Rana.
224 372 299 398 Sunt
323 368 373 407 qui
397 369 491 406 legant
516 369 666 398 [tabit-ula.
704 367 795 396 Intus.
824 367 975 395 Inventus.
1022 365 1127 396 Goth.

252 409 542 442 Rodusculana.
589 411 655 439 Vid.
680 411 772 439 Varro
796 409 908 438 lib.IV.
932 410 993 437 Lat.
1017 407 1064 449 (V.
1088 421 1152 449 pag.
1168 413 1236 442 163.
1251 421 1313 449 seq.
1332 409 1398 450 Sp.)
1423 410 1475 449 qui
1492 407 1717 438 Ramlusculam
1740 411 1872 449 appellat
1895 422 1911 440 a
1933 411 2038 450 raudo,

89 453 120 482 id
144 459 187 483 est
210 465 282 483 aere.
312 453 385 482 Vide
400 452 513 483 Rodus.
543 454 755 482 Rudusculana
777 454 921 491 scriptum
944 456 987 480 est
1009 452 1039 479 in
1064 463 1208 482 marmore
1232 453 1359 491 quodam
1375 452 1552 491 Capitolino.
1572 452 1658 480 Ant.
1677 452 1772 492 Aug.
1807 453 1901 483 Varro
1924 454 1974 484 lib.
1989 455 2038 486 VI.

89 497 126 525 de
150 497 180 526 L.
200 497 231 526 L.
256 497 285 535 (l.
307 495 361 535 e.):
385 494 522 535 Sequitur
541 503 628 535 porta
651 495 763 524 Naevia
787 493 866 535 quod
887 495 917 523 in
940 494 1103 523 nemoribus
1124 495 1260 530 Naeviis;
1283 495 1412 524 Naevius
1434 496 1507 523 enim
1532 493 1599 523 loca
1621 492 1672 522 ubi
1694 505 1728 522 ea
1752 495 1795 524 sic
1818 494 1914 533 dicta,
1938 496 2038 528 coluit.

89 537 202 568 Deinde
221 546 310 578 porta
332 537 526 574 rauduscula,
556 537 636 578 quocl
660 546 760 566 aerata
774 537 856 578 fuit,
885 547 933 565 aes
956 535 1065 565 raudus
1088 536 1207 568 dictum.
1254 537 1305 566 Ea·
1328 548 1359 566 eo
1381 538 1411 566 in
1434 536 1573 566 veteribus
1596 538 1761 574 mancupiis
1781 539 1939 575 scriptum,
1963 551 2039 568 rau-

90 579 212 610 dusculo
235 580 341 609 libram
355 580 460 621 ferito.
507 581 565 616 Qui
591 581 733 609 Varronis
757 581 840 608 locus
867 579 936 608 satis
960 589 1009 607 eos
1031 580 1152 616 refellit,
1180 580 1229 618 qui
1253 585 1368 618 portam
1391 579 1604 608 raudusculam
1626 581 1751 608 eandem
1774 584 1803 608 et
1826 581 1968 609 Naeviam
1992 582 2039 610 di-

88 628 165 652 ctam
195 624 287 652 fuisse
316 624 459 661 scriptum
490 624 648 661 reliquere.
692 623 740 651 Sic
768 628 867 661 aperte
895 622 1052 660 distinguit
1076 624 1104 651 P.
1129 623 1231 652 Victor
1253 623 1284 650 in
1309 622 1507 661 descriptione
1529 621 1611 650 urbis
1632 621 1663 649 in
1686 622 1720 651 It.
1743 632 1802 660 reg.
1825 623 1910 651 vicus
1933 629 2039 662 portae

88 666 321 702 rodusculanae,
345 666 429 694 vicus
454 669 557 703 portae
579 666 718 694 Naeviae.
754 666 845 694 Porro
862 665 1117 694 Raudusculanam
1142 670 1257 704 portam
1282 670 1411 694 aeratam
1436 665 1524 693 fuisse
1546 668 1673 693 testatur
1689 664 1752 693 Vat.
1770 665 1915 694 Maximus
1938 666 1989 694 lib.
2003 667 2037 696 V.

89 719 155 748 cap.
168 711 197 741 6.
223 708 309 737 Dae.
349 708 407 736 Alii
428 706 676 737 Raudusculana.
706 708 780 737 Vide
803 708 966 737 Varronem
982 707 1030 735 IV.
1055 708 1090 736 de
1114 708 1213 746 lingua
1238 708 1269 747 (l.
1290 707 1336 747 c.).
1369 706 1486 736 Rauda.
1515 707 1588 735 Vide
1611 717 1702 746 supra
1729 705 1839 736 Rectus.
1889 707 1995 739 Goth.

252 749 428 779 Rasores.
474 750 539 778 Huc
570 751 673 779 referri
703 755 802 789 potest
831 751 955 779 verbum
984 749 1183 787 Rasitavisse,
1220 751 1300 789 quod
1332 750 1412 789 apud
1443 750 1570 779 Gellium
1598 754 1643 778 est
1665 748 1717 779 III.
1747 760 1771 780 c,
1784 749 1814 780 4.
1839 754 1867 778 et
1890 749 2039 781 Rasorius

90 793 204 822 Glossis
228 790 355 832 ξυστήρ,
380 793 431 831 qui
455 798 483 821 et
506 793 576 821 alibi
600 792 711 830 Ralla,
734 792 876 829 Rullum,
900 791 1018 822 Rullus.
1066 791 1167 822 Goth.

253 833 436 865 Ratitum.
482 836 514 864 In
538 836 614 864 Festi
643 836 742 864 verbis
772 836 865 864 multa
894 840 978 873 egent
1005 835 1260 874 interpretatione.
1305 837 1344 864 De
1367 835 1525 874 Tarquinio
1553 839 1581 863 et
1604 834 1702 873 Oppio
1730 834 1804 863 nihil
1834 834 1928 864 habeo
1957 835 2039 874 quod

88 877 228 906 scribam.
271 878 313 907 De
336 878 466 907 Antonio
489 889 610 917 possum
633 880 760 914 referre,
790 878 871 916 quod
894 878 1005 907 Plinius
1029 879 1070 907 ait
1091 878 1141 907 lib.
1157 879 1294 907 XXXIII.
1318 889 1381 917 cap.
1394 881 1440 910 9.:
1476 877 1602 907 Miscuit
1624 878 1776 907 Antonius
1802 877 1949 906 Triumvir
1961 877 2040 919 fer—

89 931 153 948 rum
176 927 311 959 argenteo
335 919 470 957 denario,
502 922 618 950 miscuit
642 922 703 949 aeri
715 919 824 962 falsae
846 928 983 949 monetae.
1023 921 1091 949 Vid.
1114 921 1192 949 idem
1216 922 1289 950 Ptin.
1314 932 1377 960 cap.
1390 923 1419 952 3.
1445 920 1576 950 eiusdem
1598 919 1676 949 libri.
1705 920 1791 949 Ant.
1815 920 1911 959 Aug.
1956 920 2040 949 Infra

90 961 173 1001 (pag.
187 963 290 998 228.);
313 962 448 991 Ratitum
472 962 665 1003 quadrantem
687 964 815 1001 signavit
840 964 1018 1003 Tarquinius
1034 962 1114 992 Rex.
1139 976 1220 1004 quem
1246 985 1418 994 ......
1443 970 1468 991 et
1491 961 1606 1002 Opilius
1625 961 1767 991 Aurelius
1791 961 1900 991 (lictum
1921 969 2038 1002 putant,

89 1003 170 1044 quod
191 1005 222 1033 in
244 1015 276 1034 eo
298 1012 323 1034 et
345 1006 445 1034 triente
468 1006 540 1034 ratis
559 1005 655 1046 fuerit
678 1006 802 1047 effigies,
838 1013 869 1034 ut
899 1007 981 1035 nauis
1010 1007 1039 1035 in
1068 1018 1146 1043 asse,
1182 1005 1257 1035 uncle
1280 1005 1416 1036 Lucilius
1446 1004 1637 1045 quadrantem
1662 1015 1774 1044 quoque
1798 1005 1917 1033 ratitum
1941 1013 2039 1042 vocat,

88 1057 154 1076 cum
177 1048 238 1076 ait:
261 1064 296 1068 -—
320 1046 491 1088 quatlranti’
508 1050 599 1077 ratiti.
636 1048 789 1077 Antonius
812 1049 917 1077 ratitos
940 1047 1000 1077 dici
1022 1049 1136 1077 trientes
1157 1056 1256 1088 putat,
1281 1048 1360 1089 quod
1383 1048 1454 1076 ratis
1476 1046 1636 1087 appellatio
1660 1048 1760 1075 tertiae
1779 1048 1872 1086 partis
1894 1047 1969 1076 assis
1990 1048 2038 1085 sit,

88 1089 195 1128 quinae
216 1097 267 1118 aut
289 1089 367 1119 alius
387 1092 482 1130 partis
506 1090 588 1119 nulla
603 1092 657 1127 sit,
680 1090 730 1119 sed
746 1090 902 1119 secundum
919 1103 1083 1126 numerum,
1107 1099 1137 1119 ut
1156 1091 1294 1121 Sea-tans.
1313 1103 1363 1120 nec
1380 1090 1436 1119 Jmc
1453 1102 1481 1118 re
1496 1097 1586 1118 ratem
1605 1088 1666 1118 clici
1682 1089 1738 1117 nisi
1754 1087 1789 1117 de
1806 1096 1897 1120 terna.
1911 1100 1948 1118 ac
1964 1088 2040 1128 legi-

89 1131 142 1160 bus
160 1131 277 1160 Numae
300 1144 387 1161 unam
412 1140 502 1162 ratem
527 1134 656 1162 trientem
679 1134 842 1172 significat,
867 1132 946 1173 quod
968 1133 999 1162 hi
1018 1132 1225 1173 penderentur,
1251 1145 1315 1162 cum
1339 1134 1415 1162 ratio
1440 1144 1502 1161 cum
1527 1131 1571 1160 liis
1592 1138 1758 1171 putaretur,
1782 1130 1886 1171 quibus
1907 1130 2040 1161 solvendi

88 1181 187 1204 essent.
220 1175 331 1203 Plinius
352 1175 392 1204 ait
415 1177 560 1214 signatum
585 1187 630 1204 aes
655 1176 783 1214 primum
800 1187 813 1204 a
831 1176 935 1204 Servio
958 1186 1041 1214 rege,
1067 1176 1124 1204 hoc
1147 1181 1190 1205 est
1213 1187 1320 1212 ussem3
1345 1176 1422 1204 unde
1444 1175 1551 1203 classes
1574 1185 1610 1202 ex
1634 1184 1721 1202 censu
1745 1174 1852 1202 assium
1876 1174 1912 1202 ab
1936 1174 2039 1203 eodem

89 1215 235 1247 definitae.
280 1219 350 1246 Post
371 1218 455 1246 illuni
480 1219 597 1247 videtur
620 1219 799 1257 Tarquinius
822 1219 974 1257 Superbus
999 1219 1072 1247 aeris
1097 1220 1248 1257 portiones
1271 1219 1446 1256 signavisse,
1474 1217 1593 1246 trientes
1617 1221 1646 1245 et
1669 1216 1866 1254 quadrantes,
1893 1221 2039 1255 quantum

89 1268 126 1287 ex
149 1258 206 1288 hoc
228 1260 294 1288 loco
319 1261 466 1290 coniicere
496 1271 664 1300 possumus.
709 1261 782 1289 Nam
811 1266 896 1289 antea
925 1262 1028 1290 eadem
1057 1262 1133 1291 aeris
1157 1272 1215 1290 non
1239 1262 1344 1299 signati
1369 1260 1550 1295 aestimatio,
1588 1264 1621 1287 ut
1643 1263 1710 1298 post
1733 1259 1839 1297 signati
1860 1258 1936 1287 idem
1960 1269 2040 1297 pon-

88 1301 161 1338 dus5
199 1303 278 1332 unde
301 1304 330 1331 in
353 1304 467 1341 legibus
489 1305 601 1332 Numae
623 1309 716 1332 ratem
740 1304 770 1331 id
795 1304 921 1332 valuisse
950 1305 1084 1333 nondum
1107 1305 1220 1342 signato
1243 1315 1309 1333 aere
1331 1304 1407 1333 idem
1432 1303 1510 1341 quod
1536 1307 1637 1341 postea
1660 1302 1790 1340 signato,
1828 1301 1886 1330 hoc
1909 1306 1953 1330 est
1975 1307 2040 1330 ter-

88 1344 160 1373 tiam
183 1351 297 1383 partem
322 1346 405 1374 aeris.
435 1347 547 1374 Locum
573 1346 705 1381 Lumllii,
730 1356 818 1383 quem
841 1357 899 1374 non
923 1346 1047 1375 dubium
1072 1354 1114 1375 est
1138 1349 1186 1376 hie
1209 1349 1295 1376 ectasi
1318 1359 1333 1375 a
1357 1347 1459 1380 Festo,
1483 1345 1689 1384 supplevimus
1713 1355 1749 1373 ex
1772 1344 1914 1373 Varrone.
1946 1343 2041 1372 Anto-

89 1387 154 1414 nius
178 1392 221 1415 est
245 1388 351 1416 nobilis
373 1389 590 1417 Grammaticus
615 1394 792 1427 praeceptor
816 1389 982 1425 Ciceronis,
1016 1391 1191 1428 cognomine
1216 1389 1346 1428 Gnipho,
1380 1389 1458 1427 quod
1483 1389 1629 1416 Graecum
1651 1392 1694 1416 est
1718 1387 1850 1423 κνίπων,
1880 1396 1940 1414 non
1963 1386 2042 1415 enim

87 1429 264 1467 intelligitur
286 1431 321 1459 de
344 1432 397 1459 illu
422 1431 569 1467 Antonio,
594 1432 645 1469 qui
669 1432 788 1460 miscuit
811 1431 922 1460 ferrum
946 1438 1084 1469 argenteo
1110 1433 1249 1469 denario,
1273 1433 1355 1471 quod
1380 1432 1466 1460 video
1490 1430 1636 1469 placuisse
1658 1429 1840 1457 doctissimis
1862 1429 1955 1466 viris;
1984 1428 2041 1457 nisi

88 1482 142 1510 pro
166 1474 313 1502 Antonius
337 1473 472 1502 malimus
495 1475 652 1510 Artorius,
690 1474 771 1512 quod
801 1475 887 1502 valde
917 1475 1024 1512 placet.
1071 1476 1224 1504 Praeclara
1253 1480 1297 1504 est
1322 1480 1350 1504 et
1374 1475 1460 1503 doctu
1485 1474 1563 1501 itlius
1588 1473 1644 1501 viri
1668 1471 1785 1510 opinio,
1824 1471 1904 1510 apud
1927 1476 2041 1501 veteres

89 1515 175 1544 etiam
199 1515 331 1544 nondum
354 1516 469 1552 signato
493 1527 560 1545 aere
589 1522 682 1545 ratem
707 1516 885 1554 significasse
909 1517 1024 1545 tertiam
1049 1519 1217 1556 portionem
1242 1520 1330 1552 aeris3
1370 1517 1447 1545 unde
1470 1517 1500 1544 in
1523 1515 1636 1554 legibus
1660 1515 1769 1543 Numae
1793 1514 1875 1552 quod
1896 1514 2042 1553 scriptum

88 1563 152 1586 erat
179 1558 313 1587 UNAM
334 1558 538 1595 PARTEM,
574 1559 605 1587 id
628 1559 811 1596 significabat
842 1569 932 1586 unum
963 1561 1115 1588 trientem:
1152 1560 1232 1598 quod
1261 1560 1376 1588 scilicet
1405 1559 1563 1588 trientibus
1588 1558 1665 1587 ratio
1689 1562 1846 1596 putaretur
1869 1561 1898 1586 et
1919 1558 2042 1587 trientes

86 1601 294 1637 solverentur,
318 1601 427 1638 quibus
450 1601 594 1630 solvenda
618 1612 664 1629 res
688 1606 758 1630 erat.
803 1601 929 1638 Insignis
952 1612 1021 1630 sane
1045 1601 1094 1630 hic
1117 1607 1160 1630 est
1183 1603 1280 1638 locus,
1306 1612 1394 1640 quem
1418 1602 1458 1637 si,
1489 1606 1520 1629 ut
1543 1601 1633 1637 alios,
1658 1611 1716 1628 non
1740 1599 1845 1628 iisdem
1870 1599 1949 1628 Festi
1972 1610 2043 1629 ver-

86 1643 133 1672 bis
154 1643 354 1680 reddidimus,
378 1648 407 1672 at
431 1644 459 1671 id
484 1645 611 1672 sensisse
633 1648 783 1672 auctorem
807 1655 892 1672 nemu
916 1649 960 1672 est
983 1644 1049 1682 qui,
1078 1645 1100 1672 si
1125 1645 1227 1683 paullo
1251 1644 1358 1673 mentis
1382 1645 1485 1672 oculos
1509 1644 1648 1679 adiiciat,
1671 1643 1749 1671 clare
1773 1652 1806 1670 ac
1830 1642 1988 1681 perspicue
2012 1641 2043 1670 id

87 1696 207 1715 cernere
231 1696 289 1714 non
315 1687 416 1724 possit.
441 1685 541 1716 Scal.
582 1687 699 1725 Optime
723 1686 856 1724 Scaliger
879 1697 933 1725 pro
957 1685 1068 1726 Oppius
1084 1686 1226 1716 Aurelius
1248 1687 1362 1725 legebat
1385 1686 1501 1725 Opilius
1524 1686 1670 1715 Aurelius.
1708 1685 1764 1714 Sed
1789 1685 1863 1713 male
1886 1685 1963 1714 idem
1987 1695 2043 1724 pro

91 1728 261 1768 Tarquitius
284 1728 480 1766 Tarquinium
511 1739 607 1766 regem
637 1729 851 1765 substituebat3
891 1739 957 1757 nam
986 1729 1036 1757 hie
1066 1735 1168 1768 aperte
1193 1730 1378 1770 Tarquitium
1400 1729 1627 1768 grammaticum
1652 1727 1797 1756 nominari
1820 1727 1907 1755 fidem
1931 1727 2044 1756 faciunt

88 1770 224 1800 schedae.
272 1772 359 1806 Quod
383 1777 480 1800 autem
505 1771 540 1799 de
564 1772 730 1809 quadrante
754 1772 840 1800 ratito
866 1782 901 1800 ex
925 1772 1081 1809 Tarquitio
1104 1777 1132 1801 ct
1156 1772 1275 1800 Aurelio
1298 1771 1402 1800 Festus
1425 1771 1531 1807 refert,
1554 1771 1584 1799 id
1608 1771 1728 1799 omnino
1751 1769 1886 1798 firmatur
1909 1780 1947 1798 ex
1970 1770 2043 1798 Ptin.

87 1814 139 1843 lib.
152 1813 295 1843 XXXIII.
320 1823 384 1852 cap.
397 1817 442 1845 3.:
472 1813 554 1842 Nota
578 1815 665 1849 aeris,
691 1814 748 1842 hoc
772 1819 831 1850 est,
856 1815 946 1850 assis,
966 1814 1035 1855 suit
1057 1826 1097 1843 esc
1119 1809 1213 1844 alter‘a
1233 1821 1316 1854 parte
1341 1813 1430 1842 Ianus
1450 1814 1600 1853 geminus.-
1624 1824 1664 1842 ex
1686 1811 1780 1841 altera
1804 1819 1928 1841 rostrum
1951 1813 2043 1849 navis,

87 1857 117 1885 in
147 1857 249 1885 triente
276 1867 342 1884 vero
370 1863 395 1884 et
426 1855 591 1896 quadrante
620 1864 702 1885 rates.
749 1857 934 1894 Quamquam
962 1858 1054 1885 varro
1078 1858 1127 1886 lib.
1141 1858 1190 1886 IV.
1213 1858 1249 1885 de
1272 1857 1302 1885 L.
1325 1857 1353 1884 L.
1378 1856 1430 1895 (V.
1455 1856 1582 1894 pag-15:
1607 1854 1674 1894 Sp.)
1703 1854 1898 1894 quadrantem
1920 1855 2043 1883 ratitum

88 1899 202 1928 dictum
227 1899 368 1935 tradidit,
398 1900 480 1937 quod
504 1901 540 1927 iis
563 1899 731 1928 solveretur
755 1900 806 1937 qui
830 1899 939 1928 ratibus
965 1900 1138 1929 transibant.
1163 1900 1251 1928 Dac.
1293 1899 1360 1928 Dixi
1384 1899 1419 1927 ad
1444 1899 1528 1928 Varr.
1549 1898 1596 1927 IV.
1619 1898 1656 1927 de
1680 1898 1778 1936 lingua
1803 1897 1835 1937 (l.
1854 1896 1901 1936 c.).
1938 1895 2042 1926 Goth.

251 1948 393 1979 Ravim.
439 1951 534 1979 Plaut.
558 1950 587 1978 in
613 1950 710 1978 Aulul.
734 1950 791 1987 (ΙΙ,
816 1952 851 1987 5,
879 1951 956 1987 10.);

585 2000 642 2029 Ubi
664 2002 690 2030 si
711 2000 784 2041 quid
803 2012 974 2041 poscamus,
997 1999 1039 2029 acl
1062 2002 1155 2030 ravim
1177 2012 1336 2041 poscamus
1355 2001 1447 2041 prius,

586 2042 681 2082 Quam
705 2043 866 2085 quidquam
891 2043 983 2072 fletur.

88 2096 139 2124 llle
167 2095 254 2123 etiam
284 2104 387 2123 versus
415 2094 560 2128 refertur,
597 2094 634 2122 de
664 2105 722 2132 quo
751 2095 844 2123 verbo
868 2094 965 2124 Ram.
1011 2094 1127 2122 (litatur
1155 2094 1234 2124 idem
1262 2095 1292 2123 in
1321 2096 1479 2124 Artemone
1509 2098 1538 2123 et
1561 2094 1706 2123 Caecilius
1733 2092 1763 2121 in
1793 2091 2040 2132 Hypobolimaeo.

86 2139 176 2168 Ant.
199 2137 294 2177 Aug.
333 2138 470 2166 Glossae:
493 2135 604 2173 Bovis,
628 2134 747 2176 κόρυζα.
783 2137 930 2166 Isidorus:
954 2136 1062 2173 Rauit‚
1085 2147 1176 2166 rauce
1198 2137 1343 2176 loquitur.
1380 2137 1539 2166 Lucillius:

579 2187 719 2217 Rausuro
746 2188 890 2228 Tragicus
913 2190 963 2228 qui
986 2188 1114 2217 carmine
1133 2186 1230 2228 perdit
1257 2188 1366 2219 Oreste.

88 2238 187 2270 Scal.
228 2239 302 2276 Lege
324 2239 415 2266 infra:
449 2236 541 2267 Item.-
573 2238 746 2277 tva-purgabo
770 2237 864 2268 hercle
886 2239 986 2268 onznia
1008 2237 1049 2267 act
1070 2250 1190 2268 raucam
1214 2241 1317 2269 ravim.
1361 2240 1413 2269 Est
1441 2239 1518 2268 enim
1542 2239 1618 2267 idem
1641 2238 1726 2266 loeus
1751 2237 1862 2273 Plauti,
1900 2243 1984 2273 quom
2007 2231 2038 2259 ¹⁵¹¹

86 2282 202 2312 Ravam
226 2292 333 2312 vocem.
378 2281 410 2309 In
435 2291 522 2309 versu
545 2282 681 2309 Caecilii:

579 2322 665 2352 Prius
687 2321 728 2351 ad
751 2323 842 2352 ravim
864 2324 1000 2362 procaris
1022 2334 1110 2362 quam
1133 2335 1178 2352 me
1198 2323 1362 2364 placentem
1375 2323 1499 2366 feceris.

87 2367 176 2396 Dae.
215 2364 323 2394 Ravim
348 2363 494 2395 dicebant.
532 2364 642 2402 Ravis,
666 2366 812 2402 raucitas,
836 2367 932 2403 ναυίο,
956 2376 1043 2395 rauce
1066 2366 1182 2404 loquor.
1224 2368 1343 2396 Plautus
1365 2368 1464 2407 (Poen.
1482 2365 1539 2401 III,
1563 2365 1599 2402 5,
1622 2363 1702 2404 33.):

580 2407 662 2448 Nego
686 2415 711 2436 et
734 2407 884 2447 negando,
908 2410 933 2437 si
955 2406 1028 2448 quid
1051 2408 1156 2449 refert,
1182 2410 1271 2439 ravio.

136 2458 303 2487 GRAMMAT.
322 2468 387 2485 Lar.
411 2457 445 2485 ll.
1448 2460 1486 2492 Μ
1502 2471 1533 2492 m
1550 2471 1582 2492 m
1598 2471 1630 2491 m
