2263 2668
447 122 511 156 DE
538 121 813 156 VERBORUM
838 119 1225 156 SIGNIFICATIONE
1250 118 1565 156 FRAGMENTA.
1827 118 1900 152 261

120 230 207 262 quae
233 221 343 250 autem
371 227 462 250 nunc
482 216 664 262 prandia,
695 227 766 262 pro
793 217 911 250 caenis
937 215 1126 257 habebant,
1154 218 1186 248 et
1212 223 1276 258 pro
1304 213 1416 247 caenis
1441 224 1633 260 vespernas
1660 212 1902 259 appellabant.

119 270 270 315 Signa,
305 273 341 302 ut
368 280 497 310 rerum,
525 269 571 301 ita
596 280 730 313 quoque
756 279 813 301 res
839 269 938 313 ipsae
964 267 1144 307 dicuntur,
1179 270 1235 298 aut
1261 265 1411 309 lapides,
1448 271 1504 298 aut
1516 265 1657 312 fictile,
1689 268 1751 298 aut
1774 265 1805 298 si
1830 275 1901 309 qua

121 320 290 355 eiusmodi
317 320 431 353 adhuc
458 320 581 363 aliqua.
617 325 650 352 et
676 320 784 365 signu
810 320 991 361 dicuntur,
1036 328 1127 362 quae
1152 317 1351 361 sculpantur
1377 317 1486 352 etiam.
1539 317 1610 350 Sed
1636 317 1767 362 pocula
1794 317 1902 349 etiam

120 373 155 406 in
178 371 301 417 quibus
327 375 406 405 sunt
431 372 607 404 simulacra
634 371 677 403 ad
712 371 863 416 effigies,
908 370 1083 416 sigillata.
1144 368 1384 413 Sequester
1409 368 1435 400 is
1461 368 1601 410 dicitur,
1644 368 1702 412 qui
1727 369 1812 401 inter
1838 367 1900 400 ali—

119 435 222 468 quos,
260 423 319 468 qui
345 426 500 464 certant,
535 423 688 465 medius,
723 427 760 456 ut
782 423 866 456 inter
886 433 942 455 eos
963 420 1169 464 convenerit,
1201 419 1397 464 depositum
1423 420 1475 452 ita
1501 424 1591 453 tenet
1619 419 1770 463 aliquid,
1807 423 1844 451 ut
1870 418 1901 451 ei

120 475 258 517 reddat,
295 475 377 518 qui*
397 474 432 507 id
460 473 583 507 deberi
608 474 698 517 iure,
731 473 797 507 sibi
823 473 1012 507 constiterit.
1065 472 1149 506 cato
1176 471 1209 503 in
1236 483 1276 504 ea
1303 471 1470 512 oratione,
1498 483 1603 516 quam
1625 470 1749 504 habuit
1776 470 1820 503 de
1843 470 1900 502 ln-

121 527 300 572 digitibus:
343 526 497 559 Sinunt
522 526 706 559 miseros
726 526 897 570 perire,
938 530 980 557 ut
1005 525 1115 557 bona
1141 523 1328 567 rapiant;
1373 528 1442 555 aut
1468 523 1504 555 si
1530 522 1800 568 superstites
1823 532 1899 566 pe-

120 582 236 618 tant,
279 578 317 610 vi
345 589 493 621 seques
521 577 750 622 prodent*;
791 581 823 611 et
849 577 991 610 Plautus
1012 575 1233 609 Mercatore:
1280 573 1414 607 Immo
1448 575 1509 608 sic
1543 578 1767 617 sequestro
1795 572 1899 605 mihi

121 630 220 662 data
246 632 311 662 est
731 628 1018 673 Sepulchrum
1045 632 1113 667 est,
1157 630 1193 658 ut
1216 625 1261 658 ait
1281 625 1400 658 Gallus
1419 625 1558 665 Aelius,
1600 626 1634 658 in
1661 636 1728 670 quo
1750 628 1899 657 mortuus

121 680 269 725 sepultus
297 684 360 721 est,
387 679 481 723 quod
507 680 635 725 antiqui
661 679 798 713 bustum
824 679 1056 725 appellabant.
1083 678 1228 720 hisque*
1251 677 1375 721 cippis,
1404 682 1458 709 aut
1484 677 1598 721 aliqua
1621 677 1697 710 alia
1720 687 1778 718 re,
1804 686 1900 708 mor-

119 732 168 765 tui
190 743 289 766 causa
312 731 502 776 designatus
524 736 589 773 est,
616 732 700 764 intra
723 742 807 776 quos
831 732 1004 775 sepultura
1032 734 1079 763 est
1104 730 1204 763 facta.
1258 728 1456 773 Segnitia
1482 728 1629 769 dicitur,
1657 728 1751 772 quod
1776 723 1884 775 sinen

121 783 263 817 nitendo
290 783 375 828 quid
401 783 503 825 utile,
532 786 592 816 aul
619 782 806 817 honestum.
860 783 1056 816 Terentius:
1087 781 1324 814 Enimvero
1345 779 1490 820 Dave,
1522 779 1638 812 nihil
1665 779 1752 813 loci
1791 777 1898 824 [147]

122 839 186 868 est
213 835 449 879 segnitiae,
481 846 618 878 neque
644 835 889 869 socordiae.
943 834 1138 879 Signare
1165 832 1287 865 dicitur
1313 831 1417 876 signis
1447 835 1581 871 notare,
1615 831 1708 863 velut
1735 831 1769 863 in
1790 840 1901 875 peco-

120 886 218 919 ribus
231 885 294 932 fit.
322 886 380 918 sed
408 886 531 930 antiqui
560 898 600 919 eo
626 897 690 931 pro
717 887 864 920 scribere
887 885 1091 926 utebantur,
1132 884 1226 917 unde
1249 887 1282 916 et
1303 882 1532 928 subsignare,
1565 887 1598 915 et
1624 882 1822 926 consignare
1848 881 1901 914 in-

120 938 257 971 venitur
279 937 449 982 positum,
489 949 560 983 pro
585 937 818 978 subscribere,
863 943 896 970 et
922 936 1141 972 conscribere.
1199 935 1230 969 S
1239 931 1575 980 eptimontium4
1602 933 1678 966 dies
1704 932 1900 977 appellatur

120 1000 233 1022 mense
255 988 465 1031 Decembri,
495 990 555 1034 qui
581 989 710 1022 dicitur
736 989 771 1022 in
793 989 900 1022 Fastis
923 989 1105 1033 Agonalia,
1132 987 1227 1032 quod
1254 998 1293 1020 eo
1321 987 1379 1019 die
1405 986 1440 1019 in
1466 989 1598 1030 septem
1624 985 1792 1017 montibus
1818 984 1901 1017 fiunt

120 1039 294 1087 sacrificia
314 1040 475 1082 Palatio,
512 1040 630 1081 Velia,
665 1040 842 1085 Fagutali,
878 1041 1028 1081 Subura,
1060 1039 1241 1081 Cermalo,
1273 1038 1408 1079 Coelio,
1440 1036 1547 1082 Opio,
1575 1036 1700 1080 Cispio.
1754 1033 1898 1069 Sifus⁵

121 1095 329 1137 usurpatum
354 1096 404 1125 est
426 1102 495 1137 pro
521 1091 607 1125 tubis
634 1092 728 1136 ipsis,
771 1092 806 1125 id
834 1092 925 1135 quod
947 1092 1081 1125 Graece
1107 1091 1237 1124 dicitur
1264 1089 1388 1136 σι’φον,
1431 1089 1466 1121 in
1493 1089 1571 1133 lege
1598 1087 1741 1120 rivalicia
1767 1087 1812 1120 sic
1839 1091 1898 1127 est,

120 1155 212 1188 quae
238 1144 315 1176 lata
339 1142 416 1189 suit
448 1147 601 1189 rogante
627 1144 791 1188 populum
815 1144 886 1177 Ser.
907 1144 1058 1188 Sulpicio
1083 1142 1160 1176 Ser.
1185 1141 1224 1175 F.
1247 1140 1363 1187 Rujo:
1410 1139 1621 1181 Illontani,
1666 1138 1899 1183 paganive,

121 1194 381 1240 siphonibus
408 1206 564 1239 aquam
592 1195 850 1228 dividunto:
877 1195 1017 1228 donec
1044 1206 1131 1228 eam
1159 1194 1270 1226 inter
1297 1205 1338 1225 se
1365 1191 1631 1230 diviserint3
1657 1189 1900 1223 Praetoris

120 1246 336 1280 iudicatio
352 1250 451 1279 esto.
478 1247 704 1291 Siparium
718 1245 745 1291 6,
765 1258 831 1292 quo
848 1247 882 1279 in
896 1247 1034 1280 scaenis
1047 1246 1143 1279 mimi
1155 1250 1298 1285 utuntur,
1310 1244 1435 1277 dictum
1451 1244 1495 1276 ait
1509 1242 1899 1281 Verriusavelamento,

120 1298 214 1342 quod
241 1302 379 1332 vocetur
405 1298 498 1331 alias
523 1298 699 1332 aulaeum.
755 1298 1007 1343 Suppurum
1034 1297 1213 1343 appellant
1239 1296 1415 1336 dolonem,
1452 1295 1546 1340 quod
1572 1297 1623 1327 est
1648 1293 1762 1327 velum
1789 1292 1901 1325 minus

121 1350 156 1383 in
182 1349 282 1390 navi,
324 1353 362 1382 ut
388 1349 536 1390 acation,
578 1350 693 1384 maius.
725 1361 923 1395 supparum
950 1353 1069 1382 autem
1095 1350 1228 1382 dictum
1256 1348 1306 1381 ait
1329 1347 1470 1381 Sinnius
1490 1346 1611 1391 Capito
1637 1346 1726 1378 velut
1751 1354 1899 1388 separa-

120 1405 193 1434 tum
219 1400 313 1446 quod
339 1400 398 1444 sit,
443 1401 720 1447 disiunctumque
747 1413 771 1435 a
797 1401 921 1434 dolone
947 1401 1108 1434 interioris
1134 1400 1232 1435 mali.
1287 1399 1518 1444 Sepultum
1544 1401 1670 1438 morte,
1711 1397 1899 1438 moroque*

120 1464 197 1486 cum
225 1452 270 1485 ait
321 1478 641 1488 ......
695 1453 741 1486 de
764 1453 803 1486 L.
826 1453 1005 1494 Terentio,
1048 1452 1152 1486 Tusci
1180 1452 1244 1486 vici
1272 1451 1465 1496 magistro,
1509 1447 1693 1495 significat
1718 1447 1829 1479 vivum
1856 1446 1899 1478 de

122 1514 200 1537 saxo
221 1503 370 1547 Tarpeio
398 1503 545 1545 elatum,
573 1515 652 1537 cum
679 1515 719 1537 eo
743 1504 886 1540 venisset
912 1505 1177 1545 commissatum,
1204 1503 1298 1547 quod
1324 1513 1439 1543 mero,
1466 1501 1505 1534 id
1532 1504 1598 1541 est,
1625 1500 1704 1533 vino
1728 1503 1812 1532 esset
1838 1508 1899 1530 co-

122 1561 222 1588 actus.
275 1555 327 1587 Se
336 1553 502 1599 plasia⁷
519 1555 647 1600 sorum
673 1555 838 1600 Capuae,
883 1556 918 1589 in
951 1567 1019 1599 quo
1046 1555 1182 1600 plurimi
1209 1554 1423 1599 unguentarii
1449 1556 1559 1585 erant.
1595 1551 1630 1584 in
1651 1551 1813 1585 Pisonem
1839 1548 1898 1582 Ci-

122 1617 215 1639 cero:
243 1604 471 1650 Seplasiass
491 1607 759 1647 mehercule,
784 1611 829 1640 ut
856 1607 948 1640 dici
975 1607 1215 1647 audiebam,
1242 1611 1282 1639 te
1307 1610 1351 1639 ut
1378 1604 1554 1649 primum
1582 1602 1752 1647 aspexit
1779 1600 1897 1634 Cam·

118 1667 282 1702 panum
317 1657 532 1690 consulem
565 1658 824 1702 repudiavit.
877 1656 1109 1692 Saticula9
1136 1657 1306 1703 oppidum
1339 1657 1372 1689 in
1398 1655 1534 1689 Samnio
1562 1659 1698 1698 captum
1726 1657 1790 1685 est:
1831 1661 1900 1695 quo

118 1712 245 1753 postea
271 1707 437 1741 coloniam
463 1708 671 1743 deduxerunt
696 1709 876 1743 Triumviri
901 1710 952 1744 M.
968 1707 989 1759 Η
1005 1709 1159 1745 Valerius
1184 1710 1328 1748 Corvus,
1372 1708 1482 1740 lunius
1508 1706 1653 1747 Scaeva,
1696 1705 1734 1739 P.
1789 1701 1897 1749 [148]

123 1758 283 1792 Flavius*
301 1758 440 1804 Longus
461 1771 500 1793 ex
521 1760 556 1794 S.
574 1761 613 1796 C.
629 1761 706 1794 Kal.
725 1761 882 1794 Ianuariis
902 1762 940 1795 P.
958 1762 1093 1807 Papirio
1115 1761 1276 1801 Cursore,
1304 1759 1342 1794 C.
1362 1758 1466 1791 lunio.
1486 1758 1528 1790 11.
1547 1756 1624 1790 Cos.
1663 1756 1840 1800 Segesta
1853 1751 1898 1797 ¹⁰,

122 1822 210 1854 quae
234 1821 322 1844 nunc
348 1811 554 1856 appellatur,
589 1812 755 1857 oppidum
781 1813 813 1845 in
836 1812 951 1847 Sicilia
977 1819 1041 1855 est,
1067 1812 1160 1857 quod
1187 1812 1317 1844 videtur
1336 1812 1465 1844 Aeneas
1490 1808 1678 1842 condidisse
1703 1806 1898 1851 praeposito

122 1862 168 1895 ibi
188 1861 334 1907 EgestO,
360 1863 418 1906 qui
445 1875 519 1896 eam
541 1864 703 1909 Egestam
729 1864 917 1898 nominavit.
945 1865 1004 1898 sed
1031 1864 1223 1910 praeposita
1249 1867 1297 1896 est
1323 1862 1353 1895 ei
1377 1861 1401 1894 S
1425 1861 1551 1902 littera,
1594 1871 1636 1892 ne
1663 1859 1808 1892 obsceno
1833 1867 1897 1890 no—

122 1971 195 2007 erit‚
218 1975 291 1999 tunc
314 1971 494 2010 quicumque
520 1973 708 2011 magistratus
730 1974 762 2002 in
792 1984 825 2003 ea
857 1974 985 2012 colonia,

121 2013 302 2052 municipio,
335 2014 538 2052 praefectura,
575 2016 660 2053 foro,
695 2016 894 2046 conciliabulo
924 2017 986 2045 iure

121 2056 254 2085 dicundo
277 2057 423 2095 praeerit,
446 2057 509 2086 eius
525 2059 711 2096 magistratus
733 2059 770 2088 de
790 2069 823 2088 ea
838 2070 870 2088 re
892 2059 985 2087 iuris·

121 2098 226 2128 dictio.
254 2098 420 2137 indicisque
451 2099 548 2135 datio,
572 2101 702 2130 addictio
726 2105 800 2130 esto.
841 2102 920 2130 Urs.
943 2117 985 2123 —

119 2138 151 2180 6)
175 2141 353 2179 Sipart'umj
377 2141 508 2171 Isidorus
531 2143 582 2172 lib.
607 2146 655 2174 19.
678 2154 744 2182 cap.
767 2148 796 2176 3.
833 2143 984 2182 Capitonis

120 2182 294 2212 sententiam
326 2183 363 2213 de
392 2184 493 2223 siparii
522 2190 622 2224 etymo
651 2186 826 2215 confirmare
853 2186 984 2223 videtur,

120 2235 189 2254 cum
218 2225 333 2265 inquit:
373 2227 522 2266 Siparium
550 2238 643 2266 genus
670 2229 729 2258 veli
758 2238 850 2257 unum
878 2228 984 2267 pedem

119 2267 251 2303 habens,
283 2278 343 2307 quo
365 2269 450 2298 inniti
472 2270 588 2308 navigia
609 2271 708 2300 solent
731 2270 763 2299 in
786 2271 983 2309 navigatione,

120 2311 239 2349 quoties
261 2311 305 2340 vis
329 2312 410 2341 venti
435 2312 616 2351 languescit,
639 2314 719 2352 quod
736 2323 773 2342 ex
795 2313 983 2352 separatione

120 2353 289 2382 existimant
311 2354 504 2384 nominatum.
534 2356 610 2386 Urs.
637 2373 671 2378 —
707 2355 736 2396 7)
760 2356 923 2395 Seplasia]
947 2355 980 2384 ln

121 2395 284 2436 exemplari
306 2401 350 2426 est
372 2420 531 2428 ......
554 2409 600 2427 on.
616 2409 656 2429 m.
683 2398 794 2428 Cicero.
817 2398 896 2438 quod
919 2408 980 2438 pu-

1030 1979 1059 2002 to
1089 1973 1193 2009 fuisse,
1230 1974 1261 2000 in
1283 1972 1388 2000 Pison.
1420 1970 1555 1998 meminit
1586 1969 1697 1997 Cicero.
1748 1967 1825 1995 Urs.
1852 1980 1895 1987 —

1030 2017 1060 2051 8)
1084 2014 1252 2054 Seplasia]
1275 2014 1389 2042 Nonius
1418 2013 1449 2041 in
1472 2011 1654 2051 Seplasium,
1691 2008 1829 2038 adductis
1857 2016 1894 2036 ex

1029 2058 1165 2087 Varrone
1188 2057 1346 2095 exemplis,
1389 2055 1518 2084 ostendit
1544 2054 1682 2093 antiquos
1705 2051 1815 2080 dixisse
1844 2050 1894 2078 Se-

1023 2101 1162 2138 plasium
1191 2104 1295 2128 neutro
1325 2108 1447 2137 genere,
1481 2102 1511 2126 et
1540 2097 1709 2136 Seplasiam
1740 2092 1892 2122 feminino.

1028 2144 1217 2181 Pomponius
1245 2141 1396 2180 Adelphis
1429 2141 1538 2169 citatur
1559 2139 1595 2168 ab
1617 2138 1719 2167 eodem
1742 2135 1839 2165 Nonio
1862 2135 1894 2163 in

1029 2186 1166 2215 Datatim.
1188 2184 1262 2214 Vide
1282 2184 1312 2212 in
1336 2184 1485 2222 Seplasia.
1517 2183 1594 2213 Urs.
1616 2197 1658 2203 —
1679 2177 1710 2220 9)
1726 2176 1890 2217 Saticula]

1027 2227 1062 2256 In
1086 2227 1249 2267 exemplari
1270 2227 1360 2266 plane
1389 2231 1433 2254 est
1461 2244 1651 2255 ......
1676 2223 1748 2252 iam.
1772 2231 1809 2250 ex
1833 2229 1892 2259 quo

1027 2270 1172 2306 facimus,
1202 2270 1363 2299 coloniam.
1403 2269 1483 2297 Urs.
1505 2282 1548 2289 -
1571 2266 1622 2306 ,10)
1645 2263 1788 2304 Segesta]
1813 2262 1893 2292 Her-

1025 2312 1142 2342 molaus
1172 2313 1202 2342 in
1233 2312 1362 2341 Plinium
1391 2311 1442 2342 lib.
1464 2312 1492 2342 3.
1523 2319 1586 2348 cap.
1609 2311 1637 2340 8.
1667 2308 1739 2346 legit
1761 2306 1891 2335 obsceno

1024 2357 1141 2393 omine,
1172 2366 1229 2394 pro
1259 2365 1294 2384 eo
1317 2354 1400 2394 quod
1422 2357 1467 2382 est
1486 2352 1517 2382 in
1543 2350 1724 2391 exemplari,
1763 2349 1890 2378 nomine.

1030 2398 1107 2428 Urs,

1926 480 1963 507 'fi
1978 479 2039 513 quoi

1908 583 2073 614 'fiseqnestro

1960 616 2031 641 dent.

1927 686 1936 696 ’
1946 685 1964 709 f.
1984 683 2056 716 isque

1908 1397 1940 1425 Ὗ.
1951 1404 2072 1430 meroque

1906 1758 1915 1769 '
1924 1757 1943 1784 f.
1962 1756 1984 1782 F
1987 1755 2071 1782 ulvius
