2263 2668
511 129 575 163 DE
602 126 992 163 SIGNIFICATIONE
1023 129 1305 168 VERBORUM.
1358 131 1504 166 LIBER
1527 131 1636 166 XVII.
1969 137 2044 172 679

101 220 253 260 quomodo
275 220 345 249 inde
367 219 464 249 facere
487 222 610 250 Paullus
633 221 767 261 potuerit
788 220 946 257 summisit,
979 221 1035 250 nisi
1057 222 1132 252 sorte
1156 222 1207 253 bii
1230 225 1344 254 litteras
1366 225 1442 255 male
1463 225 1559 265 pictas
1581 225 1665 264 prius
1686 236 1716 254 m
1738 230 1767 255 et
1789 226 1898 257 deinde
1920 240 1978 258 mm
2000 231 2043 259 le-

100 269 162 293 ctas
185 274 246 294 esse
268 263 491 293 crediderimus-

265 305 341 335 Sub
362 307 475 334 vitem
494 305 699 346 proeliari.
743 304 926 334 Trochaicus
947 305 1065 334 Lucillii
1088 307 1128 336 ita
1152 308 1306 346 legendus:

100 390 126 420 S
180 389 194 420 l
613 348 714 388 IVeque
732 347 852 388 prodire
871 349 902 376 in
925 346 1036 386 altum,
1059 349 1201 389 praeliari
1221 351 1274 380 sub
1296 352 1380 380 vitem
1399 351 1516 391 procul.

131 400 173 421 0ss
193 414 201 422 ·

265 431 340 461 Sub
361 431 506 462 vineam
528 432 661 461 iacere.
707 432 864 461 Militarem
887 432 1003 461 vineam
1027 434 1088 462 sive
1110 435 1201 463 vitem
1223 437 1264 464 sic
1286 435 1429 465 describit
1443 435 1580 474 Vegetius
1603 435 1671 474 (IV,
1697 435 1775 475 15.):
1796 435 1825 465 E
1844 435 1932 475 lignis
1951 436 2042 467 levio-

98 473 180 506 ribus
201 474 341 504 machina
364 474 537 513 colligatur,
565 473 629 503 alta
650 473 773 514 pedibus
799 473 889 505 VIII.
913 473 976 504 lata
1001 475 1074 504 VII.
1098 475 1187 516 longa
1209 477 1321 507 XVII.
1358 478 1457 507 Huius
1479 486 1584 508 tectum
1607 477 1720 517 duplici
1741 479 1899 507 munitione
1922 478 2042 510 rabula..

97 521 136 549 u's
159 516 344 557 cratibusque
364 518 540 546 contexitur.
582 516 693 546 Latera
723 528 836 558 quoque
863 518 968 546 vimine
995 519 1157 558 sepiuntur,
1192 532 1226 548 ne
1247 530 1390 549 saaeorum
1410 520 1594 561 pilorumque
1614 521 1722 559 impetu
1741 528 1929 560 penetrentur.
1972 521 2042 551 Ex-

97 562 238 590 trinsecus
266 567 379 596 autem,
418 570 453 587 rie
479 559 609 587 immisso
638 567 854 588 concrememur
876 558 1026 596 incendio,
1064 560 1162 590 crudis
1183 573 1220 592 ac
1242 562 1400 592 recentibus
1423 564 1510 592 coriis
1532 562 1578 592 vel
1598 562 1766 592 centonibus
1788 563 1924 603 operitur.
1970 562 2042 594 Cum

95 603 194 644 plures
207 603 319 645 factae
329 601 466 646 fisce-ini,
490 601 650 640 iunguntur
672 603 703 630 in
726 601 874 638 ordinem,
897 601 951 631 sub
975 602 1080 642 quibus
1101 603 1279 634 subsidentes
1300 606 1356 633 iuri
1378 604 1418 633 ati
1439 604 1604 634 subruenda.
1623 616 1771 634 murorum
1791 612 1943 645 penetrant
1954 605 2042 646 fun-

97 645 244 676 damenta.
268 646 355 678 Dac.
392 643 426 676 V.
447 643 467 676 l.
485 645 534 675 13.
558 644 624 681 §.4
638 644 667 675 ff.
692 644 730 673 de
751 655 784 674 re
806 645 927 675 militar.
960 645 1046 675 Adde
1066 646 1144 675 infra
1169 647 1287 678 Vineae.
1321 648 1363 677 De
1384 649 1441 676 vite
1462 647 1511 676 adi
1532 648 1627 687 legem
1644 650 1694 680 13.
1717 650 1741 686 §.
1757 647 1806 679 14.
1819 647 1850 676 ff.
1874 647 1911 676 de
1931 658 1965 677 re
1986 648 2041 677 mi-

96 689 187 718 litari.
232 686 338 718 Goth.

261 730 466 770 Supparus.
510 729 664 758 camisiam
688 729 802 759 dixisse
820 730 940 759 Festum
962 740 1022 758 non
1046 730 1191 768 arbitror,
1213 737 1246 760 ut
1269 742 1324 760 nec
1346 732 1472 768 minare,
1495 731 1564 760 licet
1586 736 1716 770 utroque
1736 731 1829 760 verbo
1845 732 1953 761 Paulus
1974 736 2041 761 uta-

95 779 155 803 tur.
178 773 263 802 Ani.
285 774 381 812 Aug.
424 770 581 800 Camisium
604 778 727 811 usurpat
751 773 859 801 Paulus
880 774 1003 802 verbum
1027 783 1097 801 suae
1119 775 1221 802 aetatis
1244 785 1277 803 ac
1298 785 1419 803 suorum
1441 773 1594 802 hominum
1618 774 1760 811 elegantia
1784 774 1913 811 dignum.
1947 772 2041 804 Cama

95 821 140 845 est
161 816 320 844 barbarum
349 814 545 850 vocabulum,
577 814 608 843 id
632 815 776 852 significat
799 815 916 845 lectum.
960 815 1116 854 Hodieque
1139 817 1169 844 in
1192 817 1341 846 idiotismo
1364 827 1417 845 suo
1439 817 1567 845 retinent
1590 816 1723 855 Hispani.
1768 817 1871 844 Cannas
1894 816 1971 846 enim
1993 816 2040 846 le-

96 864 159 888 ctos
182 863 298 887 vocant.
343 857 388 885 Ab
418 868 450 885 eo
475 858 604 885 tunicam
629 858 735 886 lineam
760 863 936 887 nocturnam
958 863 1106 888 vocarunt
1131 858 1299 888 camisiam.
1344 860 1455 887 Auctor
1477 859 1611 887 Isidorus
1634 864 1662 887 et
1684 861 1747 897 ipse
1768 858 1859 887 homo
1882 858 2039 897 Hispanus.

96 899 196 931 Scal.
224 901 325 929 Utitur
347 899 405 928 hoc
428 899 520 928 verbo
545 901 638 928 Plaut.
662 900 691 928 in
715 901 841 939 Epidico
866 901 923 938 (11,
946 904 983 937 2,
1007 901 1081 939 48.).
1108 899 1212 930 Goth.
1244 900 1405 932 subucula.
1436 901 1510 930 Vide
1533 911 1630 939 supra.
1653 899 1765 930 Idem.
1796 899 1953 930 Camisiam
1978 910 2040 929 esse

94 942 310 972 hodiernorum
335 943 489 971 Gallorum
514 941 635 971 chemise
656 952 742 971 nemo
768 949 828 979 est,
853 943 924 981 quin
946 943 1099 980 intelligat.
1145 944 1188 971 Cf.
1213 944 1257 972 Du
1280 944 1389 973 Fresne
1411 943 1497 975 lexic.
1521 943 1596 972 med.
1620 948 1647 971 et
1669 943 1720 974 inf.
1746 944 1805 972 Lat.
1828 953 1850 971 s.
1869 953 1895 971 v.

259 984 386 1025 Supat.
432 985 505 1013 Vide
528 983 660 1024 Insipare
683 991 711 1014 et
735 984 871 1024 Insipere.
899 985 988 1015 Ant.
1010 986 1104 1025 Aug.
1151 986 1262 1014 Desunt
1291 996 1457 1026 perpauca,
1497 996 1571 1025 quae
1599 986 1699 1015 forsan
1723 996 1781 1014 non
1805 985 1880 1014 male
1903 984 1946 1013 sic
1966 995 2039 1023 sup-

92 1027 219 1067 plenda:
241 1026 279 1055 Et
302 1028 410 1066 insipat
432 1027 543 1064 inficit,
566 1027 666 1066 insipit
689 1028 775 1056 eiiam
802 1026 926 1064 dicitur,
949 1027 982 1056 id
1005 1036 1045 1056 est
1065 1026 1157 1068 pullis
1180 1028 1274 1057 iniicit
1286 1027 1471 1071 farinulam.
1509 1028 1581 1057 Vide
1604 1029 1734 1069 insipere.
1769 1028 1869 1066 Neque
1891 1037 1961 1056 vero
1984 1026 2040 1056 do-

93 1070 258 1098 ctissimum
282 1070 419 1098 Ursinum
444 1079 569 1108 sequor,
605 1068 840 1111 quisarinolam
865 1070 1020 1109 distinguit
1031 1070 1093 1112 far
1114 1071 1144 1099 in
1168 1069 1275 1107 ollam,
1311 1069 1389 1100 olam
1410 1081 1467 1111 pro
1491 1069 1593 1100 ollam.
1618 1070 1707 1100 Dac.
1752 1069 1827 1099 Vide
1848 1070 1878 1098 in
1902 1067 2038 1099 Solimu-

93 1110 173 1142 rilia.
219 1110 326 1142 Goth.

259 1151 426 1182 sutelae.
453 1152 513 1193 (Ad
537 1165 564 1192 p.
581 1152 667 1192 247.)
698 1154 871 1192 Fulgentius
894 1153 976 1193 (pag.
990 1154 1062 1187 562.
1087 1155 1133 1185 ed.
1157 1155 1263 1192 Merc.)
1288 1155 1369 1193 quasi
1397 1154 1520 1184 subtiles
1545 1154 1617 1184 telas
1641 1154 1699 1183 dici
1722 1154 1868 1183 existimat
1889 1153 2038 1193 refertque

92 1196 229 1225 Plautum
253 1197 283 1224 in
307 1197 410 1224 Casina
432 1195 490 1225 hoc
514 1196 604 1225 verbo
628 1196 688 1232 uti,
717 1198 768 1225 sed
793 1203 821 1227 et
842 1197 873 1225 in
897 1198 1030 1237 Captivis
1053 1207 1172 1236 quoque
1194 1197 1334 1238 reperies.
1356 1197 1445 1229 Ant.
1468 1197 1561 1237 Aug.
1607 1197 1744 1226 Glossae:
1779 1195 1894 1234 Satela,
1924 1195 2037 1236 ἐνέδρα,

92 1235 288 1277 egenarum,
311 1236 409 1274 δόλος.
453 1239 548 1269 Plaut.
572 1239 667 1267 Casin.
684 1238 710 1276 Ι,
737 1244 772 1276 1,
797 1239 870 1277 (7.);

625 1280 761 1310 Pessisne
785 1293 872 1311 necne
894 1280 971 1311 clam
994 1292 1040 1310 me
1059 1281 1160 1312 sutelis
1182 1283 1239 1311 iuis

626 1320 794 1363 Praeripere
818 1322 956 1353 Casinam
979 1336 1120 1361 uxorem,
1142 1322 1267 1364 proinde
1289 1332 1320 1354 ut
1339 1323 1481 1363 postulas.

90 1365 163 1394 Inde
186 1370 283 1393 autern
306 1366 418 1394 sutelae
441 1365 553 1402 dictae,
578 1365 660 1403 quod
681 1366 805 1405 proprie
828 1377 963 1395 consuere
985 1365 1071 1395 dolos
1094 1367 1242 1405 dicerent,
1266 1372 1300 1397 ut
1324 1367 1429 1396 Graeci
1452 1363 1630 1406 συῤῥάπτειν
1652 1363 1769 1402 δόλους.
1809 1365 1876 1401 Quo
1898 1374 1986 1392 sensu
2009 1368 2036 1392 et

90 1418 144 1437 nos
166 1407 253 1437 etiam
276 1408 389 1436 utimur
410 1408 501 1436 verbo
526 1413 628 1436 nostro
652 1406 766 1438 coudre.
812 1407 901 1438 Dac.

254 1448 437 1480 Sutrium.
461 1449 521 1488 (Ad
543 1460 571 1488 p.
585 1449 668 1489 247.)
693 1449 735 1479 Su
747 1472 834 1479 .....
859 1450 990 1479 Sutrium
1012 1451 1100 1491 quasi
1118 1459 1200 1488 eant,
1224 1452 1322 1492 utique
1343 1452 1374 1480 in
1392 1449 1575 1490 proverbium
1599 1448 1672 1478 abiit
1693 1448 1750 1478 hac
1772 1447 1807 1477 de
1829 1459 1934 1478 causa:
1963 1446 2035 1477 Gal-

89 1491 148 1522 lico
170 1489 297 1521 tumultu
318 1503 337 1521 a
361 1490 489 1521 Camillo
515 1491 664 1533 quondam
688 1491 814 1521 edictum
837 1500 895 1529 esi,
931 1492 1058 1532 legiones
1080 1493 1177 1522 Sutrii
1204 1501 1235 1522 ui
1262 1500 1379 1533 praesto
1401 1499 1492 1521 essent
1515 1504 1580 1521 cum
1603 1490 1668 1521 cibo
1691 1501 1759 1529 su03
1795 1489 1876 1530 quod
1902 1489 2037 1530 usurpari

89 1542 220 1574 coeptum
242 1541 284 1564 est
305 1534 336 1563 in
357 1535 412 1571 iis,
436 1535 486 1574 qui
507 1535 567 1563 suis
590 1533 672 1562 rebus
695 1534 854 1575 opibusque
875 1535 979 1573 confisi
1000 1542 1260 1574 repraesentarent,
1284 1534 1388 1576 quibus
1410 1534 1551 1563 deberent.
1596 1533 1737 1564 Plautus.-

545 1573 605 1604 Sed
616 1575 722 1616 facito
745 1574 832 1613 dum,
853 1575 965 1605 merula
984 1588 1076 1616 purae
1096 1588 1193 1606 versus
1215 1587 1289 1617 quos
1311 1584 1428 1612 cantat,
1452 1575 1534 1606 colas

547 1615 618 1646 Cum
642 1616 708 1647 cibo
731 1626 790 1647 ium
813 1619 917 1658 quiqui
927 1618 1033 1659 facito
1055 1619 1187 1656 veniant,
1213 1619 1299 1660 quasi
1320 1626 1386 1647 eant
1408 1618 1549 1648 Sutrium.

89 1659 234 1696 Quamvis
256 1670 316 1688 non
340 1670 412 1698 nego
435 1660 715 1698 interpretationem
745 1660 913 1700 proverbii,
952 1671 1038 1699 quam
1060 1661 1166 1690 Festus
1196 1661 1355 1700 proponit,
1392 1671 1452 1689 non
1481 1670 1545 1689 esse
1568 1661 1694 1690 alienam
1718 1660 1754 1688 ab
1775 1659 1841 1698 ipso
1864 1657 2034 1699 proverbio,

89 1707 186 1731 tamen
210 1702 298 1739 longe
322 1702 406 1731 abest
428 1714 444 1730 a
467 1703 606 1730 Plautino
629 1713 734 1738 sensu,
756 1703 814 1731 imo
838 1708 869 1731 ut
893 1703 997 1731 melius
1021 1702 1134 1739 dicam,
1157 1702 1342 1732 adversatur.
1386 1703 1500 1731 Locum
1524 1703 1633 1738 Plauti,
1664 1702 1715 1741 qui
1737 1712 1836 1732 omnes
1859 1702 2035 1739 interpretes

88 1745 219 1782 cruciat,
241 1746 272 1773 in
294 1745 368 1783 ipsis
390 1744 429 1773 ad
451 1744 588 1773 Plautum
611 1745 708 1781 notis,
731 1754 924 1783 exponemus,
947 1743 1049 1774 Scal.
1093 1745 1203 1774 Versus
1225 1746 1321 1774 Plauti
1343 1749 1411 1773 sunt
1433 1755 1470 1773 ex
1493 1745 1597 1774 Casina
1620 1744 1750 1773 Act.111.
1773 1754 1813 1773 sc.
1829 1746 1860 1779 1,
1883 1743 1950 1780 (9.):

545 1785 606 1815 Sed
616 1786 722 1828 facito
746 1786 814 1816 dum
838 1788 1000 1816 memineris
1020 1798 1116 1816 versus
1139 1799 1211 1827 quos
1233 1794 1334 1817 cantat
1356 1786 1470 1825 colax5
1495 1786 1560 1816 cibo

545 1827 617 1858 Cum
638 1840 691 1858 suo
713 1830 816 1870 quiqui
828 1828 950 1870 facito,
979 1830 1023 1858 uti
1042 1831 1176 1865 veniunt,
1204 1831 1290 1870 quasi
1312 1836 1379 1860 eant
1402 1829 1544 1859 Sutrium.

86 1870 152 1900 Hoc
172 1874 232 1900 est:
255 1870 348 1900 facito
370 1876 406 1900 ut
424 1871 593 1900 memineris
614 1881 721 1901 versus
743 1882 817 1910 quos
834 1872 964 1901 Naevius
986 1872 1017 1900 in
1033 1872 1140 1901 Colace
1162 1882 1216 1901 suo
1239 1872 1391 1909 (Colacem
1413 1871 1492 1901 enim
1515 1871 1646 1901 fabulam
1667 1869 1786 1909 scripsit
1801 1868 1940 1904 Naevius)
1964 1876 2032 1896 can-

86 1918 146 1943 tat:
169 1913 236 1942 cibo
258 1923 326 1942 cum
349 1923 404 1942 suo
426 1919 484 1942 etc.
528 1914 562 1942 In
584 1913 668 1942 libris
689 1914 855 1943 veteribus:

541 1954 602 1985 Sed
613 1955 719 1998 facito
742 1955 811 1986 dum
833 1957 924 1986 merui
943 1967 1016 1995 aper
1035 1967 1134 1986 versus
1154 1967 1228 1996 quos
1250 1963 1352 1986 cantat
1374 1954 1465 1986 colas.

85 1999 139 2028 Est·
541 2038 601 2069 Sed
613 2039 718 2080 facito
741 2038 810 2068 dum
833 2039 939 2069 Meum·
960 2050 1030 2079 aper
1050 2051 1148 2070 versus
1167 2051 1242 2080 quos
1264 2047 1381 2077 caniat,
1406 2038 1500 2069 colae.

85 2082 245 2121 Vulgatam
266 2082 426 2112 lectionem
448 2093 568 2121 sequor.
611 2083 722 2111 Tamen
745 2082 890 2120 Scaliger:

539 2122 600 2154 Sed
611 2123 716 2163 facito
740 2123 824 2161 dum,
854 2122 975 2153 Merula
994 2135 1088 2163 paroc
1108 2134 1205 2153 versus
1224 2134 1301 2164 quos
1321 2130 1440 2159 cantat,
1471 2121 1554 2153 colna

541 2165 614 2196 Cum
637 2165 704 2195 cibo
725 2173 786 2195 tum
808 2167 911 2206 quiqui
923 2166 1028 2206 faciso
1050 2167 1182 2202 veniant,
1217 2167 1303 2206 quasi
1324 2173 1390 2196 eant
1413 2164 1555 2196 Suo-ium.

85 2208 252 2246 Additque‚
275 2208 331 2237 etsi
352 2219 413 2237 nou
435 2213 521 2245 neget
541 2209 815 2247 interpretationem
837 2208 1009 2247 proverbii,
1032 2218 1119 2247 quam
1138 2208 1242 2237 Festus
1266 2208 1424 2247 proponit,
1446 2217 1507 2235 non
1530 2215 1590 2236 esse
1612 2205 1738 2236 alienam
1760 2204 1797 2235 ab
1819 2203 1884 2242 ipso
1905 2207 2028 2239 prover·

83 2251 150 2288 bio,
170 2250 274 2280 abesse
295 2256 394 2280 tamen
417 2261 432 2279 ι
456 2251 593 2280 Plautino
616 2261 721 2288 sensu,
743 2251 802 2280 imo
826 2256 854 2279 et
876 2251 903 2280 ei
925 2251 1013 2279 etiam
1035 2250 1198 2291 adversari,
1233 2251 1290 2281 Sed
1312 2250 1398 2281 nobis
1419 2249 1469 2279 hie
1492 2249 1591 2278 locum
1612 2247 1713 2279 Plauti
1734 2254 1880 2285 exponere
1901 2240 2027 2270 debebat

83 2294 231 2332 Scaliger,
254 2302 350 2331 neque
372 2304 425 2322 nos
448 2293 485 2322 ad
509 2304 575 2322 suas
596 2293 627 2322 in
646 2294 782 2322 Plautum
805 2297 891 2323 notas
912 2293 1083 2330 remittere,
1108 2302 1180 2331 quas
1203 2298 1318 2324 tantum
1341 2291 1493 2331 cogitavit.
1528 2291 1590 2328 Ego
1613 2300 1685 2321 vero
1708 2289 1790 2320 aliud
1813 2287 1922 2320 dicam,
1944 2281 2027 2329 (111οᾇ

83 2346 143 2366 non
166 2336 243 2365 vidit
264 2336 396 2374 Scaliger
416 2340 446 2365 et
469 2336 550 2374 quod
571 2345 676 2365 verum
698 2345 760 2365 ense
783 2346 884 2365 omnes
905 2335 1023 2371 dicent,
1061 2345 1166 2375 nempe
1195 2346 1255 2366 non
1276 2336 1374 2366 „solum
1396 2334 1522 2365 alienum
1543 2343 1606 2364 esse
1630 2343 1646 2361 a
1668 2330 1828 2371 proverbio
1850 2328 1925 2358 hanc
1946 2325 2025 2357 Fen!

83 2378 376 2418 interpretationem,
397 2384 488 2417 atque
509 2379 584 2408 adeo
606 2379 741 2408 Plautino
763 2378 864 2408 sensui
886 2377 1054 2416 adversari,
1081 2378 1133 2408 sed
1155 2378 1204 2409 vel
1226 2379 1256 2409 in
1276 2378 1343 2418 ipso
1365 2377 1464 2408 statim
1486 2375 1648 2415 proverbio
1672 2371 1781 2411 aliquid
1803 2370 1952 2400 turbatum
1975 2366 2025 2397 vel
