2263 2668
226 174 302 210 586
654 159 1003 195 COMMENTARII
1028 159 1076 192 IN
1102 157 1246 192 PAULI
1271 158 1469 193 DIACONI
1493 159 1750 195 EXCERPTA

393 255 614 292 statuliber.
638 253 698 294 (Ad
721 250 846 291 p.249.)
872 251 1072 280 Glossarium:
1104 250 1192 280 Statu
1213 250 1303 290 liber,
1332 250 1491 291 ἐλεύθερος
1512 250 1609 293 χρόνῳ
1632 251 1706 284 κατὰ
1729 252 1882 293 διαθήκην
1905 250 2042 292 ἀφεθείς.
2081 257 2174 296 Lego:

228 308 289 348 390)
312 317 367 347 pro
388 301 495 344 χρόνῳ.
527 296 629 327 Scal.
675 296 735 331 Qui
762 295 817 324 sub
843 294 1012 324 conditione
1034 299 1210 323 testamento
1232 296 1308 324 liber
1331 305 1392 325 esse
1414 295 1514 324 iussus
1537 302 1591 326 est.
1631 297 1747 336 Ulpian.
1778 297 1863 327 Dae.
1909 296 1983 326 Vide
2006 298 2125 328 titulum
2146 300 2177 329 ff.

270 341 277 350 ¹
343 354 373 376 tu
396 343 507 373 liberis.
553 338 657 369 Goth.

227 352 265 381 de
288 352 337 378 Sta
389 386 531 415 Status.
575 382 696 411 Plautus
719 381 749 409 in
772 380 911 408 Boeotiis.
945 379 1036 407 Cuius
1057 379 1148 408 verba
1171 379 1209 407 ad
1229 380 1323 418 legem
1344 380 1410 408 XII.
1426 380 1497 409 Tab.
1521 381 1677 419 alludunt,
1701 387 1735 411 ut
1758 381 1897 411 arbitror.
1932 381 1972 409 De
1996 382 2102 420 quibus
2123 382 2176 411 Ci-

227 443 295 462 cero
317 429 400 459 1ib.I.
424 426 558 456 Officior.
581 426 710 461 (c-12.):
733 423 798 452 Aut
822 430 914 451 status
938 420 998 450 dies
1021 433 1085 451 cum
1109 421 1198 451 hoste.
1219 423 1307 452 Ant.
1331 423 1426 461 Aug.
1465 423 1538 452 Vide
1563 422 1722 454 Condictus
1745 429 1774 454 et
1796 423 1912 452 Hostis.
1948 424 2020 452 Aliis
2042 432 2179 454 statutus.

227 473 355 504 Glossis:
388 467 534 510 ὧρισμένη
557 464 668 507 ἡμέρα,
698 466 879 507 προθεσμία.
904 463 1009 494 Goth.
1053 463 1183 493 Hostire.
1221 465 1295 496 Vide
1316 475 1407 504 supra
1428 463 1613 496 Redlzostire.
1642 466 1752 496 Idem.
1798 467 1893 495 Locus
1916 466 2014 496 Plauti
2037 473 2082 496 est
2102 468 2179 497 Cur-

227 527 273 546 cu.
325 538 331 552 '
385 536 582 594 'Stagnum.
607 551 665 591 (Ad
689 562 717 590 p.
731 550 815 590 249.)
839 550 906 579 Vid.
926 550 1019 578 varro
1041 548 1152 578 lib.1V.
1175 549 1211 578 de
1234 550 1315 588 Ling.
1336 549 1397 580 Lat.
1423 549 1487 589 (lib.
1502 550 1535 579 V.
1558 561 1624 589 pag.
1638 553 1689 583 43.
1714 549 1778 591 Sp.)
1801 551 1889 581 Ant.
1908 550 2004 591 Aug.
2040 549 2128 590 Quod
2147 552 2180 581 in

225 612 258 630 eo
280 609 360 640 aqua
381 605 444 627 stet.
488 596 591 625 Servio
621 604 740 633 quoque
769 600 798 623 et
824 593 948 622 Isidoro.
995 592 1077 620 Unde
1105 592 1137 620 in
1160 592 1254 622 Gloss.
1277 592 1438 631 exponitur
1465 590 1675 630 ὖδροστάσιον.
1721 593 1781 622 Sed
1804 593 1909 622 melius
1931 594 1983 622 alii
2005 604 2021 622 a
2045 591 2178 634 otsyvciv,

225 654 282 683 pro
306 651 364 680 quo
388 640 478 669 Siculi
502 639 604 667 dixere
627 634 764 676 σταγνόν.
807 637 859 665 Est
887 640 984 664 autem
1008 633 1146 674 στεγνόν,
1185 635 1265 673 quod
1288 636 1407 663 minime
1429 635 1572 664 rimosum
1595 642 1638 665 est
1660 641 1688 666 et
1711 636 1838 666 fideliler
1861 637 2008 673 continet,
2048 647 2064 665 a
2087 637 2178 676 στέγω

225 692 302 723 tego.
332 685 441 721 Stagno
466 681 649 710 contrarium
673 680 766 708 sutile.
800 679 870 707 Inde
895 678 988 706 Varro
1012 677 1125 707 lib.lV.
1148 677 1184 705 de
1208 679 1240 710 L,
1261 679 1290 706 L.
1313 678 1346 716 (l.
1368 677 1419 716 e.):
1444 677 1588 717 Stagnum
1617 678 1727 709 Graece
1749 675 1887 719 στεγνόν,
1911 677 1991 719 quod
2013 690 2070 708 non
2093 678 2180 707 hahet

228 729 340 757 rimam.
358 726 448 754 Dac.
483 724 549 752 Alio
573 722 737 761 significatu
762 722 875 750 Glossis
898 722 1080 759 κασσίτερον.
1113 718 1242 759 stagnea
1264 720 1461 760 κασσιτὲρινα.
1496 721 1527 752 V.
1551 722 1570 751 l.
1583 724 1613 752 9.
1638 722 1747 760 §.2.ff.
1770 722 1807 750 de
1831 721 1920 751 falsis.
1945 719 2051 750 Goth.
2084 720 2180 750 Stan—

230 781 298 799 num
321 766 508 796 scribendum
531 775 593 794 esse
616 766 645 793 in
667 764 839 799 Glossariis‚
873 764 942 792 satis
965 763 1152 792 manifestum
1176 768 1228 793 est.

390 808 538 838 Satura.
584 808 781 836 Glossarium:
807 806 916 835 Satura
941 804 1035 844 νόμος
1057 804 1149 836 πολλοὶ
1174 805 1326 845 περιέχων.
1365 805 1404 833 De
1428 807 1534 834 Satura
1559 805 1617 834 cibi
1640 815 1746 843 genere
1768 806 1857 835 habes
1879 806 1961 844 apud
1982 804 2119 844 Apicium
2142 813 2181 833 ex

226 853 370 883 Varrone.
414 851 448 879 In
471 851 564 880 veteri
587 851 688 879 tabula
711 859 813 879 aenea:
853 847 1020 877 EXTRA.
1051 847 1193 886 QUAM.
1222 847 1297 876 SEI.
1330 846 1444 886 QUID.
1475 847 1530 877 IN.
1561 848 1797 879 SATURAM.
1830 846 2041 877 FERETUR.
2076 845 2180 878 Scal-

225 895 349 934 Proprie
371 894 444 922 lanx
468 894 558 922 variis
580 894 699 932 frugum
723 891 878 930 generibus
902 892 1022 921 referta.
1055 891 1187 919 Diomed.
1206 891 1248 929 (p.
1261 891 1332 922 483.
1354 890 1398 920 ed.
1413 890 1561 928 Putsch.):
1584 890 1679 919 Lana·
1702 890 1812 932 referta
1834 891 1924 920 variis
1944 889 2100 930 multisque
2119 889 2181 928 pri-

226 939 316 967 mitiis
339 937 431 965 sacris
449 935 557 965 Cereris
580 935 759 977 inferebatur
781 942 806 963 et
830 945 847 961 a
873 933 958 972 copia
981 941 1006 962 et
1029 934 1182 962 saturitate
1204 934 1244 961 rei
1265 940 1366 961 satura
1391 932 1551 965 dicebatur,
1590 933 1634 961 Ab
1651 933 1707 962 hac
1725 934 1809 961 lance
1826 933 1966 962 farcimen
1986 933 2077 961 variis
2094 931 2181 960 rebus

225 981 367 1010 refertum
392 983 492 1007 satura
516 978 629 1007 dictum
653 984 704 1007 est,
752 977 776 1005 A
799 976 871 1005 cibis
894 976 980 1004 etiam
1004 976 1040 1004 ad
1063 976 1118 1004 alia
1142 976 1333 1004 translatum:
1371 976 1419 1004 lex
1442 976 1536 1012 enim,
1569 976 1599 1004 iu
1624 986 1681 1014 qua
1704 976 1887 1006 coniunctim
1910 975 2010 1004 multis
2033 975 2071 1004 de
2090 974 2181 1004 rebus

226 1033 285 1052 una
307 1022 460 1060 rogatione
483 1022 613 1060 populus
637 1020 865 1055 consulebatur,
887 1024 987 1047 satura
1012 1019 1090 1047 dicta
1110 1024 1161 1047 est.
1182 1019 1267 1047 Dae.
1300 1017 1378 1046 Neve
1398 1030 1450 1058 per
1471 1026 1603 1047 saturam
1626 1018 1779 1058 abrogato.
1810 1019 1888 1055 Quia
1910 1019 1941 1046 in
1964 1022 2064 1047 satura
2086 1017 2181 1046 multa

227 1076 289 1095 esse
312 1069 467 1104 poterant,
493 1074 568 1102 quae
588 1065 733 1104 populum
757 1063 901 1091 fallerent.
946 1062 983 1090 At
1006 1062 1036 1090 in
1059 1062 1186 1100 simplici
1209 1062 1288 1098 lege,
1313 1062 1337 1089 si
1364 1061 1400 1090 de
1423 1061 1595 1098 abrogando
1619 1067 1733 1090 tantum
1759 1061 1804 1090 vel
1828 1063 1864 1090 de
1888 1060 2061 1098 derogando
2084 1069 2181 1098 popu-

226 1109 272 1137 lus
294 1112 466 1146 rogaretur,
499 1107 584 1135 facile
609 1118 665 1145 qua
689 1107 724 1135 de
746 1116 777 1133 re
801 1109 953 1142 ageretur,
983 1105 1144 1142 intelligere
1168 1109 1297 1142 polerat.
1328 1102 1438 1134 Idem.
1484 1103 1560 1133 Dein
1581 1111 1696 1143 postero
1720 1103 1775 1132 die.
1814 1104 1894 1133 Haec
1917 1105 1950 1134 C.
1973 1102 2065 1132 Laelii
2087 1102 2182 1131 verba

226 1150 383 1189 usurpavit
405 1150 560 1178 Sallustius
583 1149 619 1177 de
641 1147 783 1186 Iugurtha
807 1148 930 1183 (c.29.).
954 1145 1066 1176 Idem.
1113 1147 1181 1175 Dixi
1204 1147 1242 1174 ad
1266 1147 1286 1174 l.
1310 1147 1426 1175 unicam
1449 1148 1479 1175 in
1502 1157 1547 1185 pr.
1573 1147 1644 1176 Cod.
1667 1146 1703 1175 de
1725 1146 1825 1175 Latina
1848 1147 1994 1175 libertate.
2042 1142 2147 1174 Goth.

392 1191 530 1220 Statae.
575 1192 632 1220 Pro
655 1190 840 1220 collustravit
861 1194 934 1227 puto
960 1187 1074 1218 Coelius
1095 1190 1207 1218 strauit.
1233 1188 1336 1218 Scal.
1382 1190 1499 1217 Vestam
1522 1189 1678 1227 intelligit,
1714 1200 1805 1227 quum
1829 1190 1922 1228 prisci
1943 1189 1987 1217 illi
2011 1198 2026 1216 a
2050 1186 2181 1216 sistendo

227 1237 339 1264 Statam
363 1234 520 1271 dixerunt,
556 1239 590 1262 ut
614 1234 676 1262 eius
699 1243 803 1261 nomen
828 1232 973 1260 Graecum
999 1232 1188 1267 ellingerent3
1226 1232 1347 1260 Graecis
1376 1232 1452 1260 enim
1476 1232 1557 1262 ἑστία
1580 1232 1616 1260 ab
1640 1232 1766 1262 ἕσασθαι
1789 1232 1808 1260 i.
1828 1242 1853 1261 e.
1877 1228 2076 1269 ἱδρύσασθαι,
2112 1230 2182 1268 quia

227 1278 335 1315 ubique
357 1281 431 1305 stata
455 1282 531 1305 esset
554 1282 581 1305 et
603 1280 783 1305 consecrata.
802 1274 857 1303 Da
868 1286 892 1304 c.
931 1273 976 1303 De
989 1275 1147 1315 sacrificio.
1180 1275 1221 1303 De
1239 1274 1404 1312 sacrilegio.
1427 1273 1533 1303 Goth.
1572 1273 1659 1304 Cultu
1677 1275 1788 1305 strauit.
1821 1274 1856 1303 Id
1879 1279 1923 1303 est
1944 1274 2016 1303 fecit
2038 1283 2072 1302 ac
2096 1281 2182 1311 prae-

227 1321 310 1349 stitit.
356 1317 465 1347 Idem.
1956 1348 1958 1350 Ι

391 1360 654 1400 Stalagmium.
698 1360 851 1389 Inaurium
875 1369 965 1398 genus
986 1359 1146 1396 oblongum
1164 1370 1199 1387 ex
1217 1360 1305 1387 bacca
1322 1359 1469 1397 pendula,
1494 1359 1595 1396 quales
1612 1358 1760 1397 hodieque
1776 1358 1914 1387 mulieres
1931 1362 2051 1386 nostrae
2069 1361 2183 1395 gestam

227 1406 337 1440 solent,
362 1404 399 1432 ad
423 1409 522 1441 guttae
546 1403 782 1441 similitudinem,
806 1413 881 1441 quae
906 1402 1028 1430 Graecis
1053 1399 1217 1441 σταλαγμός
1240 1402 1360 1430 dicitur.
1393 1402 1525 1429 Meminit
1548 1402 1642 1430 Plaut.
1661 1401 1811 1430 Menaech.
1829 1401 1893 1430 Act.
1909 1401 1961 1429 Ill.
1980 1402 2068 1435 sc.3‚
2092 1401 2181 1437 (18.):

804 1452 942 1489 Amabo,
972 1453 1013 1480 mi
1034 1451 1239 1489 liffenaeclzme,
1266 1453 1382 1480 inaures
1406 1451 1445 1480 (la
1467 1451 1540 1480 mihi

804 1494 976 1524 Faciundas
996 1493 1096 1533 pondo
1120 1493 1208 1523 duum
1232 1506 1397 1530 nummum,
1427 1493 1596 1533 stalagmia,

811 1537 849 1566 Ut
872 1545 898 1565 te
920 1536 1040 1565 libenter
1062 1535 1194 1573 videam,
1218 1548 1283 1566 cum
1305 1535 1346 1565 ad
1369 1547 1420 1565 nos
1441 1538 1558 1565 veneris.

228 1583 261 1610 In
284 1591 372 1610 versu
398 1580 515 1609 Caecilii
537 1581 618 1618 lego:

806 1619 871 1649 Iam
894 1631 934 1649 ex
956 1631 1026 1648 aure
1048 1620 1108 1648 eius
1129 1619 1321 1660 stalagmium
1344 1619 1426 1649 domi
1447 1619 1549 1649 liabeo.

229 1675 292 1705 Etsi
315 1675 400 1704 aliter
423 1674 454 1702 in
476 1672 561 1700 Pauli
584 1672 731 1711 Epitoma.
753 1670 842 1701 Dac.
877 1669 958 1701 Cum.
989 1671 1073 1701 Tum.
1108 1671 1188 1710 Virg.
1213 1671 1354 1700 Aureum.
1401 1669 1507 1700 Goth.

393 1721 583 1753 Stolidus.
628 1722 756 1751 Ennius:

684 1772 821 1812 Namque
841 1771 928 1801 avide
946 1784 1078 1813 pugnare
1099 1784 1162 1802 sues
1183 1770 1288 1802 stolidi
1308 1770 1391 1802 soliti
1411 1780 1487 1802 sunt.

232 1817 282 1846 Et:

685 1855 844 1886 Hominem
867 1855 1016 1897 appellat:
1056 1855 1137 1896 Quid
1159 1855 1279 1886 lascivis
1301 1855 1433 1888 stolide?
1462 1867 1522 1886 non
1544 1854 1691 1896 intelligit.

237 1905 333 1937 Scal.
355 1908 379 1936 A
394 1908 526 1944 stolone,
549 1907 609 1935 hoc
631 1911 675 1936 est
697 1907 795 1936 inutili
819 1907 1026 1944 srutimtione,
1050 1918 1126 1947 quae
1150 1908 1261 1937 circum
1283 1907 1404 1937 arbores
1429 1918 1443 1936 e
1466 1907 1617 1937 radicibus
1640 1908 1796 1937 enascitur.
1827 1907 1930 1947 Stolo,
1953 1905 2094 1944 stolidus,
2114 1917 2186 1946 syn-

236 1958 308 1986 cope
333 1949 450 1986 stoltus,
489 1948 605 1979 stultus.
650 1948 735 1979 Stolo
759 1951 847 1979 etiam
872 1961 927 1989 pro
951 1950 1079 1987 stolido,
1117 1957 1151 1981 ut
1171 1952 1259 1990 stipes
1281 1961 1335 1989 pro
1358 1949 1477 1991 stupido
1500 1955 1555 1981 etc.
1600 1951 1713 1980 Auson.
1737 1951 1827 1990 Epist.
1851 1951 1920 1990 (IV,
1942 1949 2022 1989 92.):
2052 1965 2095 1973 -
2125 1948 2186 1979 Sed

235 1992 297 2019 iam
319 2002 375 2019 non
395 2000 493 2030 potes,
523 2003 539 2021 o
562 1990 655 2029 stolo,
685 1991 793 2023 doceri.
832 1993 979 2032 (Legilun
1010 1993 1070 2023 Sed
1092 1995 1152 2023 iam
1174 2004 1234 2022 non
1254 1994 1333 2034 potis
1355 2004 1398 2030 es,
1427 1992 1542 2031 Theon,
1568 1991 1699 2032 doceri.).
1729 1993 1819 2025 Dae.
1862 1993 1942 2023 Nam
1963 1991 2027 2023 vidi
2045 2003 2185 2033 pugnare.

236 2032 272 2062 In
294 2032 409 2061 schedis
431 2034 479 2063 hic
504 2035 589 2063 Ennii
611 2044 715 2063 versus
739 2035 781 2063 sic
802 2036 928 2074 legitur:

686 2077 767 2106 Nam
790 2079 819 2107 vi
841 2077 1006 2118 depugnare
1028 2089 1091 2106 sues
1113 2076 1216 2107 stolidi
1238 2076 1329 2107 solidi
1351 2085 1428 2107 sunt.

238 2117 386 2156 Cor-rupte
409 2117 563 2146 manifesto
585 2128 640 2157 pro
663 2119 745 2149 soliti
765 2127 841 2152 sunt.
885 2121 958 2149 Inde
980 2121 1068 2149 Ianus
1091 2121 1192 2149 Douza
1214 2121 1376 2149 Plautinar.
1401 2120 1548 2158 Explicat.
1570 2120 1622 2150 lib.
1636 2120 1673 2149 II.
1696 2131 1760 2159 cap.
1775 2121 1841 2153 25.:

238 2201 258 2228 S
277 2200 296 2229 d
317 2201 336 2228 S
374 2200 394 2228 l·
689 2162 825 2203 Namque
844 2162 932 2193 auide
950 2174 1083 2203 pugnare
1104 2165 1164 2193 suis
1185 2162 1290 2193 stolidi
1310 2162 1393 2192 soliti
1414 2170 1489 2192 sunt.

260 2210 274 2229 e
340 2210 372 2228 ca
388 2209 439 2238 ig.:

690 2243 827 2285 Namque
847 2245 933 2276 avide
952 2259 1083 2288 pugnare
1103 2259 1167 2277 sues
1187 2246 1292 2277 stolidi
1312 2245 1394 2277 soliti
1415 2255 1491 2276 sunt.

239 2283 348 2313 Idem.
383 2283 540 2313 Hominem
562 2283 699 2323 appellat.
732 2288 807 2315 Scal.
830 2289 962 2327 legebat:

241 2368 280 2397 At
691 2326 850 2358 Hominem
871 2330 1011 2371 appellat.
1059 2330 1140 2371 Quid
1161 2330 1306 2362 lascivis?
1336 2343 1394 2362 non
1416 2329 1563 2371 intelligit.

302 2377 371 2406 ego:

694 2407 852 2439 Hominem
874 2413 1023 2452 appellat,
1046 2414 1119 2454 quid
1141 2414 1260 2446 lascivis
1281 2414 1413 2446 stolide?
1436 2426 1495 2445 non
1517 2414 1664 2455 intelligis.
