2263 2668
205 677 226 688 n

380 183 454 218 268

378 278 463 317 sala,
505 285 639 319 serpens
664 274 842 318 irrepserit.
895 273 1047 306 Solino
1074 273 1164 306 idem
1192 275 1236 307 ait
1263 286 1333 307 esse
1359 276 1506 308 consulo.

474 327 651 359 Stellam
685 326 874 370 significare
908 325 953 357 ait
976 325 1090 358 Ateius
1111 325 1233 369 Capito
1261 326 1404 367 laetum,
1451 332 1484 359 et
1509 337 1726 371 prosperum,
1772 326 2001 360 auctoritatem
2027 333 2157 362 secutus

378 334 421 363 te.

1000 179 1140 213 SEXTl
1167 178 1367 213 POMPEII
1392 180 1532 215 FESTI

1560 274 1670 308 Suad
1697 274 1768 307 ted
1794 274 1885 308 idem
1911 276 1956 309 ait
1981 288 2069 318 esse,
2111 277 2158 312 sic

208 388 243 412 Ὗ.
272 384 369 411 lamella
379 381 415 412 P.
439 377 570 410 Servilii
604 378 758 421 auguris,
802 377 981 420 (stellam)
1016 388 1103 420 quae
1137 389 1177 410 ex
1210 377 1371 410 tamella*
1394 390 1493 411 aerea
1520 378 1678 410 adsimilis
1704 378 1820 410 stellae
1846 378 1929 412 locis
1955 379 2158 424 inauguratis

248 483 283 507 Ὗ.
302 485 329 506 at

230 518 276 542 “f.
294 515 338 541 ubi

244 551 286 582 «Η.
305 553 334 575 at

378 430 545 474 infigatur.

605 429 828 462 Sinistrum
843 426 857 449 ¹
881 429 914 461 in
948 428 1153 473 auspicando
1179 429 1367 474 significare
1395 429 1440 462 ait
1463 429 1577 462 Ateius
1599 429 1720 474 Capito
1747 429 1873 463 laetum
1900 434 1933 462 et
1958 441 2158 475 prosperum

378 480 577 524 auspicium3
604 484 683 513 aut*
704 480 884 523 silentium,
912 479 1033 513 dubi**
1057 480 1215 513 duntaxat
1241 485 1336 513 vacat
1364 481 1451 515 vitio.
1478 482 1579 526 igitur
1605 480 1733 513 silentio
1760 493 1896 526 surgere
1924 492 2000 515 cum
2026 482 2157 524 dieitur,

377 532 541 577 significat
575 542 641 566 non
668 532 891 577 interpellari,
934 542 1003 575 quo
1030 532 1136 565 minus
1162 543 1233 564 rem
1259 537 1365 576 gerat.
1402 532 1479 571 ad†
1503 533 1664 565 sinistrum
1697 532 1823 565 hortari
1849 544 1985 576 quoque
2012 534 2158 577 auspicia

377 583 421 616 ad
445 583 630 628 agendum,
657 584 752 627 quod
779 585 890 616 animo
917 583 989 626 quis
1016 585 1239 628 proposuerit.

1294 584 1403 616 Satis
1429 585 1567 617 verbum
1589 584 1707 617 Verrio
1735 584 1852 617 melius
1879 585 1941 617 fuit
1966 585 2157 629 praeterire,

204 643 235 667 Τ.
245 641 368 667 absurdas
378 642 412 669 ut
438 635 522 668 mihi
549 635 696 674 videtum
729 647 830 679 quam
857 641 924 668 tam
952 635 1063 668 absuri
1087 635 1168 678 qui*
1193 635 1381 679 opiniosuas
1408 635 1451 668 de
1479 647 1518 668 eo
1547 640 1670 668 restare
1682 633 1757 675 “²3
1787 647 1868 680 quas
1894 636 1997 670 sciens
2023 640 2158 681 praete-

206 945 451 988 ·s.tappetaequis
477 941 639 978 dubitet?
684 957 762 978 cum
790 946 926 979 exsules
952 956 1087 988 quoque
1115 945 1266 978 dicantur
1291 946 1369 978 loco
1397 946 1539 988 patriae
1564 956 1651 978 suae
1672 945 1777 990 pulsi.

231 678 246 701 f.
258 676 368 702 recitare

376 687 432 729 rii,
468 692 536 721 tam
562 686 736 728 hercules,
785 699 885 730 quam
913 687 957 719 de
982 687 1154 727 scabro,
1203 687 1295 730 quod
1324 687 1514 731 proximum
1542 688 1751 730 sequebatur.

1813 687 1906 731 stip
1917 686 2086 721 atores3
2114 688 2158 720 ait

377 739 484 772 dictos
511 750 530 771 a
557 739 662 783 stipa,
697 750 798 782 quain
826 738 988 772 mercedis
1015 739 1147 771 nomine
1173 739 1339 782 accipiant
1365 739 1521 772 custodes
1548 739 1706 782 cuiusque
1733 739 1893 783 corporis.
1927 739 2014 772 unde
2041 744 2074 772 et
2098 739 2157 772 sti-

238 795 272 820 ·t.
291 803 341 830 qus
375 801 473 835 pam,
508 793 635 834 quam*
657 790 844 834 amphorae
871 802 948 824 cum
975 794 1184 829 extruuntur,
1228 790 1352 822 firmari
1379 791 1502 829 solent3
1545 791 1645 823 etiam
1671 791 1815 835 stipites,
1858 790 1915 833 qui
1943 791 1987 823 ob
2015 790 2157 824 eandem

377 852 512 876 causam
538 841 756 875 destituantur
766 840 795 875 4.

849 842 1105 875 Sollicitare
1131 838 1151 889 Η
1176 841 1312 884 quidam
1340 841 1464 875 dictum
1492 847 1627 886 putant,
1669 843 1722 874 vel
1750 846 1786 874 ut
1812 842 1924 874 citare
1951 852 1995 874 ex
2047 841 2156 888 [158]

377 893 482 932 sollo,
526 893 620 938 qaod
654 897 703 928 est
739 905 779 926 ex
813 904 870 926 suo
897 894 975 927 loco
1003 904 1043 926 ac
1069 893 1228 926 sententia
1255 903 1404 926 movere.
1441 894 1566 926 sollum
1593 897 1710 926 autem
1738 893 1816 936 quin
1843 893 2007 938 significet
2031 893 2157 936 locum,

1836 943 2090 989 Tappete*5
2117 956 2157 978 ex

379 995 514 1029 Graeco
541 997 680 1042 sumpsit
705 1000 885 1042 tappetae,
925 997 1049 1029 Ennius
1076 1008 1153 1030 cum
1179 996 1232 1028 ait.
1260 1000 1438 1041 tappetem
1467 997 1573 1029 etiam
1600 997 1691 1029 dixit
1720 996 1893 1041 Turpilius
1918 997 1952 1029 in
1973 996 2156 1030 Demetrio.

377 1047 602 1082 Le...

719 1077 727 1084 .
773 1052 951 1093 tappetem
972 1054 1129 1081 veterem.
1157 1048 1204 1081 sic
1224 1053 1365 1092 tappete
1385 1052 1508 1082 neutro
1527 1059 1670 1093 genere.

1726 1048 1953 1081 Terentiam
1979 1048 2012 1081 in
2033 1059 2156 1093 campo

379 1098 503 1131 Martio
528 1099 643 1133 locum
670 1098 813 1133 Verrius
839 1100 889 1132 ait
917 1099 962 1133 ab
991 1111 1029 1133 eo
1065 1099 1244 1132 dicendum
1279 1100 1396 1141 fuisse,
1440 1100 1533 1143 quod
1566 1105 1664 1133 terra
1695 1099 1743 1132 ibi
1774 1110 1842 1145 per
1867 1099 1969 1133 ludos
1990 1100 2157 1133 Secularis

205 1149 462 1183 ‘tmobilitnsDifiS
488 1151 590 1194 patris
616 1151 668 1184 ita
694 1151 817 1184 leviter
843 1155 975 1184 teratur
1001 1151 1044 1183 ab
1071 1151 1163 1194 equis
1191 1151 1430 1196 quadrigariis,
1473 1155 1511 1184 ut
1537 1162 1656 1185 eoram
1681 1151 1767 1184 levis
1793 1151 1970 1184 motilitas*
1994 1152 2157 1196 aequipa-

377 1207 427 1235 ret
453 1206 566 1235 motus
591 1202 741 1247 rapidos
766 1203 893 1236 velocis
916 1203 1046 1237 Lanae.
1073 1202 1166 1246 quod
1193 1214 1295 1246 quam
1322 1203 1450 1236 aniliter
1475 1204 1625 1236 relatam
1650 1203 1705 1244 sit,
1733 1203 1836 1236 cuivis
1863 1202 2072 1236 manifestum
2098 1208 2157 1237 est.

384 1252 540 1286 Taurii
575 1252 680 1287 ludiss
707 1254 843 1287 instituti
877 1254 926 1287 dis
952 1255 1068 1287 inferis
1104 1265 1144 1286 ex
1176 1254 1246 1288 hae
1279 1266 1389 1288 causa
1416 1255 1587 1288 videntur.

1649 1255 1833 1298 Tarquinio
1860 1260 2038 1300 regnante,
2079 1266 2157 1289 cum

206 1304 519 1349 ’transiri-magna
552 1305 729 1339 incidisset
761 1306 947 1350 pestilentia
980 1306 1013 1338 in
1046 1305 1200 1339 mulieres
1230 1306 1424 1351 gravidas,
1467 1317 1590 1339 earum
1622 1306 1693 1339 fetu
1719 1307 1744 1339 si
1768 1306 1871 1340 facti*
1891 1311 1965 1339 sunt
1991 1318 2032 1340 ex
2057 1317 2158 1340 carne

381 1356 563 1389 divendita
582 1358 718 1402 populo
742 1363 911 1390 taurorum
935 1357 1194 1391 immolatorum.
1223 1358 1268 1390 ob
1296 1358 1361 1390 hoc
1387 1357 1463 1390 ludi
1491 1357 1613 1390 Taurii
1640 1358 1800 1402 appellati
1826 1362 1916 1399 sunt,
1953 1363 1987 1391 et
2013 1358 2096 1390 fiunt
2121 1358 2156 1390 in

256 1339 320 1365 fecti

224 1719 258 1743 't
275 1718 362 1745 ominis
379 1716 480 1751 fuerit
513 1716 617 1758 felix,
662 1716 740 1749 boui
773 1717 941 1750 hominis*
967 1718 1075 1762 gratia
1101 1729 1188 1751 nunc
1214 1717 1445 1763 redintegrari,

381 1408 475 1441 circo
498 1407 689 1450 Flaminio,
732 1420 774 1441 ne
799 1409 883 1442 intra
909 1420 1022 1442 muros
1049 1414 1228 1442 evocentur
1255 1409 1300 1441 dii
1320 1408 1444 1454 Inferi.

1501 1409 1574 1442 Sed
1598 1409 1745 1442 Tam-ios
1769 1408 1868 1441 ludos
1889 1408 1997 1442 Varro
2023 1409 2068 1441 ait
2094 1419 2156 1442 vo-

379 1460 466 1500 cari,
493 1459 586 1502 quod
609 1460 658 1493 eis
680 1460 774 1494 ludis
794 1460 983 1506 discipulus
1004 1460 1154 1504 pendens
1177 1472 1196 1493 a
1219 1460 1359 1495 doctore
1381 1461 1414 1493 in
1439 1461 1548 1494 crado
1574 1460 1668 1494 corio
1694 1460 1790 1494 tauri
1816 1460 1928 1494 solitus
1953 1460 1993 1493 sit
2014 1460 2156 1505 impelli,

377 1516 477 1555 atque
503 1522 606 1555 usqae
632 1521 671 1544 eo
698 1511 782 1544 inibi
808 1513 890 1557 cogi
917 1512 1061 1552 docere,
1105 1512 1218 1555 quoad
1252 1512 1460 1554 consisteret,
1506 1516 1538 1544 et
1563 1512 1641 1546 sola
1667 1512 1793 1545 virtute
1819 1511 1964 1545 talorum
1991 1517 2157 1546 constaret

378 1562 505 1606 pedum
527 1561 702 1608 firmitas.

761 1563 1064 1596 Talassionem
1097 1564 1130 1596 in
1161 1564 1281 1607 nuptiis
1302 1563 1409 1596 Varro
1438 1563 1483 1595 ait
1506 1563 1618 1597 sinam
1645 1574 1719 1597 esse
1745 1563 1875 1597 lanifici
1901 1560 2079 1610 τάλαρον,
2120 1563 2156 1598 id

379 1618 427 1646 est
452 1614 650 1657 quasillum,
694 1615 745 1647 ita
779 1615 868 1647 enim
901 1615 1034 1647 solitum
1067 1615 1233 1659 appellari
1253 1615 1494 1648 Talassionem.
1531 1618 1569 1647 at
1595 1615 1742 1659 quidam
1767 1613 1980 1649 historiarum
2005 1615 2156 1658 scribtor,

380 1665 569 1698 Talassium
596 1666 640 1698 ait
664 1666 800 1699 nomine
825 1666 950 1707 virum,
987 1671 1082 1710 rapta
1107 1666 1237 1710 virgine
1263 1667 1380 1700 unicae
1406 1665 1689 1710 pulchritudinis,
1727 1666 1820 1709 quod
1845 1667 1876 1699 ei
1902 1665 1936 1698 id
1964 1666 2157 1711 coniugium

1505 1713 1683 1766 Tribaniss
1701 1715 1783 1751 cia⁷
1810 1717 1998 1763 rogatione
2049 1715 2156 1765 [159]

381 1768 435 1801 lex
459 1767 593 1801 Curiata
621 1768 737 1810 fertur,
764 1780 831 1812 quo
851 1768 1025 1802 Hannibal
1050 1780 1141 1802 anno
1168 1770 1203 1802 in
1230 1773 1416 1815 conspectu
1439 1769 1570 1802 Romae
1598 1780 1673 1803 cum
1701 1773 1801 1810 esset,
1828 1779 1891 1802 nec
1918 1779 1958 1802 ex
1984 1769 2158 1814 praesidiis

383 1819 566 1853 discedere
592 1820 723 1864 liceret,
746 1821 787 1862 Q.
811 1821 935 1854 Fabius
956 1820 1123 1854 Maximus
1145 1821 1368 1865 Verrucosus,
1396 1820 1436 1854 id
1457 1831 1526 1866 per
1550 1820 1623 1855 ΤΒ.
1645 1820 1717 1855 PL.
1741 1824 1774 1855 et
1795 1819 1984 1856 Marcellus
2011 1831 2077 1855 coe.
2103 1821 2156 1854 fa-

470 1951 496 1990 1)
526 1951 726 1994 Sinistrum.]
768 1953 844 1984 Vide
885 1955 916 1983 in
950 1955 1050 1984 Silere.
1096 1955 1144 1984 Ur
1153 1965 1177 1985 S.
1208 1971 1251 1977 —-

385 1990 415 2031 2)
446 1993 534 2032 Lege:
572 2007 663 2034 quam
694 2003 758 2025 tam
788 1997 943 2026 absurdas
970 2004 1060 2036 atque
1095 1999 1251 2037 opiniosus

389 2033 423 2059 ‹ie
442 2045 471 2062 eo
488 2047 532 2064 res
549 2037 630 2067 dare.
645 2039 719 2068 Ven.
734 2045 762 2068 et
778 2041 826 2070 Se.
843 2040 886 2068 sic
900 2045 1137 2080 proposuerunt:
1159 2051 1251 2079 qaam

389 2080 449 2101 tam
482 2079 633 2109 absurdas
657 2083 809 2120 opiniones
836 2094 910 2111 suas
935 2083 970 2111 de
992 2094 1023 2111 eo
1052 2085 1188 2111 recitare.
1207 2098 1250 2106 —-

388 2118 417 2153 3)
440 2118 635 2161 Stipatores]
663 2124 728 2152 Non
750 2125 836 2153 video
871 2135 927 2154 cur
948 2125 1157 2154 destituantur
1185 2136 1250 2154 mu-

390 2158 513 2187 tandum
536 2163 572 2190 sit
592 2166 623 2191 in
644 2168 879 2205 constituantur,
894 2168 944 2196 vel
959 2167 1163 2198 destinantur.
1181 2178 1249 2196 nam

391 2199 422 2227 C.
447 2202 599 2232 Gracchus
626 2205 657 2234 in
688 2211 822 2239 oratione
852 2210 889 2239 de
911 2210 1025 2248 legibus
1053 2210 1249 2250 promulgatis

390 2243 470 2289 apud
493 2244 636 2292 Agellihum
661 2248 710 2276 lib.
736 2253 782 2282 10,
808 2262 871 2290 cap,
889 2255 917 2283 3.
939 2262 1010 2282 usus
1032 2258 1077 2283 est
1099 2264 1134 2282 eo
1158 2253 1249 2283 verbo

390 2293 420 2312 in
444 2286 545 2332 eodeni
568 2288 750 2327 s1gnificatu,
780 2303 845 2322 cum
869 2294 982 2332 inquit:
1026 2295 1140 2325 Idcirco
1163 2296 1250 2334 palus

390 2325 548 2375 destitutus
571 2334 614 2357 est
635 2330 665 2357 in
688 2331 765 2361 Foro
780 2355 786 2367 ,
821 2345 914 2374 eoque
937 2336 1084 2367 adductus
1109 2348 1179 2367 suae
1203 2338 1250 2366 ci-

391 2373 492 2398 vitatis
514 2371 714 2401 nobilissimus
744 2373 832 2404 homo
853 2378 891 2405 M.
915 2378 1043 2415 Marius,
1076 2381 1250 2409 vestimenta

390 2410 520 2440 detracta
541 2418 625 2450 sunt,
648 2414 738 2452 virgis
761 2426 861 2445 caesus
884 2425 938 2449 est.
961 2425 990 2449 et
1005 2421 1115 2450 Varro:
1147 2422 1178 2450 Si
1201 2433 1249 2451 eo-

389 2462 456 2482 rum
485 2455 560 2484 colla
593 2456 623 2484 in
652 2456 748 2486 furcas
781 2458 933 2489 destitutas
960 2463 1122 2492 incluserit.
1166 2465 1246 2493 Urs.

1293 1952 1323 1994 4)
1347 1957 1578 1984 constituantur
1598 1956 1645 1984 vel
1665 1954 1862 1984 destinantur
1883 1964 1976 1992 marg.
1994 1954 2065 1985 Ven.
2079 1956 2157 1988 scal.

1293 2011 1334 2019 --
1356 1997 1384 2037 5)
1411 1999 1535 2037 Tapete.]
1559 1998 1711 2037 Turpilius
1734 1997 1815 2037 apud
1836 1997 1965 2026 Nonium
1987 2003 2094 2027 neutro
2109 2008 2156 2035 ge—

1292 2050 1363 2069 nere
1384 2041 1527 2079 protulit,
1557 2051 1625 2070 cum
1649 2041 1743 2074 dixit,
1779 2040 1922 2070 Glabrum
1943 2045 2053 2079 tapete.
2097 2039 2156 2070 Fe-

1292 2088 1358 2111 stus
1385 2088 1484 2112 tamen
1522 2084 1563 2112 ait
1598 2083 1762 2112 masculino
1795 2092 1903 2121 genere
1935 2091 2021 2112 usum
2055 2082 2155 2112 fnisse

1300 2125 1380 2154 Urs.
1414 2143 1449 2148 -
1486 2125 1516 2165 6)
1549 2126 1662 2155 Taurii
1688 2124 1780 2165 luda]
1812 2125 1886 2155 Vide
1905 2125 1938 2153 in
1963 2123 2154 2163 Talipedare.

1299 2168 1348 2196 Ur
1357 2179 1381 2196 s.
1402 2185 1444 2191 —-
1466 2166 1496 2208 7)
1522 2167 1721 2207 Tribunicio]
1743 2168 1806 2197 Lex
1827 2167 1946 2197 Curiata
1970 2166 2008 2196 de
2029 2167 2154 2207 imperio

1291 2210 1413 2239 militari
1434 2211 1655 2249 magistratibus
1677 2210 1836 2249 designatis
1856 2209 2028 2240 mandando
2039 2232 2050 2247 ,
2076 2210 2153 2239 fere-

1292 2253 1382 2282 batur
1410 2253 1446 2282 ab
1476 2263 1526 2289 eo,
1570 2253 1622 2292 qui
1657 2263 1709 2282 eos
1740 2253 1930 2290 magistratus
1965 2251 2152 2291 designasset

1296 2295 1448 2332 Quantum
1476 2301 1573 2324 autem
1604 2305 1642 2324 ex
1670 2295 1717 2324 his
1749 2294 1883 2334 reliquiis
1911 2293 2046 2324 divinare
2072 2293 2152 2330 licet,

1292 2338 1411 2367 videtur
1433 2337 1512 2367 Festi
1534 2338 1677 2367 sententia
1699 2338 1766 2367 talis
1787 2337 1886 2366 fuisse.
1936 2336 2019 2367 Bello
2038 2335 2151 2365 Punico

1293 2381 1425 2410 secundo
1457 2391 1525 2410 cum
1548 2380 1674 2409 Annibal
1705 2379 1742 2408 ad
1767 2379 1868 2409 urbem
1891 2378 2049 2413 accedens,
2080 2386 2151 2416 por-

1293 2427 1339 2451 tae
1362 2423 1497 2462 Capenae
1526 2423 1814 2462 appropinquasset,
1854 2426 1883 2449 et
1914 2420 1997 2458 qussi
2024 2419 2056 2447 in
2078 2428 2151 2448 con-

1292 2471 1398 2504 spectu
1420 2464 1530 2494 nomae
1561 2466 1618 2494 iam
1648 2469 1741 2501 esset,
1778 2468 1806 2493 et
1832 2462 1870 2492 ob
1901 2461 1932 2491 id
1960 2471 2018 2491 nun
2047 2460 2151 2492 liceret
