2263 2668
584 115 648 148 DE
674 109 1064 158 SIGNIFICATIQNE
1090 107 1366 143 VERBORUM
1396 109 1541 144 LIBER
1567 111 1594 146 1.
1993 111 2068 145 319

276 211 418 241 Amita.
463 208 493 236 Si
515 218 620 238 verum
643 212 700 243 est,
733 207 815 246 quod
837 207 876 235 ait
895 205 1014 241 Festus,
1047 202 1176 231 Amitam
1200 203 1285 241 quasi
1307 203 1435 240 avitam,
1467 209 1517 233 aut
1540 205 1625 243 quasi
1649 208 1774 233 amatam
1797 203 1923 239 dictam,
1950 203 2068 232 videtur

114 254 193 294 apud
216 259 330 283 veteres
353 252 478 281 mediam
500 251 645 290 syllabam
667 251 845 290 productam
868 247 1020 283 habuisse,
1053 255 1118 274 cum
1139 245 1257 274 Persius
1280 246 1475 286 corripuerit:
1499 247 1567 284 (Vl,
1591 245 1656 285 53.)

780 311 818 315 .-
865 309 903 314 ...
947 305 989 312 -—
1031 305 1075 327 ⁸.-
1117 289 1144 317 si
1164 287 1237 317 mibi
1257 287 1342 318 nulla

463 360 467 363 .
652 334 718 363 Iam
742 334 854 375 reliqua
876 345 916 362 ex
938 331 1053 369 amitis,
1078 329 1221 370 pratuelis
1244 330 1345 369 nulla,
1375 333 1533 371 proneptis,

115 380 216 411 Scal.
238 380 345 409 Amita
368 381 450 418 quasi
472 379 561 407 avita.
590 378 663 405 Nam
685 379 800 416 reliqua
822 382 920 416 etyma
943 375 1063 404 duriora
1086 378 1163 403 sunt.
1188 372 1275 404 Dac.
1299 374 1405 402 Amita
1426 376 1521 413 patris
1541 375 1596 403 mei
1617 384 1707 403 soror.
1733 373 1776 401 Ita
1799 373 1891 401 Gaius
1904 376 1934 405 2.
1955 373 2067 403 Inst.8.

112 423 221 453 Amita
243 433 316 452 vero
341 433 467 462 magna,
497 421 546 450 avi
569 420 689 459 paterni
711 430 807 449 soror.
830 420 849 448 l.
865 418 933 451 1.ff.
956 422 1062 456 quarto
1086 417 1106 444 l.
1129 416 1183 444 ult.
1208 421 1233 456 ᾗ.
1257 422 1374 455 quarto.
1397 417 1428 445 ff.
1450 417 1487 445 de
1509 416 1622 455 gradib.
1644 416 1751 446 Amita
1772 416 1868 444 maior·
1887 415 1996 454 proavi
2017 425 2069 443 so-

112 477 173 495 ror.
194 465 277 495 Paul.
291 467 321 497 4.
345 467 530 495 senteut.11.
555 473 630 501 quae
654 468 682 491 et
704 462 852 503 proamita
875 462 935 492 l.1.
959 462 989 488 in
1012 459 1060 488 fin.
1084 461 1107 497 §.
1121 461 1149 490 7.
1162 458 1192 486 ff.
1216 458 1252 487 de
1275 459 1388 496 gradib.
1413 459 1510 488 Amita
1535 460 1676 495 maxima,
1701 459 1787 487 abavi
1810 468 1904 487 soror.
1927 458 1956 487 d.
1977 458 1998 486 l.
2021 458 2071 486 ul-

113 509 195 537 tima.
218 510 244 546 §.
266 508 401 546 septimo.
425 506 540 542 (eadem
563 505 696 534 abamita
719 506 853 540 dicitur).
880 503 967 532 Atavi
990 512 1076 531 soror
1098 501 1218 530 nomine
1243 506 1333 530 caret.
1358 502 1454 530 Amita
1478 512 1493 529 a
1516 513 1562 531 me
1584 502 1686 535 tertia3
1710 512 1724 529 a
1739 506 1821 539 patre
1836 506 1939 531 amata.
1967 499 2068 529 Goth.

114 552 252 580 Ceterum
276 551 350 579 salso
372 551 514 578 distincta
538 553 581 576 est
604 548 700 577 oratio
724 549 815 577 Paulli
837 548 868 576 in
892 545 1049 575 contextis.
1093 544 1168 582 Lege
1191 548 1219 572 et
1241 544 1408 582 distingue:
1438 544 1560 579 Amita,
1582 545 1675 584 patris
1697 545 1753 572 mei
1774 554 1872 580 soror,
1894 544 1966 583 quia
1986 543 2071 571 simi-

114 592 180 623 liter
202 594 287 621 tertia
311 603 330 621 a
351 605 397 621 me
417 593 471 629 sit,
501 598 588 631 atque
609 592 697 628 avia5
730 590 823 620 videri
842 596 936 629 potest
960 588 1042 617 dicia
1064 593 1120 617 cet.

278 634 453 672 Avillas‚
476 645 603 672 agna&
633 633 691 673 (Ita
713 634 792 663 enim
802 631 914 672 vulgo.)
939 632 1020 668 Ovis,
1044 630 1156 668 ovilla3
1181 634 1243 658 eto
1260 634 1373 658 mutato
1397 630 1428 657 in
1451 641 1479 665 a,
1502 628 1611 667 avilla5
1635 629 1699 658 ovis
1721 628 1830 664 vetula,
1852 627 1981 656 recentis
2003 637 2070 665 par-

113 682 171 706 tus.
217 677 291 706 Vide
313 677 436 716 aclasia3
476 687 544 706 nam
565 676 637 705 inde
658 677 788 715 patebit,
826 676 890 704 salli
913 673 1092 711 Meursium,
1128 672 1179 711 qui
1202 672 1306 701 avillas
1329 672 1390 700 dici
1416 673 1548 711 putavit,
1586 683 1659 711 quae
1687 671 1819 700 nondum
1841 670 1912 699 velli
1934 675 2069 708 possunt.

112 719 201 749 Dac.
235 720 315 755 Quid
338 721 363 749 si
389 718 530 749 Ovillas?
555 719 686 755 Quidam
710 720 805 748 dictos
828 722 952 757 putant,
977 716 1058 756 quod
1080 716 1153 745 velli
1176 715 1305 744 necdum
1328 720 1458 754 possent.
1498 715 1598 743 Vellus
1621 715 1708 743 etiam
1732 725 1747 743 a
1770 712 1908 743 vellendo
1932 712 2070 741 Varroni.

114 763 168 802 (V,
192 765 249 798 29,
272 765 323 794 36.
347 764 461 801 p.133.
486 761 550 801 Sp.)
583 760 687 791 Goth.
727 762 806 791 Avis
827 762 858 789 in
881 761 1031 789 Sanscrita
1053 760 1153 797 lingua
1176 758 1207 787 id
1231 757 1313 796 quod
1336 759 1414 793 ovis,
1451 758 1502 787 Gr.
1525 755 1586 794 ὄϊς,
1617 758 1707 786 eiecto
1733 757 1888 794 digamma.
1931 754 1978 783 Ab
2007 755 2071 782 avis

114 805 280 834 derivativa
303 806 399 834 forma
423 803 547 841 avillas,
571 805 650 833 unde
673 809 773 843 patet,
798 814 857 843 quo
881 803 1049 842 antiquiora
1071 803 1130 831 sint
1151 801 1299 830 vocabula
1322 800 1417 829 Latini
1441 801 1599 835 sermonis,
1630 811 1664 829 eo
1687 799 1861 828 Sanscriteis
1883 798 1987 826 formis
2010 806 2072 825 esse

112 847 267 886 propiora.
312 848 389 877 Satis
413 852 511 877 autem
534 847 623 876 docet
646 847 784 876 codicum
808 847 988 885 optimorum
1012 855 1190 881 consensus,
1213 854 1274 872 non
1295 841 1420 878 Avitta,
1445 842 1571 878 (willae,
1594 843 1643 871 sed
1665 841 1803 877 Avillas,
1826 839 1935 869 avillae
1957 840 2071 868 dictum

113 901 190 926 esse,
216 890 296 928 quod
319 890 450 919 ostendit
472 890 704 929 antiquissimam
727 890 902 918 nominativi
925 890 1059 918 formam.

277 932 419 972 Agnus.
464 932 624 961 Descendit
645 932 704 960 hoc
726 932 908 961 vocabulum
932 932 967 960 ab
991 931 1091 960 radice
1114 929 1263 958 Sanserita
1287 940 1378 964 anus,
1407 939 1531 966 parvus,
1564 927 1644 966 quod
1667 926 1791 955 mediam
1816 929 2030 954 consonantem
2053 935 2071 951 n

112 975 244 1003 nasalem
266 973 372 1011 habet,
400 975 478 1004 unde
499 976 586 1004 etiam
612 976 796 1004 Graecorum
819 972 928 1013 ἆμνὸς,
954 971 1057 1014 clavis,
1082 970 1188 1012 ἆμνάς.
1219 971 1369 1010 Significat
1390 971 1482 1009 igitur
1504 982 1596 1009 agnus
1618 970 1738 1008 proprie
1763 969 1809 996 vel
1829 979 1952 1007 parvum
1973 977 2070 1006 pecus,

113 1018 254 1046 armentis
278 1018 464 1056 oppositum,
499 1018 546 1047 vel
568 1018 688 1057 pecoris
710 1018 860 1055 sobolem,
896 1016 1029 1057 pullum,
1065 1014 1204 1045 catulum.
1249 1014 1339 1043 Cuius
1360 1013 1584 1052 significationis
1607 1013 1762 1050 vestigium
1786 1011 1925 1039 remansit
1945 1010 1977 1037 in
1999 1018 2072 1037 voce

115 1061 227 1090 Graeca
251 1057 413 1099 ἆμνάμων,
445 1071 519 1099 quae
539 1059 667 1100 prolem,
701 1057 870 1100 ἀπόγονον,
902 1064 984 1088 notat
1005 1064 1033 1088 et
1056 1059 1137 1098 apud
1160 1057 1387 1097 Lycophronem
1410 1057 1573 1084 invenitur.

278 1103 409 1132 Avcre.
442 1104 565 1142 Cupere.
582 1103 689 1131 Lucil-2
715 1104 844 1132 Parasiti
866 1110 951 1131 avent
973 1101 1102 1131 divitias.
1133 1101 1206 1130 Inde
1229 1100 1354 1135 avidus,
1378 1099 1518 1135 aviditas,
1542 1103 1577 1126 ut
1599 1109 1614 1126 a
1639 1097 1738 1133 caleo,
1765 1096 1896 1132 calidus3
1920 1105 1936 1122 a
1960 1099 2071 1128 torreo,

112 1145 256 1174 torridus.
299 1146 383 1174 Infra
405 1151 504 1175 tamen
525 1146 631 1174 Festus
655 1144 760 1174 avidus
783 1156 798 1174 a
821 1156 882 1175 non
905 1145 1043 1174 videndo.
1090 1144 1145 1173 Ubi
1169 1144 1232 1172 eius
1254 1142 1482 1172 inconstantiam
1504 1141 1578 1170 ride.
1609 1140 1694 1170 Dae.
1736 1138 1832 1167 Radix
1855 1137 2006 1166 Sanscrita
2027 1134 2071 1164 ἆυ

112 1189 255 1217 latissime
278 1189 360 1217 valet
382 1193 412 1218 et
433 1190 465 1217 in
488 1188 625 1217 omnibus
647 1188 831 1217 sermonibus
855 1199 871 1216 a
893 1188 1045 1216 Sanscrito
1069 1187 1319 1217 descendentibus
1341 1185 1457 1214 radices
1482 1184 1547 1221 egit.
1588 1183 1740 1222 Significat
1762 1186 1859 1209 autem
1882 1190 1997 1216 amare,
2020 1176 2071 1206 de-

111 1229 256 1268 siderare,
279 1229 438 1270 amplecti5
470 1235 533 1260 tum
553 1229 695 1270 gaudere,
726 1229 904 1260 exhilarare.
951 1230 1016 1266 Qua
1040 1240 1073 1258 re
1096 1220 1285 1268 intelligitur,
1318 1228 1467 1257 salutandi
1490 1227 1648 1255 formulam
1671 1236 1722 1254 ave
1745 1230 1773 1253 et
1794 1223 1882 1259 have,
1911 1221 1985 1250 nihil
2009 1229 2072 1249 esse

111 1273 169 1302 nisi
190 1277 290 1312 χαῖρε,
312 1272 426 1312 gaude5
457 1279 547 1311 atque
570 1278 732 1311 utrumque
756 1273 899 1310 verbum,
923 1278 952 1302 et
974 1284 1056 1302 avere
1080 1282 1204 1312 cupere,
1227 1277 1256 1302 et
1278 1282 1360 1300 avere
1382 1271 1529 1310 gaudere,
1553 1269 1642 1298 unius
1664 1267 1854 1304 eiusdemque
1877 1275 1937 1293 esse
1960 1263 2071 1302 stirpiS,

112 1321 226 1345 eertum
249 1321 302 1346 est.

275 1356 493 1398 Adscripti.
539 1358 599 1394 Qui
620 1358 741 1387 nomina
763 1358 922 1395 dederant,
954 1363 988 1386 ut.
1010 1368 1025 1386 e
1048 1358 1145 1397 patria
1169 1358 1198 1386 in
1222 1357 1370 1386 coloniam
1393 1357 1591 1385 mitterentur.
1614 1354 1678 1383 Liv.
1702 1353 1798 1387 lib.4‚
1821 1350 1881 1390 (11.
1904 1347 1981 1387 fin.)=
2016 1345 2072 1376 Co-

111 1400 174 1431 loni
196 1399 342 1440 adscripti
362 1401 394 1430 in
415 1399 563 1439 colonia,
589 1412 679 1441 quam
707 1409 804 1430 testem
835 1401 1010 1441 integritatis
1039 1401 1223 1441 iustitiaeque
1252 1399 1406 1429 habebant.
1452 1399 1498 1427 Ad
1521 1407 1622 1427 eorum
1645 1394 1868 1425 similitudinem
1890 1395 1995 1431 postea
2016 1387 2072 1418 ad-

111 1444 250 1484 scriptitii
278 1444 339 1472 dici
369 1449 532 1484 coeperunt
554 1444 703 1483 agricolae
725 1449 754 1473 et
776 1444 875 1474 coloni
898 1444 1017 1473 rusticis
1040 1443 1171 1482 praediis
1196 1443 1367 1472 excolendis
1389 1442 1432 1471 sic
1455 1441 1586 1477 addicti,
1626 1445 1661 1468 ut
1684 1448 1784 1468 eorum
1806 1435 1903 1475 portio
1927 1432 2072 1472 quaedam

112 1490 141 1516 et
161 1487 391 1516 instrumentum
413 1487 560 1516 rusticum
581 1492 789 1526 censerentur,
827 1492 856 1516 et
879 1497 938 1516 una
961 1497 1029 1515 cum
1052 1486 1182 1525 praediis
1205 1486 1243 1515 ad
1272 1491 1421 1525 emptores
1450 1484 1619 1514 transirent.
1656 1482 1745 1511 Dae.
1790 1479 1866 1508 Vide
1888 1477 2004 1506 Livium
2023 1474 2071 1504 IV.

112 1529 188 1558 Vide
209 1530 303 1567 legem
318 1531 346 1560 6.
370 1529 389 1558 l.
403 1533 452 1562 20.
474 1530 556 1561 l.22.
579 1530 598 1559 l.
621 1530 676 1559 ult.
701 1530 773 1559 Cod.
796 1529 833 1559 de
857 1530 1005 1568 agricolis.
1053 1527 1158 1558 Goth.

278 1570 554 1611 Adscriptioii.
603 1573 649 1602 Ex
676 1573 724 1602 his
753 1582 829 1610 quae
858 1572 907 1601 hic
935 1576 1116 1607 tractantur,
1156 1571 1298 1600 docemur
1327 1568 1547 1610 Adscripticios
1576 1567 1672 1596 dictos
1700 1566 1851 1595 Acce-risos
1880 1567 1909 1592 et
1939 1559 2069 1590 Velatos.

114 1613 203 1649 Quod
226 1619 256 1643 et
276 1613 356 1642 idem
378 1615 456 1644 infra
480 1614 689 1644 confirmatur:
734 1613 850 1653 Veluti,
883 1615 997 1653 inquit,
1029 1612 1258 1654 appellabantur
1279 1613 1375 1641 vestiti
1397 1620 1422 1641 et
1445 1614 1582 1647 inermes,
1614 1611 1664 1650 qui
1686 1608 1846 1638 exercitum
1869 1602 2071 1649 sequebantur,

114 1656 218 1695 quique
240 1657 270 1684 in
299 1664 479 1685 mortuorum
507 1655 634 1686 militum
664 1656 731 1687 loco
760 1655 1016 1686 substituebantur.
1060 1658 1165 1685 Postea
1188 1657 1219 1684 in
1241 1655 1429 1694 municipiis,
1464 1655 1593 1692 itemque
1616 1654 1742 1687 Romae,
1782 1648 1896 1688 publici
1919 1644 2072 1676 ministerli

114 1707 222 1727 nomen
244 1698 302 1727 suit
323 1699 476 1729 Accensus
500 1697 639 1737 Velatus,
676 1705 707 1729 ut
730 1704 853 1738 apparet
875 1710 911 1728 ex
933 1699 990 1728 hac
1011 1699 1220 1738 inscriptione:

573 1742 607 1772 T.
633 1740 882 1771 STATILIUS.
910 1741 1011 1771 VOL.
1036 1740 1273 1771 PROGULUS

568 1783 800 1814 ACCENSUS.
827 1783 1044 1814 VELATUS.
1068 1783 1131 1814 ET.
1155 1780 1453 1812 ARGENTARIA

567 1825 804 1856 EUTYCHIA.
828 1825 1066 1856 PARENTES.
1092 1825 1221 1855 FILIO.
1249 1823 1442 1854 OPTUMO.
1466 1821 1527 1851 ET

571 1867 791 1898 ORCIVIAE.
814 1868 1017 1898 ANTHIDI.
1046 1866 1196 1898 UXORI.
1220 1866 1328 1898 EIUS.
1354 1865 1449 1896 SIBI.

779 1910 873 1950 QUE.
897 1911 956 1940 ET
978 1910 1077 1940 SUIS

570 1952 786 1984 LIBERTIS.
809 1952 1102 1983 LIBERTABUS.
1127 1949 1346 1981 POSTERIS.
1375 1949 1469 1988 QUE.

820 1995 990 2026 EORUM.

114 2037 184 2065 item
209 2041 290 2075 patet
313 2046 348 2065 ex
372 2037 430 2065 alio
454 2049 543 2074 saxo,
576 2039 658 2077 quod
682 2044 726 2068 est
748 2039 777 2067 in
804 2040 852 2067 via
877 2039 973 2077 Appia
996 2038 1136 2073 Formiis,
1166 2041 1197 2065 ut
1223 2035 1376 2071 omnibus,
1408 2035 1459 2074 qui
1482 2033 1636 2072 Neapolim
1660 2029 1909 2070 proficiscuntur,
1938 2025 1970 2054 in
1995 2034 2067 2052 con-

113 2084 214 2118 spectu
238 2079 285 2109 sit.

776 2122 812 2152 L.
840 2119 1081 2151 VARRONIO.
1108 2120 1144 2149 L.
1170 2119 1202 2148 F.

814 2164 910 2194 PAL.
936 2162 1149 2193 CAPITON!

781 2205 978 2236 SCRIBAE.
1003 2204 1193 2234 AEDILIC.

775 2247 974 2278 ACCENSO
1007 2247 1197 2277 VELATO.

775 2290 818 2320 ΙῙ.
847 2289 966 2320 VIRO.
992 2289 1255 2328 OUINOUENN

777 2332 1016 2363 CURATORI.
1053 2332 1163 2361 VJAR
1172 2331 1241 2361 UM

775 2374 999 2406 PATRONO.
1017 2373 1244 2405 COLONIAE
