2263 2668
830 133 918 169 LIB.
940 132 982 166 11.

281 228 484 274 Aestiferae
511 226 638 271 Libyes
646 239 656 259 .-

55 282 210 316 Lucanus
222 275 255 313 ¹³.

1036 133 1180 170 SEGM.
1202 138 1227 172 Ι.

1935 146 2007 181 1οΊ

308 281 500 314 Sallustius:
539 278 717 324 Apollinis
731 276 822 324 filia
849 281 881 310 et
911 276 1106 322 Cyrenesss.

221 348 281 382 17.
335 348 381 392 F,
420 347 471 392 G,
499 346 553 389 H,
586 346 637 379 his
663 346 776 380 litteris
804 357 925 379 nomen
952 359 1019 380 non
1046 348 1182 393 repperi
1207 349 1426 383 terminatum.

222 400 250 433 I
269 401 378 434 littera
403 400 577 433 terminata
603 399 738 431 nomina
763 402 920 442 quattuor
931 395 955 416 ¹⁵
981 400 1213 433 tantummodo
1241 402 1375 446 repperi
1404 403 1471 435 sine
1498 403 1608 446 aliqua
1636 403 1868 438 declinatione.

1921 407 2008 440 Nam

57 455 256 496 monoptota
281 457 354 485 sunt
380 452 448 485 duo
476 449 607 496 generis
635 450 759 492 omnis,
786 449 843 483 hic
870 454 902 483 et
929 450 1020 485 haec
1046 457 1079 485 et
1105 452 1171 486 hoc
1193 452 1310 493 nihili,
1328 452 1460 498 srngi3
1488 459 1520 487 et
1546 454 1614 487 duo
1639 456 1769 500 generis
1793 457 1918 497 neutri,
1945 470 2007 491 nu-

57 514 152 536 mero
174 503 406 536 tantummodo
435 502 594 549 singulari
621 502 687 536 hoc
711 502 864 548 gummi,
900 502 966 535 hoc
992 504 1109 550 sinapi
1117 515 1128 542 ;
1160 505 1309 548 quamvis
1335 505 1469 538 Plautus
1495 506 1528 538 in
1554 506 1724 540 Pseudulo
1753 508 1843 541 haec
1877 507 2005 556 [1447]

57 551 224 600 sinapisffi
252 555 477 591 declinaverit.

59 605 96 639 hi
118 605 234 652 Argi,
261 605 327 640 hoc
350 607 476 652 Argos
485 619 496 647 ‚-
522 606 559 639 hi
580 606 700 651 porri,
728 606 794 639 hoc
810 616 971 651 porrum.

539 554 653 587 Inveni
679 558 712 587 et
739 553 807 587 duo
833 553 866 586 in
893 565 1032 588 numero
1058 556 1182 600 plurali
1216 556 1409 600 masculina,
1457 557 1488 590 in
1521 569 1659 591 numero
1695 559 1853 604 singulari
1880 566 2006 602 neutra,

225 674 283 708 18.
336 675 374 708 Κ
401 675 468 708 hac
494 675 603 708 littera
630 675 760 708 nullum
787 685 907 707 nomen
933 670 1170 708 terminatur¹⁷.

222 726 255 759 L
279 726 388 760 littera
414 728 589 760 terminata
616 727 750 760 nomina
770 726 888 759 Latina
915 727 1045 771 generis
1072 725 1245 760 masculini
1273 730 1305 758 et
1331 725 1495 769 feminini,
1537 728 1682 773 exceptis
1709 732 1882 771 quattuor,
1918 729 2009 761 nulla

58 776 220 821 reperies,
255 778 313 811 hic
338 778 408 821 sol,
450 779 540 812 haee
568 778 751 823 Tanaquil.

810 778 984 823 Tanaquil
1011 778 1097 811 enim
1125 789 1208 810 uxor
1234 777 1296 810 suit
1317 777 1478 821 Tarquini
1505 779 1622 819 Prisci3
1664 780 1906 824 appellativum
1933 780 2009 823 qui-

58 828 138 861 dem
166 835 230 873 est,
258 830 316 863 sed
346 841 410 874 pro
436 831 578 875 proprio
606 826 797 868 habetur¹⁸;
831 830 887 863 hie
915 831 1047 872 consul,
1082 829 1139 862 Ιιίο
1167 834 1198 862 et
1225 829 1315 862 haec
1343 834 1375 862 et
1402 830 1467 862 hoc
1494 831 1600 864 exsul.

1655 831 1794 865 Generis
1820 842 1899 865 vero
1926 843 2009 864 neu-

57 880 100 913 tri
125 880 273 925 plurima
299 882 434 915 nomina
461 883 607 927 reperies
618 878 640 898 ¹⁹
667 882 733 915 hac
760 882 868 915 littera
894 883 1085 922 terminata,
1122 893 1208 925 quae
1236 881 1262 913 si
1290 886 1384 914 erunt
1410 883 1656 926 monosyllaba,
1691 884 1724 916 in
1751 884 1897 928 genitivo
1919 884 1931 916 l
1953 883 2010 916 lit—

57 937 130 965 tera
157 932 399 977 duplicabitur,
428 935 514 976 mel,
541 934 673 971 mellis;
688 932 766 978 fel,
783 932 896 978 sellis.

59 982 239 1018 declinant.

59 1040 145 1069 runt.

61 1139 170 1173 littera
196 1140 386 1184 terminata,
430 1141 497 1174 hoc
524 1141 684 1183 Muthul,
720 1140 786 1174 hoc
814 1141 952 1175 Suthul.

230 1208 287 1242 19.

948 934 1124 978 Excipitur
1151 944 1252 966 unum
1276 933 1333 965 sal
1343 929 1377 975 ²⁰,
1404 934 1508 974 salis,
1534 934 1623 967 unde
1649 935 1785 978 quidam
1795 931 1819 952 ²¹
1843 935 1909 968 hoc
1935 935 2011 968 sale

293 984 416 1019 Omnia
441 990 552 1019 tamen
578 986 706 1019 ratione
732 986 848 1018 tertiae
875 985 1103 1020 declinationis
1130 985 1326 1026 flectuntur,
1369 996 1445 1017 nam
1475 985 1504 1018 is
1529 986 1657 1029 syllaba
1684 987 1866 1032 genitivum
1893 986 2006 1030 profe—

197 1036 235 1070 Si
261 1048 327 1080 qua
355 1038 417 1071 alia
444 1038 574 1071 inventa
601 1037 741 1077 fuerint,
768 1038 915 1082 exceptis
943 1049 1043 1082 supra
1066 1037 1198 1081 positis,
1226 1036 1357 1082 generis
1380 1037 1553 1071 masculini
1574 1038 1714 1071 barbara
1735 1043 1824 1079 sunt,
1852 1042 1887 1070 ut
1907 1037 2012 1071 Han-

59 1087 175 1130 m‘bal,
209 1087 438 1132 Hasdrubal,
471 1089 681 1131 Hamilcar,
715 1088 922 1134 Hiempsal,
956 1085 1189 1123 Adhcrbal²².

1243 1089 1456 1122 Inveniuntur
1484 1094 1515 1122 et
1541 1091 1672 1134 generis
1700 1090 1804 1123 neutri
1831 1090 1973 1123 barbara
2001 1090 2013 1121 l

340 1208 388 1242 M
409 1210 517 1242 littera
542 1210 752 1243 terminatum
781 1205 937 1243 nomen²³
964 1210 1095 1254 generis
1122 1208 1296 1242 masculini
1322 1208 1375 1241 vel
1404 1208 1571 1249 feminini,
1619 1213 1760 1252 excepto
1788 1220 1854 1241 uno
1881 1208 2014 1253 generis

61 1259 167 1292 omnis
194 1266 410 1306 monoptoto,
454 1262 616 1295 Latinitas
644 1273 710 1295 non
738 1261 860 1302 habet,
903 1260 962 1295 hic
989 1266 1023 1294 et
1048 1261 1138 1294 haec
1165 1264 1197 1293 et
1224 1260 1290 1293 hoc
1316 1271 1476 1305 nequam.

60 1311 221 1356 reperies,
249 1324 336 1356 quae
362 1313 511 1358 genitivo
540 1325 618 1348 casu
645 1319 701 1347 aut
727 1325 792 1346 una
820 1309 867 1346 5²⁵
888 1317 944 1346 aut
970 1313 1101 1347 duabus
1128 1312 1400 1348 terminabuntur.

59 1363 138 1396 bam
161 1365 381 1398 nominativus
401 1365 414 1398 i
433 1376 500 1398 non
527 1365 699 1407 habuerit,
732 1371 768 1398 ut
795 1365 860 1398 hoc
888 1364 1034 1407 bellum,

1537 1261 1655 1293 Neutri
1684 1261 1813 1305 generis
1823 1257 1848 1277 ²³
1870 1260 2014 1305 plurima

1454 1313 1554 1346 Tunc
1574 1324 1656 1353 una,
1685 1313 1709 1344 si
1735 1318 1808 1345 ante
1832 1323 1890 1345 mn
1914 1312 2015 1356 sylla—

1062 1376 1234 1410 regnnm,
1261 1368 1458 1409 sceptrum-,-
1494 1364 1591 1405 belli,
1619 1366 1733 1409 regni.
1790 1364 1826 1397 Si
1849 1363 2015 1401 habuerit,

59 1415 223 1460 genitivus
250 1417 380 1450 duabus
407 1418 419 1450 i
445 1418 689 1459 terminabitur,
722 1422 759 1450 ut
785 1417 852 1450 hoc
877 1417 1111 1464 sacrificium,
1143 1416 1246 1449 huius
1271 1416 1462 1462 sacr-{sicin
1495 1417 1577 1450 sicut
1605 1413 1737 1449 etiam²¹⁵
1763 1427 1849 1459 quae
1875 1419 1950 1448 ante
1973 1425 2016 1447 us

60 1467 224 1510 syllabam
250 1468 377 1502 habent
403 1469 432 1511 i,
473 1475 510 1503 ut
540 1469 736 1510 Terentius,
774 1469 934 1502 Terentii.

987 1471 1039 1503 Ex
1066 1469 1185 1513 quibus
1212 1480 1277 1501 una
1303 1468 1431 1512 syllaba
1458 1468 1587 1501 sublata
1613 1468 1652 1500 fit
1678 1467 1862 1509 vocativus,
1902 1468 1929 1499 si
1957 1467 2019 1499 sint

60 1519 195 1553 nomina
221 1521 377 1565 propria,
404 1525 441 1554 ut
468 1532 488 1555 ο
518 1522 675 1562 Terenti,-
707 1521 755 1553 sin
782 1521 1005 1565 appellativa,
1039 1521 1249 1554 novissimam
1277 1532 1317 1553 us
1344 1520 1376 1552 in
1405 1531 1423 1552 e
1450 1524 1638 1563 correptam
1649 1515 1673 1535 ²⁷
1699 1521 1873 1552 mutabunt
1898 1519 1931 1551 in
1956 1528 2019 1550 vo-

62 1571 188 1614 cativo,
231 1583 251 1605 o
279 1573 440 1618 egregie.

63 1622 152 1655 ciunt
177 1623 340 1668 genitivo,
369 1629 511 1670 excepto
539 1620 735 1671 nequam²⁹,
768 1629 980 1669 monoptoto.

62 1725 191 1761 hamur,-
220 1725 272 1754 sed
288 1726 388 1755 eadem
406 1737 511 1755 manus
528 1727 558 1755 in
576 1727 721 1765 margine,
748 1726 778 1756 id
796 1727 876 1765 quod
893 1737 961 1755 raro
979 1725 1020 1762 sit,

62 1766 307 1798 declinabantur.
324 1784 366 1791 --
383 1771 414 1806 7)
431 1769 486 1799 Vv.
502 1771 572 1798 Hoc
584 1781 704 1809 genere,
729 1770 838 1798 omisso
854 1771 949 1807 enim,
971 1779 1021 1797 su-

61 1820 118 1850 pra
140 1819 271 1841 versum.
317 1811 378 1850 Ego
392 1812 458 1841 Asc.
473 1818 503 1842 et
519 1814 550 1842 P.
569 1819 689 1842 secutus
711 1823 785 1842 sum.
813 1829 855 1835 --
884 1812 911 1853 8)
934 1813 1021 1840 Haec

58 1863 217 1892 pvaesepes
231 1865 297 1882 mea
310 1860 362 1883 est.
388 1855 476 1886 Cod.:
498 1856 554 1884 hoc
564 1867 723 1895 praesepes
740 1867 824 1884 mens
841 1861 892 1892 est,
916 1855 967 1883 sed
984 1854 1020 1882 ab

64 1895 165 1924 eadem
179 1907 268 1925 manu
282 1897 484 1936 emendatum,
514 1904 548 1927 ut
563 1899 632 1928 dedi
651 1910 717 1928 cum
734 1900 764 1929 P.
780 1899 854 1926 haec
865 1898 1021 1937 praesepis

64 1939 98 1965 in
119 1949 154 1966 ea
173 1944 215 1966 est
236 1940 306 1970 Asc.
351 1941 449 1970 Locus
473 1942 570 1971 Plauti
592 1953 607 1970 a
628 1942 734 1971 Botliio
758 1942 836 1970 inter
859 1942 1022 1978 fragmenta

63 1980 188 2010 relatus.
229 1981 312 2011 Idem
325 1983 449 2013 Bothius
465 1985 585 2022 suadet,
609 1985 638 2014 in
654 1995 735 2023 seqq.
752 1984 913 2012 scribatur:
943 1984 1023 2009 siout

65 2022 153 2061 apud
166 2024 299 2052 Graecos
320 2023 435 2066 φάτνῃ,
464 2028 546 2066 quod
569 2028 633 2057 veri
657 2032 699 2057 est
718 2027 822 2055 simile.
845 2041 886 2047 -·
908 2027 935 2062 9)
958 2023 1022 2051 Ρα-

66 2067 159 2093 cient
177 2065 399 2103 Cod.saciunt
414 2070 480 2099 Asc.
494 2071 524 2099 P.
547 2086 589 2092 —-
612 2074 656 2106 ιο)
673 2072 783 2098 Luc-an.
797 2067 928 2101 PharsJ,
950 2068 1021 2097 206.

64 2123 107 2130 --
130 2111 174 2143 11)
198 2109 240 2137 Ec
260 2107 374 2139 dicitur
397 2112 428 2142 C.
450 2112 522 2142 cod.
541 2112 611 2144 Asc.
655 2112 693 2142 Ει
717 2112 745 2141 d.
768 2113 864 2147 circa,
897 2109 940 2137 sic
962 2118 1023 2136 non

64 2151 235 2190 perscripto
249 2153 395 2182 vocabulo
411 2154 526 2184 dicitur
539 2156 572 2185 P.
598 2173 636 2178 —-
662 2154 706 2193 12)
730 2155 853 2182 Ilorati
868 2151 940 2180 cod.
967 2151 1023 2179 Lo-

66 2203 120 2223 cus
143 2198 188 2223 est
207 2194 302 2232 Epod.
319 2196 419 2234 XVII,
454 2200 501 2230 17,
524 2198 574 2226 ubi
599 2202 667 2237 post
690 2196 855 2225 Bentleium
878 2193 1023 2223 scribitur

69 2235 175 2274 Circa,
207 2246 297 2275 quum
322 2243 404 2267 antea
427 2245 502 2269 essct
518 2241 617 2269 Circe.
663 2240 799 2267 Ceterum
818 2238 848 2266 in
868 2237 938 2266 cod.
962 2241 1020 2265 est:

66 2278 180 2307 volente
195 2280 296 2316 circa,
319 2280 412 2310 elena.
431 2293 498 2320 ergo
517 2288 570 2312 cet.
594 2298 635 2304 —
659 2280 702 2320 13)
725 2280 870 2316 Phars.1,
894 2281 965 2312 206-
980 2296 1022 2301 -

68 2322 114 2357 14)
136 2322 231 2350 Locus
255 2321 385 2351 Sallustii
405 2323 482 2353 inter
502 2326 634 2363 sragmm.
655 2323 763 2362 legitur
782 2323 860 2362 apud
881 2321 1020 2351 Gerlach.

68 2373 98 2403 p-
116 2363 189 2395 247.
213 2364 315 2403 fragm.
334 2367 383 2397 38,
417 2383 451 2387 -
488 2371 530 2404 15)
565 2369 720 2405 Quczllaor
740 2367 779 2395 ita
800 2365 872 2395 cod.
904 2382 946 2387 —
977 2367 1020 2400 16)

70 2404 202 2435 Plautus·
222 2409 251 2435 in
273 2407 426 2436 Pseudulo
442 2407 498 2443 III,
522 2411 557 2445 2,
582 2412 631 2442 28.
654 2408 704 2438 ubi
725 2411 844 2448 amastis
868 2409 1021 2437 scelerata.

496 1573 618 1606 Omnia
645 1578 755 1606 tamen
783 1573 917 1605 nomina
943 1584 978 1605 m
1004 1573 1178 1606 terminata
1190 1568 1215 1588 ²⁸
1242 1571 1407 1605 secundae
1434 1575 1508 1603 sunt
1534 1571 1782 1611 declinationis;
1824 1582 1900 1603 nam
1928 1570 1940 1602 i
1966 1569 2019 1602 fa-

1065 1725 1201 1753 Ceterum
1225 1722 1310 1751 Cod.:
1339 1721 1414 1749 llaec
1434 1724 1564 1761 senapis.
1595 1738 1637 1744 —
1668 1725 1710 1757 17)
1734 1721 1776 1749 Ita
1804 1720 1876 1752 Cod,
1899 1720 2020 1748 nullum

1063 1767 1159 1805 reperi
1172 1766 1367 1792 terminatum
1381 1765 1448 1795 Asc.
1458 1766 1489 1795 P.
1513 1780 1554 1786 —-
1578 1765 1623 1802 18)
1640 1764 1696 1794 Vv.
1717 1763 1874 1802 Tanaquil
1888 1764 1965 1790 enim
1980 1778 2021 1783 —

1058 1809 1185 1847 proprio
1209 1807 1338 1835 hahetur
1360 1807 1418 1836 hoc
1441 1808 1508 1836 loco
1525 1807 1554 1836 in
1570 1807 1681 1836 Codice
1698 1811 1725 1835 et
1740 1807 1818 1846 apud
1835 1806 1903 1836 Asc.
1920 1805 2021 1833 inter—

1064 1855 1233 1890 ponuntur,
1259 1851 1365 1878 omissa
1383 1861 1399 1878 a
1413 1850 1563 1880 Putschio.
1610 1850 1640 1878 Si
1664 1860 1767 1879 revera
1784 1860 1799 1878 a
1819 1847 2019 1878 Grammatico

1063 1893 1195 1932 prosecta
1212 1898 1295 1929 sunt,
1319 1893 1389 1922 satis
1405 1899 1475 1923 sunt
1489 1893 1699 1924 memorabilia.
1743 1893 1926 1921 Haberemus
1945 1890 2021 1919 enin]

1066 1945 1169 1964 vocem
1189 1935 1362 1972 Etruscam,
1391 1946 1466 1974 quae
1487 1936 1523 1965 ad
1546 1937 1664 1975 linguae
1686 1937 1828 1965 Etruscae
1848 1933 2021 1971 indagatio-

1065 1989 1131 2007 nem
1155 1979 1292 2007 conferre
1318 1979 1444 2007 multum
1470 1984 1580 2018 posset.
1611 1997 1650 2001 ——
1683 1982 1729 2015 19)
1757 1980 1905 2017 Reperias
1924 1977 1953 2005 P.
1980 1990 2021 1998 --

1065 2023 1112 2056 20)
1135 2022 1297 2059 Excipitur
1314 2022 1371 2050 hoc
1393 2023 1444 2050 sal
1463 2023 1492 2051 P.
1513 2023 1597 2052 male.
1625 2039 1667 2044 ——
1696 2025 1741 2057 21)
1768 2020 1912 2059 Quidem
1928 2019 1961 2048 P.
1985 2027 2021 2046 ex

1066 2073 1166 2092 errore
1188 2064 1377 2104 typographi.
1411 2082 1447 2086 —
1479 2068 1524 2103 22)
1555 2066 1700 2104 lempsal,
1730 2064 1860 2092 aclerlml
1878 2062 1951 2092 eod.
1980 2077 2021 2082 -—

1065 2106 1111 2145 23)
1131 2107 1172 2135 M
1188 2107 1278 2135 litera
1299 2109 1462 2136 terminata
1483 2110 1609 2137 nomina
1626 2109 1669 2146 P„
1701 2107 1826 2136 sortasse
1843 2106 1957 2135 melius.
1980 2118 2021 2126 -—

1065 2149 1110 2188 24)
1136 2150 1259 2178 Generis
1275 2153 1378 2179 nentri
1397 2151 1462 2180 Asc·
1478 2151 1509 2182 P.
1532 2168 1573 2173 —
1595 2155 1640 2185 25)
1662 2151 1730 2180 Aut
1746 2161 1809 2179 ιιηα
1826 2151 1846 2178 i.
1888 2149 1931 2177 Ita
1950 2144 2019 2174 Cod-

1066 2197 1118 2220 aut
1134 2203 1197 2220 una
1220 2198 1276 2221 aut
1299 2193 1423 2222 duabus
1448 2194 1557 2223 omissa
1578 2194 1677 2223 littera
1702 2194 1795 2222 iAsc.
1817 2197 1873 2220 aui
1889 2201 1949 2219 ιιηα
1965 2192 2019 2215 aut

1065 2234 1186 2264 duabus
1207 2237 1220 2263 i
1238 2236 1269 2264 P.
1299 2252 1341 2258 --
1369 2240 1413 2271 ΞΒ)
1437 2238 1544 2265 Etiam
1566 2236 1649 2266 deest
1669 2236 1700 2265 in
1724 2236 1790 2266 Asc.
1810 2240 1839 2264 et
1855 2235 1885 2264 P.
1907 2249 1949 2255 --
1971 2229 2018 2265 27)

1066 2276 1242 2317 Gom-eptam
1257 2279 1339 2308 deest
1354 2280 1385 2308 in
1401 2279 1468 2308 Asc.
1484 2285 1512 2308 et
1525 2281 1556 2309 P.
1577 2296 1620 2302 —
1642 2282 1687 2313 28)
1707 2280 1745 2308 M
1755 2279 1844 2307 litera
1859 2276 2019 2305 terminum

1064 2321 1133 2393 igne.
1150 2322 1198 2359 P„
1228 2322 1354 2352 sortasse
1374 2323 1488 2352 melius.
1512 2339 1550 2345 ·——
1578 2325 1624 2357 29)
1646 2323 1776 2361 Excepto
1799 2331 1870 2349 uno
1891 2322 2017 2354 nequam

1091 2374 1131 2393 sc.
1146 2365 1178 2394 P.
1202 2381 1238 2386 —

1532 2458 1606 2493 Ο*
