2263 2668
216 236 256 261 E:
273 233 327 261 eod.

219 320 257 345 Ex
272 317 327 344 eod.

220 405 257 429 Es
273 402 327 428 cod.

218 521 257 547 Es
272 518 326 545 eod.

219 665 259 689 Ea:
273 663 329 689 eod.

218 750 257 775 Ex
273 748 328 774 eod.

221 793 258 818 Ex
273 791 329 817 eod.

219 885 258 909 Ea·
272 882 328 909 eud.

219 971 259 996 Ex
276 969 331 995 eod.

220 1049 259 1074 Ex
275 1047 332 1074 eod.

220 1308 262 1333 Ex
277 1306 332 1333 eod.

221 1394 261 1418 Ετ
277 1392 332 1418 eod.

222 1479 261 1504 Ex
277 1478 333 1505 eorl.

222 1565 262 1589 E:
277 1564 332 1590 eod.

223 1608 262 1632 Ex
277 1608 333 1634 eod.

224 1651 263 1676 Ex
278 1651 334 1677 eod.

227 1728 264 1753 Ex
276 1729 331 1754 eod.

227 1771 265 1796 Ex
279 1772 335 1797 eod.

228 1814 266 1838 Ex
283 1815 336 1840 eod.

232 1897 269 1921 Er
285 1898 339 1922 cod.

234 1981 273 2005 Ex
288 1982 342 2006 eod.

236 2067 274 2091 Ex
288 2066 343 2092 cod.

235 2144 274 2168 Ex
288 2143 342 2168 eod.

237 2269 346 2294 Eseod.

240 2359 277 2384 Es
291 2358 347 2384 eod.

353 129 427 164 296
758 123 809 156 Μ.
849 122 1050 157 VERRII
1097 124 1310 160 FLACCI
1350 124 1728 160 FRAGMENTA.

519 219 650 253 Occare,
687 222 716 246 et
737 221 907 245 occatorem
931 215 1054 246 Verrius
1086 222 1173 256 putat
1197 218 1310 247 dictum
1341 217 1377 246 ab
1402 217 1610 254 occaedendo,
1648 217 1731 257 quod
1759 218 1863 248 caedat
1885 220 2005 258 grandis
2032 221 2135 260 globos

355 273 466 301 terrae3
495 271 562 291 cum
585 260 689 288 Cicero
713 259 923 288 venustissime
946 259 1027 288 dicat
1049 259 1086 288 ab
1107 261 1294 290 occaecando
1317 260 1418 299 fruges
1441 265 1527 289 satas.

518 304 631 332 Orcum
654 312 743 341 quem
767 301 910 339 dicimus,
932 302 974 331 ait
995 302 1119 332 Verrius
1144 304 1181 333 ab
1205 303 1335 343 antiquis
1361 303 1475 332 dictum
1496 313 1636 342 magum,
1667 307 1724 333 etc.
1756 303 1807 332 sed
1829 303 1905 332 nihil
1928 305 2015 335 affert
2037 316 2136 336 exem-

353 351 491 391 plorum,
513 351 567 375 etc·

520 389 632 425 Oscos,
662 397 737 426 quos
761 387 904 424 dicimus,
938 387 978 415 ait
1000 387 1121 417 Verrius
1145 388 1257 428 Opscos
1281 393 1366 417 antea
1389 388 1486 417 dictos
1515 393 1590 417 teste
1614 387 1727 425 Ennio,
1763 398 1829 416 cum
1853 389 1947 418 dicat:
1981 390 2021 419 De
2043 391 2136 420 muris

353 446 401 465 res
425 433 499 473 gerit
522 431 649 470 Opscus.
694 430 806 458 Adiicit
829 431 931 466 etiam,
970 430 1050 468 quod
1073 436 1176 470 stupra
1207 433 1399 460 inconcessae
1429 430 1561 460 libidinis
1586 430 1710 460 obscena
1734 430 1870 460 dicantur
1899 432 1934 460 ab
1958 432 2019 461 eius
2041 434 2136 472 gentis

355 475 569 507 consuetudine
590 473 725 502 inducta.
774 472 864 508 Quod
887 482 994 501 verum
1022 483 1085 502 esse
1108 484 1169 503 non
1192 475 1261 503 satis
1285 474 1435 510 adducor,
1459 478 1514 503 etc.

519 516 632 545 Pedum
657 520 700 544 est
724 515 844 554 quidem
866 515 1006 544 baculum
1030 516 1204 553 incurvum,
1227 521 1284 546 etc.
1329 516 1386 545 Sed
1410 516 1441 545 in
1464 527 1499 545 eo
1522 526 1629 553 versu,
1659 515 1710 554 qui
1741 521 1784 544 est
1806 516 1837 544 in
1860 516 2013 556 Iphigenia
2036 518 2135 556 Ennii,

354 562 502 598 Procede,
531 559 657 598 gradum
682 559 818 597 proferre
847 557 976 597 pedum,
1007 559 1113 590 nitere.
1142 560 1260 588 cessas?
1304 559 1335 588 id
1363 560 1461 599 ipsum
1489 559 1619 587 iaculum
1649 558 1807 597 significari
1837 569 1904 588 cum
1935 560 1975 589 ait
2003 560 2136 598 Verrius,

356 606 458 635 mirari
481 603 550 632 satis
573 612 634 630 non
656 612 795 640 possum,
820 606 874 631 etc.

522 653 735 683 Percunctatio
766 663 822 692 pro
853 652 1084 691 interrogatione
1116 653 1195 682 dicta
1224 652 1347 682 videtur
1375 663 1413 682 ex
1441 652 1563 682 nautico
1593 663 1667 688 usu,
1696 657 1751 683 ete.
1781 653 1819 681 ob
1842 664 1933 692 quam
1955 664 2074 684 causam
2096 655 2138 684 ait

355 700 478 729 Verrius
501 697 588 727 etiam
611 696 770 724 secundam
794 695 938 734 syllabam
961 706 1015 735 per
1038 696 1063 725 Ο
1087 697 1181 725 solere
1211 695 1309 726 scribi.
1352 695 1425 724 Mihi
1447 696 1480 724 id
1502 695 1610 724 salsum
1631 695 1775 732 videtur,
1806 700 1865 726 etc.

518 738 599 768 Piari
621 749 687 776 eos,
711 738 805 767 veluti
828 739 954 777 proprio
976 739 1069 768 verbo
1095 739 1136 768 ait
1159 738 1302 775 Verrius,
1332 739 1383 777 qui
1407 749 1513 777 parum
1536 740 1597 766 sint
1619 738 1758 773 animati,
1782 743 1837 768 etc.

523 782 627 811 Pictor
649 781 751 810 Zeusis
773 782 837 810 risu
860 786 1011 818 mortuus,
1036 783 1107 810 dum
1130 782 1209 810 ridet
1233 781 1323 810 effuse
1345 781 1457 820 pictam
1480 792 1497 810 a
1518 791 1549 810 se
1572 791 1662 809 anum
1685 783 1790 820 γραῦν.
1840 782 1900 810 Cur
1921 780 1979 810 hoc
1999 782 2067 811 loco
2090 793 2137 812 re-

355 828 450 856 latum
472 826 512 855 sit
535 836 551 853 a
566 824 681 862 Verrio,
704 834 771 852 cum
796 823 831 852 de
855 824 1025 861 significatu
1041 825 1199 854 verborum
1216 823 1345 853 scribere
1367 824 1554 863 propositum
1570 823 1717 860 habuerit,
1737 823 1874 862 equidem
1890 835 1949 852 non
1965 824 2063 862 video,
2080 829 2137 855 etc.

521 875 647 905 Praedia
669 884 775 904 rursus
796 874 919 904 Verrius
939 876 1043 904 vocari
1067 876 1108 904 ait
1132 886 1164 904 ea
1187 874 1335 911 remedia,
1361 885 1437 914 quae
1460 875 1528 904 data
1552 875 1696 910 Caecilia,
1720 880 1776 904 etc.
1802 885 1834 904 ea
1857 876 1960 904 vocari
1981 876 2033 912 ait,
2056 876 2138 915 quod

356 921 434 949 mala
459 918 648 959 prohibeant.

522 961 746 999 praerogativae
782 961 933 990 centuriae
964 961 1125 997 dicuntur,
1154 966 1209 991 eto.
1255 960 1377 989 Verrius
1406 960 1592 999 probabilius
1626 960 1738 989 iudicat
1767 970 1846 997 esse,
1885 966 1919 990 ut
1948 971 2016 990 cum
2039 967 2138 991 essent

358 1005 503 1044 designati
526 1015 541 1033 a
566 1003 782 1043 praerogativis
805 1005 835 1032 in
858 1014 1024 1032 sermonem
1047 1014 1094 1032 res
1117 1006 1249 1039 veniret,
1279 1007 1336 1034 etc.

523 1048 696 1083 Profanum,
722 1046 803 1085 quod
824 1057 884 1075 non
907 1051 949 1075 est
972 1047 1081 1081 sanum,
1095 1051 1150 1076 etc.
1175 1051 1207 1075 nt
1230 1046 1369 1082 Verrius,
1389 1050 1444 1075 etc.
1469 1046 1553 1074 cuius
1578 1046 1749 1085 opinionem
1772 1056 1868 1084 neque
1890 1046 1922 1075 in
1943 1047 2019 1084 hoc,
2043 1057 2139 1085 neque

358 1092 389 1120 in
412 1091 477 1119 aliis
499 1089 704 1128 compluribus
726 1089 859 1118 refutare
881 1089 1001 1118 minime
1027 1099 1144 1118 necesse
1174 1094 1225 1117 est.
1271 1089 1345 1117 Cum
1367 1089 1558 1127 propositum
1583 1089 1708 1117 habeam
1738 1099 1776 1117 ex
1799 1094 1881 1118 tanto
1908 1089 2053 1118 librorum
2077 1089 2139 1118 eius

359 1143 484 1163 numero
506 1133 702 1161 intermortua
723 1132 799 1169 iam,
823 1137 853 1161 et
874 1132 991 1170 sepulta
1014 1132 1118 1167 verba,
1147 1136 1237 1170 atque
1258 1132 1324 1171 ipso
1347 1141 1436 1170 saepe
1459 1131 1617 1160 confitente
1640 1132 1751 1160 nullius
1774 1142 1861 1168 usus,
1894 1136 1982 1171 atque
2004 1132 2140 1161 auctori-

361 1177 429 1206 tatis
459 1175 634 1215 praeterire:
671 1180 699 1203 et
728 1175 844 1212 reliqua
875 1185 963 1212 quam
990 1174 1164 1204 brevissime
1191 1174 1326 1213 redigere
1355 1174 1385 1202 in
1415 1174 1508 1202 libros
1538 1175 1699 1203 admodum
1728 1184 1853 1214 paucos.
1896 1175 1939 1204 Ea
1962 1180 2077 1211 autem,
2102 1174 2139 1203 de

361 1219 470 1258 quibus
499 1217 641 1247 dissentio
665 1222 694 1246 et
719 1222 837 1256 aperte,
862 1222 891 1245 et
913 1217 1061 1252 breviter,
1084 1223 1118 1246 ut
1140 1218 1250 1251 sciero,
1274 1216 1389 1255 scripta
1412 1217 1444 1245 in
1465 1215 1514 1245 his
1531 1217 1615 1246 libris
1637 1218 1711 1246 meis
1732 1217 1940 1255 invenientur,
1969 1217 2140 1247 inscribun-

359 1267 425 1291 tur:
451 1263 626 1291 Pmscomm
650 1270 813 1288 vannomm
837 1270 898 1288 cmu
920 1270 1079 1288 exemeris.

528 1303 659 1339 Quatere
689 1312 882 1342 suspensum,
919 1308 949 1332 et
978 1302 1113 1332 vicinum
1142 1302 1186 1332 rei
1216 1301 1342 1331 alicuius
1370 1306 1485 1330 motum
1513 1301 1679 1340 significat:
1708 1312 1788 1338 non,
1827 1307 1860 1331 ut
1889 1302 2014 1332 Verrius
2041 1307 2138 1342 putat,

360 1348 466 1383 ferire,
497 1351 553 1376 ete.

525 1388 630 1418 Refert
651 1397 718 1417 cum
743 1388 883 1424 dicimus,
907 1398 1005 1417 errare
1027 1398 1083 1417 nos
1107 1387 1147 1416 ait
1169 1386 1307 1423 Verrius3
1332 1396 1395 1416 esse
1419 1388 1496 1415 enim
1519 1392 1634 1417 rectum
1657 1386 1712 1415 Rei
1735 1386 1812 1422 fert,
1842 1391 1898 1416 etc.
1922 1387 1974 1416 sed
1999 1397 2060 1416 esse
2081 1388 2139 1416 iam

360 1443 417 1463 usu
439 1441 618 1472 possessum.

524 1473 675 1513 Repagula
698 1477 780 1509 sunt,
804 1477 838 1501 ut
861 1472 982 1502 Verrius
1005 1473 1063 1507 ait,
1087 1482 1164 1511 quae
1186 1472 1395 1511 patefaciundi
1418 1472 1513 1510 gratia
1533 1473 1575 1501 ita
1598 1471 1746 1510 figuntur,
1773 1477 1806 1502 ut
1828 1481 1865 1500 ex
1887 1472 2040 1501 contrario
2065 1482 2141 1511 quae

360 1522 585 1559 oppangantm,
609 1520 664 1546 etc.

526 1558 714 1598 Repastinari
738 1567 808 1595 ager
830 1557 856 1585 is
875 1557 1002 1591 dicitur,
1025 1562 1057 1585 ut
1081 1557 1204 1586 Verrius
1227 1557 1394 1592 existimat,
1418 1558 1503 1586 cuius
1526 1561 1631 1585 natura
1655 1561 1788 1586 mutatur
1810 1555 1966 1593 fodiendo,
1991 1561 2046 1587 etc.

525 1601 694 1640 Repudium
718 1601 841 1628 Verrius
866 1600 905 1628 ait
929 1600 1058 1635 dictum,
1082 1600 1162 1638 quod
1186 1599 1218 1627 fit
1242 1599 1279 1627 ob
1301 1610 1364 1628 rem
1387 1599 1575 1638 pudendam,
1600 1603 1655 1627 ete.

527 1644 677 1682 Rhegium
700 1643 854 1682 appellare
885 1647 1025 1681 oportere
1056 1642 1096 1671 ait
1119 1642 1240 1671 Verrius
1263 1642 1295 1670 id
1324 1643 1541 1682 municipium,
1578 1640 1660 1679 quod
1681 1642 1713 1669 in
1736 1640 1811 1669 freto
1835 1651 1850 1669 e
1872 1641 1994 1679 regione
2023 1640 2142 1670 Siciliae

361 1693 420 1722 est,
444 1692 500 1717 etc.

525 1728 693 1757 Romuliam
716 1727 844 1761 tribum,
868 1732 923 1757 etc.
947 1727 1089 1755 invenisse
1112 1726 1153 1755 ait
1177 1727 1302 1756 Verrius
1323 1727 1457 1762 vetitam,
1479 1731 1537 1756 etc.

524 1771 657 1800 Ruscum
681 1775 740 1807 est,
762 1776 796 1798 ut
823 1770 864 1799 ait
888 1769 1025 1804 verrius,
1050 1770 1176 1808 amplius
1198 1771 1299 1809 paullo
1322 1769 1432 1806 herba,
1455 1774 1483 1797 et
1506 1769 1614 1798 exilius
1636 1768 1787 1806 virgultis:
1811 1773 1867 1797 etc.

529 1815 648 1842 Sacram
672 1813 751 1842 viam
774 1813 895 1851 quidam
919 1813 1100 1851 appellatam
1124 1823 1186 1841 esse
1211 1813 1395 1850 existimant,
1420 1817 1475 1841 etc.
1499 1821 1553 1840 nec
1577 1811 1723 1850 appellari
1745 1811 1852 1840 debere
1875 1810 1915 1839 ait
1937 1810 2068 1847 Verrius,
2091 1809 2142 1839 sed

367 1856 530 1893 disiuncte,
554 1862 587 1884 ut
612 1861 724 1885 ceteras
747 1856 811 1884 vias
833 1856 1025 1888 flaminiam,
1050 1855 1197 1894 Appiam,
1222 1855 1374 1884 Latinam:
1399 1859 1432 1883 ut
1454 1865 1490 1883 ne
1512 1865 1621 1883 novam
1644 1855 1723 1882 viam
1746 1853 1884 1892 quidem,
1908 1857 1963 1882 etc.

529 1900 655 1927 Salicem
678 1899 799 1927 Verrius
822 1898 945 1936 virgulti
968 1908 1059 1936 genus
1082 1909 1142 1926 non
1165 1897 1280 1927 arboris
1303 1898 1393 1935 dicit,
1416 1902 1445 1926 et
1465 1897 1592 1926 ridicule
1613 1896 1829 1936 interpretatur
1852 1896 1982 1932 dictum,
2005 1894 2086 1933 quod
2110 1904 2143 1924 ea

367 1941 514 1970 celeritate
536 1947 667 1977 creseat,
703 1946 737 1970 ut
757 1941 844 1970 salire
867 1941 1016 1970 videatur.

530 1985 663 2013 Salinum
685 1985 716 2012 in
738 1994 838 2012 mensa
862 1994 919 2023 pro
942 1982 1041 2021 aquali
1062 1983 1182 2012 solitum
1215 1993 1277 2012 esse
1306 1983 1379 2023 poni
1401 1983 1442 2012 ait
1466 1993 1534 2011 cum
1557 1981 1684 2021 patella:
1721 1981 1789 2020 quia
1819 1980 1894 2009 nihil
1920 1979 2001 2008 aliud
2030 1979 2071 2008 sit
2091 1978 2144 2013 sal,

370 2033 456 2060 quam
478 2036 565 2064 aqua.

529 2069 582 2097 Sas
613 2069 733 2098 Verrius
761 2072 848 2108 putat
877 2067 1045 2106 significare
1071 2077 1137 2104 eas,
1174 2073 1298 2097 auctore
1327 2068 1442 2104 Ennio,
1473 2073 1528 2097 ew.
1567 2077 1635 2096 cum
1665 2076 1733 2095 suas
1762 2067 1855 2104 magis
1883 2065 2022 2094 videatur
2048 2064 2142 2103 signi-

369 2105 474 2141 ficare,
497 2114 551 2137 etc.

534 2152 610 2179 Satis
632 2153 754 2181 verbum
778 2152 885 2182 Verrio
907 2153 1013 2181 melius
1036 2152 1092 2181 suit
1116 2152 1301 2191 praeterire,
1344 2158 1377 2181 ut
1400 2152 1471 2181 mihi
1496 2152 1633 2189 videtur,
1669 2162 1757 2190 quam
1777 2156 1838 2180 tam
1861 2150 2004 2178 absurdas
2025 2149 2143 2188 opinio-

372 2200 422 2218 nes
447 2201 515 2260 εζεε
539 2192 574 2220 de
597 2203 629 2220 eo
653 2196 791 2231 recitare,
822 2205 895 2234 quas
918 2196 1016 2224 sciens
1044 2195 1202 2235 praeterii,
1239 2200 1299 2224 tam
1322 2195 1481 2229 Hercules,
1520 2205 1609 2233 quam
1639 2194 1676 2223 de
1704 2193 1829 2229 scabro,
1867 2193 1948 2232 quod
1971 2192 2142 2231 proximum

371 2243 459 2270 seque
482 2238 558 2262 atur.

537 2276 676 2313 Scraptae
705 2277 877 2308 dicebantur
908 2280 1098 2318 nugatoriae,
1137 2290 1170 2308 ac
1206 2279 1415 2318 despiciendae
1442 2279 1596 2315 mulieres,
1631 2284 1664 2308 ut
1686 2279 1726 2307 ait
1748 2278 1887 2315 Verrius,
1919 2277 2029 2312 abiis,
2066 2284 2141 2313 quae

372 2327 457 2346 screa
479 2316 567 2346 iidem
591 2318 793 2355 appellabant,
818 2327 871 2350 etc.

539 2360 664 2388 Scurrae
691 2361 865 2391 vocabulum
887 2363 1012 2392 Verrius
1041 2365 1224 2403 ineptissime
1254 2369 1306 2393 aut
1330 2375 1367 2393 ex
1398 2364 1511 2393 Graeco
1542 2368 1670 2393 tractum
1699 2363 1755 2399 ait,
1785 2362 1865 2401 quod
1894 2371 1929 2390 ex
1958 2354 2140 2397 σκυροᾶζὲίν,

375 2404 426 2429 aut
447 2411 463 2428 a
485 2402 653 2439 sequendo,
684 2402 731 2430 cui
753 2404 844 2440 magis
866 2405 1049 2442 adsentitur,
1073 2412 1127 2436 etc.
