2263 2668
676 570 1516 629 COMMENTARII

356 678 447 721 IN
499 675 789 722 PAULI
855 677 1268 721 DIAOONI
1330 675 1834 720 Excnnr'rA

1063 781 1120 806 ET

463 856 612 900 SEX.
649 853 964 899 POMPEII
1006 852 1224 899 FESTI
1268 854 1728 899 FRAGMENTA

547 950 805 985 LIBRORUM
838 951 902 985 nn
935 949 1326 985 slGMFicATloNE
1360 947 1645 985 VERBORUM.

896 1129 995 1163 AD
1055 1129 1215 1165 LIB.
1275 1130 1302 1164 1.

120 1207 341 1255 Augustus.
385 1215 483 1243 Locus
499 1214 624 1252 augurio
644 1218 844 1243 consecratus.
872 1214 993 1242 sueton.
1011 1213 1084 1252 Aug.
1103 1223 1127 1242 c.
1142 1217 1171 1246 7.
1215 1214 1293 1242 Loca
1311 1213 1449 1251 religiosa
1465 1214 1539 1242 etin
1553 1213 1661 1251 quibus
1674 1215 1819 1249 augurato
1836 1211 1905 1249 quid
1923 1220 2079 1240 consecra·-

120 1263 188 1295 tur,
219 1262 342 1295 augusta
359 1257 518 1293 dicuntur,
542 1256 578 1284 ab
596 1261 704 1293 auctu,
733 1256 781 1284 vel
797 1256 833 1284 ab
851 1256 950 1285 avium
963 1261 1048 1294 gestu
1069 1261 1211 1294 gustuve,
1234 1257 1314 1286 sicut
1330 1257 1419 1288 etiam
1433 1256 1545 1285 Ennius
1564 1256 1653 1284 docet
1670 1254 1816 1283 scribens:
1838 1254 1970 1292 Augusto
1987 1263 2080 1291 augu-

120 1300 166 1329 rio
181 1305 340 1339 postquam
358 1300 469 1329 incluta
486 1298 605 1328 condita
624 1300 715 1327 Roma
731 1303 784 1328 est.
811 1298 866 1327 Da
876 1310 899 1328 c.
931 1299 973 1327 Cf.
991 1299 1186 1339 Oudendorp.
1201 1305 1230 1329 et
1246 1299 1328 1330 Frid.
1344 1300 1420 1338 Aug.
1437 1300 1526 1329 Wolf.
1541 1299 1577 1328 ad
1591 1300 1711 1327 sueton.
1722 1297 1745 1327 l.
1758 1307 1799 1331 e..
1822 1297 1873 1335 qui
1889 1296 2012 1333 docent,
2034 1296 2081 1325 lo·

121 1353 188 1372 cum
204 1341 350 1371 Suetonii:
381 1340 462 1383 quod
482 1340 549 1371 Zoca
570 1340 706 1381 religiosa
722 1359 760 1364 —
776 1360 813 1364 —
830 1357 869 1361 —
887 1340 1008 1371 condita
1023 1340 1123 1371 Roma
1144 1350 1185 1372 est
1200 1353 1215 1372 e
1229 1343 1316 1372 Festo
1338 1347 1473 1371 assutum
1496 1352 1557 1371 esse
1572 1341 1727 1370 Suetonio.
1772 1339 1874 1368 Fuerit
1890 1339 1981 1377 igitur
1997 1339 2081 1367 locus

122 1396 160 1415 ex
173 1385 362 1415 uberioribus
379 1384 597 1413 commentariis
616 1385 652 1413 de
666 1384 878 1422 significatione
895 1384 1075 1422 verborum,
1106 1387 1156 1424 qui
1175 1396 1280 1415 revera
1302 1386 1424 1414 suerunt
1438 1385 1514 1414 Festi
1530 1394 1566 1414 ex
1586 1384 1689 1412 Verrio
1706 1383 1811 1411 Flacco
1830 1382 1916 1417 libri3
1938 1386 1967 1411 et
1983 1381 2082 1410 credi—

121 1427 180 1457 bile
198 1433 257 1464 est,
280 1429 334 1457 illo
352 1433 506 1467 tempore,
530 1427 581 1455 ubi
599 1428 731 1456 Suetonii
750 1427 903 1456 codicibus
917 1438 1032 1466 pannus
1048 1428 1097 1456 ille
1114 1434 1232 1457 assutus
1249 1433 1307 1462 est,
1335 1428 1414 1457 Festi
1430 1428 1523 1457 libros
1540 1426 1638 1456 adhuc
1654 1426 1801 1455 exstitisse
1815 1424 1954 1462 integros.
1998 1424 2081 1453 Cete—

122 1482 188 1501 rum
205 1471 335 1500 dubitari
356 1471 475 1509 nequit,
506 1469 579 1508 quin
600 1477 741 1509 augustus
756 1470 792 1498 ab
807 1481 917 1510 augure
936 1470 1114 1508 descendat,
1145 1471 1395 1510 quemadmodum
1411 1478 1539 1500 vetustus
1554 1481 1569 1498 a
1584 1477 1692 1506 vetere,
1721 1475 1840 1497 onustus
1858 1467 1894 1495 ab
1912 1478 2011 1504 onere,
2034 1477 2082 1495 ve-

124 1522 225 1544 nusius
254 1525 270 1542 a
289 1524 403 1551 venere,
440 1512 575 1542 robustus
597 1522 613 1541 a
634 1511 754 1548 robore,
785 1518 813 1542 et
830 1513 922 1541 multa
941 1513 1058 1542 similia.
1102 1513 1211 1553 Augur
1228 1519 1326 1543 autem
1342 1524 1401 1542 non
1418 1514 1454 1542 ab
1469 1510 1588 1549 avibus,
1611 1512 1704 1540 multo
1722 1511 1818 1540 minus
1836 1510 1871 1538 ab
1888 1509 1988 1538 avium
2002 1515 2084 1548 gestu

121 1564 257 1598 gustuue,
281 1565 383 1584 verum
400 1567 414 1584 a
429 1555 530 1584 radice
542 1564 618 1593 aug,
641 1555 783 1585 Sanscrit.
797 1553 915 1592 aksclzi,
940 1566 1013 1594 quae
1026 1557 1157 1585 recurrit
1172 1557 1202 1585 in
1217 1557 1434 1585 Germanorum
1449 1567 1537 1595 auge,
1560 1552 1735 1583 Latinorum
1759 1551 1894 1589 oculus,
1925 1557 1954 1580 et
1972 1555 2084 1580 mutata

125 1600 267 1638 gutturali
289 1599 320 1626 in
341 1599 494 1634 labialem,
524 1597 554 1625 in
571 1598 753 1625 Graecorum
780 1595 892 1636 ὄμμα,
918 1595 1035 1636 duna,
1064 1596 1283 1639 ὀφθαλμός,
1308 1596 1461 1638 ὄψομαι.
1509 1597 1615 1626 Addita
1630 1602 1728 1625 autem
1745 1608 1778 1624 ur
1792 1595 1905 1633 syllaba
1920 1594 2084 1624 terminalis

125 1642 246 1671 verbale
261 1641 372 1677 effingit
388 1640 606 1669 substantivum
621 1644 777 1669 concretae
792 1640 939 1677 notionis,
965 1646 997 1669 ut
1013 1641 1050 1670 sit
1069 1653 1123 1681 auo
1137 1654 1202 1671 -ur
1217 1647 1382 1681 spectator,
1408 1638 1424 1672 ὅ
1440 1637 1662 1676 οἶωνοσκόπος,
1687 1636 1704 1670 ὅ
1720 1634 1834 1677 μάντις.

295 1682 372 1722 Quia
385 1694 450 1711 aves
460 1689 565 1722 pastae
577 1680 610 1710 id
622 1689 716 1711 mium
723 1681 873 1724 ficerunt.
919 1683 1037 1712 Veteres
1052 1685 1198 1723 optimum
1214 1682 1361 1724 putabant
1375 1683 1549 1722 augurium,
1573 1683 1596 1711 si
1611 1692 1679 1710 aves
1694 1682 1899 1720 pascerentur.
1944 1678 2084 1707 claudius

128 1726 270 1761 Pulcher,
293 1726 391 1763 inquit
405 1724 565 1753 Suetonius
580 1724 659 1762 (Tib.
676 1725 726 1762 ΙΙ.)
742 1725 821 1764 apud
839 1725 969 1755 Siciliam
991 1737 1049 1755 non
1066 1727 1257 1766 pascentibus
1275 1727 1305 1756 in
1322 1725 1506 1766 auspicando
1522 1725 1627 1764 pullis,
1650 1734 1703 1764 per
1718 1727 1921 1762 contemptum
1936 1720 2085 1759 religionis

129 1770 204 1799 mari
222 1768 378 1804 demersis,
402 1768 487 1807 quasi
502 1772 535 1795 ut
549 1767 701 1804 biberent,
726 1768 847 1806 quando
864 1778 927 1797 esse
944 1769 1076 1808 nollent,
1099 1770 1245 1808 proelium
1263 1770 1370 1798 navale
1385 1767 1453 1798 iniit
1469 1773 1498 1797 et
1517 1772 1677 1807 superatus
1694 1771 1747 1796 est.
1792 1766 1830 1794 Et
1847 1764 1991 1793 Asconius
2009 1763 2085 1792 seri-

128 1813 172 1842 bit
188 1812 247 1841 dici
263 1811 381 1840 solitum
397 1810 598 1848 magistratum
617 1810 803 1839 ineuntibus:
825 1822 890 1839 aves
902 1820 1039 1852 pascunt.
1084 1812 1144 1841 Cic.
1159 1812 1196 1842 de
1214 1810 1278 1841 Div.
1294 1811 1342 1849 (ΙΙ,
1366 1813 1427 1849 34.)
1445 1810 1536 1839 dicito
1551 1811 1577 1839 si
1586 1817 1757 1851 pascuntur.
1806 1804 1980 1848 Gothofr.

295 1852 502 1895 Ratumfecit.
548 1853 617 1881 Erat
630 1853 660 1881 id
676 1853 799 1882 venbum
815 1854 893 1882 inter
909 1859 1005 1883 cetera
1020 1855 1181 1893 auguralia.
1212 1855 1271 1884 Cic.
1285 1855 1305 1885 Ι.
1324 1854 1360 1883 de
1377 1854 1439 1882 niv.
1454 1852 1528 1893 (39.)
1555 1850 1613 1882 Cur
1630 1863 1648 1880 α
1665 1850 1773 1880 dextra
1790 1858 1911 1885 corvus,
1934 1859 1953 1876 a
1967 1848 2085 1877 sinistra

130 1895 352 1938 cornioefaciat
367 1903 462 1924 ratum
473 1894 489 1925 ?
511 1896 547 1924 Et
565 1895 617 1923 lib.
635 1895 675 1930 Π,
699 1896 773 1935 (38.)
799 1896 858 1924 Cur
872 1896 941 1925 aliis
955 1908 973 1925 α
992 1893 1116 1934 dea-tra,
1140 1896 1209 1926 aliis
1223 1908 1242 1926 α
1259 1896 1341 1926 laeva
1360 1895 1462 1925 darum
1479 1901 1519 1924 est
1535 1894 1656 1931 avibus,
1679 1901 1710 1922 ut
1725 1901 1820 1922 ratum
1828 1891 1938 1935 facere
1949 1886 2086 1931 possint?

131 1941 233 1978 quue
248 1939 381 1968 allusisse
398 1938 517 1967 videtur
531 1937 659 1967 Chaerea
676 1939 757 1977 apud
775 1940 895 1967 Sueten.
913 1939 943 1967 in
959 1940 1089 1977 Caligula
1105 1950 1129 1969 c.
1145 1941 1195 1971 58.
1218 1941 1319 1978 accipe
1334 1946 1438 1968 ratum.
1486 1934 1659 1978 Gothofr.

295 1980 439 2020 Augur.
485 1980 528 2009 Ab
548 1979 648 2010 avium
670 1986 769 2017 gestu,
799 1982 881 2020 quod
905 1991 941 2010 ex
957 1982 1064 2018 modo,
1090 1992 1149 2021 quo
1168 1992 1198 2011 se
1213 1986 1320 2019 gerunt
1335 1991 1403 2010 aves
1418 1982 1448 2009 in
1464 1980 1594 2009 volando
1608 1981 1707 2008 sutura
1722 1975 1925 2017 praenunciet.
1971 1973 2044 2002 Inde
2059 1979 2085 2002 et

131 2023 307 2063 augurium,
331 2023 414 2062 quasi
432 2023 603 2060 avigerium.
650 2023 706 2052 Alii
722 2024 757 2052 ab
775 2025 874 2052 avium
891 2029 979 2061 gustu
997 2025 1044 2053 vel
1059 2025 1181 2062 garritu.
1204 2024 1292 2053 Dac.
1335 2023 1439 2063 Anger
1453 2028 1567 2052 veteres
1582 2022 1725 2050 dixerunt
1741 2023 1814 2048 teste
1830 2016 1984 2047 Prisciano
1998 2014 2031 2053 (l,
2056 2017 2085 2052 6,

131 2070 181 2099 36.
199 2065 314 2105 Krehl.)
343 2064 513 2107 Gothofr.
558 2065 679 2094 Induxit
695 2066 913 2095 Grammaticos
932 2076 997 2095 voc.
1015 2078 1145 2106 auspex,
1170 2072 1202 2095 ut
1219 2066 1377 2095 crederent
1392 2076 1532 2104 augurem
1548 2065 1583 2093 ab
1602 2064 1701 2092 avium
1716 2066 1798 2101 gestu
1815 2059 1884 2090 dici.
1930 2055 1973 2088 Cf.
1991 2069 2086 2087 anno-

130 2110 273 2139 tationem
288 2109 324 2137 ad
337 2118 366 2136 v.
382 2107 544 2147 Augustus.
589 2108 736 2137 Credibile
748 2114 792 2138 est
808 2109 902 2145 enim,
927 2119 1031 2137 vocem
1046 2108 1125 2137 lianc
1139 2119 1200 2138 esse
1215 2111 1357 2138 Etruscae
1373 2108 1496 2147 originis
1514 2111 1543 2137 et
1560 2117 1625 2136 cum
1640 2113 1672 2135 re
1689 2106 1752 2144 ipsa
1770 2104 1806 2133 ad
1822 2105 1970 2132 Romanos
1986 2107 2085 2130 trans-

130 2153 229 2181 latam.
274 2151 333 2180 Iam
353 2151 377 2179 si
398 2151 429 2178 in
452 2150 565 2189 syllaba
586 2150 710 2179 radicali
732 2162 791 2190 aug
812 2151 958 2190 spicieudi
980 2152 1056 2180 inest
1072 2151 1262 2190 significati03
1290 2151 1438 2189 reliquum
1452 2152 1511 2187 est,
1533 2152 1567 2179 ut
1579 2148 1692 2188 syllaba
1710 2147 1805 2176 finalis
1820 2146 1954 2175 efformet
1968 2143 2086 2173 verbale·

131 2194 368 2230 substantivum,
390 2192 494 2221 eodem
514 2193 602 2221 modo
618 2193 820 2230 efformatum,
845 2193 1096 2231 quemadmodum
1110 2195 1283 2223 Germanica
1299 2194 1349 2223 illa
1365 2193 1504 2230 Seli-er,
1528 2190 1688 2232 Spiilz—er.
1733 2190 1933 2219 Confirmatur
1949 2187 2005 2216 hoc
2023 2184 2084 2215 Pri-

132 2239 224 2267 sciani
241 2235 410 2266 testimonio
434 2236 476 2273 (1,
500 2237 535 2271 6,
559 2236 636 2272 36.):
664 2235 795 2276 Antiqui
811 2246 911 2274 auger
931 2243 956 2264 et
972 2243 1140 2275 augentius
1153 2249 1208 2276 pro
1224 2249 1318 2276 augur
1334 2244 1359 2265 et
1374 2243 1535 2275 auguratus
1548 2230 1693 2264 dicebam.
1998 2267 1999 2270 Ἴ
2055 2267 2060 2273 -

296 2278 534 2318 Auspicium.
580 2277 762 2315 Legendum:
794 2277 874 2317 opud
893 2285 997 2307 veteres
1015 2279 1076 2307 sine
1093 2281 1323 2318 praepositione,
1346 2279 1458 2318 spicio;
1481 2278 1543 2306 sive
1559 2282 1594 2306 ut
1610 2281 1653 2305 est
1672 2277 1702 2305 in
1720 2276 1740 2305 l.
1757 2286 1794 2304 m.
1812 2273 1917 2314 specio.
1964 2270 2037 2299 Vide
2053 2278 2082 2316 ¹.ss

132 2323 236 2363 Ῥῖθίθσ
269 2319 368 2350 Fulv·
403 2320 478 2348 Urs·
510 2320 604 2348 Flam·
619 2320 678 2350 Mll-
696 2320 802 2357 gl·1H‚
825 2323 854 2352 2-
877 2321 943 2357 (ΠΙ,
970 2323 1001 2357 1,
1028 2323 1115 2360 100.)
1149 2321 1308 2362 Flagitium
1332 2329 1389 2358 est,
1421 2321 1446 2349 si
1468 2317 1545 2349 nihil
1563 2320 1705 2355 mittetur,
1736 2329 1793 2358 quo
1812 2313 1966 2356 supercilio
1985 2311 2080 2359 :spicu-

132 2365 208 2394 Vide
223 2364 341 2404 spectio.
386 2362 561 2401 Auspicium
584 2373 641 2391 non
666 2367 781 2391 tantum*
801 2370 836 2391 ex
861 2367 949 2391 cantu
969 2364 1017 2392 vel
1032 2364 1152 2401 volatu,
1176 2364 1221 2394 vel
1238 2364 1350 2403 garritu
1364 2363 1479 2400 avium,
1502 2362 1557 2392 sed
1573 2362 1659 2391 etiam
1674 2371 1710 2390 ex
1727 2359 1915 2389 victimarum
1933 2358 2021 2388 extis,
2044 2360 2080 2379 ex

132 2407 266 2447 piscibus
283 2411 311 2435 et
327 2405 528 2442 acuminibus,
553 2405 683 2442 tonitru,
705 2405 822 2444 fulgure
838 2410 866 2435 et
883 2404 957 2435 aliis.
1002 2405 1090 2437 Dae.

1569 2456 1674 2500 Pp*
