2263 2668
227 157 302 193 554
656 149 1003 184 COMMENTARII
1027 151 1075 184 IN
1101 149 1245 184 PAULI
1269 150 1466 186 DIACONI
1491 152 1747 189 EXCERPTA

226 251 295 281 ςιίιο
318 245 449 288 capitulo
471 243 528 273 sibi
548 249 661 270 ventum
676 241 779 284 jecere
802 240 960 271 caniculae.
1004 243 1062 272 Sed
1085 243 1207 273 omnino
1230 244 1350 273 melius:
1386 242 1554 284 Resupinae
1575 245 1683 277 obstito
1708 246 1839 287 capitulo
1862 247 1919 277 sibi
1939 257 2053 280 ventum
2067 251 2175 294 facere

226 290 366 322 tunicula,
413 289 535 316 Ventum
558 286 672 322 facere,
701 286 833 324 ῥιπίζειν.
870 286 963 316 Plaut.
988 286 1124 325 (Curcul.
1141 286 1181 323 ΙΙ,
1205 289 1240 325 3,
1262 288 1345 325 35.):

758 327 860 357 Facite
881 336 995 357 ventum
1019 336 1049 357 ut
1069 328 1225 368 gaudeam.

225 376 307 416 quod
328 373 445 411 saepius
468 370 622 406 dicebant,
655 369 802 399 ventulum
816 370 932 411 facere.
977 372 1096 402 Terent.
1119 372 1255 401 Eunuch.
1280 372 1350 412 (ΙΙΙ,
1374 372 1410 409 5,
1433 370 1514 412 47.):

760 411 838 451 Cape
859 412 914 442 hoc
929 413 1103 454 flabellum,
1135 422 1161 443 et
1182 414 1328 444 ventulum
1354 414 1423 444 huic
1445 415 1488 444 sic
1507 412 1616 455 facito.

227 459 312 487 Dac.
351 455 403 484 Ex
424 467 541 494 augure.
575 455 738 492 Exaugere.
776 454 1000 495 Obstipolumve.
1036 457 1240 495 Obstitumve‚
1268 458 1388 497 obstipo
1411 458 1531 487 lumine.
1567 457 1704 487 Licinius
1724 456 1857 488 Imbrex.
1895 459 2041 490 Caecilius
2064 462 2095 490 in
2115 461 2175 491 1111-

223 501 300 529 bres.
337 497 454 526 Imbres.
491 498 555 526 Vid.
578 507 667 535 supra
691 496 821 527 Imbrex.
869 496 973 527 Goth.

389 539 634 569 Obsalumre.
687 540 792 569 Potius
823 545 856 569 ut
886 540 1021 578 videtur,
1059 552 1159 571 coram
1189 541 1333 579 salutare,
1377 542 1428 571 sed
1456 541 1613 580 legendum
1643 541 1812 572 obsalutare
1840 543 1992 575 salutandi
2019 547 2120 586 gratia
2147 558 2176 577 se

223 583 339 625 offrre.
382 582 436 611 Da
447 594 472 611 c.

388 623 611 664 Oleagineis
637 626 800 655 coronis.
844 625 921 654 Hinc
944 625 1170 664 intelligendum
1192 627 1266 656 illud
1292 627 1395 665 virgil.
1419 627 1537 657 lib.111.
1561 627 1669 665 Georg.
1692 626 1733 666 (v.
1747 627 1826 667 21.):

863 666 929 705 Ipse
951 676 1040 706 caput
1063 676 1164 698 tonsae
1176 669 1271 712 foliis
1294 677 1416 699 ornatus
1438 669 1534 699 olivae

865 710 954 739 Dona
967 710 1082 751 feram.

220 753 266 781 lbi
295 753 372 781 enim
403 751 624 789 triumphorum
647 752 779 781 Caesaris
809 753 894 791 quasi
921 753 1055 782 minister
1082 755 1184 794 prodit
1207 754 1362 793 VirgiliuS,
1401 754 1481 793 quod
1507 765 1568 783 non
1590 754 1731 783 viderunt
1752 754 1938 794 interpretes.
1968 755 2058 788 Dac.
2103 757 2177 787 Vide

224 796 299 824 Gell.
318 795 357 831 V,
385 796 415 825 6.
464 792 569 823 Goth.

386 835 578 866 Olentica.
623 837 704 866 MSS.
729 835 894 877 oblenticaf
927 838 1003 867 bene
1026 838 1109 870 Voss.
1135 838 1250 869 olentia.
1297 839 1386 869 Dac.

386 877 585 907 olivetum.
630 880 683 908 Illa
713 880 803 907 verba
833 880 972 909 mendosa
995 887 1078 910 sunt:
1117 893 1204 922 quam
1228 880 1340 910 nullam
1364 883 1425 911 eius
1445 881 1673 920 signficaiionis
1695 892 1816 910 causam
1837 880 2015 912 haberemus.
2061 883 2094 912 In
2117 883 2177 913 alio

218 920 297 948 libro
320 924 379 949 est:
403 932 491 960 quam
514 920 627 950 nullam
650 923 709 950 eius
731 923 964 960 significationis.
1008 925 1109 953 Cetera
1127 925 1186 952 duo
1207 925 1296 952 verba
1318 925 1441 959 desunt,
1464 934 1520 962 pro
1545 924 1652 962 quibus
1675 924 1800 952 fortasse
1823 924 1965 953 substitui
1989 930 2087 964 posset
2110 937 2176 956 cum

217 962 393 991 haberemus.
416 963 504 992 Ani.
524 965 620 1004 Aug.
653 965 820 1002 Legendum
843 965 935 995 infra:
963 964 1034 995 Cum
1058 978 1147 1005 uvae5
1172 966 1252 1006 quod
1273 966 1448 996 vocabulum
1471 966 1570 1006 potius
1582 966 1775 1007 frequentari
1797 965 1918 995 debebat
1940 978 2029 1007 quam
2053 967 2175 998 nullum.

221 1004 316 1043 Quum
340 1006 400 1034 eius
422 1007 649 1045 signfficmionis
673 1018 794 1036 causam
816 1006 992 1037 haberemus.
1039 1010 1120 1038 Inter
1145 1010 1282 1038 olivetam
1307 1015 1335 1038 et
1359 1009 1522 1038 olivitatem
1546 1008 1604 1037 hoc
1627 1010 1765 1045 interest,
1791 1008 1871 1049 quod
1892 1008 1999 1039 oliveta
2022 1011 2061 1040 sit
2084 1012 2177 1040 oliva-

217 1057 283 1075 rum
306 1048 458 1083 collectio,
490 1047 608 1077 olivitas
631 1059 700 1078 vero
726 1050 842 1078 fructus
869 1051 960 1080 oleae.
999 1051 1094 1080 Varro
1117 1053 1259 1089 inglorio:
1292 1052 1424 1092 Denique
1447 1052 1543 1080 omnis
1566 1063 1630 1081 cum
1654 1051 1774 1081 lucerna
1798 1060 1951 1081 consumta
1973 1060 2013 1081 est
2036 1054 2066 1082 in
2089 1052 2176 1083 lucu-

219 1088 349 1125 brantio,
375 1089 549 1130 olivitasque
572 1099 722 1120 consumta
747 1100 796 1122 est.
841 1093 898 1121 Alii
922 1099 1020 1122 tamen
1044 1094 1203 1123 olivitatem
1228 1105 1322 1133 aeque
1345 1099 1466 1123 sumunt
1488 1105 1543 1133 pro
1567 1095 1800 1133 tempestivitate
1822 1095 1964 1132 legendae
1987 1096 2079 1127 oleae.
2120 1097 2176 1125 Co-

216 1132 328 1161 lumell.
352 1132 541 1161 olivationem
565 1133 641 1162 dixit
665 1135 811 1163 olivarum
835 1136 1059 1172 collectionem,
1090 1137 1243 1174 ἐλαίωσιν,
1277 1138 1406 1173 olivare,
1438 1137 1574 1172 ἐλαιοῦν,
1612 1138 1707 1165 olivas
1730 1137 1888 1175 colligere;
1924 1138 1967 1166 sic
1989 1137 2177 1176 vindemiare,

211 1173 375 1215 frondere,
399 1176 478 1204 unde
490 1175 674 1216 frondueor,
700 1178 751 1215 qui
773 1178 895 1207 frondes
918 1184 1013 1217 putat.
1036 1179 1124 1209 Duc.
1166 1179 1319 1210 Olivetam.
1350 1180 1503 1208 Olivitam.
1543 1179 1616 1209 Vide
1638 1180 1715 1209 Non.
1738 1180 1769 1208 in
1795 1179 1963 1210 olivitarem
1987 1180 2066 1220 (pag.
2081 1180 2175 1220 148.).

217 1215 352 1246 IVullam.
385 1218 515 1246 Nullum.
565 1216 670 1248 Gotlz.

384 1259 621 1302 Officiosus.
665 1261 711 1289 Ab
735 1262 893 1292 officiendo
916 1264 1032 1302 potius3
1057 1275 1124 1293 nam
1148 1270 1264 1294 veteres
1288 1264 1407 1293 officere
1430 1264 1570 1293 dicebant
1586 1275 1641 1303 pro
1659 1265 1781 1307 efficere
1804 1265 1891 1296 Dae.
1921 1265 2005 1296 Male.
2036 1266 2176 1308 Officium

217 1312 294 1338 esse,
319 1303 399 1341 qnod
422 1303 454 1331 fit
478 1304 515 1331 ob
540 1303 683 1341 aliquem,
707 1305 726 1335 i.
748 1316 771 1334 e.
796 1306 919 1335 alieuius
943 1308 1052 1344 gratia,
1077 1308 1134 1336 iam
1158 1308 1270 1336 dudum
1295 1308 1482 1336 intellectum
1507 1312 1557 1335 est.

382 1352 477 1395 Offu
487 1352 560 1382 das.
607 1355 744 1385 Placidus
760 1357 791 1385 in
807 1357 911 1395 glossis
928 1358 1065 1398 offucias.
1085 1357 1135 1386 Fu
1145 1357 1187 1387 lv.
1208 1358 1285 1387 Urs.
1311 1359 1386 1396 Lege
1403 1357 1540 1398 offucias.
1561 1356 1663 1387 Scal.
1688 1358 1782 1387 Plaut.
1801 1358 1916 1397 Captiv.
1934 1358 1998 1397 (Ill,
2022 1360 2051 1395 4,
2078 1359 2176 1399 123.):

710 1405 759 1435 Ita
782 1408 854 1437 mihi
875 1408 984 1437 stolido
1011 1421 1124 1437 sursum
1148 1421 1257 1438 versum
1283 1421 1315 1438 os
1337 1407 1485 1437 sublevere
1509 1407 1640 1449 offudis.

218 1452 303 1482 Dac.
342 1453 482 1482 Offricias
506 1456 555 1484 vel
579 1456 707 1494 officias,
732 1459 780 1486 vel
804 1459 956 1488 offucetas.
997 1459 1056 1488 Alii
1080 1460 1213 1488 offucias.
1260 1458 1367 1489 Goth.

382 1504 581 1546 Offucare.
628 1508 720 1543 Quasi
750 1508 786 1538 ob
806 1509 919 1549 fauces
950 1510 1021 1538 dure
1049 1520 1165 1548 aquam.
1213 1511 1292 1539 Olim
1323 1509 1464 1548 putabam
1493 1509 1651 1547 legendum
1673 1509 1802 1550 officiare
1823 1520 1839 1537 a
1862 1509 1924 1538 futo
1948 1520 2016 1538 vase
2039 1510 2174 1548 aquario.

215 1545 273 1573 Sed
296 1545 337 1574 nil
361 1551 472 1576 temere
495 1550 686 1580 mutandum.
729 1551 772 1579 Ab
796 1552 929 1592 offucare
953 1552 1073 1590 quidam
1096 1553 1176 1591 apud
1200 1553 1295 1582 Plaut.
1320 1553 1433 1582 Cistell.
1448 1552 1477 1588 1,
1503 1555 1536 1588 1,
1560 1550 1652 1591 (21.):
1685 1552 1785 1592 Atque
1811 1550 1844 1580 id
1872 1563 1981 1581 merum
2008 1551 2174 1593 infucabat.

215 1588 355 1626 Frustra,
378 1600 445 1618 nam
470 1590 644 1632 infuscabat
667 1603 738 1621 vera
762 1586 808 1622 est¹
827 1595 925 1623 lectio.
972 1594 1061 1624 Dae.
1128 1605 1135 1610 ·

381 1632 543 1672 Oenigen
555 1645 601 1664 as.
646 1636 676 1664 L.
696 1646 734 1664 m.
757 1636 935 1675 unigenitos,
960 1647 1027 1665 nam
1051 1648 1083 1666 oe
1106 1647 1161 1676 pro
1184 1650 1201 1666 u
1226 1638 1341 1676 antiqui
1363 1636 1533 1665 utebantur.
1557 1634 1661 1666 Fulv.
1687 1634 1765 1664 Urs.
1799 1635 1880 1672 Quid
1902 1635 2005 1664 Festus
2027 1636 2174 1675 intelligat

215 1682 267 1710 per
288 1673 356 1702 vino
374 1675 488 1713 genitos
511 1675 649 1713 ignorare
672 1688 719 1706 me
742 1678 845 1709 fateor.
892 1680 966 1708 Puto
990 1679 1146 1717 legendum
1170 1681 1349 1718 unigenitos,
1374 1680 1415 1707 ita
1439 1683 1473 1707 ut
1496 1679 1636 1718 oenigena
1659 1678 1698 1707 sit
1721 1689 1776 1718 pro
1800 1680 1942 1717 unigena3
1974 1688 2042 1707 nam
2065 1689 2098 1707 οε
2122 1689 2172 1709 ve-

216 1720 293 1744 teres
315 1717 467 1754 ponebant
491 1728 545 1756 pro
569 1732 604 1756 u,
634 1725 663 1749 et
685 1724 725 1749 ita
749 1721 826 1750 sorte
849 1722 1008 1760 scripserat
1031 1723 1138 1751 Catull.
1162 1722 1198 1750 de
1221 1724 1310 1751 Coma
1334 1723 1438 1751 Beren.
1459 1721 1584 1761 (LXVI,
1606 1720 1685 1760 53.):

792 1780 834 1785 --
877 1781 919 1785 -
962 1776 1050 1804 quum
1074 1777 1103 1793 se
1124 1764 1295 1794 Memnonis
1314 1763 1483 1803 Aethiopis,

794 1806 939 1846 Oenigena
962 1806 1113 1846 impellens
1136 1807 1306 1836 nutantibus
1327 1818 1395 1836 aera
1414 1806 1534 1845 pennis.>

219 1839 253 1867 Et
274 1839 348 1869 hanc
370 1852 464 1871 ineam
487 1845 724 1876 emendationem
748 1848 820 1876 mihi
844 1854 947 1888 postea
971 1849 1160 1879 confirmavit
1182 1850 1257 1879 liber
1274 1850 1387 1887 Ursini,
1409 1849 1461 1877 ubi
1484 1848 1655 1888 unigenitos.
1678 1847 1767 1877 Dac.
1801 1847 1892 1887 Apud
1908 1847 2058 1878 Catullum
2081 1849 2171 1888 vulgo

218 1880 322 1918 legitur
350 1884 490 1924 Unigena.

222 1964 227 1969 .
306 1965 311 1970 .
381 1927 557 1958 Oestrum.
606 1928 734 1970 Οἷστρον
758 1937 786 1961 et
809 1930 927 1972 οἶστρος
949 1934 1071 1973 proprie
1094 1944 1253 1973 vesparum
1277 1944 1368 1972 genus
1391 1934 1432 1962 ita
1455 1933 1595 1962 armentis
1616 1932 1772 1969 infestum,
1805 1937 1837 1961 ut
1859 1933 1970 1963 aculeis
1991 1933 2054 1963 suis
2075 1944 2109 1964 ea
2131 1935 2170 1964 ad

219 1974 359 1995 insaniam
382 1969 495 2007 adigat,
533 1972 612 2001 unde
635 1978 764 2003 oestrum
787 1986 842 2014 pro
865 1977 976 2005 surore.
1020 1977 1057 2006 Et
1080 1982 1179 2006 oestro
1203 1977 1329 2016 perciti,
1365 1977 1590 2016 οἰστροπλῆγοι,
1621 1975 1723 2005 furore
1745 1975 1895 2015 correpti,
1925 1977 2076 2007 concitati.
2119 1978 2170 2007 Est

220 2011 317 2035 autem
340 2015 467 2041 oestrum
491 2024 550 2042 vox
574 2015 756 2055 Aegyptiaca
779 2023 854 2047 teste
879 2018 1025 2057 Aeschylo
1048 2019 1078 2048 in
1101 2020 1294 2059 Supplicibus
1317 2019 1473 2059 (v.310.):

220 2098 301 2128 Dae
795 2067 926 2110 Οἶστρον
948 2073 1093 2101 καλοῦσιν
1117 2069 1209 2102 αὐτὸν
1231 2072 1263 2102 οῖ
1283 2071 1394 2102 Νείλου
1416 2069 1514 2105 πέλας.

385 2142 511 2191 Omen..
547 2146 611 2176 Vox
640 2155 683 2179 est
704 2151 828 2181 fortuita
851 2154 886 2183 ab
910 2155 968 2184 alio
992 2156 1127 2194 profecta
1151 2166 1239 2194 quam
1261 2155 1326 2194 ipse
1349 2155 1385 2183 ad
1408 2165 1471 2183 rem
1494 2159 1576 2183 tuam
1600 2153 1776 2191 detorques,
1807 2152 1892 2191 quasi
1914 2154 2038 2189 crimen,
2069 2154 2100 2183 id
2123 2160 2168 2184 est

220 2182 351 2213 effatum.
386 2183 459 2212 Vide
482 2186 574 2217 Cicer.
597 2191 634 2219 de
656 2193 785 2225 Divinat.
808 2196 901 2233 lib.I,
925 2197 1052 2237 (c.46.).
1075 2198 1164 2228 Dac.
1205 2198 1290 2227 Adde
1312 2198 1443 2226 Nonium
1466 2198 1496 2225 in
1519 2208 1601 2226 omen
1625 2197 1702 2235 (pag.
1716 2195 1788 2226 357.
1810 2205 1878 2235 pag.
1890 2195 1985 2233 430).
2025 2197 2065 2225 De
2087 2197 2166 2226 omi-

219 2225 411 2303 gibuszongs
434 2227 502 2256 vide
525 2229 724 2299 Rzgteventum.
760 2236 846 2268 Gaia.
881 2239 982 2270 Lucus
1005 2240 1162 2271 Lucrinus.
1194 2239 1335 2270 Romani.
1365 2240 1494 2280 Segesta.
1520 2238 1624 2268 Goth.
1672 2237 1802 2268 Oremen.
1832 2239 1954 2268 Ormen.
1985 2237 2074 2278 Quod
2094 2240 2164 2270 avi-

241 2279 281 2297 us.
346 2277 382 2296 uo
427 2279 488 2297 non
511 2281 556 2299 avi
581 2282 625 2302 us.
670 2275 779 2308 Idem.

233 2350 238 2355 .
387 2309 500 2341 Ovem.
545 2314 616 2342 Vide
640 2316 715 2346 Gell.
738 2320 787 2348 lib.
800 2322 850 2350 XI.
873 2333 936 2362 cap.
953 2326 981 2355 1.
1004 2329 1033 2353 et
1056 2325 1175 2354 Festum
1201 2324 1294 2353 verbo
1321 2323 1438 2353 onibus.
1466 2323 1553 2353 Ant.
1576 2323 1672 2362 Aug.
1717 2322 1812 2351 Varro
1840 2332 1939 2351 rerum
1967 2321 2162 2351 humanarum

219 2350 269 2379 hb.
282 2351 390 2381 XXIII.
415 2354 474 2392 (ap.
499 2355 575 2385 Gell.
600 2356 617 2384 l.
636 2359 691 2394 c.):
725 2360 873 2400 Terentio,
902 2365 1022 2405 quando
1046 2368 1153 2396 citatus
1177 2379 1266 2407 neque
1289 2365 1452 2407 respondit,
1481 2377 1570 2406 neque
1591 2373 1749 2395 excusatus
1771 2372 1826 2401 est,
1851 2366 1877 2394 ei
1896 2375 1948 2403 ego
1971 2376 2058 2393 unum
2081 2375 2162 2394 ovem

219 2392 341 2424 multam
365 2393 440 2426 dico.
466 2396 552 2428 Dac.
592 2399 677 2430 Ovem
700 2402 873 2435 masculino.
906 2408 972 2437 vid.
994 2409 1071 2438 infra
1094 2409 1190 2439 Recto
1209 2409 1321 2450 fronte.
1362 2409 1493 2438 Nonium
1515 2410 1546 2437 in
1569 2409 1642 2437 Oves
1664 2409 1739 2446 (pag.
1752 2409 1846 2445 216.).
1891 2405 1996 2436 Goth·
