2263 2668
249 107 323 143 256

1016 108 1240 145 ARUSIANI
1264 111 1407 147 MESSI

248 203 452 249 Progredior
475 203 534 236 illo
562 200 667 236 loco¹.
701 201 793 246 Virg.
822 201 905 235 Aen.
929 201 1005 236 IIL:
1042 203 1307 249 Progredimur
1327 210 1444 252 portu.
1496 207 1704 253 Progredior
1723 209 1807 244 intra
1831 209 1947 247 haec'-
1974 213 2069 260 Virg.
2093 214 2177 249 Aen.

348 255 426 290 XL:
454 255 599 298 Iamque
629 253 722 285 intra
752 253 883 285 iactum
904 253 964 287 teli
985 265 1208 299 progressus.

248 310 313 343 Per
337 311 451 339 mutua
478 315 539 348 pro
566 300 732 337 invicem³.
761 304 855 348 Virg.
882 304 956 337 Aen
995 306 1082 339 V11.:
1116 306 1164 339 Et
1192 306 1344 352 pedibus
1364 319 1434 352 per
1459 312 1582 342 mutua
1607 310 1713 344 nexis.

2057 313 2177 363 [54⁰]

247 361 368 403 Pugno
394 358 425 388 in
452 356 556 388 illum.
583 355 652 389 Sal.
680 352 813 389 Catil.⁴:
845 354 975 389 Contra
1001 357 1183 401 imperium
1209 359 1244 391 in
1271 358 1402 392 hostem
1422 365 1662 405 pugnaverat.

247 410 382 445 Pollens
408 406 465 438 illa
493 417 537 438 re.
565 405 633 438 Sal.
661 402 772 449 Iug.⁵:
799 406 941 440 Pot'lens
966 407 1104 441 viribus.

247 462 362 495 Privus
387 452 500 489 illiusss.
535 456 655 489 Salust.
687 457 771 492 Hist.
795 457 836 490 I.:
864 457 1086 503 Numeroque
1107 464 1313 504 praestans,
1337 460 1457 505 privas
1483 460 1558 506 ipse
1582 461 1737 495 militiae.

247 514 393 545 Pavesco
419 508 476 540 illa
502 519 548 540 re.
576 507 642 540 Sal.
669 504 781 552 Iug.⁷:
814 508 917 542 Omni
941 510 1087 554 strepitu
1108 522 1311 555 pavescere.

245 560 395 595 Prudens
419 559 549 591 illarum
572 555 710 593 rerumg.
737 559 803 592 Sal.
834 560 916 596 Hist.
946 561 987 594 l.:
1014 561 1179 595 Prudens
1201 563 1350 596 omnium
1377 573 1468 606 quae
1493 567 1632 597 senatus
1658 568 1849 599 censuerat.

246 611 433 646 Praeminet
457 610 516 642 illa
541 621 577 642 re
602 609 694 642 illam
723 622 804 643 rem.
838 612 904 645 Sal.
931 613 1016 646 Hist.
1043 610 1120 646 11.⁹:
1152 613 1296 656 Omnes,
1328 613 1386 659 qui
1409 614 1633 659 circumstant,
1658 616 1882 660 praeminent
1908 615 2093 650 altitudine
2111 615 2180 650 mi-

348 663 432 695 lium
457 672 625 706 passuum
651 661 808 695 duorum.

246 714 415 750 Pertinens
441 713 474 744 in
499 713 590 744 illam
616 709 728 745 rem¹⁰.
757 713 825 746 Sal.
849 713 934 749 Hist.
961 715 1036 750 ΙΙΙ..
1068 715 1169 748 Unde
1190 726 1279 760 pons
1305 715 1339 748 in
1369 715 1537 759 oppidum
1558 716 1737 761 pertinens
1764 717 1971 762 explicatur.

245 769 424 808 Promptus
448 763 534 796 illius
559 763 615 796 rei.
636 763 704 799 Sal.
732 764 815 797 Hist.
837 761 927 798 11.¹¹:
954 765 1077 811 Neque
1102 767 1258 812 virgines
1276 771 1419 811 nuptum
1446 777 1470 799 a
1490 767 1700 811 parentibus
1717 768 1961 812 mittebantur,
1987 769 2052 803 sed
2077 770 2178 815 ipsae

346 815 426 848 belli
447 815 724 859 promptissimos
749 815 955 860 diligebant.

245 867 428 902 Praeluceo
450 866 532 898 mihi
558 866 689 901 lumine.
724 867 792 900 Sal.
820 867 903 899 Hist.
929 864 1036 901 IV.¹²:
1074 867 1144 914 Qui
1172 868 1362 901 Praetores
1382 867 1531 914 facibus
1562 867 1629 902 sibi
1652 869 1898 914 praelucentes
1931 870 2111 905 ambustas
2143 872 2179 906 in

346 917 444 950 tectis
469 918 542 950 sine
568 928 655 950 cura
679 918 903 963 reliquerant.

245 970 311 1003 Per
335 969 502 1014 geminata
528 969 740 1013 praepositio.
775 969 844 1004 Cic.
870 980 933 1013 pro
961 965 1135 1003 Scauro¹³:
1169 969 1248 1003 Hoc
1272 970 1407 1003 nomine
1430 970 1567 1012 audito,
1602 970 1695 1015 quod
1716 981 1785 1016 per
1811 981 1927 1005 omnes
1949 976 2074 1017 gentes
2090 983 2177 1018 per-

346 1032 392 1053 va
394 1024 520 1065 gutum
549 1023 606 1053 est.

245 1071 410 1105 Profiteor
435 1071 468 1103 in
494 1070 555 1104 his.
576 1070 710 1105 Terent.
738 1071 821 1103 Eun.
833 1067 873 1103 ¹⁴:
896 1070 939 1103 In
965 1070 1018 1104 his
1039 1075 1147 1116 poeta
1167 1071 1223 1105 hie
1248 1083 1370 1104 nomen
1388 1071 1577 1118 profitetur
1600 1083 1710 1105 suum.

246 1124 368 1157 Praeut
391 1122 449 1154 ille
474 1133 559 1165 quae
583 1118 703 1155 facitffi.
737 1122 870 1156 Terent.
903 1122 1006 1155 Eun.:
1042 1122 1177 1156 Praeut
1199 1123 1258 1155 ille
1284 1134 1375 1168 quae
1392 1123 1507 1168 facit,
1535 1127 1568 1157 te
1590 1123 1712 1156 ludam
1741 1123 1921 1168 iocumque
1939 1122 2058 1169 fuisse
2085 1124 2179 1159 dicet

344 1174 442 1206 illum
469 1174 618 1206 alterum
636 1177 766 1217 praeut
789 1174 860 1206 eius
883 1173 1018 1206 scabies
1043 1185 1133 1218 quae
1157 1174 1263 1207 dabit.

244 1225 324 1257 Post
346 1225 415 1265 illa,
441 1224 475 1256 id
502 1230 549 1257 est
575 1229 700 1267 postea.
727 1224 861 1258 Terent.
885 1222 1072 1260 Phorm.¹¹’':
1097 1225 1191 1258 Eam
1219 1225 1437 1270 compressit,
1459 1225 1552 1258 unde
1574 1224 1663 1258 haec
1685 1228 1771 1258 nata
1791 1228 1859 1258 est.-
1883 1235 1992 1269 neque
2010 1228 2093 1270 post
2113 1224 2178 1259 illa

344 1286 496 1320 unquam
523 1275 651 1319 attigit.

243 1326 375 1360 Proruit
397 1337 431 1359 se
453 1337 517 1370 pro
538 1321 709 1358 immisitfl.
736 1325 870 1358 Terent.
893 1326 993 1359 Eun.:
1021 1326 1135 1359 Foras
1154 1327 1256 1360 simul
1279 1337 1395 1360 omnes
1414 1330 1586 1371 proruunt
1610 1337 1656 1361 se.

244 1379 452 1411 Postremum
477 1377 568 1410 vides
593 1377 628 1409 id
653 1381 701 1408 est
723 1376 896 1410 novissime
916 1377 1018 1410 vides.
1044 1378 1177 1411 Terent.
1205 1378 1347 1411 Andria:
1372 1377 1412 1411 Si
1433 1378 1471 1411 id
1484 1377 1602 1423 sacis,
1630 1377 1734 1411 hodie
1749 1380 1966 1422 postremum
1990 1386 2046 1409 me
2067 1374 2176 1409 vides.

245 1429 310 1463 Per
335 1433 486 1473 tempus,
510 1428 545 1462 id
572 1433 619 1461 est
643 1425 874 1472 opportuneffi.
907 1428 1040 1462 Terent.
1062 1429 1186 1462 Andr.:
1219 1428 1251 1463 Ο
1281 1429 1467 1471 Chremes,
1488 1439 1558 1475 per
1584 1433 1719 1474 tempus
1739 1428 1886 1462 advenis

248 1564 337 1602 Apud
359 1565 424 1593 Ter.
448 1563 545 1592 editur
566 1565 656 1602 coepi.
689 1578 730 1585 —
764 1561 789 1600 1)
814 1563 969 1602 Ingredior
999 1565 1061 1592 loco
1091 1563 1125 1593 A.
1149 1564 1188 1593 M.

254 1608 339 1645 Virg.
360 1607 436 1635 Aen.
461 1606 524 1636 III.
546 1608 615 1637 300.
639 1605 673 1634 A.
697 1605 735 1634 M.
756 1605 974 1643 Progredimur
996 1607 1067 1635 cod.
1094 1611 1191 1644 uterq.

249 1648 431 1686 Progredior
448 1648 493 1676 ed.
511 1648 590 1686 apud
608 1648 689 1685 Virg.
706 1664 747 1669 —
775 1648 804 1684 Ξ)
827 1648 1009 1686 Progredior
1023 1651 1098 1676 inter
1112 1648 1195 1677 illuct

252 1690 322 1718 Cod.
341 1695 436 1728 uterq.
454 1690 534 1718 Idem
549 1690 604 1719 XI.
622 1692 691 1722 608.
711 1689 745 1717 A.
766 1689 804 1718 M.
829 1690 907 1718 Inter
924 1692 1037 1719 iactam
1051 1692 1107 1719 tibi·
1122 1691 1192 1719 Cod.

253 1732 310 1758 Gu.
329 1732 379 1758 sed
405 1737 483 1760 recte
504 1732 532 1759 h.
550 1733 570 1761 l.
594 1732 664 1760 cod.
681 1732 713 1760 A.
738 1731 773 1759 M.
795 1733 877 1760 intra
892 1734 1007 1761 iactam
1031 1734 1090 1769 teli,
1114 1733 1193 1771 quod

252 1777 297 1801 est
311 1773 389 1811 apud
408 1773 487 1810 Virg.
510 1788 552 1795 —
579 1776 612 1810 3)
632 1776 706 1801 Pro
729 1780 838 1802 malua
856 1775 924 1803 Cod.
940 1776 973 1804 A.
989 1776 1026 1803 M.
1054 1776 1104 1804 sed
1123 1786 1192 1804 cor-

252 1814 331 1843 rexit
349 1814 407 1842 iam
431 1814 465 1842 A.
486 1814 523 1843 M.
540 1816 598 1842 Per
618 1826 655 1844 m.
679 1815 748 1843 cod.
771 1816 825 1844 Gu.
850 1817 930 1845 Idem
957 1816 1030 1846 VII.
1046 1820 1093 1849 66.
1111 1818 1191 1848 Α.Μ.

253 1872 296 1879 -
323 1857 350 1893 4)
374 1856 435 1883 Sal.
457 1856 523 1884 Cat.
548 1858 596 1887 56.
619 1856 653 1886 A.
671 1856 708 1886 M.
732 1857 800 1896 Cap.
821 1860 870 1890 52.
891 1860 971 1888 Cort.
993 1860 1072 1888 Gerl.
1094 1876 1135 1880 ——
1161 1860 1191 1898 5)

255 1897 336 1926 Idem
359 1897 424 1935 Iag.
448 1901 477 1929 6.
501 1898 533 1926 A.
557 1898 593 1928 M.
611 1914 653 1920 --
683 1901 710 1932 6)
734 1900 842 1929 Recens
870 1902 991 1930 accessit
1013 1901 1063 1930 hic
1084 1902 1192 1930 articu-

253 1940 300 1968 lus
326 1949 341 1967 e
357 1940 427 1969 Cod.
449 1940 505 1969 Gu.
526 1939 730 1977 Fragmentum
748 1942 866 1971 Salustii
888 1945 981 1972 adiice
999 1944 1193 1973 collectioni-

253 1981 318 2010 bus.
340 1997 381 2003 —-
410 1984 439 2016 7)
462 1981 542 2009 Idem
562 1984 594 2010 in
615 1982 713 2010 eodem
737 1985 786 2015 75.
807 1984 839 2013 A.
862 1985 901 2014 M.
927 1987 1040 2016 Salust.
1061 1988 1145 2015 Hist.
1167 1985 1192 2015 Ῑ.

256 2023 328 2052 Cod.
353 2023 409 2051 Gu.
434 2024 578 2052 mendose.
602 2025 694 2053 Locus
719 2030 761 2054 est
786 2026 843 2054 sal.
866 2027 924 2064 lug.
948 2032 998 2060 72.
1022 2029 1086 2059 edd.
1114 2029 1192 2057 Cort.

256 2066 336 2094 Gerl.
363 2066 472 2093 Omnia
492 2071 543 2094 ειν.
563 2066 635 2094 Cod.
662 2067 694 2095 A.
716 2068 754 2095 Μ.
778 2068 867 2096 Omni
885 2074 936 2098 slr.
956 2076 1034 2099 recte
1047 2071 1118 2100 Cod.
1136 2072 1192 2101 Gu.

255 2123 296 2129 —
318 2106 345 2145 8)
368 2107 507 2135 Prudens
521 2118 619 2135 rerum
635 2108 665 2136 C.
682 2109 714 2137 A.
733 2109 771 2138 M.
789 2110 870 2138 Idem
892 2112 973 2140 His-t.
995 2113 1019 2140 I.
1045 2116 1091 2145 18.
1111 2113 1192 2143 A.M.

255 2149 399 2186 Fragmrn.
425 2149 445 2185 l,
465 2152 514 2180 25.
545 2150 625 2180 Gerl.
652 2150 847 2180 Con-ruerant
875 2153 951 2181 male
980 2155 1049 2183 Cod.
1073 2156 1128 2183 Gu.
1153 2171 1193 2177 —-

255 2190 285 2228 9)
310 2191 420 2219 Verba:
444 2191 501 2218 illa
520 2202 550 2219 re
564 2192 652 2219 illam
666 2203 724 2220 rem
740 2193 846 2222 desunt
862 2195 892 2222 in
909 2196 977 2223 Cod.
1000 2197 1031 2224 A.
1053 2198 1088 2226 M.
1112 2197 1193 2225 Idem

255 2230 297 2260 ΙῙ.
319 2235 347 2264 6.
374 2233 408 2261 A.
429 2233 457 2261 M
480 2234 621 2271 Fragmnl.
649 2234 681 2270 ll,
706 2238 755 2266 83.
778 2237 856 2264 Gerl.
879 2237 1095 2266 Altitudinem
1121 2240 1191 2268 Cod.

254 2275 288 2302 A.
303 2274 340 2302 M.
364 2279 465 2303 contra
481 2276 654 2304 sententiam
673 2277 872 2308 Grammatici.
895 2280 1000 2306 Altilu
1011 2279 1098 2308 (line
1113 2286 1193 2310 recte

255 2316 327 2345 Cod.
346 2317 401 2347 Gu.
425 2318 547 2345 Milium
572 2318 642 2348 Cod.
667 2318 723 2347 Gu.
752 2320 879 2348 millium
902 2320 930 2349 h.
951 2321 968 2349 l.
989 2321 1081 2350 edidit
1101 2323 1134 2350 A.
1154 2323 1192 2352 M.

254 2373 296 2380 —
318 2357 364 2399 10)
387 2361 540 2389 Pertinens
563 2361 595 2389 in
618 2360 706 2389 illum
730 2361 800 2392 Cod.
821 2363 855 2393 A.
872 2363 909 2392 M.
925 2363 1006 2392 Idem
1022 2365 1104 2393 Hm.
1127 2362 1191 2404 (lib.

1234 1562 1349 1604 incert.)
1373 1566 1401 1595 6.
1425 1563 1458 1593 A.
1481 1564 1519 1594 M.
1549 1564 1613 1593 Sal.
1641 1564 1724 1592 Ηίει.
1749 1565 1813 1594 ΙΙΙ.
1845 1562 1917 1592 cod.
1949 1561 2005 1590 Gu.
2032 1560 2178 1599 Fragmm.

1233 1607 1338 1636 iucert.
1360 1607 1411 1635 lib.
1428 1609 1473 1638 19.
1491 1607 1570 1635 Gerl.
1589 1623 1631 1629 —
1655 1609 1696 1642 11)
1718 1606 1777 1634 Rei
1793 1605 1894 1634 addidi
1910 1614 1925 1633 e
1940 1603 2010 1632 Cod.
2023 1603 2081 1632 Gu.
2096 1601 2178 1631 Idem

1235 1649 1280 1677 ΙΙ.
1304 1652 1333 1680 4.
1359 1651 1392 1678 Α.
1408 1650 1447 1678 M.
1466 1650 1609 1687 Fragmm.
1634 1648 1686 1676 lib.
1704 1648 1740 1684 11,
1759 1648 1809 1680 25.
1835 1647 1916 1676 Gerl.
1939 1646 2007 1685 Ipse
2029 1644 2101 1674 cod.
2120 1645 2178 1676 Gu.

1235 1691 1411 1729 Diligebam
1433 1692 1505 1721 Cod.
1530 1697 1665 1729 uterque.
1688 1690 1873 1729 Delegebant
1892 1689 1924 1717 iu
1946 1689 2088 1726 Fragmm.
2111 1687 2177 1715 col-

1234 1733 1413 1761 lectionibus
1437 1733 1545 1762 editur.
1567 1750 1601 1754 ——-
1625 1733 1669 1769 19)
1692 1732 1828 1761 Formula
1851 1741 1918 1759 cum
1938 1729 2071 1768 exemplo
2097 1728 2178 1758 deest

1235 1775 1267 1803 in
1289 1775 1358 1804 Cod.
1381 1775 1415 1803 A.
1433 1775 1470 1804 M.
1486 1776 1582 1804 Locus
1600 1774 1721 1802 Salustii
1736 1775 1797 1803 eius
1811 1772 1980 1810 fragmentis
2002 1781 2105 1800 recens
2128 1780 2178 1799 ac-

1236 1817 1321 1847 cedit.
1336 1818 1471 1846 Fortasse
1487 1817 1642 1855 legendum
1660 1817 1763 1854 Quum
1776 1815 1941 1845 Praetores.
1955 1830 1997 1836 —
2020 1816 2066 1849 13)
2081 1812 2178 1842 Prae-

1229 1861 1344 1898 positc'o
1364 1861 1444 1888 deest
1464 1860 1544 1899 apud
1568 1860 1600 1888 Α.
1623 1859 1661 1888 M.
1683 1859 1871 1896 propositio
1893 1856 2031 1885 mendose
2050 1856 2083 1883 in
2103 1854 2176 1885 eod.

1236 1903 1291 1931 Gu.
1320 1902 1380 1931 Cic.
1404 1913 1463 1940 pro
1493 1903 1610 1930 Scauro
1639 1900 1709 1932 995.
1734 1901 1766 1929 A.
1787 1900 1826 1929 Μ.
1852 1899 1996 1936 Fragmm.
2023 1902 2096 1927 orat.
2119 1908 2176 1937 pro

1235 1945 1346 1973 Scauro
1367 1945 1416 1976 45.
1437 1945 1457 1972 f.
1481 1944 1574 1973 Nobb.
1596 1959 1639 1965 —
1673 1941 1717 1981 14)
1746 1943 1812 1972 Ter.
1832 1943 1913 1970 Ean.
1933 1939 2014 1970 Prol.
2031 1942 2061 1971 3.
2085 1939 2116 1970 Α.
2136 1939 2175 1969 Μ.

1234 2003 1276 2008 -
1305 1985 1349 2026 15)
1374 1986 1476 2015 Omnis
1499 1985 1548 2014 hic
1570 1984 1713 2014 articulus
1734 1984 1814 2013 deest
1831 1984 1860 2012 in
1878 1983 1949 2012 cod.
1974 1983 2006 2011 A.
2023 1982 2063 2012 M.
2080 1982 2176 2011 Locus

1235 2029 1302 2058 Ter.
1326 2033 1368 2057 est
1384 2029 1457 2058 Eun.
1475 2029 1527 2065 111,
1550 2031 1579 2065 2,
1603 2030 1632 2059 9.
1657 2027 1773 2055 Iteratio
1787 2026 1944 2055 verborum
1967 2025 1999 2053 in
2025 2025 2175 2063 exemplo:

1235 2070 1348 2100 Praeut
1361 2071 1411 2098 ille
1426 2082 1504 2109 quae
1517 2072 1601 2108 facit
1620 2069 1757 2098 mendosa
1770 2073 1823 2097 est.
1856 2069 1992 2096 Ceterum
2015 2067 2095 2105 apud
2108 2067 2174 2096 Ter.

1236 2123 1316 2141 nunc
1340 2113 1463 2150 legitur:
1491 2114 1600 2142 Praetu
1619 2112 1714 2140 liuius
1738 2111 1836 2140 rabies
1863 2121 1941 2149 quae
1961 2108 2057 2137 dabit.
2078 2109 2175 2138 Etiam

1236 2155 1319 2183 dicat
1341 2156 1420 2193 apud
1443 2156 1507 2184 Ter.
1533 2155 1642 2184 editur.
1671 2170 1712 2175 -
1752 2156 1794 2188 16)
1821 2151 1859 2181 ld
1877 2157 1919 2180 est
1939 2162 1997 2180 om.
2023 2151 2094 2182 Cod.
2116 2151 2173 2179 Gu.

1236 2197 1315 2226 Idem
1336 2197 1421 2225 Plzor.
1447 2198 1475 2229 5.
1498 2200 1526 2229 8.
1548 2199 1597 2229 34.
1621 2196 1654 2224 Α.
1671 2195 1707 2223 Μ.
1732 2211 1774 2217 --
1798 2197 1843 2230 17)
1866 2194 1920 2223 Hic
1934 2198 2013 2222 totus
2030 2193 2172 2222 articulus

1234 2240 1276 2268 sic
1295 2239 1403 2277 legitur
1427 2240 1505 2278 apud
1533 2241 1567 2268 A.
1587 2239 1624 2268 M.
1654 2237 1811 2266 Proruunt
1828 2237 1924 2274 foras
1945 2235 2042 2263 simul
2066 2244 2170 2264 omnes.

1236 2281 1316 2310 Idem
1333 2283 1413 2312 Eun.
1431 2283 1460 2313 3.
1479 2284 1507 2314 5.
1531 2283 1581 2314 51.
1603 2281 1663 2310 Nos
1683 2290 1784 2309 veram
1810 2277 1999 2307 Grammatici
2020 2286 2136 2305 manum
2154 2283 2171 2303 a

1235 2324 1307 2352 cod.
1325 2324 1380 2353 Gu.
1399 2324 1590 2353 restituimus.
1612 2324 1668 2352 Pro
1690 2332 1718 2352 v.
1741 2323 1867 2350 immisit
1885 2320 2039 2359 legendum
2053 2317 2170 2346 videtur

1235 2367 1354 2395 emisit.
1377 2366 1487 2396 Addidi
1511 2378 1541 2396 se
1566 2377 1602 2397 ex
1625 2364 1768 2396 sententia
1798 2361 1995 2394 Grammatici.
2021 2357 2168 2395 formula,
