<?xml version="1.0" encoding="UTF-8"?>
<!DOCTYPE html PUBLIC "-//W3C//DTD XHTML 1.0 Transitional//EN"
    "http://www.w3.org/TR/xhtml1/DTD/xhtml1-transitional.dtd">
<html xmlns="http://www.w3.org/1999/xhtml" xml:lang="en" lang="en">
 <head>
  <title>
</title>
<meta http-equiv="Content-Type" content="text/html;charset=utf-8" />
  <meta name='ocr-system' content='tesseract 3.04.00' />
  <meta name='ocr-capabilities' content='ocr_page ocr_carea ocr_par ocr_line ocrx_word'/>
</head>
<body>
  <div class='ocr_page' id='page_1' title='image "./corpusgrammatico01linduoft_0892.png"; bbox 0 0 2263 2668; ppageno 0'>
   <div class='ocr_carea' id='block_1_1' title="bbox 218 163 1729 204">
    <p class='ocr_par' dir='ltr' id='par_1_1' title="bbox 218 163 1729 204">
     <span class='ocr_line' id='line_1_1' title="bbox 218 163 1729 204; baseline -0.003 0"><span class='ocrx_word' id='word_1_1' title='bbox 218 168 293 204; x_wconf 74' lang='lat'>466</span> <span class='ocrx_word' id='word_1_2' title='bbox 640 165 984 202; x_wconf 85' lang='lat' dir='ltr'><strong>COMMENTARII</strong></span> <span class='ocrx_word' id='word_1_3' title='bbox 1009 165 1058 198; x_wconf 87' lang='lat' dir='ltr'>IN</span> <span class='ocrx_word' id='word_1_4' title='bbox 1083 163 1225 199; x_wconf 70' lang='lat' dir='ltr'>PAULI</span> <span class='ocrx_word' id='word_1_5' title='bbox 1252 165 1448 200; x_wconf 84' lang='lat' dir='ltr'>DIACONI</span> <span class='ocrx_word' id='word_1_6' title='bbox 1473 167 1729 201; x_wconf 79' lang='lat' dir='ltr'><strong>EXCERPTA</strong></span> 
     </span>
    </p>
   </div>
   <div class='ocr_carea' id='block_1_2' title="bbox 221 257 2159 608">
    <p class='ocr_par' dir='ltr' id='par_1_2' title="bbox 221 257 2159 608">
     <span class='ocr_line' id='line_1_2' title="bbox 382 257 2157 299; baseline 0.001 -12"><span class='ocrx_word' id='word_1_7' title='bbox 382 258 544 288; x_wconf 85' lang='lat' dir='ltr'>Insecta.</span> <span class='ocrx_word' id='word_1_8' title='bbox 589 258 736 287; x_wconf 86' lang='lat' dir='ltr'>lnsectum</span> <span class='ocrx_word' id='word_1_9' title='bbox 766 258 876 286; x_wconf 84' lang='lat' dir='ltr'>dicitur</span> <span class='ocrx_word' id='word_1_10' title='bbox 904 261 932 285; x_wconf 87' lang='lat' dir='ltr'>et</span> <span class='ocrx_word' id='word_1_11' title='bbox 962 257 1043 295; x_wconf 87' lang='lat' dir='ltr'>quod</span> <span class='ocrx_word' id='word_1_12' title='bbox 1067 261 1180 286; x_wconf 85' lang='lat' dir='ltr'>sectum</span> <span class='ocrx_word' id='word_1_13' title='bbox 1203 262 1230 286; x_wconf 85' lang='lat' dir='ltr'>et</span> <span class='ocrx_word' id='word_1_14' title='bbox 1253 258 1332 296; x_wconf 89' lang='lat' dir='ltr'>quod</span> <span class='ocrx_word' id='word_1_15' title='bbox 1355 268 1413 286; x_wconf 85' lang='lat' dir='ltr'>non</span> <span class='ocrx_word' id='word_1_16' title='bbox 1436 264 1546 288; x_wconf 81' lang='lat' dir='ltr'>sectum</span> <span class='ocrx_word' id='word_1_17' title='bbox 1571 264 1632 296; x_wconf 86' lang='lat' dir='ltr'>est,</span> <span class='ocrx_word' id='word_1_18' title='bbox 1667 265 1700 288; x_wconf 89' lang='lat' dir='ltr'>ut</span> <span class='ocrx_word' id='word_1_19' title='bbox 1722 268 1810 297; x_wconf 85' lang='lat' dir='ltr'>supra</span> <span class='ocrx_word' id='word_1_20' title='bbox 1831 257 2017 299; x_wconf 72' lang='lat' dir='ltr'>inlaqueatus</span> <span class='ocrx_word' id='word_1_21' title='bbox 2039 266 2068 290; x_wconf 89' lang='lat' dir='ltr'>et</span> <span class='ocrx_word' id='word_1_22' title='bbox 2091 262 2157 290; x_wconf 89' lang='lat' dir='ltr'>vin-</span> 
     </span>
     <span class='ocr_line' id='line_1_3' title="bbox 221 297 1516 340; baseline -0.002 -7"><span class='ocrx_word' id='word_1_23' title='bbox 221 309 286 334; x_wconf 84' lang='lat' dir='ltr'>ctus</span> <span class='ocrx_word' id='word_1_24' title='bbox 311 308 340 332; x_wconf 84' lang='lat' dir='ltr'>et</span> <span class='ocrx_word' id='word_1_25' title='bbox 362 303 491 335; x_wconf 82' lang='lat' dir='ltr'>solutus,</span> <span class='ocrx_word' id='word_1_26' title='bbox 521 297 666 340; x_wconf 84' lang='lat' dir='ltr'>infractus</span> <span class='ocrx_word' id='word_1_27' title='bbox 689 301 801 329; x_wconf 77' lang='lat' dir='ltr'>fractus</span> <span class='ocrx_word' id='word_1_28' title='bbox 825 305 853 328; x_wconf 88' lang='lat' dir='ltr'>et</span> <span class='ocrx_word' id='word_1_29' title='bbox 875 309 933 328; x_wconf 89' lang='lat' dir='ltr'>non</span> <span class='ocrx_word' id='word_1_30' title='bbox 956 300 1076 328; x_wconf 78' lang='lat' dir='ltr'>fractus.</span> <span class='ocrx_word' id='word_1_31' title='bbox 1121 299 1195 329; x_wconf 86' lang='lat' dir='ltr'>Vide</span> <span class='ocrx_word' id='word_1_32' title='bbox 1215 301 1383 340; x_wconf 84' lang='lat' dir='ltr'>prosicium.</span> <span class='ocrx_word' id='word_1_33' title='bbox 1429 300 1516 332; x_wconf 86' lang='lat' dir='ltr'>Dac.</span> 
     </span>
     <span class='ocr_line' id='line_1_4' title="bbox 382 341 2159 383; baseline 0.002 -13"><span class='ocrx_word' id='word_1_34' title='bbox 382 342 515 381; x_wconf 82' lang='lat' dir='ltr'>Insipa</span> <span class='ocrx_word' id='word_1_35' title='bbox 525 353 567 371; x_wconf 87' lang='lat' dir='ltr'>re.</span> <span class='ocrx_word' id='word_1_36' title='bbox 612 343 657 371; x_wconf 82' lang='lat' dir='ltr'>Ab</span> <span class='ocrx_word' id='word_1_37' title='bbox 678 343 801 382; x_wconf 79' lang='lat' dir='ltr'>antiquo</span> <span class='ocrx_word' id='word_1_38' title='bbox 823 343 918 382; x_wconf 58' lang='lat' dir='ltr'>¹sipare</span> <span class='ocrx_word' id='word_1_39' title='bbox 937 341 1034 370; x_wconf 75' lang='lat' dir='ltr'>iaceie</span> <span class='ocrx_word' id='word_1_40' title='bbox 1057 346 1099 370; x_wconf 88' lang='lat' dir='ltr'>est</span> <span class='ocrx_word' id='word_1_41' title='bbox 1120 341 1279 381; x_wconf 82' lang='lat' dir='ltr'>dissipare,</span> <span class='ocrx_word' id='word_1_42' title='bbox 1309 343 1496 381; x_wconf 77' lang='lat' dir='ltr'>dispergere,</span> <span class='ocrx_word' id='word_1_43' title='bbox 1527 344 1677 380; x_wconf 82' lang='lat' dir='ltr'>disiicere3</span> <span class='ocrx_word' id='word_1_44' title='bbox 1707 343 1834 383; x_wconf 82' lang='lat' dir='ltr'>insipare</span> <span class='ocrx_word' id='word_1_45' title='bbox 1854 343 1995 379; x_wconf 85' lang='lat' dir='ltr'>iniicere;</span> <span class='ocrx_word' id='word_1_46' title='bbox 2028 343 2159 383; x_wconf 81' lang='lat' dir='ltr'>obsipare</span> 
     </span>
     <span class='ocr_line' id='line_1_5' title="bbox 223 384 1747 426; baseline -0.002 -9"><span class='ocrx_word' id='word_1_47' title='bbox 223 387 357 417; x_wconf 82' lang='lat' dir='ltr'>obiicere.</span> <span class='ocrx_word' id='word_1_48' title='bbox 399 385 456 412; x_wconf 82' lang='lat' dir='ltr'>Pro</span> <span class='ocrx_word' id='word_1_49' title='bbox 479 384 606 423; x_wconf 81' lang='lat' dir='ltr'>insipare</span> <span class='ocrx_word' id='word_1_50' title='bbox 627 385 749 426; x_wconf 82' lang='lat' dir='ltr'><strong><em>insipere</em></strong></span> <span class='ocrx_word' id='word_1_51' title='bbox 770 386 855 415; x_wconf 83' lang='lat' dir='ltr'>etiam</span> <span class='ocrx_word' id='word_1_52' title='bbox 879 389 991 413; x_wconf 76' lang='lat' dir='ltr'>veteres</span> <span class='ocrx_word' id='word_1_53' title='bbox 1015 384 1126 414; x_wconf 76' lang='lat' dir='ltr'>dixere.</span> <span class='ocrx_word' id='word_1_54' title='bbox 1172 385 1350 423; x_wconf 82' lang='lat' dir='ltr'>Pomponius</span> <span class='ocrx_word' id='word_1_55' title='bbox 1374 385 1576 415; x_wconf 71' lang='lat' dir='ltr'><strong>Atellanarum</strong></span> <span class='ocrx_word' id='word_1_56' title='bbox 1602 386 1747 425; x_wconf 83' lang='lat' dir='ltr'>scriptor:</span> 
     </span>
     <span class='ocr_line' id='line_1_6' title="bbox 735 425 1627 467; baseline 0.002 -11"><span class='ocrx_word' id='word_1_57' title='bbox 735 427 839 458; x_wconf 83' lang='lat' dir='ltr'>Facito</span> <span class='ocrx_word' id='word_1_58' title='bbox 860 433 893 455; x_wconf 77' lang='lat' dir='ltr'>ut</span> <span class='ocrx_word' id='word_1_59' title='bbox 915 427 991 466; x_wconf 79' lang='lat' dir='ltr'>ignis</span> <span class='ocrx_word' id='word_1_60' title='bbox 1003 426 1126 467; x_wconf 83' lang='lat' dir='ltr'>fervat,</span> <span class='ocrx_word' id='word_1_61' title='bbox 1156 425 1239 465; x_wconf 75' lang='lat' dir='ltr'>ligna</span> <span class='ocrx_word' id='word_1_62' title='bbox 1261 427 1376 465; x_wconf 57' lang='lat' dir='ltr'>incipite</span> <span class='ocrx_word' id='word_1_63' title='bbox 1391 427 1449 466; x_wconf 80' lang='lat' dir='ltr'>far</span> <span class='ocrx_word' id='word_1_64' title='bbox 1473 427 1627 459; x_wconf 75' lang='lat' dir='ltr'><strong><em>concidite.</em></strong></span> 
     </span>
     <span class='ocr_line' id='line_1_7' title="bbox 222 467 1750 511; baseline 0.001 -12"><span class='ocrx_word' id='word_1_65' title='bbox 222 471 314 499; x_wconf 86' lang='lat' dir='ltr'>Varro</span> <span class='ocrx_word' id='word_1_66' title='bbox 339 468 388 496; x_wconf 82' lang='lat' dir='ltr'>lib.</span> <span class='ocrx_word' id='word_1_67' title='bbox 403 467 449 497; x_wconf 87' lang='lat' dir='ltr'>[V.</span> <span class='ocrx_word' id='word_1_68' title='bbox 474 468 511 496; x_wconf 86' lang='lat' dir='ltr'>de</span> <span class='ocrx_word' id='word_1_69' title='bbox 533 468 564 498; x_wconf 83' lang='lat' dir='ltr'>L.</span> <span class='ocrx_word' id='word_1_70' title='bbox 587 469 633 498; x_wconf 89' lang='lat' dir='ltr'>L.:</span> <span class='ocrx_word' id='word_1_71' title='bbox 660 468 730 499; x_wconf 89' lang='lat' dir='ltr'>Cum</span> <span class='ocrx_word' id='word_1_72' title='bbox 753 481 830 511; x_wconf 86' lang='lat' dir='ltr'>aqua</span> <span class='ocrx_word' id='word_1_73' title='bbox 851 468 976 509; x_wconf 78' lang='lat' dir='ltr'>ferventi</span> <span class='ocrx_word' id='word_1_74' title='bbox 997 470 1141 508; x_wconf 83' lang='lat' dir='ltr'>insipitur.</span> <span class='ocrx_word' id='word_1_75' title='bbox 1164 469 1253 500; x_wconf 80' lang='lat' dir='ltr'>Dae.</span> <span class='ocrx_word' id='word_1_76' title='bbox 1298 469 1371 498; x_wconf 89' lang='lat' dir='ltr'>Vide</span> <span class='ocrx_word' id='word_1_77' title='bbox 1394 470 1470 498; x_wconf 84' lang='lat' dir='ltr'>infra</span> <span class='ocrx_word' id='word_1_78' title='bbox 1494 470 1596 510; x_wconf 80' lang='lat' dir='ltr'>Supat.</span> <span class='ocrx_word' id='word_1_79' title='bbox 1647 469 1750 500; x_wconf 78' lang='lat' dir='ltr'>Goth.</span> 
     </span>
     <span class='ocr_line' id='line_1_8' title="bbox 383 517 1708 561; baseline 0.002 -14"><span class='ocrx_word' id='word_1_80' title='bbox 383 517 528 548; x_wconf 84' lang='lat' dir='ltr'>Insons.</span> <span class='ocrx_word' id='word_1_81' title='bbox 571 520 662 556; x_wconf 86' lang='lat' dir='ltr'>Sous,</span> <span class='ocrx_word' id='word_1_82' title='bbox 687 531 813 557; x_wconf 83' lang='lat' dir='ltr'>nocens,</span> <span class='ocrx_word' id='word_1_83' title='bbox 837 521 953 555; x_wconf 80' lang='lat' dir='ltr'>insons,</span> <span class='ocrx_word' id='word_1_84' title='bbox 978 520 1130 549; x_wconf 84' lang='lat' dir='ltr'>innocens.</span> <span class='ocrx_word' id='word_1_85' title='bbox 1174 520 1321 548; x_wconf 85' lang='lat' dir='ltr'>Ausonius</span> <span class='ocrx_word' id='word_1_86' title='bbox 1343 519 1591 559; x_wconf 82' lang='lat' dir='ltr'>Technopaegnio</span> <span class='ocrx_word' id='word_1_87' title='bbox 1615 521 1708 561; x_wconf 77' lang='lat'>(15.):</span> 
     </span>
     <span class='ocr_line' id='line_1_9' title="bbox 753 570 1628 608; baseline 0.001 -8"><span class='ocrx_word' id='word_1_88' title='bbox 753 570 788 600; x_wconf 78' lang='lat' dir='ltr'>Si</span> <span class='ocrx_word' id='word_1_89' title='bbox 810 570 902 600; x_wconf 84' lang='lat' dir='ltr'>bonus</span> <span class='ocrx_word' id='word_1_90' title='bbox 924 578 963 599; x_wconf 81' lang='lat' dir='ltr'>est</span> <span class='ocrx_word' id='word_1_91' title='bbox 986 572 1101 608; x_wconf 81' lang='lat' dir='ltr'>insons,</span> <span class='ocrx_word' id='word_1_92' title='bbox 1137 571 1300 600; x_wconf 84' lang='lat' dir='ltr'>contrarius</span> <span class='ocrx_word' id='word_1_93' title='bbox 1323 578 1348 599; x_wconf 85' lang='lat' dir='ltr'>et</span> <span class='ocrx_word' id='word_1_94' title='bbox 1372 570 1468 600; x_wconf 84' lang='lat' dir='ltr'>malus</span> <span class='ocrx_word' id='word_1_95' title='bbox 1489 578 1530 600; x_wconf 81' lang='lat' dir='ltr'>est</span> <span class='ocrx_word' id='word_1_96' title='bbox 1552 583 1628 602; x_wconf 86' lang='lat' dir='ltr'>sons.</span> 
     </span>
    </p>
   </div>
   <div class='ocr_carea' id='block_1_3' title="bbox 221 619 2160 841">
    <p class='ocr_par' dir='ltr' id='par_1_3' title="bbox 221 619 2160 841">
     <span class='ocr_line' id='line_1_10' title="bbox 223 619 2160 662; baseline -0.001 -13"><span class='ocrx_word' id='word_1_97' title='bbox 223 620 295 650; x_wconf 89' lang='lat' dir='ltr'>Vide</span> <span class='ocrx_word' id='word_1_98' title='bbox 319 620 406 650; x_wconf 88' lang='lat' dir='ltr'>Sons.</span> <span class='ocrx_word' id='word_1_99' title='bbox 450 619 520 648; x_wconf 85' lang='lat' dir='ltr'>Inde</span> <span class='ocrx_word' id='word_1_100' title='bbox 544 619 664 648; x_wconf 82' lang='lat' dir='ltr'>morbus</span> <span class='ocrx_word' id='word_1_101' title='bbox 688 621 819 650; x_wconf 80' lang='lat' dir='ltr'>sonticus</span> <span class='ocrx_word' id='word_1_102' title='bbox 841 622 871 651; x_wconf 87' lang='lat' dir='ltr'>in</span> <span class='ocrx_word' id='word_1_103' title='bbox 893 622 959 654; x_wconf 81' lang='lat' dir='ltr'>XII,</span> <span class='ocrx_word' id='word_1_104' title='bbox 982 622 1040 653; x_wconf 88' lang='lat' dir='ltr'>tab.</span> <span class='ocrx_word' id='word_1_105' title='bbox 1064 627 1108 651; x_wconf 80' lang='lat' dir='ltr'>est</span> <span class='ocrx_word' id='word_1_106' title='bbox 1129 621 1250 650; x_wconf 86' lang='lat' dir='ltr'>morbus</span> <span class='ocrx_word' id='word_1_107' title='bbox 1272 631 1354 650; x_wconf 85' lang='lat' dir='ltr'>sacer</span> <span class='ocrx_word' id='word_1_108' title='bbox 1376 622 1439 650; x_wconf 81' lang='lat' dir='ltr'>sive</span> <span class='ocrx_word' id='word_1_109' title='bbox 1462 623 1633 660; x_wconf 83' lang='lat' dir='ltr'>comitialis,</span> <span class='ocrx_word' id='word_1_110' title='bbox 1657 622 1708 662; x_wconf 89' lang='lat' dir='ltr'>qui</span> <span class='ocrx_word' id='word_1_111' title='bbox 1731 627 1760 650; x_wconf 86' lang='lat' dir='ltr'>et</span> <span class='ocrx_word' id='word_1_112' title='bbox 1781 621 1901 651; x_wconf 82' lang='lat' dir='ltr'>morbus</span> <span class='ocrx_word' id='word_1_113' title='bbox 1925 620 2025 649; x_wconf 83' lang='lat' dir='ltr'>maior.</span> <span class='ocrx_word' id='word_1_114' title='bbox 2059 620 2160 651; x_wconf 80' lang='lat' dir='ltr'>Dictus</span> 
     </span>
     <span class='ocr_line' id='line_1_11' title="bbox 221 662 2160 704; baseline -0.001 -12"><span class='ocrx_word' id='word_1_115' title='bbox 221 664 353 692; x_wconf 79' lang='lat' dir='ltr'>sonticus</span> <span class='ocrx_word' id='word_1_116' title='bbox 375 663 424 691; x_wconf 81' lang='lat' dir='ltr'>vel</span> <span class='ocrx_word' id='word_1_117' title='bbox 447 662 526 700; x_wconf 82' lang='lat' dir='ltr'>quod</span> <span class='ocrx_word' id='word_1_118' title='bbox 550 668 672 699; x_wconf 80' lang='lat' dir='ltr'>noceat,</span> <span class='ocrx_word' id='word_1_119' title='bbox 695 668 729 692; x_wconf 85' lang='lat' dir='ltr'>ut</span> <span class='ocrx_word' id='word_1_120' title='bbox 751 665 816 693; x_wconf 79' lang='lat' dir='ltr'>vult</span> <span class='ocrx_word' id='word_1_121' title='bbox 840 665 958 701; x_wconf 84' lang='lat' dir='ltr'>Festus,</span> <span class='ocrx_word' id='word_1_122' title='bbox 981 665 1029 694; x_wconf 85' lang='lat' dir='ltr'>vel</span> <span class='ocrx_word' id='word_1_123' title='bbox 1052 664 1132 704; x_wconf 90' lang='lat' dir='ltr'>quod</span> <span class='ocrx_word' id='word_1_124' title='bbox 1156 675 1242 692; x_wconf 85' lang='lat' dir='ltr'>causa</span> <span class='ocrx_word' id='word_1_125' title='bbox 1265 664 1318 700; x_wconf 88' lang='lat' dir='ltr'>sit,</span> <span class='ocrx_word' id='word_1_126' title='bbox 1341 674 1395 692; x_wconf 87' lang='lat' dir='ltr'>cur</span> <span class='ocrx_word' id='word_1_127' title='bbox 1418 664 1497 703; x_wconf 90' lang='lat' dir='ltr'>quod</span> <span class='ocrx_word' id='word_1_128' title='bbox 1521 666 1664 704; x_wconf 87' lang='lat' dir='ltr'>agendum</span> <span class='ocrx_word' id='word_1_129' title='bbox 1688 670 1749 694; x_wconf 83' lang='lat' dir='ltr'>erat</span> <span class='ocrx_word' id='word_1_130' title='bbox 1772 675 1856 703; x_wconf 81' lang='lat' dir='ltr'>agere</span> <span class='ocrx_word' id='word_1_131' title='bbox 1880 663 2055 692; x_wconf 81' lang='lat' dir='ltr'><strong>desistimus.</strong></span> <span class='ocrx_word' id='word_1_132' title='bbox 2086 663 2160 691; x_wconf 84' lang='lat' dir='ltr'>Vide</span> 
     </span>
     <span class='ocr_line' id='line_1_12' title="bbox 223 703 676 735; baseline -0.002 -1"><span class='ocrx_word' id='word_1_133' title='bbox 223 704 375 735; x_wconf 77' lang='lat' dir='ltr'>Santicum</span> <span class='ocrx_word' id='word_1_134' title='bbox 398 703 540 734; x_wconf 81' lang='lat' dir='ltr'><em>morbum.</em></span> <span class='ocrx_word' id='word_1_135' title='bbox 586 704 676 734; x_wconf 89' lang='lat' dir='ltr'>Dac.</span> 
     </span>
     <span class='ocr_line' id='line_1_13' title="bbox 385 745 1731 789; baseline 0.004 -15"><span class='ocrx_word' id='word_1_136' title='bbox 385 745 569 776; x_wconf 83' lang='lat' dir='ltr'>Inscitia.</span> <span class='ocrx_word' id='word_1_137' title='bbox 615 747 754 777; x_wconf 76' lang='lat' dir='ltr'>Stultitia.</span> <span class='ocrx_word' id='word_1_138' title='bbox 778 749 826 778; x_wconf 90' lang='lat' dir='ltr'>Sic</span> <span class='ocrx_word' id='word_1_139' title='bbox 850 750 955 779; x_wconf 86' lang='lat' dir='ltr'>Plauto</span> <span class='ocrx_word' id='word_1_140' title='bbox 978 750 1099 779; x_wconf 82' lang='lat' dir='ltr'>inscitus</span> <span class='ocrx_word' id='word_1_141' title='bbox 1120 753 1164 778; x_wconf 89' lang='lat' dir='ltr'>est</span> <span class='ocrx_word' id='word_1_142' title='bbox 1186 748 1310 786; x_wconf 85' lang='lat' dir='ltr'>stultus,</span> <span class='ocrx_word' id='word_1_143' title='bbox 1333 747 1473 777; x_wconf 83' lang='lat' dir='ltr'>Bacchid.</span> <span class='ocrx_word' id='word_1_144' title='bbox 1497 750 1566 788; x_wconf 91' lang='lat' dir='ltr'>(IV,</span> <span class='ocrx_word' id='word_1_145' title='bbox 1593 752 1648 787; x_wconf 89' lang='lat'>10,</span> <span class='ocrx_word' id='word_1_146' title='bbox 1673 751 1731 789; x_wconf 78' lang='lat'>2.):</span> 
     </span>
     <span class='ocr_line' id='line_1_14' title="bbox 678 797 1687 841; baseline 0.003 -14"><span class='ocrx_word' id='word_1_147' title='bbox 678 797 771 837; x_wconf 80' lang='lat' dir='ltr'>Quam</span> <span class='ocrx_word' id='word_1_148' title='bbox 794 811 823 828; x_wconf 83' lang='lat' dir='ltr'>se</span> <span class='ocrx_word' id='word_1_149' title='bbox 846 798 887 828; x_wconf 79' lang='lat' dir='ltr'>ad</span> <span class='ocrx_word' id='word_1_150' title='bbox 908 800 997 828; x_wconf 80' lang='lat' dir='ltr'>vitam</span> <span class='ocrx_word' id='word_1_151' title='bbox 1019 806 1045 827; x_wconf 87' lang='lat' dir='ltr'>et</span> <span class='ocrx_word' id='word_1_152' title='bbox 1067 810 1139 839; x_wconf 86' lang='lat' dir='ltr'>quos</span> <span class='ocrx_word' id='word_1_153' title='bbox 1162 798 1202 827; x_wconf 75' lang='lat' dir='ltr'>ad</span> <span class='ocrx_word' id='word_1_154' title='bbox 1224 809 1316 828; x_wconf 87' lang='lat' dir='ltr'>mores</span> <span class='ocrx_word' id='word_1_155' title='bbox 1336 800 1524 840; x_wconf 85' lang='lat' dir='ltr'>praecipitem</span> <span class='ocrx_word' id='word_1_156' title='bbox 1545 808 1687 841; x_wconf 79' lang='lat' dir='ltr'>capessat.</span> 
     </span>
    </p>
   </div>
   <div class='ocr_carea' id='block_1_4' title="bbox 225 846 2161 928">
    <p class='ocr_par' dir='ltr' id='par_1_4' title="bbox 225 846 2161 928">
     <span class='ocr_line' id='line_1_15' title="bbox 225 846 2161 918; baseline 0.001 -44"><span class='ocrx_word' id='word_1_157' title='bbox 225 847 312 918; x_wconf 52' lang='lat' dir='ltr'>galei.</span> <span class='ocrx_word' id='word_1_158' title='bbox 358 847 398 875; x_wconf 84' lang='lat' dir='ltr'>De</span> <span class='ocrx_word' id='word_1_159' title='bbox 421 846 604 885; x_wconf 85' lang='lat' dir='ltr'>differentia,</span> <span class='ocrx_word' id='word_1_160' title='bbox 635 859 710 888; x_wconf 88' lang='lat' dir='ltr'>quae</span> <span class='ocrx_word' id='word_1_161' title='bbox 732 850 895 879; x_wconf 79' lang='lat' dir='ltr'>intercedat</span> <span class='ocrx_word' id='word_1_162' title='bbox 917 859 969 879; x_wconf 83' lang='lat' dir='ltr'>vv.</span> <span class='ocrx_word' id='word_1_163' title='bbox 992 850 1110 879; x_wconf 81' lang='lat' dir='ltr'>inscitia</span> <span class='ocrx_word' id='word_1_164' title='bbox 1133 854 1159 878; x_wconf 88' lang='lat' dir='ltr'>et</span> <span class='ocrx_word' id='word_1_165' title='bbox 1181 850 1335 879; x_wconf 77' lang='lat' dir='ltr'>inscientia</span> <span class='ocrx_word' id='word_1_166' title='bbox 1356 850 1398 879; x_wconf 66' lang='lat' dir='ltr'>cf.</span> <span class='ocrx_word' id='word_1_167' title='bbox 1421 850 1577 880; x_wconf 85' lang='lat' dir='ltr'>Gernhard</span> <span class='ocrx_word' id='word_1_168' title='bbox 1600 851 1637 880; x_wconf 86' lang='lat' dir='ltr'>ad</span> <span class='ocrx_word' id='word_1_169' title='bbox 1659 852 1720 880; x_wconf 88' lang='lat' dir='ltr'>Cic.</span> <span class='ocrx_word' id='word_1_170' title='bbox 1744 851 1820 880; x_wconf 87' lang='lat' dir='ltr'>Lael.</span> <span class='ocrx_word' id='word_1_171' title='bbox 1844 854 1872 879; x_wconf 87' lang='lat' dir='ltr'>et</span> <span class='ocrx_word' id='word_1_172' title='bbox 1895 849 1957 878; x_wconf 87' lang='lat' dir='ltr'>Cat.</span> <span class='ocrx_word' id='word_1_173' title='bbox 1978 848 2010 877; x_wconf 89' lang='lat' dir='ltr'>in</span> <span class='ocrx_word' id='word_1_174' title='bbox 2033 857 2161 877; x_wconf 76' lang='lat' dir='ltr'>excursu</span> 
     </span>
     <span class='ocr_line' id='line_1_16' title="bbox 245 890 567 928; baseline 0.003 -10"><span class='ocrx_word' id='word_1_175' title='bbox 245 900 261 918; x_wconf 91' lang='lat' dir='ltr'>e</span> <span class='ocrx_word' id='word_1_176' title='bbox 304 899 336 918; x_wconf 81' lang='lat' dir='ltr'>ac</span> <span class='ocrx_word' id='word_1_177' title='bbox 359 899 390 918; x_wconf 87' lang='lat' dir='ltr'>re</span> <span class='ocrx_word' id='word_1_178' title='bbox 414 890 567 928; x_wconf 66' lang='lat' dir='ltr'>peculiari.</span> 
     </span>
    </p>
   </div>
   <div class='ocr_carea' id='block_1_5' title="bbox 224 930 2167 2244">
    <p class='ocr_par' dir='ltr' id='par_1_5' title="bbox 226 930 2161 1012">
     <span class='ocr_line' id='line_1_17' title="bbox 388 930 2161 975; baseline 0.001 -16"><span class='ocrx_word' id='word_1_179' title='bbox 388 930 608 961; x_wconf 80' lang='lat' dir='ltr'>Insessores.</span> <span class='ocrx_word' id='word_1_180' title='bbox 651 933 842 963; x_wconf 85' lang='lat' dir='ltr'>Insidiatores</span> <span class='ocrx_word' id='word_1_181' title='bbox 866 934 902 963; x_wconf 90' lang='lat' dir='ltr'>ab</span> <span class='ocrx_word' id='word_1_182' title='bbox 925 933 1095 971; x_wconf 77' lang='lat' dir='ltr'>insidend03</span> <span class='ocrx_word' id='word_1_183' title='bbox 1119 932 1244 964; x_wconf 78' lang='lat' dir='ltr'>insidere</span> <span class='ocrx_word' id='word_1_184' title='bbox 1266 939 1309 964; x_wconf 82' lang='lat' dir='ltr'>est</span> <span class='ocrx_word' id='word_1_185' title='bbox 1333 935 1437 965; x_wconf 82' lang='lat' dir='ltr'>dolose</span> <span class='ocrx_word' id='word_1_186' title='bbox 1460 936 1588 975; x_wconf 82' lang='lat' dir='ltr'>aliquem</span> <span class='ocrx_word' id='word_1_187' title='bbox 1612 940 1801 975; x_wconf 84' lang='lat' dir='ltr'>exspectare,</span> <span class='ocrx_word' id='word_1_188' title='bbox 1824 934 1903 963; x_wconf 84' lang='lat' dir='ltr'>unde</span> <span class='ocrx_word' id='word_1_189' title='bbox 1925 933 2048 963; x_wconf 76' lang='lat' dir='ltr'>insidiae</span> <span class='ocrx_word' id='word_1_190' title='bbox 2069 933 2161 962; x_wconf 80' lang='lat' dir='ltr'>Grae·</span> 
     </span>
     <span class='ocr_line' id='line_1_18' title="bbox 226 973 664 1012; baseline 0.007 -10"><span class='ocrx_word' id='word_1_191' title='bbox 226 974 267 1002; x_wconf 92' lang='lat' dir='ltr'>cis</span> <span class='ocrx_word' id='word_1_192' title='bbox 290 973 386 1002; x_wconf 85' lang='lat' dir='ltr'>dictae</span> <span class='ocrx_word' id='word_1_193' title='bbox 409 973 532 1012; x_wconf 79' lang='grc' dir='ltr'>ἐνέδραι.</span> <span class='ocrx_word' id='word_1_194' title='bbox 577 975 629 1004; x_wconf 88' lang='lat' dir='ltr'>Da</span> <span class='ocrx_word' id='word_1_195' title='bbox 640 987 664 1005; x_wconf 91' lang='lat' dir='ltr'>c.</span> 
     </span>
    </p>

    <p class='ocr_par' dir='ltr' id='par_1_6' title="bbox 226 1014 2162 1188">
     <span class='ocr_line' id='line_1_19' title="bbox 388 1014 2160 1059; baseline 0.001 -15"><span class='ocrx_word' id='word_1_196' title='bbox 388 1014 572 1048; x_wconf 85' lang='lat' dir='ltr'>Immanis.</span> <span class='ocrx_word' id='word_1_197' title='bbox 615 1019 737 1058; x_wconf 76' lang='lat' dir='ltr'>Proprie</span> <span class='ocrx_word' id='word_1_198' title='bbox 766 1019 845 1048; x_wconf 79' lang='lat' dir='ltr'>serus</span> <span class='ocrx_word' id='word_1_199' title='bbox 868 1030 884 1049; x_wconf 87' lang='lat' dir='ltr'>a</span> <span class='ocrx_word' id='word_1_200' title='bbox 905 1019 1053 1059; x_wconf 70' lang='lat' dir='ltr'>privativa</span> <span class='ocrx_word' id='word_1_201' title='bbox 1082 1019 1227 1058; x_wconf 55' lang='lat' dir='ltr'>particula</span> <span class='ocrx_word' id='word_1_202' title='bbox 1256 1024 1286 1048; x_wconf 88' lang='lat' dir='ltr'>et</span> <span class='ocrx_word' id='word_1_203' title='bbox 1313 1031 1417 1049; x_wconf 80' lang='lat' dir='ltr'>manus</span> <span class='ocrx_word' id='word_1_204' title='bbox 1445 1020 1507 1049; x_wconf 88' lang='lat' dir='ltr'>sive</span> <span class='ocrx_word' id='word_1_205' title='bbox 1530 1021 1625 1050; x_wconf 84' lang='lat' dir='ltr'>manis</span> <span class='ocrx_word' id='word_1_206' title='bbox 1648 1021 1752 1050; x_wconf 85' lang='lat' dir='ltr'>bonus.</span> <span class='ocrx_word' id='word_1_207' title='bbox 1796 1019 1899 1057; x_wconf 83' lang='lat' dir='ltr'>Virgil.</span> <span class='ocrx_word' id='word_1_208' title='bbox 1923 1017 1987 1058; x_wconf 87' lang='lat' dir='ltr'>(Ge.</span> <span class='ocrx_word' id='word_1_209' title='bbox 2002 1018 2057 1053; x_wconf 88' lang='lat' dir='ltr'>Ill,</span> <span class='ocrx_word' id='word_1_210' title='bbox 2080 1015 2160 1055; x_wconf 85' lang='lat'>39.):</span> 
     </span>
     <span class='ocr_line' id='line_1_20' title="bbox 226 1056 2162 1103; baseline 0.001 -18"><span class='ocrx_word' id='word_1_211' title='bbox 226 1056 442 1098; x_wconf 68' lang='lat' dir='ltr'>Immotumque</span> <span class='ocrx_word' id='word_1_212' title='bbox 463 1066 566 1088; x_wconf 87' lang='lat' dir='ltr'>rotam.</span> <span class='ocrx_word' id='word_1_213' title='bbox 610 1061 668 1089; x_wconf 91' lang='lat' dir='ltr'>Sed</span> <span class='ocrx_word' id='word_1_214' title='bbox 692 1063 818 1091; x_wconf 81' lang='lat' dir='ltr'>sumitur</span> <span class='ocrx_word' id='word_1_215' title='bbox 841 1063 927 1091; x_wconf 86' lang='lat' dir='ltr'>etiam</span> <span class='ocrx_word' id='word_1_216' title='bbox 950 1072 1004 1100; x_wconf 89' lang='lat' dir='ltr'>pro</span> <span class='ocrx_word' id='word_1_217' title='bbox 1028 1072 1144 1099; x_wconf 78' lang='lat' dir='ltr'>magno.</span> <span class='ocrx_word' id='word_1_218' title='bbox 1190 1063 1289 1100; x_wconf 78' lang='lat' dir='ltr'>virgil.</span> <span class='ocrx_word' id='word_1_219' title='bbox 1313 1060 1398 1102; x_wconf 80' lang='lat' dir='ltr'>(Aen.</span> <span class='ocrx_word' id='word_1_220' title='bbox 1417 1064 1461 1099; x_wconf 91' lang='lat' dir='ltr'>X,</span> <span class='ocrx_word' id='word_1_221' title='bbox 1486 1062 1587 1103; x_wconf 78' lang='lat'>209.):</span> <span class='ocrx_word' id='word_1_222' title='bbox 1624 1062 1765 1092; x_wconf 74' lang='lat' dir='ltr'>Immanis</span> <span class='ocrx_word' id='word_1_223' title='bbox 1794 1063 1911 1098; x_wconf 78' lang='lat' dir='ltr'>Triton,</span> <span class='ocrx_word' id='word_1_224' title='bbox 1941 1061 2082 1090; x_wconf 81' lang='lat' dir='ltr'>immania</span> <span class='ocrx_word' id='word_1_225' title='bbox 2104 1069 2162 1086; x_wconf 88' lang='lat' dir='ltr'>ar·-</span> 
     </span>
     <span class='ocr_line' id='line_1_21' title="bbox 226 1100 2162 1144; baseline 0.001 -16"><span class='ocrx_word' id='word_1_226' title='bbox 226 1107 322 1128; x_wconf 81' lang='lat' dir='ltr'>menta</span> <span class='ocrx_word' id='word_1_227' title='bbox 345 1101 410 1137; x_wconf 87' lang='lat' dir='ltr'>(Ge.</span> <span class='ocrx_word' id='word_1_228' title='bbox 432 1101 487 1137; x_wconf 79' lang='lat' dir='ltr'>IV,</span> <span class='ocrx_word' id='word_1_229' title='bbox 509 1103 602 1139; x_wconf 61' lang='lat'>394).</span> <span class='ocrx_word' id='word_1_230' title='bbox 646 1104 695 1131; x_wconf 90' lang='lat' dir='ltr'>Sic</span> <span class='ocrx_word' id='word_1_231' title='bbox 717 1116 831 1141; x_wconf 80' lang='lat' dir='ltr'>saevus,</span> <span class='ocrx_word' id='word_1_232' title='bbox 864 1105 914 1143; x_wconf 89' lang='lat' dir='ltr'>qui</span> <span class='ocrx_word' id='word_1_233' title='bbox 937 1104 1057 1142; x_wconf 76' lang='lat' dir='ltr'>proprie</span> <span class='ocrx_word' id='word_1_234' title='bbox 1081 1103 1211 1132; x_wconf 86' lang='lat' dir='ltr'>crudelis</span> <span class='ocrx_word' id='word_1_235' title='bbox 1234 1115 1290 1143; x_wconf 89' lang='lat' dir='ltr'>pro</span> <span class='ocrx_word' id='word_1_236' title='bbox 1314 1115 1417 1142; x_wconf 77' lang='lat' dir='ltr'>magno</span> <span class='ocrx_word' id='word_1_237' title='bbox 1440 1110 1554 1134; x_wconf 87' lang='lat' dir='ltr'>veteres</span> <span class='ocrx_word' id='word_1_238' title='bbox 1578 1110 1769 1144; x_wconf 86' lang='lat' dir='ltr'>usurparunt.</span> <span class='ocrx_word' id='word_1_239' title='bbox 1815 1104 1933 1142; x_wconf 69' lang='lat' dir='ltr'>virgitz</span> <span class='ocrx_word' id='word_1_240' title='bbox 1966 1102 2077 1132; x_wconf 81' lang='lat' dir='ltr'>Saevus</span> <span class='ocrx_word' id='word_1_241' title='bbox 2098 1100 2162 1130; x_wconf 73' lang='lat' dir='ltr'>Ae-</span> 
     </span>
     <span class='ocr_line' id='line_1_22' title="bbox 226 1141 1824 1188; baseline 0.004 -18"><span class='ocrx_word' id='word_1_242' title='bbox 226 1153 295 1171; x_wconf 85' lang='lat' dir='ltr'>neas</span> <span class='ocrx_word' id='word_1_243' title='bbox 318 1141 401 1181; x_wconf 77' lang='lat' dir='ltr'>(Aen.</span> <span class='ocrx_word' id='word_1_244' title='bbox 418 1143 491 1180; x_wconf 86' lang='lat' dir='ltr'>XII,</span> <span class='ocrx_word' id='word_1_245' title='bbox 519 1144 599 1184; x_wconf 88' lang='lat'>107.)</span> <span class='ocrx_word' id='word_1_246' title='bbox 624 1144 733 1175; x_wconf 77' lang='lat' dir='ltr'>Saevus</span> <span class='ocrx_word' id='word_1_247' title='bbox 756 1146 869 1176; x_wconf 81' lang='lat' dir='ltr'>Hector</span> <span class='ocrx_word' id='word_1_248' title='bbox 891 1146 966 1185; x_wconf 85' lang='lat' dir='ltr'>(Cul.</span> <span class='ocrx_word' id='word_1_249' title='bbox 984 1146 1078 1185; x_wconf 85' lang='lat'>307.).</span> <span class='ocrx_word' id='word_1_250' title='bbox 1123 1147 1252 1176; x_wconf 83' lang='lat' dir='ltr'>Ennius:</span> <span class='ocrx_word' id='word_1_251' title='bbox 1285 1146 1395 1176; x_wconf 82' lang='lat' dir='ltr'>Induta</span> <span class='ocrx_word' id='word_1_252' title='bbox 1414 1146 1477 1188; x_wconf 78' lang='lat' dir='ltr'>fuit</span> <span class='ocrx_word' id='word_1_253' title='bbox 1498 1159 1585 1176; x_wconf 83' lang='lat' dir='ltr'>saeva</span> <span class='ocrx_word' id='word_1_254' title='bbox 1606 1147 1691 1177; x_wconf 76' lang='lat' dir='ltr'>stola.</span> <span class='ocrx_word' id='word_1_255' title='bbox 1736 1147 1824 1177; x_wconf 84' lang='lat' dir='ltr'>Dae.</span> 
     </span>
    </p>

    <p class='ocr_par' dir='ltr' id='par_1_7' title="bbox 228 1183 2163 1270">
     <span class='ocr_line' id='line_1_23' title="bbox 389 1183 2163 1227; baseline 0.001 -14"><span class='ocrx_word' id='word_1_256' title='bbox 389 1183 530 1225; x_wconf 78' lang='lat' dir='ltr'>Imago.</span> <span class='ocrx_word' id='word_1_257' title='bbox 576 1188 716 1225; x_wconf 74' lang='lat' dir='ltr'>ImitagO,</span> <span class='ocrx_word' id='word_1_258' title='bbox 737 1189 842 1227; x_wconf 81' lang='lat' dir='ltr'>imago.</span> <span class='ocrx_word' id='word_1_259' title='bbox 866 1189 953 1219; x_wconf 87' lang='lat' dir='ltr'>Dac.</span> <span class='ocrx_word' id='word_1_260' title='bbox 998 1188 1049 1218; x_wconf 75' lang='lat' dir='ltr'>Ab</span> <span class='ocrx_word' id='word_1_261' title='bbox 1073 1189 1254 1227; x_wconf 73' lang='lat' dir='ltr'>irnitation25</span> <span class='ocrx_word' id='word_1_262' title='bbox 1284 1190 1321 1217; x_wconf 92' lang='lat' dir='ltr'>ob</span> <span class='ocrx_word' id='word_1_263' title='bbox 1344 1190 1551 1220; x_wconf 85' lang='lat' dir='ltr'>imitationem.</span> <span class='ocrx_word' id='word_1_264' title='bbox 1596 1191 1660 1219; x_wconf 85' lang='lat' dir='ltr'>Non</span> <span class='ocrx_word' id='word_1_265' title='bbox 1683 1194 1797 1219; x_wconf 81' lang='lat' dir='ltr'>tantum</span> <span class='ocrx_word' id='word_1_266' title='bbox 1820 1194 1918 1218; x_wconf 81' lang='lat' dir='ltr'>autem</span> <span class='ocrx_word' id='word_1_267' title='bbox 1940 1188 2035 1226; x_wconf 85' lang='lat' dir='ltr'>imago</span> <span class='ocrx_word' id='word_1_268' title='bbox 2058 1185 2163 1217; x_wconf 81' lang='lat' dir='ltr'>simili-</span> 
     </span>
     <span class='ocr_line' id='line_1_24' title="bbox 228 1226 1507 1270; baseline 0.005 -16"><span class='ocrx_word' id='word_1_269' title='bbox 228 1226 317 1263; x_wconf 87' lang='lat' dir='ltr'>tudo,</span> <span class='ocrx_word' id='word_1_270' title='bbox 341 1227 394 1255; x_wconf 88' lang='lat' dir='ltr'>sed</span> <span class='ocrx_word' id='word_1_271' title='bbox 417 1232 445 1256; x_wconf 87' lang='lat' dir='ltr'>et</span> <span class='ocrx_word' id='word_1_272' title='bbox 467 1229 580 1266; x_wconf 82' lang='lat' dir='ltr'>vagina.</span> <span class='ocrx_word' id='word_1_273' title='bbox 627 1230 700 1259; x_wconf 85' lang='lat' dir='ltr'>Vide</span> <span class='ocrx_word' id='word_1_274' title='bbox 723 1231 850 1260; x_wconf 89' lang='lat' dir='ltr'>Nonium</span> <span class='ocrx_word' id='word_1_275' title='bbox 874 1233 952 1270; x_wconf 80' lang='lat' dir='ltr'>(pag.</span> <span class='ocrx_word' id='word_1_276' title='bbox 966 1233 1037 1262; x_wconf 79' lang='lat'>329.</span> <span class='ocrx_word' id='word_1_277' title='bbox 1063 1231 1166 1268; x_wconf 83' lang='lat' dir='ltr'>Merc.)</span> <span class='ocrx_word' id='word_1_278' title='bbox 1188 1233 1217 1260; x_wconf 91' lang='lat' dir='ltr'>in</span> <span class='ocrx_word' id='word_1_279' title='bbox 1242 1230 1354 1270; x_wconf 74' lang='lat' dir='ltr'>Imago,</span> <span class='ocrx_word' id='word_1_280' title='bbox 1402 1230 1507 1262; x_wconf 75' lang='lat' dir='ltr'>Goth.</span> 
     </span>
    </p>

    <p class='ocr_par' dir='ltr' id='par_1_8' title="bbox 390 1267 1937 1315">
     <span class='ocr_line' id='line_1_25' title="bbox 390 1267 1937 1315; baseline 0.003 -17"><span class='ocrx_word' id='word_1_281' title='bbox 390 1267 597 1309; x_wconf 73' lang='lat' dir='ltr'>Ingluvies.</span> <span class='ocrx_word' id='word_1_282' title='bbox 642 1273 718 1311; x_wconf 77' lang='lat' dir='ltr'>Lego</span> <span class='ocrx_word' id='word_1_283' title='bbox 738 1281 852 1313; x_wconf 76' lang='lat' dir='ltr'>guttur,</span> <span class='ocrx_word' id='word_1_284' title='bbox 879 1272 1001 1313; x_wconf 77' lang='lat' dir='ltr'>gluttus.</span> <span class='ocrx_word' id='word_1_285' title='bbox 1047 1273 1246 1303; x_wconf 79' lang='lat' dir='ltr'>Glossarium:</span> <span class='ocrx_word' id='word_1_286' title='bbox 1280 1273 1411 1310; x_wconf 85' lang='lat' dir='ltr'>Gluttus,</span> <span class='ocrx_word' id='word_1_287' title='bbox 1441 1272 1575 1315; x_wconf 76' lang='grc' dir='ltr'>βρόγχος.</span> <span class='ocrx_word' id='word_1_288' title='bbox 1620 1276 1738 1304; x_wconf 84' lang='lat' dir='ltr'>Persius</span> <span class='ocrx_word' id='word_1_289' title='bbox 1760 1274 1813 1313; x_wconf 74' lang='lat' dir='ltr'>(Vi</span> <span class='ocrx_word' id='word_1_290' title='bbox 1840 1272 1937 1312; x_wconf 80' lang='lat'>112.):</span> 
     </span>
    </p>

    <p class='ocr_par' dir='ltr' id='par_1_9' title="bbox 224 1315 2163 1567">
     <span class='ocr_line' id='line_1_26' title="bbox 839 1315 1536 1355; baseline 0.001 -11"><span class='ocrx_word' id='word_1_291' title='bbox 839 1315 900 1344; x_wconf 87' lang='lat' dir='ltr'>Nec</span> <span class='ocrx_word' id='word_1_292' title='bbox 920 1315 1016 1355; x_wconf 75' lang='lat' dir='ltr'>glutto</span> <span class='ocrx_word' id='word_1_293' title='bbox 1037 1316 1150 1346; x_wconf 82' lang='lat' dir='ltr'>sorbere</span> <span class='ocrx_word' id='word_1_294' title='bbox 1171 1315 1294 1346; x_wconf 85' lang='lat' dir='ltr'>saliuam</span> <span class='ocrx_word' id='word_1_295' title='bbox 1319 1315 1536 1346; x_wconf 82' lang='lat' dir='ltr'>Mercurialem.</span> 
     </span>
     <span class='ocr_line' id='line_1_27' title="bbox 229 1350 2162 1398; baseline 0.001 -16"><span class='ocrx_word' id='word_1_296' title='bbox 229 1350 330 1384; x_wconf 81' lang='lat' dir='ltr'>Scal.</span> <span class='ocrx_word' id='word_1_297' title='bbox 368 1351 522 1392; x_wconf 77' lang='lat' dir='ltr'>Ingluvies.</span> <span class='ocrx_word' id='word_1_298' title='bbox 559 1355 728 1394; x_wconf 80' lang='lat' dir='ltr'>voracitas,</span> <span class='ocrx_word' id='word_1_299' title='bbox 752 1354 924 1398; x_wconf 59' lang='grc' dir='ltr'><em>ἀδηφαγίαν</em></span> <span class='ocrx_word' id='word_1_300' title='bbox 949 1359 1055 1386; x_wconf 83' lang='lat' dir='ltr'>Graeci</span> <span class='ocrx_word' id='word_1_301' title='bbox 1078 1363 1203 1395; x_wconf 79' lang='lat' dir='ltr'>vocant,</span> <span class='ocrx_word' id='word_1_302' title='bbox 1226 1369 1241 1386; x_wconf 89' lang='lat' dir='ltr'>a</span> <span class='ocrx_word' id='word_1_303' title='bbox 1262 1357 1348 1397; x_wconf 76' lang='lat' dir='ltr'>gula,</span> <span class='ocrx_word' id='word_1_304' title='bbox 1374 1359 1459 1397; x_wconf 84' lang='lat' dir='ltr'>quasi</span> <span class='ocrx_word' id='word_1_305' title='bbox 1480 1357 1650 1397; x_wconf 75' lang='lat' dir='ltr'>iugulavies.</span> <span class='ocrx_word' id='word_1_306' title='bbox 1695 1358 1778 1387; x_wconf 86' lang='lat' dir='ltr'>Unde</span> <span class='ocrx_word' id='word_1_307' title='bbox 1797 1356 1885 1397; x_wconf 81' lang='lat' dir='ltr'>gulo,</span> <span class='ocrx_word' id='word_1_308' title='bbox 1907 1355 2036 1396; x_wconf 64' lang='lat' dir='ltr'>gluttu-2,</span> <span class='ocrx_word' id='word_1_309' title='bbox 2055 1354 2162 1395; x_wconf 76' lang='lat' dir='ltr'>glutto,</span> 
     </span>
     <span class='ocr_line' id='line_1_28' title="bbox 224 1395 2163 1440; baseline 0.003 -19"><span class='ocrx_word' id='word_1_310' title='bbox 224 1401 340 1434; x_wconf 76' lang='lat' dir='ltr'>guttur,</span> <span class='ocrx_word' id='word_1_311' title='bbox 373 1397 561 1434; x_wconf 75' lang='lat' dir='ltr'>gutturiosus.</span> <span class='ocrx_word' id='word_1_312' title='bbox 609 1397 715 1428; x_wconf 82' lang='lat' dir='ltr'>Gumia</span> <span class='ocrx_word' id='word_1_313' title='bbox 738 1410 809 1429; x_wconf 85' lang='lat' dir='ltr'>vero</span> <span class='ocrx_word' id='word_1_314' title='bbox 832 1411 891 1429; x_wconf 83' lang='lat' dir='ltr'>non</span> <span class='ocrx_word' id='word_1_315' title='bbox 916 1412 929 1430; x_wconf 77' lang='lat' dir='ltr'>a</span> <span class='ocrx_word' id='word_1_316' title='bbox 950 1399 1038 1440; x_wconf 75' lang='lat' dir='ltr'>gula,</span> <span class='ocrx_word' id='word_1_317' title='bbox 1069 1406 1103 1429; x_wconf 91' lang='lat' dir='ltr'>ut</span> <span class='ocrx_word' id='word_1_318' title='bbox 1124 1402 1190 1429; x_wconf 86' lang='lat' dir='ltr'>vult</span> <span class='ocrx_word' id='word_1_319' title='bbox 1211 1401 1327 1435; x_wconf 73' lang='lat' dir='ltr'>festus,</span> <span class='ocrx_word' id='word_1_320' title='bbox 1360 1401 1412 1429; x_wconf 86' lang='lat' dir='ltr'>sed</span> <span class='ocrx_word' id='word_1_321' title='bbox 1435 1412 1450 1429; x_wconf 90' lang='lat' dir='ltr'>a</span> <span class='ocrx_word' id='word_1_322' title='bbox 1472 1402 1586 1429; x_wconf 89' lang='lat' dir='ltr'>Graeco</span> <span class='ocrx_word' id='word_1_323' title='bbox 1609 1399 1715 1440; x_wconf 75' lang='grc' dir='ltr'><em>γάμος,</em></span> <span class='ocrx_word' id='word_1_324' title='bbox 1747 1401 1826 1439; x_wconf 88' lang='lat' dir='ltr'>quod</span> <span class='ocrx_word' id='word_1_325' title='bbox 1852 1399 1996 1438; x_wconf 76' lang='lat' dir='ltr'>significat</span> <span class='ocrx_word' id='word_1_326' title='bbox 2017 1395 2163 1435; x_wconf 73' lang='grc' dir='ltr'><strong><em>πλήρωμα</em></strong></span> 
     </span>
     <span class='ocr_line' id='line_1_29' title="bbox 226 1434 2162 1482; baseline 0.002 -16"><span class='ocrx_word' id='word_1_327' title='bbox 226 1439 281 1475; x_wconf 72' lang='grc' dir='ltr'>τῇς</span> <span class='ocrx_word' id='word_1_328' title='bbox 302 1434 393 1474; x_wconf 71' lang='grc' dir='ltr'><strong><em>νεώς,</em></strong></span> <span class='ocrx_word' id='word_1_329' title='bbox 430 1438 511 1477; x_wconf 78' lang='grc' dir='ltr'><strong>ἕρμα.</strong></span> <span class='ocrx_word' id='word_1_330' title='bbox 556 1441 713 1473; x_wconf 80' lang='lat' dir='ltr'>Saburram</span> <span class='ocrx_word' id='word_1_331' title='bbox 737 1443 831 1472; x_wconf 76' lang='lat' dir='ltr'>Latini</span> <span class='ocrx_word' id='word_1_332' title='bbox 861 1448 987 1479; x_wconf 84' lang='lat' dir='ltr'>vocant,</span> <span class='ocrx_word' id='word_1_333' title='bbox 1024 1444 1135 1482; x_wconf 90' lang='lat' dir='ltr'>quique</span> <span class='ocrx_word' id='word_1_334' title='bbox 1157 1453 1188 1471; x_wconf 89' lang='lat' dir='ltr'>se</span> <span class='ocrx_word' id='word_1_335' title='bbox 1210 1443 1276 1471; x_wconf 88' lang='lat' dir='ltr'>cibo</span> <span class='ocrx_word' id='word_1_336' title='bbox 1300 1443 1385 1471; x_wconf 86' lang='lat' dir='ltr'>nimis</span> <span class='ocrx_word' id='word_1_337' title='bbox 1408 1443 1637 1481; x_wconf 77' lang='lat' dir='ltr'>ingurgitarent,</span> <span class='ocrx_word' id='word_1_338' title='bbox 1672 1444 1713 1471; x_wconf 85' lang='lat' dir='ltr'>ita</span> <span class='ocrx_word' id='word_1_339' title='bbox 1737 1443 1810 1471; x_wconf 79' lang='lat' dir='ltr'>dicti</span> <span class='ocrx_word' id='word_1_340' title='bbox 1832 1442 1867 1471; x_wconf 89' lang='lat' dir='ltr'>ab</span> <span class='ocrx_word' id='word_1_341' title='bbox 1890 1452 1943 1478; x_wconf 86' lang='lat' dir='ltr'>eo,</span> <span class='ocrx_word' id='word_1_342' title='bbox 1977 1446 2010 1470; x_wconf 79' lang='lat' dir='ltr'>ut</span> <span class='ocrx_word' id='word_1_343' title='bbox 2032 1446 2058 1469; x_wconf 85' lang='lat' dir='ltr'>et</span> <span class='ocrx_word' id='word_1_344' title='bbox 2082 1438 2162 1478; x_wconf 83' lang='lat' dir='ltr'>apud</span> 
     </span>
     <span class='ocr_line' id='line_1_30' title="bbox 227 1479 2162 1525; baseline 0.001 -17"><span class='ocrx_word' id='word_1_345' title='bbox 227 1479 362 1508; x_wconf 88' lang='lat' dir='ltr'>Plautum</span> <span class='ocrx_word' id='word_1_346' title='bbox 386 1485 502 1512; x_wconf 82' lang='lat' dir='ltr'>saturae</span> <span class='ocrx_word' id='word_1_347' title='bbox 525 1484 661 1513; x_wconf 83' lang='lat' dir='ltr'>mulieres</span> <span class='ocrx_word' id='word_1_348' title='bbox 686 1495 702 1512; x_wconf 88' lang='lat' dir='ltr'>a</span> <span class='ocrx_word' id='word_1_349' title='bbox 723 1484 847 1515; x_wconf 82' lang='lat' dir='ltr'>saburra</span> <span class='ocrx_word' id='word_1_350' title='bbox 875 1485 1050 1514; x_wconf 75' lang='lat' dir='ltr'>saburratae</span> <span class='ocrx_word' id='word_1_351' title='bbox 1073 1491 1228 1516; x_wconf 66' lang='lat' dir='ltr'>vocantur.</span> <span class='ocrx_word' id='word_1_352' title='bbox 1273 1486 1307 1514; x_wconf 90' lang='lat' dir='ltr'>In</span> <span class='ocrx_word' id='word_1_353' title='bbox 1330 1485 1428 1514; x_wconf 84' lang='lat' dir='ltr'>verbis</span> <span class='ocrx_word' id='word_1_354' title='bbox 1449 1486 1526 1514; x_wconf 81' lang='lat' dir='ltr'>Festi</span> <span class='ocrx_word' id='word_1_355' title='bbox 1549 1496 1603 1525; x_wconf 85' lang='lat' dir='ltr'>pro</span> <span class='ocrx_word' id='word_1_356' title='bbox 1624 1493 1722 1524; x_wconf 76' lang='lat' dir='ltr'>guttas</span> <span class='ocrx_word' id='word_1_357' title='bbox 1745 1486 1807 1523; x_wconf 85' lang='lat' dir='ltr'>lege</span> <span class='ocrx_word' id='word_1_358' title='bbox 1826 1483 1954 1524; x_wconf 77' lang='lat' dir='ltr'>gluttus,</span> <span class='ocrx_word' id='word_1_359' title='bbox 1992 1493 2062 1523; x_wconf 83' lang='lat' dir='ltr'>pars</span> <span class='ocrx_word' id='word_1_360' title='bbox 2082 1481 2162 1518; x_wconf 86' lang='lat' dir='ltr'>colli,</span> 
     </span>
     <span class='ocr_line' id='line_1_31' title="bbox 227 1522 2098 1567; baseline 0.002 -17"><span class='ocrx_word' id='word_1_361' title='bbox 227 1531 285 1559; x_wconf 90' lang='lat' dir='ltr'>qua</span> <span class='ocrx_word' id='word_1_362' title='bbox 309 1522 392 1551; x_wconf 87' lang='lat' dir='ltr'>cibus</span> <span class='ocrx_word' id='word_1_363' title='bbox 414 1526 636 1555; x_wconf 75' lang='lat' dir='ltr'>transmittitur.</span> <span class='ocrx_word' id='word_1_364' title='bbox 660 1526 745 1555; x_wconf 88' lang='lat' dir='ltr'>Dac.</span> <span class='ocrx_word' id='word_1_365' title='bbox 789 1526 919 1556; x_wconf 84' lang='lat' dir='ltr'>Grumia.</span> <span class='ocrx_word' id='word_1_366' title='bbox 960 1528 1025 1555; x_wconf 82' lang='lat' dir='ltr'>Dixi</span> <span class='ocrx_word' id='word_1_367' title='bbox 1049 1527 1086 1555; x_wconf 86' lang='lat' dir='ltr'>ad</span> <span class='ocrx_word' id='word_1_368' title='bbox 1108 1528 1234 1556; x_wconf 87' lang='lat' dir='ltr'>Nonium</span> <span class='ocrx_word' id='word_1_369' title='bbox 1254 1530 1283 1558; x_wconf 81' lang='lat'>2.</span> <span class='ocrx_word' id='word_1_370' title='bbox 1308 1538 1431 1556; x_wconf 89' lang='lat' dir='ltr'>numero</span> <span class='ocrx_word' id='word_1_371' title='bbox 1451 1530 1523 1559; x_wconf 82' lang='lat'>377.</span> <span class='ocrx_word' id='word_1_372' title='bbox 1563 1528 1648 1556; x_wconf 82' lang='lat' dir='ltr'>Adde</span> <span class='ocrx_word' id='word_1_373' title='bbox 1671 1538 1763 1567; x_wconf 88' lang='lat' dir='ltr'>supra</span> <span class='ocrx_word' id='word_1_374' title='bbox 1787 1528 1947 1566; x_wconf 77' lang='lat' dir='ltr'>Degunare.</span> <span class='ocrx_word' id='word_1_375' title='bbox 1993 1524 2098 1556; x_wconf 75' lang='lat' dir='ltr'>Goth.</span> 
     </span>
    </p>

    <p class='ocr_par' dir='ltr' id='par_1_10' title="bbox 227 1563 2167 2108">
     <span class='ocr_line' id='line_1_32' title="bbox 390 1563 2162 1607; baseline -0.002 -10"><span class='ocrx_word' id='word_1_376' title='bbox 390 1563 618 1597; x_wconf 73' lang='lat' dir='ltr'>Immusulus.</span> <span class='ocrx_word' id='word_1_377' title='bbox 651 1567 852 1598; x_wconf 78' lang='lat' dir='ltr'>Immusculus.</span> <span class='ocrx_word' id='word_1_378' title='bbox 882 1569 991 1601; x_wconf 81' lang='lat' dir='ltr'>Eadem</span> <span class='ocrx_word' id='word_1_379' title='bbox 1016 1569 1079 1597; x_wconf 81' lang='lat' dir='ltr'>avis</span> <span class='ocrx_word' id='word_1_380' title='bbox 1100 1568 1300 1605; x_wconf 62' lang='lat' dir='ltr'>immussulus,</span> <span class='ocrx_word' id='word_1_381' title='bbox 1324 1570 1352 1598; x_wconf 92' lang='lat' dir='ltr'>ui</span> <span class='ocrx_word' id='word_1_382' title='bbox 1370 1570 1475 1605; x_wconf 80' lang='lat' dir='ltr'>fallor,</span> <span class='ocrx_word' id='word_1_383' title='bbox 1497 1579 1567 1598; x_wconf 82' lang='lat' dir='ltr'>mox</span> <span class='ocrx_word' id='word_1_384' title='bbox 1590 1570 1714 1607; x_wconf 88' lang='lat' dir='ltr'>dicitur,</span> <span class='ocrx_word' id='word_1_385' title='bbox 1736 1570 1773 1599; x_wconf 86' lang='lat' dir='ltr'>de</span> <span class='ocrx_word' id='word_1_386' title='bbox 1796 1570 1898 1598; x_wconf 82' lang='lat' dir='ltr'>eadem</span> <span class='ocrx_word' id='word_1_387' title='bbox 1919 1568 2048 1598; x_wconf 62' lang='lat' dir='ltr'>xvidimus</span> <span class='ocrx_word' id='word_1_388' title='bbox 2071 1565 2162 1596; x_wconf 83' lang='lat' dir='ltr'>verbo</span> 
     </span>
     <span class='ocr_line' id='line_1_33' title="bbox 227 1603 2163 1651; baseline 0.004 -18"><span class='ocrx_word' id='word_1_389' title='bbox 227 1603 334 1636; x_wconf 70' lang='lat' dir='ltr'>Alius.</span> <span class='ocrx_word' id='word_1_390' title='bbox 379 1608 492 1637; x_wconf 87' lang='lat' dir='ltr'>Plinius</span> <span class='ocrx_word' id='word_1_391' title='bbox 519 1610 723 1639; x_wconf 85' lang='lat' dir='ltr'>immusculum</span> <span class='ocrx_word' id='word_1_392' title='bbox 751 1616 838 1639; x_wconf 87' lang='lat' dir='ltr'>vocat</span> <span class='ocrx_word' id='word_1_393' title='bbox 861 1612 912 1640; x_wconf 91' lang='lat' dir='ltr'>lib.</span> <span class='ocrx_word' id='word_1_394' title='bbox 925 1612 963 1640; x_wconf 82' lang='lat' dir='ltr'>X.</span> <span class='ocrx_word' id='word_1_395' title='bbox 986 1621 1051 1650; x_wconf 85' lang='lat' dir='ltr'>cap.</span> <span class='ocrx_word' id='word_1_396' title='bbox 1065 1614 1094 1642; x_wconf 86' lang='lat'>7.</span> <span class='ocrx_word' id='word_1_397' title='bbox 1123 1611 1211 1640; x_wconf 82' lang='lat' dir='ltr'>Ant.</span> <span class='ocrx_word' id='word_1_398' title='bbox 1233 1611 1331 1650; x_wconf 75' lang='lat' dir='ltr'>Aug.</span> <span class='ocrx_word' id='word_1_399' title='bbox 1376 1612 1574 1640; x_wconf 81' lang='lat' dir='ltr'>Glossarium:</span> <span class='ocrx_word' id='word_1_400' title='bbox 1614 1611 1792 1641; x_wconf 83' lang='lat' dir='ltr'>lmmusulus</span> <span class='ocrx_word' id='word_1_401' title='bbox 1820 1610 1901 1647; x_wconf 80' lang='grc' dir='ltr'><strong><em>εἶδος</em></strong></span> <span class='ocrx_word' id='word_1_402' title='bbox 1922 1607 2040 1651; x_wconf 80' lang='grc' dir='ltr'><em>ὄρνὲου.</em></span> <span class='ocrx_word' id='word_1_403' title='bbox 2083 1609 2163 1641; x_wconf 76' lang='lat' dir='ltr'>[nfra</span> 
     </span>
     <span class='ocr_line' id='line_1_34' title="bbox 228 1645 2164 1695; baseline 0.003 -20"><span class='ocrx_word' id='word_1_404' title='bbox 228 1645 423 1695; x_wconf 81' lang='lat' dir='ltr'>Immustulus.</span> <span class='ocrx_word' id='word_1_405' title='bbox 469 1651 667 1680; x_wconf 84' lang='lat' dir='ltr'>Glossarium:</span> <span class='ocrx_word' id='word_1_406' title='bbox 693 1651 901 1690; x_wconf 63' lang='lat' dir='ltr'>Immundus,</span> <span class='ocrx_word' id='word_1_407' title='bbox 925 1651 1033 1691; x_wconf 78' lang='grc' dir='ltr'><strong><em>ὅριέον</em></strong></span> <span class='ocrx_word' id='word_1_408' title='bbox 1056 1651 1229 1693; x_wconf 64' lang='grc' dir='ltr'>βασιλικὸν,</span> <span class='ocrx_word' id='word_1_409' title='bbox 1253 1651 1336 1692; x_wconf 78' lang='grc' dir='ltr'><strong>ὅρνις</strong></span> <span class='ocrx_word' id='word_1_410' title='bbox 1358 1652 1520 1694; x_wconf 78' lang='grc' dir='ltr'><strong>βασιλικός.</strong></span> <span class='ocrx_word' id='word_1_411' title='bbox 1543 1653 1647 1683; x_wconf 79' lang='lat' dir='ltr'>Scal.</span> <span class='ocrx_word' id='word_1_412' title='bbox 1694 1654 1748 1683; x_wconf 76' lang='lat' dir='ltr'>Hic</span> <span class='ocrx_word' id='word_1_413' title='bbox 1770 1655 1873 1683; x_wconf 70' lang='lat' dir='ltr'>&#39;Festus</span> <span class='ocrx_word' id='word_1_414' title='bbox 1893 1654 2045 1683; x_wconf 83' lang='lat' dir='ltr'>diversum</span> <span class='ocrx_word' id='word_1_415' title='bbox 2067 1653 2164 1681; x_wconf 80' lang='lat' dir='ltr'>facere</span> 
     </span>
     <span class='ocr_line' id='line_1_35' title="bbox 228 1690 2165 1735; baseline 0.003 -17"><span class='ocrx_word' id='word_1_416' title='bbox 228 1690 348 1719; x_wconf 78' lang='lat' dir='ltr'>videtur</span> <span class='ocrx_word' id='word_1_417' title='bbox 369 1692 557 1722; x_wconf 82' lang='lat' dir='ltr'>immusculus</span> <span class='ocrx_word' id='word_1_418' title='bbox 579 1700 606 1723; x_wconf 86' lang='lat' dir='ltr'>et</span> <span class='ocrx_word' id='word_1_419' title='bbox 628 1694 827 1729; x_wconf 65' lang='lat' dir='ltr'>immundus,</span> <span class='ocrx_word' id='word_1_420' title='bbox 868 1696 948 1734; x_wconf 89' lang='lat' dir='ltr'>quod</span> <span class='ocrx_word' id='word_1_421' title='bbox 971 1706 1062 1724; x_wconf 89' lang='lat' dir='ltr'>unum</span> <span class='ocrx_word' id='word_1_422' title='bbox 1085 1701 1114 1726; x_wconf 72' lang='lat' dir='ltr'>et</span> <span class='ocrx_word' id='word_1_423' title='bbox 1135 1696 1212 1724; x_wconf 85' lang='lat' dir='ltr'>idem</span> <span class='ocrx_word' id='word_1_424' title='bbox 1235 1703 1296 1733; x_wconf 85' lang='lat' dir='ltr'>est,</span> <span class='ocrx_word' id='word_1_425' title='bbox 1333 1707 1440 1735; x_wconf 67' lang='lat' dir='ltr'>nempe</span> <span class='ocrx_word' id='word_1_426' title='bbox 1468 1696 1584 1734; x_wconf 86' lang='lat' dir='ltr'>aquilae</span> <span class='ocrx_word' id='word_1_427' title='bbox 1612 1707 1711 1734; x_wconf 69' lang='lat' dir='ltr'>genus,</span> <span class='ocrx_word' id='word_1_428' title='bbox 1756 1696 1813 1725; x_wconf 85' lang='lat' dir='ltr'>Sed</span> <span class='ocrx_word' id='word_1_429' title='bbox 1839 1696 1910 1725; x_wconf 80' lang='lat' dir='ltr'>haec</span> <span class='ocrx_word' id='word_1_430' title='bbox 1935 1706 1993 1724; x_wconf 83' lang='lat' dir='ltr'>vox</span> <span class='ocrx_word' id='word_1_431' title='bbox 2015 1695 2165 1724; x_wconf 82' lang='lat' dir='ltr'>totfariam</span> 
     </span>
     <span class='ocr_line' id='line_1_36' title="bbox 230 1731 2165 1778; baseline 0.004 -18"><span class='ocrx_word' id='word_1_432' title='bbox 230 1731 299 1767; x_wconf 82' lang='lat' dir='ltr'>(tam</span> <span class='ocrx_word' id='word_1_433' title='bbox 321 1733 415 1772; x_wconf 82' lang='lat' dir='ltr'>varie)</span> <span class='ocrx_word' id='word_1_434' title='bbox 438 1736 551 1775; x_wconf 83' lang='lat' dir='ltr'>scripta</span> <span class='ocrx_word' id='word_1_435' title='bbox 575 1737 700 1775; x_wconf 83' lang='lat' dir='ltr'>legitur,</span> <span class='ocrx_word' id='word_1_436' title='bbox 729 1743 761 1766; x_wconf 93' lang='lat' dir='ltr'>ut</span> <span class='ocrx_word' id='word_1_437' title='bbox 783 1738 904 1767; x_wconf 83' lang='lat' dir='ltr'>difficile</span> <span class='ocrx_word' id='word_1_438' title='bbox 927 1739 966 1767; x_wconf 90' lang='lat' dir='ltr'>sit</span> <span class='ocrx_word' id='word_1_439' title='bbox 987 1749 1086 1767; x_wconf 85' lang='lat' dir='ltr'>veram</span> <span class='ocrx_word' id='word_1_440' title='bbox 1109 1739 1172 1768; x_wconf 84' lang='lat' dir='ltr'>eius</span> <span class='ocrx_word' id='word_1_441' title='bbox 1194 1738 1372 1777; x_wconf 82' lang='lat' dir='ltr'>scripturam</span> <span class='ocrx_word' id='word_1_442' title='bbox 1394 1739 1580 1777; x_wconf 69' lang='lat' dir='ltr'>investigare.</span> <span class='ocrx_word' id='word_1_443' title='bbox 1625 1740 1758 1778; x_wconf 83' lang='lat' dir='ltr'>Apparet</span> <span class='ocrx_word' id='word_1_444' title='bbox 1779 1739 1857 1768; x_wconf 84' lang='lat' dir='ltr'>enim</span> <span class='ocrx_word' id='word_1_445' title='bbox 1879 1737 2080 1774; x_wconf 78' lang='lat' dir='ltr'>immussulus,</span> <span class='ocrx_word' id='word_1_446' title='bbox 2107 1738 2165 1766; x_wconf 77' lang='lat' dir='ltr'>im—</span> 
     </span>
     <span class='ocr_line' id='line_1_37' title="bbox 230 1774 2165 1822; baseline 0.004 -20"><span class='ocrx_word' id='word_1_447' title='bbox 230 1774 390 1822; x_wconf 70' lang='lat' dir='ltr'>museulus,</span> <span class='ocrx_word' id='word_1_448' title='bbox 413 1777 614 1815; x_wconf 63' lang='lat' dir='ltr'>immundus,</span> <span class='ocrx_word' id='word_1_449' title='bbox 636 1778 830 1816; x_wconf 80' lang='lat' dir='ltr'>immissulus,</span> <span class='ocrx_word' id='word_1_450' title='bbox 853 1780 1049 1817; x_wconf 86' lang='lat' dir='ltr'>immisculus,</span> <span class='ocrx_word' id='word_1_451' title='bbox 1073 1780 1256 1811; x_wconf 83' lang='lat' dir='ltr'>immistulus.</span> <span class='ocrx_word' id='word_1_452' title='bbox 1300 1782 1423 1810; x_wconf 83' lang='lat' dir='ltr'>Rectum</span> <span class='ocrx_word' id='word_1_453' title='bbox 1448 1786 1520 1820; x_wconf 87' lang='lat' dir='ltr'>puto</span> <span class='ocrx_word' id='word_1_454' title='bbox 1544 1780 1737 1810; x_wconf 83' lang='lat' dir='ltr'>Immussulus</span> <span class='ocrx_word' id='word_1_455' title='bbox 1759 1782 1820 1811; x_wconf 86' lang='lat' dir='ltr'>sive</span> <span class='ocrx_word' id='word_1_456' title='bbox 1843 1782 1880 1810; x_wconf 89' lang='lat' dir='ltr'>sit</span> <span class='ocrx_word' id='word_1_457' title='bbox 1902 1792 1956 1820; x_wconf 88' lang='lat' dir='ltr'>pro</span> <span class='ocrx_word' id='word_1_458' title='bbox 1979 1779 2165 1810; x_wconf 79' lang='lat' dir='ltr'>immissulus.</span> 
     </span>
     <span class='ocr_line' id='line_1_38' title="bbox 232 1815 2166 1861; baseline 0.004 -18"><span class='ocrx_word' id='word_1_459' title='bbox 232 1815 274 1843; x_wconf 77' lang='lat' dir='ltr'>Ab</span> <span class='ocrx_word' id='word_1_460' title='bbox 297 1819 420 1847; x_wconf 83' lang='lat' dir='ltr'>immitto</span> <span class='ocrx_word' id='word_1_461' title='bbox 443 1820 560 1857; x_wconf 85' lang='lat' dir='ltr'>subito,</span> <span class='ocrx_word' id='word_1_462' title='bbox 590 1821 688 1860; x_wconf 88' lang='lat' dir='ltr'>quod,</span> <span class='ocrx_word' id='word_1_463' title='bbox 721 1827 753 1850; x_wconf 87' lang='lat' dir='ltr'>ut</span> <span class='ocrx_word' id='word_1_464' title='bbox 774 1822 850 1851; x_wconf 88' lang='lat' dir='ltr'>insra</span> <span class='ocrx_word' id='word_1_465' title='bbox 874 1824 993 1859; x_wconf 85' lang='lat' dir='ltr'>Festus,</span> <span class='ocrx_word' id='word_1_466' title='bbox 1022 1823 1121 1852; x_wconf 85' lang='lat' dir='ltr'>subito</span> <span class='ocrx_word' id='word_1_467' title='bbox 1144 1834 1173 1852; x_wconf 87' lang='lat' dir='ltr'>se</span> <span class='ocrx_word' id='word_1_468' title='bbox 1196 1824 1344 1853; x_wconf 82' lang='lat' dir='ltr'>immittat.</span> <span class='ocrx_word' id='word_1_469' title='bbox 1388 1826 1436 1853; x_wconf 69' lang='lat' dir='ltr'>Sic</span> <span class='ocrx_word' id='word_1_470' title='bbox 1458 1824 1535 1852; x_wconf 88' lang='lat' dir='ltr'>enim</span> <span class='ocrx_word' id='word_1_471' title='bbox 1557 1823 1728 1861; x_wconf 74' lang='lat' dir='ltr'>legendum,</span> <span class='ocrx_word' id='word_1_472' title='bbox 1767 1835 1826 1853; x_wconf 91' lang='lat' dir='ltr'>non</span> <span class='ocrx_word' id='word_1_473' title='bbox 1851 1825 1994 1853; x_wconf 76' lang='lat' dir='ltr'>immutat.</span> <span class='ocrx_word' id='word_1_474' title='bbox 2039 1823 2106 1851; x_wconf 83' lang='lat' dir='ltr'>sive</span> <span class='ocrx_word' id='word_1_475' title='bbox 2127 1822 2166 1851; x_wconf 76' lang='lat' dir='ltr'>sit</span> 
     </span>
     <span class='ocr_line' id='line_1_39' title="bbox 233 1859 2166 1906; baseline 0.003 -19"><span class='ocrx_word' id='word_1_476' title='bbox 233 1867 246 1883; x_wconf 73' lang='lat' dir='ltr'>a</span> <span class='ocrx_word' id='word_1_477' title='bbox 269 1859 437 1898; x_wconf 74' lang='lat' dir='ltr'>mussando,</span> <span class='ocrx_word' id='word_1_478' title='bbox 475 1863 507 1891; x_wconf 88' lang='lat' dir='ltr'>id</span> <span class='ocrx_word' id='word_1_479' title='bbox 530 1868 574 1892; x_wconf 89' lang='lat' dir='ltr'>est</span> <span class='ocrx_word' id='word_1_480' title='bbox 595 1865 817 1894; x_wconf 73' lang='lat' dir='ltr'>murmurando-</span> <span class='ocrx_word' id='word_1_481' title='bbox 862 1864 1037 1902; x_wconf 84' lang='lat' dir='ltr'>Immussus,</span> <span class='ocrx_word' id='word_1_482' title='bbox 1067 1864 1270 1901; x_wconf 79' lang='lat' dir='ltr'>immussulus,</span> <span class='ocrx_word' id='word_1_483' title='bbox 1303 1866 1383 1904; x_wconf 89' lang='lat' dir='ltr'>quod</span> <span class='ocrx_word' id='word_1_484' title='bbox 1406 1867 1445 1895; x_wconf 84' lang='lat' dir='ltr'>sit</span> <span class='ocrx_word' id='word_1_485' title='bbox 1467 1865 1604 1906; x_wconf 80' lang='lat' dir='ltr'>querulae</span> <span class='ocrx_word' id='word_1_486' title='bbox 1624 1868 1876 1902; x_wconf 74' lang='lat' dir='ltr'>murmurationis,</span> <span class='ocrx_word' id='word_1_487' title='bbox 1913 1871 1947 1896; x_wconf 84' lang='lat' dir='ltr'>ut</span> <span class='ocrx_word' id='word_1_488' title='bbox 1970 1866 2011 1894; x_wconf 80' lang='lat' dir='ltr'>ait</span> <span class='ocrx_word' id='word_1_489' title='bbox 2032 1866 2106 1894; x_wconf 81' lang='lat' dir='ltr'>Ptin.</span> <span class='ocrx_word' id='word_1_490' title='bbox 2129 1864 2166 1893; x_wconf 80' lang='lat' dir='ltr'>de</span> 
     </span>
     <span class='ocr_line' id='line_1_40' title="bbox 235 1898 2166 1947; baseline 0.005 -21"><span class='ocrx_word' id='word_1_491' title='bbox 235 1898 440 1944; x_wconf 78' lang='lat' dir='ltr'>Percnoptere,</span> <span class='ocrx_word' id='word_1_492' title='bbox 464 1915 538 1943; x_wconf 85' lang='lat' dir='ltr'>quae</span> <span class='ocrx_word' id='word_1_493' title='bbox 560 1906 661 1935; x_wconf 83' lang='lat' dir='ltr'>eadem</span> <span class='ocrx_word' id='word_1_494' title='bbox 685 1912 713 1937; x_wconf 86' lang='lat' dir='ltr'>et</span> <span class='ocrx_word' id='word_1_495' title='bbox 736 1907 926 1937; x_wconf 84' lang='lat' dir='ltr'>immusculus</span> <span class='ocrx_word' id='word_1_496' title='bbox 942 1908 1068 1937; x_wconf 76' lang='lat' dir='ltr'>Meursio</span> <span class='ocrx_word' id='word_1_497' title='bbox 1091 1908 1229 1944; x_wconf 73' lang='lat' dir='ltr'>videtur,</span> <span class='ocrx_word' id='word_1_498' title='bbox 1255 1919 1322 1937; x_wconf 90' lang='lat' dir='ltr'>cum</span> <span class='ocrx_word' id='word_1_499' title='bbox 1346 1919 1408 1938; x_wconf 79' lang='lat' dir='ltr'>eam</span> <span class='ocrx_word' id='word_1_500' title='bbox 1432 1910 1580 1937; x_wconf 74' lang='lat' dir='ltr'>minorum</span> <span class='ocrx_word' id='word_1_501' title='bbox 1605 1919 1667 1937; x_wconf 87' lang='lat' dir='ltr'>esse</span> <span class='ocrx_word' id='word_1_502' title='bbox 1691 1908 1799 1937; x_wconf 88' lang='lat' dir='ltr'>virium</span> <span class='ocrx_word' id='word_1_503' title='bbox 1823 1909 1948 1938; x_wconf 79' lang='lat' dir='ltr'>affirmet</span> <span class='ocrx_word' id='word_1_504' title='bbox 1971 1908 2062 1944; x_wconf 84' lang='lat' dir='ltr'>Plin.,</span> <span class='ocrx_word' id='word_1_505' title='bbox 2085 1907 2166 1947; x_wconf 83' lang='lat' dir='ltr'>quod</span> 
     </span>
     <span class='ocr_line' id='line_1_41' title="bbox 233 1938 2167 1992; baseline 0.003 -19"><span class='ocrx_word' id='word_1_506' title='bbox 233 1938 282 1987; x_wconf 57' lang='lat'>{1¹0</span> <span class='ocrx_word' id='word_1_507' title='bbox 304 1942 340 1989; x_wconf 59' lang='lat' dir='ltr'>{le</span> <span class='ocrx_word' id='word_1_508' title='bbox 361 1944 533 1976; x_wconf 80' lang='lat' dir='ltr'>immussulo</span> <span class='ocrx_word' id='word_1_509' title='bbox 556 1949 669 1978; x_wconf 80' lang='lat' dir='ltr'>Festus,</span> <span class='ocrx_word' id='word_1_510' title='bbox 718 1949 809 1978; x_wconf 84' lang='lat' dir='ltr'>Porro</span> <span class='ocrx_word' id='word_1_511' title='bbox 839 1950 874 1978; x_wconf 87' lang='lat' dir='ltr'>de</span> <span class='ocrx_word' id='word_1_512' title='bbox 903 1951 1076 1979; x_wconf 82' lang='lat' dir='ltr'>immussulo</span> <span class='ocrx_word' id='word_1_513' title='bbox 1100 1955 1129 1979; x_wconf 91' lang='lat' dir='ltr'>et</span> <span class='ocrx_word' id='word_1_514' title='bbox 1152 1951 1296 1988; x_wconf 75' lang='lat' dir='ltr'>ossifraga</span> <span class='ocrx_word' id='word_1_515' title='bbox 1320 1952 1362 1979; x_wconf 92' lang='lat' dir='ltr'>sic</span> <span class='ocrx_word' id='word_1_516' title='bbox 1384 1952 1458 1981; x_wconf 84' lang='lat' dir='ltr'>Plin.</span> <span class='ocrx_word' id='word_1_517' title='bbox 1482 1951 1532 1980; x_wconf 89' lang='lat' dir='ltr'>lib.</span> <span class='ocrx_word' id='word_1_518' title='bbox 1547 1952 1582 1981; x_wconf 88' lang='lat' dir='ltr'>X.</span> <span class='ocrx_word' id='word_1_519' title='bbox 1606 1954 1726 1989; x_wconf 42' lang='lat' dir='ltr'>csp.7.:</span> <span class='ocrx_word' id='word_1_520' title='bbox 1763 1951 1942 1992; x_wconf 81' lang='lat' dir='ltr'>Sanqualem</span> <span class='ocrx_word' id='word_1_521' title='bbox 1972 1962 2052 1980; x_wconf 84' lang='lat' dir='ltr'>avem</span> <span class='ocrx_word' id='word_1_522' title='bbox 2079 1957 2167 1990; x_wconf 82' lang='lat' dir='ltr'>atque</span> 
     </span>
     <span class='ocr_line' id='line_1_42' title="bbox 234 1983 2166 2033; baseline 0.005 -21"><span class='ocrx_word' id='word_1_523' title='bbox 234 1983 420 2014; x_wconf 72' lang='lat' dir='ltr'>tmmzssulum</span> <span class='ocrx_word' id='word_1_524' title='bbox 443 2000 563 2028; x_wconf 77' lang='lat' dir='ltr'>augures</span> <span class='ocrx_word' id='word_1_525' title='bbox 585 1990 717 2020; x_wconf 82' lang='lat' dir='ltr'>Romani</span> <span class='ocrx_word' id='word_1_526' title='bbox 738 2003 862 2032; x_wconf 80' lang='lat' dir='ltr'>magnae</span> <span class='ocrx_word' id='word_1_527' title='bbox 884 1994 1062 2033; x_wconf 77' lang='lat' dir='ltr'>quaestionis</span> <span class='ocrx_word' id='word_1_528' title='bbox 1084 1992 1198 2022; x_wconf 72' lang='lat' dir='ltr'>habent.</span> <span class='ocrx_word' id='word_1_529' title='bbox 1239 1992 1444 2023; x_wconf 82' lang='lat' dir='ltr'>Immussulum</span> <span class='ocrx_word' id='word_1_530' title='bbox 1466 1992 1560 2033; x_wconf 85' lang='lat' dir='ltr'>aliqui</span> <span class='ocrx_word' id='word_1_531' title='bbox 1582 1992 1705 2022; x_wconf 86' lang='lat' dir='ltr'>vulturis</span> <span class='ocrx_word' id='word_1_532' title='bbox 1725 1992 1839 2033; x_wconf 85' lang='lat' dir='ltr'>pullum</span> <span class='ocrx_word' id='word_1_533' title='bbox 1862 1993 2043 2023; x_wconf 82' lang='lat' dir='ltr'>arbitrantur</span> <span class='ocrx_word' id='word_1_534' title='bbox 2062 2004 2121 2022; x_wconf 81' lang='lat' dir='ltr'>esse</span> <span class='ocrx_word' id='word_1_535' title='bbox 2139 1999 2166 2021; x_wconf 71' lang='lat' dir='ltr'>et</span> 
     </span>
     <span class='ocr_line' id='line_1_43' title="bbox 234 2024 2164 2077; baseline 0.002 -16"><span class='ocrx_word' id='word_1_536' title='bbox 234 2024 403 2074; x_wconf 37' lang='lat' dir='ltr'>sanqualem·</span> <span class='ocrx_word' id='word_1_537' title='bbox 424 2031 595 2071; x_wconf 62' lang='lat' dir='ltr'>Ossffragae.</span> <span class='ocrx_word' id='word_1_538' title='bbox 644 2033 810 2063; x_wconf 84' lang='lat' dir='ltr'>Massurius</span> <span class='ocrx_word' id='word_1_539' title='bbox 831 2035 1001 2075; x_wconf 78' lang='lat' dir='ltr'>sanqualem</span> <span class='ocrx_word' id='word_1_540' title='bbox 1024 2035 1202 2077; x_wconf 71' lang='lat' dir='ltr'>ossifragam</span> <span class='ocrx_word' id='word_1_541' title='bbox 1227 2034 1299 2064; x_wconf 78' lang='lat' dir='ltr'>dicit</span> <span class='ocrx_word' id='word_1_542' title='bbox 1322 2047 1395 2070; x_wconf 84' lang='lat' dir='ltr'>esse,</span> <span class='ocrx_word' id='word_1_543' title='bbox 1427 2034 1628 2065; x_wconf 77' lang='lat' dir='ltr'>immussulum</span> <span class='ocrx_word' id='word_1_544' title='bbox 1652 2044 1747 2064; x_wconf 78' lang='lat' dir='ltr'>autem</span> <span class='ocrx_word' id='word_1_545' title='bbox 1768 2035 1883 2075; x_wconf 76' lang='lat' dir='ltr'>pullum</span> <span class='ocrx_word' id='word_1_546' title='bbox 1905 2034 2035 2076; x_wconf 83' lang='lat' dir='ltr'>aquilae,</span> <span class='ocrx_word' id='word_1_547' title='bbox 2062 2034 2164 2074; x_wconf 66' lang='lat' dir='ltr'>prius-</span> 
     </span>
     <span class='ocr_line' id='line_1_44' title="bbox 235 2065 1453 2108; baseline 0.007 -9"><span class='ocrx_word' id='word_1_548' title='bbox 235 2076 320 2104; x_wconf 70' lang='lat' dir='ltr'>‘Iussm</span> <span class='ocrx_word' id='word_1_549' title='bbox 343 2065 446 2097; x_wconf 73' lang='lat' dir='ltr'>albicet</span> <span class='ocrx_word' id='word_1_550' title='bbox 468 2074 571 2102; x_wconf 79' lang='lat' dir='ltr'>cauda.</span> <span class='ocrx_word' id='word_1_551' title='bbox 594 2075 679 2105; x_wconf 88' lang='lat' dir='ltr'>Dac.</span> <span class='ocrx_word' id='word_1_552' title='bbox 725 2075 877 2105; x_wconf 77' lang='lat' dir='ltr'>Immitrat.</span> <span class='ocrx_word' id='word_1_553' title='bbox 901 2078 937 2105; x_wconf 85' lang='lat' dir='ltr'>al.</span> <span class='ocrx_word' id='word_1_554' title='bbox 961 2084 1071 2108; x_wconf 83' lang='lat' dir='ltr'>mutat:</span> <span class='ocrx_word' id='word_1_555' title='bbox 1095 2078 1131 2108; x_wconf 88' lang='lat' dir='ltr'>al.</span> <span class='ocrx_word' id='word_1_556' title='bbox 1155 2079 1298 2108; x_wconf 77' lang='lat' dir='ltr'>immutat.</span> <span class='ocrx_word' id='word_1_557' title='bbox 1347 2077 1453 2108; x_wconf 74' lang='lat' dir='ltr'>Goth.</span> 
     </span>
    </p>

    <p class='ocr_par' dir='ltr' id='par_1_11' title="bbox 235 2108 2165 2244">
     <span class='ocr_line' id='line_1_45' title="bbox 278 2108 2163 2161; baseline 0.004 -21"><span class='ocrx_word' id='word_1_558' title='bbox 278 2148 283 2153; x_wconf 28' lang='lat' dir='ltr'>q</span> <span class='ocrx_word' id='word_1_559' title='bbox 310 2148 316 2153; x_wconf 42' lang='grc'><em>·</em></span> <span class='ocrx_word' id='word_1_560' title='bbox 391 2108 606 2155; x_wconf 54' lang='grc' dir='ltr'>Ἰηῇιιᾱενε.</span> <span class='ocrx_word' id='word_1_561' title='bbox 653 2119 853 2148; x_wconf 83' lang='lat' dir='ltr'>Glossarium:</span> <span class='ocrx_word' id='word_1_562' title='bbox 877 2117 1046 2161; x_wconf 82' lang='lat' dir='ltr'>Infendere,</span> <span class='ocrx_word' id='word_1_563' title='bbox 1070 2120 1227 2157; x_wconf 79' lang='grc' dir='ltr'><em>ἐπιτεῖναι,</em></span> <span class='ocrx_word' id='word_1_564' title='bbox 1252 2121 1469 2159; x_wconf 80' lang='grc' dir='ltr'><em>ἐνκληματίσαι.</em></span> <span class='ocrx_word' id='word_1_565' title='bbox 1503 2121 1589 2157; x_wconf 85' lang='lat' dir='ltr'>Lege:</span> <span class='ocrx_word' id='word_1_566' title='bbox 1613 2118 1765 2159; x_wconf 81' lang='lat' dir='ltr'>Infindere.</span> <span class='ocrx_word' id='word_1_567' title='bbox 1796 2120 1967 2159; x_wconf 84' lang='lat' dir='ltr'>Metaphora</span> <span class='ocrx_word' id='word_1_568' title='bbox 1990 2130 2006 2148; x_wconf 85' lang='lat' dir='ltr'>a</span> <span class='ocrx_word' id='word_1_569' title='bbox 2027 2118 2163 2148; x_wconf 82' lang='lat' dir='ltr'>surculis.</span> 
     </span>
     <span class='ocr_line' id='line_1_46' title="bbox 235 2148 2165 2202; baseline 0.007 -27"><span class='ocrx_word' id='word_1_570' title='bbox 235 2158 285 2196; x_wconf 55' lang='lat' dir='ltr'>qiu</span> <span class='ocrx_word' id='word_1_571' title='bbox 308 2148 413 2178; x_wconf 79' lang='lat' dir='ltr'>infissis</span> <span class='ocrx_word' id='word_1_572' title='bbox 437 2157 547 2183; x_wconf 80' lang='lat' dir='ltr'>truncis</span> <span class='ocrx_word' id='word_1_573' title='bbox 570 2158 707 2189; x_wconf 84' lang='lat' dir='ltr'>arborum</span> <span class='ocrx_word' id='word_1_574' title='bbox 729 2162 909 2190; x_wconf 81' lang='lat' dir='ltr'>inseruntur.</span> <span class='ocrx_word' id='word_1_575' title='bbox 955 2163 1044 2198; x_wconf 87' lang='lat' dir='ltr'>Quod</span> <span class='ocrx_word' id='word_1_576' title='bbox 1067 2163 1215 2200; x_wconf 75' lang='lat' dir='ltr'>eleganter</span> <span class='ocrx_word' id='word_1_577' title='bbox 1238 2163 1363 2192; x_wconf 86' lang='lat' dir='ltr'>vertitur</span> <span class='ocrx_word' id='word_1_578' title='bbox 1384 2163 1604 2202; x_wconf 76' lang='grc' dir='ltr'><em>ἑνκληματίσαι.</em></span> <span class='ocrx_word' id='word_1_579' title='bbox 1651 2165 1759 2202; x_wconf 78' lang='grc' dir='ltr'><strong><em>Κλῆμα</em></strong></span> <span class='ocrx_word' id='word_1_580' title='bbox 1786 2163 1941 2199; x_wconf 82' lang='lat' dir='ltr'>surculus,</span> <span class='ocrx_word' id='word_1_581' title='bbox 1975 2166 2165 2195; x_wconf 79' lang='lat' dir='ltr'>sarmentum,</span> 
     </span>
     <span class='ocr_line' id='line_1_47' title="bbox 236 2188 1503 2244; baseline 0.01 -22"><span class='ocrx_word' id='word_1_582' title='bbox 236 2188 335 2219; x_wconf 63' lang='lat' dir='ltr'>beel·</span> <span class='ocrx_word' id='word_1_583' title='bbox 377 2190 520 2230; x_wconf 78' lang='lat' dir='ltr'>Infindere</span> <span class='ocrx_word' id='word_1_584' title='bbox 541 2198 713 2238; x_wconf 81' lang='lat' dir='ltr'>intercipere.</span> <span class='ocrx_word' id='word_1_585' title='bbox 750 2204 839 2241; x_wconf 75' lang='lat' dir='ltr'>Lego:</span> <span class='ocrx_word' id='word_1_586' title='bbox 863 2202 1047 2244; x_wconf 84' lang='lat' dir='ltr'>Intersipere,</span> <span class='ocrx_word' id='word_1_587' title='bbox 1071 2205 1101 2234; x_wconf 90' lang='lat' dir='ltr'>id</span> <span class='ocrx_word' id='word_1_588' title='bbox 1124 2210 1168 2234; x_wconf 88' lang='lat' dir='ltr'>est</span> <span class='ocrx_word' id='word_1_589' title='bbox 1191 2205 1368 2234; x_wconf 81' lang='lat' dir='ltr'>interiicere.</span> <span class='ocrx_word' id='word_1_590' title='bbox 1418 2206 1503 2235; x_wconf 89' lang='lat' dir='ltr'>Dac.</span> 
     </span>
    </p>
   </div>
   <div class='ocr_carea' id='block_1_6' title="bbox 236 2233 2162 2416">
    <p class='ocr_par' dir='ltr' id='par_1_12' title="bbox 236 2233 2162 2416">
     <span class='ocr_line' id='line_1_48' title="bbox 258 2233 2162 2286; baseline -0.004 -7"><span class='ocrx_word' id='word_1_591' title='bbox 258 2274 263 2279; x_wconf 93' lang='lat'>.</span> <span class='ocrx_word' id='word_1_592' title='bbox 397 2233 579 2285; x_wconf 38' lang='lat' dir='ltr'>Is&#39;s‘ri-“ss&#39;</span> <span class='ocrx_word' id='word_1_593' title='bbox 622 2241 692 2271; x_wconf 71' lang='lat' dir='ltr'>stem</span> <span class='ocrx_word' id='word_1_594' title='bbox 717 2244 864 2285; x_wconf 79' lang='lat' dir='ltr'>inferilia,</span> <span class='ocrx_word' id='word_1_595' title='bbox 887 2246 945 2275; x_wconf 87' lang='lat' dir='ltr'>hoc</span> <span class='ocrx_word' id='word_1_596' title='bbox 968 2252 1010 2275; x_wconf 77' lang='lat' dir='ltr'>est</span> <span class='ocrx_word' id='word_1_597' title='bbox 1034 2246 1233 2286; x_wconf 76' lang='grc' dir='ltr'>καταχθόνια,</span> <span class='ocrx_word' id='word_1_598' title='bbox 1259 2248 1479 2286; x_wconf 81' lang='grc' dir='ltr'><em>εἰσκομίσματα.</em></span> <span class='ocrx_word' id='word_1_599' title='bbox 1511 2248 1642 2278; x_wconf 83' lang='lat' dir='ltr'>Glossae.</span> <span class='ocrx_word' id='word_1_600' title='bbox 1666 2245 1763 2277; x_wconf 87' lang='lat' dir='ltr'>Scal.</span> <span class='ocrx_word' id='word_1_601' title='bbox 1794 2248 1901 2283; x_wconf 80' lang='lat' dir='ltr'>Sacra,</span> <span class='ocrx_word' id='word_1_602' title='bbox 1924 2256 2000 2285; x_wconf 86' lang='lat' dir='ltr'>quae</span> <span class='ocrx_word' id='word_1_603' title='bbox 2023 2246 2082 2275; x_wconf 82' lang='lat' dir='ltr'>Diis</span> <span class='ocrx_word' id='word_1_604' title='bbox 2107 2245 2162 2273; x_wconf 77' lang='lat' dir='ltr'>Ma-</span> 
     </span>
     <span class='ocr_line' id='line_1_49' title="bbox 236 2273 1483 2328; baseline 0.014 -24"><span class='ocrx_word' id='word_1_605' title='bbox 236 2273 339 2312; x_wconf 80' lang='lat' dir='ltr'>mbu8,</span> <span class='ocrx_word' id='word_1_606' title='bbox 370 2286 421 2315; x_wconf 78' lang='lat' dir='ltr'>qui</span> <span class='ocrx_word' id='word_1_607' title='bbox 442 2279 528 2308; x_wconf 78' lang='lat' dir='ltr'>msen</span> <span class='ocrx_word' id='word_1_608' title='bbox 551 2281 622 2309; x_wconf 80' lang='lat' dir='ltr'>dicti</span> <span class='ocrx_word' id='word_1_609' title='bbox 645 2290 729 2318; x_wconf 68' lang='lat' dir='ltr'>sunt.</span> <span class='ocrx_word' id='word_1_610' title='bbox 761 2288 959 2318; x_wconf 72' lang='lat' dir='ltr'>solvebantur.</span> <span class='ocrx_word' id='word_1_611' title='bbox 1007 2290 1112 2319; x_wconf 88' lang='lat' dir='ltr'>Graeci</span> <span class='ocrx_word' id='word_1_612' title='bbox 1135 2295 1243 2319; x_wconf 79' lang='lat' dir='ltr'>vocant</span> <span class='ocrx_word' id='word_1_613' title='bbox 1265 2288 1346 2328; x_wconf 70' lang='grc' dir='ltr'>χοάς.</span> <span class='ocrx_word' id='word_1_614' title='bbox 1391 2291 1447 2319; x_wconf 93' lang='lat' dir='ltr'>Da</span> <span class='ocrx_word' id='word_1_615' title='bbox 1459 2302 1483 2321; x_wconf 84' lang='lat' dir='ltr'>c.</span> 
     </span>
     <span class='ocr_line' id='line_1_50' title="bbox 397 2318 1960 2370; baseline 0.001 -13"><span class='ocrx_word' id='word_1_616' title='bbox 397 2318 580 2361; x_wconf 60' lang='lat' dir='ltr'>Infecmr·</span> <span class='ocrx_word' id='word_1_617' title='bbox 626 2323 773 2364; x_wconf 59' lang='lat' dir='ltr'>luseum,</span> <span class='ocrx_word' id='word_1_618' title='bbox 797 2328 932 2367; x_wconf 62' lang='grc' dir='ltr'><em>βαφειῖςς</em></span> <span class='ocrx_word' id='word_1_619' title='bbox 962 2331 1076 2370; x_wconf 80' lang='lat' dir='ltr'>infecti,</span> <span class='ocrx_word' id='word_1_620' title='bbox 1100 2329 1324 2370; x_wconf 75' lang='grc' dir='ltr'>ἅνεστυμμὲνοι.</span> <span class='ocrx_word' id='word_1_621' title='bbox 1348 2332 1444 2362; x_wconf 88' lang='lat' dir='ltr'>Scal.</span> <span class='ocrx_word' id='word_1_622' title='bbox 1492 2333 1585 2362; x_wconf 77' lang='lat' dir='ltr'>plaut.</span> <span class='ocrx_word' id='word_1_623' title='bbox 1610 2332 1708 2362; x_wconf 79' lang='lat' dir='ltr'>Aulul.</span> <span class='ocrx_word' id='word_1_624' title='bbox 1733 2331 1800 2369; x_wconf 83' lang='lat' dir='ltr'>(Ill,</span> <span class='ocrx_word' id='word_1_625' title='bbox 1824 2332 1858 2367; x_wconf 86' lang='lat'>5,</span> <span class='ocrx_word' id='word_1_626' title='bbox 1881 2332 1960 2367; x_wconf 79' lang='lat'>47.):</span> 
     </span>
     <span class='ocr_line' id='line_1_51' title="bbox 889 2371 1482 2416; baseline 0.008 -16"><span class='ocrx_word' id='word_1_627' title='bbox 889 2371 958 2401; x_wconf 87' lang='lat' dir='ltr'>Cum</span> <span class='ocrx_word' id='word_1_628' title='bbox 982 2373 1117 2403; x_wconf 78' lang='lat' dir='ltr'>incedunt</span> <span class='ocrx_word' id='word_1_629' title='bbox 1141 2374 1296 2416; x_wconf 66' lang='lat' dir='ltr'>infectores</span> <span class='ocrx_word' id='word_1_630' title='bbox 1316 2376 1482 2405; x_wconf 77' lang='lat' dir='ltr'>crocatur-ii.</span> 
     </span>
    </p>
   </div>
   <div class='ocr_carea' id='block_1_7' title="bbox 236 2399 1703 2458">
    <p class='ocr_par' dir='ltr' id='par_1_13' title="bbox 236 2399 1703 2458">
     <span class='ocr_line' id='line_1_52' title="bbox 236 2399 1703 2458; baseline 0.01 -28"><span class='ocrx_word' id='word_1_631' title='bbox 236 2400 292 2429; x_wconf 87' lang='lat' dir='ltr'>Pro</span> <span class='ocrx_word' id='word_1_632' title='bbox 315 2399 447 2443; x_wconf 62' lang='lat' dir='ltr'>efficiunt</span> <span class='ocrx_word' id='word_1_633' title='bbox 470 2404 533 2443; x_wconf 85' lang='lat' dir='ltr'>lege</span> <span class='ocrx_word' id='word_1_634' title='bbox 556 2405 701 2447; x_wconf 81' lang='lat' dir='ltr'>officiunt.</span> <span class='ocrx_word' id='word_1_635' title='bbox 747 2409 782 2438; x_wconf 86' lang='lat' dir='ltr'>Et</span> <span class='ocrx_word' id='word_1_636' title='bbox 804 2410 843 2438; x_wconf 85' lang='lat' dir='ltr'>ita</span> <span class='ocrx_word' id='word_1_637' title='bbox 866 2413 921 2441; x_wconf 89' lang='lat' dir='ltr'>viri</span> <span class='ocrx_word' id='word_1_638' title='bbox 944 2414 1032 2443; x_wconf 87' lang='lat' dir='ltr'>docti.</span> <span class='ocrx_word' id='word_1_639' title='bbox 1055 2416 1141 2445; x_wconf 85' lang='lat' dir='ltr'>Dae.</span> <span class='ocrx_word' id='word_1_640' title='bbox 1185 2417 1259 2446; x_wconf 88' lang='lat' dir='ltr'>Vide</span> <span class='ocrx_word' id='word_1_641' title='bbox 1281 2417 1358 2445; x_wconf 75' lang='lat' dir='ltr'>infra</span> <span class='ocrx_word' id='word_1_642' title='bbox 1382 2416 1552 2458; x_wconf 56' lang='lat' dir='ltr'>Qff‘ectores.</span> <span class='ocrx_word' id='word_1_643' title='bbox 1599 2415 1703 2446; x_wconf 72' lang='lat' dir='ltr'>Goth.</span> 
     </span>
    </p>
   </div>
  </div>
 </body>
</html>
