2263 2668
513 134 577 168 DE
604 130 991 167 SIGNIFICATIONE
1021 130 1306 169 VERBORUM.
1357 131 1505 167 LIBER
1531 131 1623 167 XIV.
1965 133 2042 169 565

91 238 164 267 gue:
187 225 335 257 Procede:
354 225 481 266 gradum
502 226 635 267 proferre
654 224 760 266 pedum
784 226 889 255 nitere.-
912 223 1033 254 cessas?
1062 225 1096 254 Id
1120 231 1164 255 est
1186 236 1282 255 cessas
1304 226 1467 265 procedere
1488 229 1516 255 et
1537 225 1591 254 niti
1613 225 1738 263 gradum
1759 225 1921 265 proferre?
1945 238 2041 258 cessas

90 271 235 310 imperata
259 270 378 299 facere?
412 280 487 308 quae
509 275 579 298 sunt
602 280 639 298 ex
662 268 813 308 Iphigenia
837 267 988 306 Euripidis
1011 267 1047 295 ab
1070 269 1166 297 Ennio
1190 270 1330 298 translata
1355 268 1461 308 (Iphig.
1485 268 1515 298 in
1538 268 1638 297 Aulid.
1660 278 1689 299 v.
1703 271 1774 301 138.
1787 270 1876 308 seq.):

751 308 829 341 'Au’
852 308 899 341 ἴθ’
922 309 1046 349 ἐρέσσαν
1070 310 1124 341 σὸν
1146 310 1240 350 πόδα,
1271 310 1349 355 γήρᾳ

755 353 863 392 Μηδὲν
885 349 1031 383 ὑπείκων.

89 397 172 426 Infra
195 407 250 436 pro
273 396 306 426 id
328 397 421 437 ipsum
451 395 602 426 iaculum:
639 396 702 434 lege
730 395 764 425 id
790 397 884 436 ipsum
909 393 1056 425 baculum.
1100 396 1212 425 Pedum
1236 397 1315 427 enim
1338 395 1492 434 baculum,
1526 406 1587 425 uon
1609 394 1740 426 iaculum
1761 397 1975 435 interpretatus
1998 402 2042 427 est

90 440 224 470 Verrius.
247 439 336 469 Dae.
380 440 475 468 Locus
499 438 614 477 Virgilii
638 444 681 467 est
701 439 800 477 Eclog.
817 439 857 476 V,
879 440 931 470 89.

254 480 387 511 Pedem
417 483 543 510 struit.
588 481 773 510 Glossarium
803 485 883 510 recte
913 477 1014 519 φεύγει
1042 480 1264 519 interpretatur.
1291 480 1388 511 Scal.
1432 481 1465 510 In
1488 481 1552 519 lege
1573 480 1641 511 XII.
1660 480 1734 509 tab.:
1769 479 1805 509 Si
1826 481 1858 510 in
1879 481 1925 510 ius
1946 489 2042 518 vocat,

91 525 138 554 nei
163 525 185 554 ii
208 525 382 561 aniisraror,
405 525 495 563 igitur
516 525 555 552 im
580 525 698 563 capito:
719 525 746 553 si
767 522 894 553 calvitur
914 521 1050 562 pedemve
1071 524 1175 561 struit,
1200 535 1317 553 manum
1341 522 1517 553 endoiacito.
1561 522 1636 552 Vide
1657 522 1781 552 Struere.
1824 522 1913 553 Dae.

253 565 405 595 Pistum·
429 566 489 606 (Ad
504 576 532 605 p-
548 566 630 605 198.)
655 567 750 595 Locus
768 566 926 595 mendosus
943 570 970 594 et
987 575 1116 595 mancus.
1135 566 1224 597 Ani.
1239 566 1336 605 Aug.
1365 567 1482 595 Scribe:
1503 575 1558 605 pro
1573 564 1716 594 molitum.
1747 565 1841 594 Varro
1858 565 1894 594 de
1910 565 1973 595 vita
1989 576 2043 604 po-

92 609 158 649 puli
172 609 295 637 Romani
318 609 395 638 libro
418 609 530 648 primo:
553 608 615 638 Nec
633 610 754 647 pistoris
776 620 877 638 nomen
900 615 979 645 erat,
1003 609 1061 636 nisi
1081 609 1158 644 eius,
1182 610 1233 648 qui
1255 610 1318 637 ruri
1329 607 1392 649 far·
1409 607 1561 648 pinseba13
1584 607 1729 637 nominati
1750 606 1789 636 ab
1810 618 1859 644 eo,
1883 607 1963 648 quod
1976 609 2042 647 pin-

87 659 168 680 seret.
199 651 279 680 Idem
297 654 378 693 ταφῇ
397 652 579 682 Μενίππου.·
603 650 666 680 Nec
679 652 817 690 pistorem
833 649 926 680 ullum
942 657 1073 687 nossent,
1096 651 1154 679 nisi
1168 663 1248 688 eum,
1271 652 1323 691 qui
1337 651 1367 679 in
1383 652 1508 690 pistrino
1524 651 1650 689 pinsere!
1663 649 1813 691 farinam.
1845 651 1884 679 At
1902 651 2044 689 tempori-

87 694 145 723 bus
167 694 282 723 ultimis
304 694 378 733 reip.
401 699 429 723 et
450 694 589 733 deinceps
612 694 757 732 pistores,
781 699 814 723 ut
835 699 939 723 notum
961 693 1069 731 vulgo,
1095 694 1126 723 οἷ
1146 691 1303 730 ἄρτοποιοί
1325 693 1516 723 vocabantur.
1556 693 1593 721 Et
1615 693 1737 721 Plautus
1759 692 1816 721 fuit
1837 693 1950 731 pistor,
1972 703 2042 722 cum

88 737 242 765 trusatiles
265 737 358 765 molas
380 737 528 765 versando
552 747 672 776 operam
695 737 834 766 locasset.
879 736 1025 765 Minucius
1046 736 1131 764 Felix
1155 736 1252 775 (xlv,
1279 734 1336 774 1.):
1363 734 1503 765 Octavius
1524 733 1611 764 homo
1634 733 1793 764 Plautinae
1811 735 1983 774 prosapiae,
2010 743 2041 764 ut

86 780 230 818 pistorum
258 779 446 818 praecipuus,
482 780 526 808 iia
553 786 716 819 postremus
742 778 993 818 philosophorum.
1039 778 1160 807 Frustra
1190 778 1271 807 hunc
1302 779 1400 806 locum
1424 777 1503 806 Festi
1529 782 1701 816 suspectum
1730 776 1841 806 habent
1870 777 1952 805 docti
1975 778 2043 814 viri,

89 826 232 860 tanquam
255 823 367 859 integer
388 832 495 861 parum
520 824 559 851 sit
581 832 616 850 ac
639 832 772 850 mancus.
817 823 910 850 Porro
932 825 1047 850 veteres
1071 820 1208 850 dicebant
1231 821 1316 857 Piso,
1354 831 1412 848 non
1436 820 1542 854 Ρίηεο,
1579 820 1647 858 quia
1669 831 1687 848 a
1710 820 1824 849 Graeco
1846 820 1978 856 πτίσσω,
2011 825 2044 849 ut

86 865 158 893 alibi
181 864 369 900 notavimus,
405 864 483 893 unde
505 863 607 893 Pisare
634 865 759 893 calcare.
803 866 913 893 Seneca
938 866 1021 902 epist.
1039 865 1106 895 87.:
1142 862 1179 893 In
1206 871 1313 892 terram
1339 873 1398 891 non
1423 862 1548 902 aggessit
1572 869 1704 899 tantum,
1743 860 1794 891 sed
1817 869 1843 890 et
1865 861 1995 891 calcavit
2017 869 2044 891 et

84 907 200 946 pressit.
240 906 336 945 Negat
358 907 517 947 quicquam
541 918 599 936 esse
619 906 693 944 hac,
722 914 754 935 ut
776 907 837 943 ait,
864 907 1009 945 pisatione
1030 904 1142 936 melius.
1188 906 1230 935 [ta
1253 906 1329 934 liber
1353 905 1516 934 doctissimi
1540 905 1574 935 N.
1598 904 1699 941 Fabri,
1729 914 1816 943 quem
1841 914 1909 933 cum
1932 905 2044 933 veteri-

88 948 143 977 bus
166 949 389 987 diligentissime
413 950 552 978 contulit.
577 948 678 980 Scal.
716 949 787 978 Vide
813 948 937 990 Coquus.
960 948 1049 977 Dac.
1086 948 1142 977 Alii
1165 949 1268 986 legunt
1290 959 1309 976 a
1328 946 1467 987 pisando.
1502 947 1553 975 Est
1576 947 1653 976 enim
1673 947 1771 986 pisare
1793 947 1890 976 Nonio
1912 947 1955 985 (p.
1970 948 2042 979 163.

85 991 192 1029 Mero.)
215 992 364 1029 frangere,
387 992 529 1030 tundere,
552 992 589 1021 ab
612 1002 647 1021 eo
669 992 775 1031 glossis
798 1002 858 1021 uno
880 992 948 1020 loco
970 991 1157 1028 Pisaculum,
1180 992 1238 1020 alio
1258 990 1455 1028 Pistaculum,
1478 989 1560 1028 quod
1582 986 1695 1030 ὕπερον
1712 989 1817 1018 Pilum.
1843 987 1950 1021 Goth.
1984 988 2044 1019 Po-

85 1031 180 1063 liium.
207 1034 354 1063 Molitum.
400 1032 513 1065 Idem.

250 1075 465 1106 Pedarium.
502 1076 566 1117 (Ad
590 1088 620 1116 p.
635 1075 724 1116 198.)
762 1076 836 1105 Vide
860 1076 938 1105 Gell.
961 1076 1075 1106 lib.111.
1099 1086 1165 1116 cap.
1180 1078 1229 1108 18.
1259 1075 1347 1104 Ant.
1370 1074 1468 1114 Aug.
1513 1071 1771 1113 Χαμαιδικαστής.
1808 1073 2043 1103 Constitutiones

85 1118 235 1156 Graecae,
258 1118 460 1156 Theophilus,
485 1120 616 1149 Glossae.
637 1118 739 1149 Scal.
770 1120 827 1155 Qui
851 1120 1027 1148 sententiam
1050 1120 1080 1148 in
1103 1124 1207 1148 senatu
1230 1128 1290 1147 non
1313 1117 1413 1146 verbis
1437 1117 1566 1154 diceret,
1590 1116 1642 1145 sed
1664 1117 1695 1145 in
1718 1117 1845 1145 aliorum
1869 1117 2043 1146 sententiam

85 1161 216 1199 pedibus
238 1161 306 1190 iret.
340 1162 415 1191 Vide
440 1161 621 1202 Acupedius.
643 1161 733 1191 Dae.
769 1163 851 1190 Alius
875 1167 917 1191 est
941 1173 956 1190 a
978 1162 1115 1191 Pedaneo
1138 1162 1253 1198 iudice,
1277 1160 1328 1199 qui
1350 1159 1464 1188 Glossis
1485 1155 1725 1198 χαμαιδικαστής.
1770 1157 1877 1189 Goth.

247 1203 471 1233 Piscatorii.
517 1205 609 1234 Varro
632 1205 683 1233 lib.
698 1204 729 1235 V.
755 1204 791 1234 de
811 1205 843 1234 L.
863 1205 893 1234 L.
916 1205 991 1242 (Lib.
1007 1205 1054 1235 vl.
1077 1215 1105 1244 p.
1120 1207 1191 1237 202.
1208 1204 1273 1243 Sp.)
1297 1202 1403 1231 scribit
1421 1202 1632 1230 Vulcanalibus
1654 1201 1799 1240 populum
1822 1201 1961 1230 animalia
1987 1211 2044 1240 pro

84 1255 117 1274 se
139 1245 170 1274 in
194 1245 289 1283 ignem
314 1247 429 1275 mittere
451 1247 583 1277 solitum.
617 1248 658 1276 Ea
682 1251 777 1276 autem
801 1257 861 1275 non
883 1257 982 1276 mense
1005 1247 1107 1284 Iunio,
1131 1248 1182 1276 sed
1204 1248 1243 1276 X.
1261 1246 1326 1274 Kal.
1346 1247 1427 1284 Sept.
1448 1244 1566 1274 fiebant.
1597 1245 1685 1273 Ovid.
1709 1249 1805 1272 tamen
1828 1244 1880 1273 lib.
1894 1243 1943 1273 VI.
1964 1244 2043 1273 Fast-

82 1288 172 1316 ludos
194 1288 350 1318 Tiberinos
371 1294 401 1318 et
424 1290 608 1328 piscatorum
631 1290 725 1318 refert
747 1289 806 1318 hoc
829 1300 928 1318 mense
950 1289 1024 1319 fieri.
1053 1291 1129 1319 Sunt
1151 1290 1203 1329 qui
1226 1289 1374 1325 scribant,
1398 1297 1457 1316 non
1478 1298 1495 1316 a
1514 1288 1561 1316 Pr.
1584 1287 1714 1324 urbano,
1737 1286 1790 1315 sed
1811 1298 1828 1315 a
1850 1286 1964 1325 populo
1987 1287 2042 1315 Ro.

83 1330 202 1360 urbano
225 1331 314 1360 ludos
336 1331 417 1369 fieri,
442 1332 524 1370 quod
547 1333 687 1361 mendum
712 1332 748 1360 ab
771 1332 895 1361 indocto
918 1332 1042 1361 librario
1065 1333 1104 1362 ad
1129 1333 1234 1362 doctos
1257 1331 1402 1370 quosdam
1424 1330 1507 1359 viros
1530 1330 1707 1369 penetravit.
1752 1330 1786 1357 In
1809 1329 1901 1358 veteri
1924 1328 2044 1368 quidem

81 1372 179 1412 libro,
202 1374 282 1403 unde
305 1374 395 1403 ceteri
418 1375 477 1403 orti
500 1379 584 1412 sunt,
614 1375 654 1404 ita
678 1379 737 1412 est,
763 1380 798 1403 ut
820 1374 870 1404 hic
893 1375 1078 1415 scripsimus.
1122 1375 1235 1404 Piscem
1258 1374 1360 1402 vivum
1384 1383 1439 1411 pro
1462 1372 1559 1401 anima
1582 1372 1712 1401 hominis
1735 1372 1765 1400 in
1789 1371 1935 1401 sacrificio
1959 1371 2044 1400 obla-

81 1420 165 1453 tum,
188 1417 272 1445 testis
296 1422 339 1447 est
363 1416 451 1446 Ovid.
474 1417 589 1447 lib.111.
611 1418 728 1447 Pastor.
750 1417 838 1448 Ant.
861 1418 957 1458 Aug.
991 1420 1022 1449 8.
1044 1418 1117 1446 Idus
1139 1418 1227 1448 Iunii.
1258 1417 1348 1445 Ovid.
1370 1416 1449 1445 Fast.
1472 1415 1524 1446 lib.
1537 1415 1592 1453 VI,
1616 1414 1730 1455 (235.):

625 1460 726 1489 Tertia
746 1467 814 1499 post
836 1471 928 1490 novas
953 1471 1095 1489 removere
1113 1459 1260 1499 Lycaona
1282 1458 1397 1488 Phoebe

665 1502 785 1539 Fertur,
809 1509 836 1531 et
857 1513 877 1531 a
899 1509 980 1541 tergo
1003 1513 1061 1531 non
1082 1501 1169 1531 habet
1192 1514 1259 1531 ursa
1282 1509 1398 1530 metum.

621 1544 708 1573 Tunc
730 1555 782 1583 ego
804 1555 850 1572 me
871 1545 991 1572 memini
1014 1543 1102 1573 ludos
1123 1545 1154 1572 in
1173 1545 1308 1584 gramine
1330 1544 1430 1583 campi

662 1585 843 1625 Adspicere,
872 1593 899 1615 et
921 1585 1030 1621 didici,
1055 1584 1167 1615 lubrice
1191 1586 1294 1622 Tibri,
1319 1593 1395 1623 tuos,

620 1626 707 1657 Festa
733 1627 794 1657 dies
816 1627 895 1665 illis,
918 1629 970 1668 qui
991 1627 1055 1657 lina
1076 1627 1225 1657 madentia
1247 1627 1367 1664 ducunt,

668 1669 783 1711 Quique
803 1678 902 1710 tegunt
921 1671 1021 1710 parvis
1044 1681 1113 1700 aera
1136 1681 1256 1700 recurva
1278 1669 1362 1699 cibis.

81 1711 291 1741 Vulcanalibus
313 1712 460 1752 populum
483 1722 538 1752 pro
561 1722 592 1741 se
613 1712 643 1741 in
665 1713 763 1751 ignem
786 1714 926 1742 animalia
949 1713 1063 1742 misisse
1086 1713 1192 1742 scribit
1207 1713 1300 1742 Varro
1317 1712 1368 1741 lib.
1382 1710 1416 1742 V.
1433 1710 1498 1749 (Vl,
1521 1720 1588 1750 pag.
1599 1710 1705 1748 202.):
1730 1706 1913 1738 Volcanalia
1928 1719 1948 1737 a
1967 1706 2042 1738 Vol-

81 1765 174 1791 cano,
197 1753 278 1795 quod
299 1755 325 1783 ei
347 1762 408 1784 tum
420 1754 523 1797 feriae
541 1762 568 1784 et
589 1753 671 1796 quod
693 1766 726 1785 eo
749 1753 796 1784 die
814 1754 942 1796 populus
959 1766 1016 1796 pro
1036 1767 1067 1785 se
1087 1756 1118 1785 in
1140 1756 1235 1796 ignem
1257 1753 1403 1784 animalia
1425 1755 1523 1783 mittit.
1547 1753 1637 1783 Dac.
1678 1752 1764 1782 Adde
1785 1751 1864 1781 iusta
1886 1749 2042 1781 Pollucere

81 1807 197 1829 merces.
227 1797 339 1827 Arnob.
355 1797 388 1828 V.
434 1796 539 1827 Goth.

245 1838 435 1871 Piscinae.
466 1840 527 1881 (Ad
549 1850 579 1880 p.
594 1838 679 1880 198.)
709 1840 799 1878 Lege:
827 1838 904 1869 ande
925 1839 1063 1870 Lucilius
1085 1841 1146 1871 ait:

707 1881 819 1912 Obtuso
842 1893 907 1919 ore,
929 1882 1030 1923 pugil,
1051 1882 1252 1923 pisciniensis,
1278 1892 1360 1910 reses.

79 1923 199 1961 Pugiles
221 1928 294 1953 sunt
316 1924 424 1953 obtuso
448 1935 499 1954 ore
521 1929 648 1963 propter
670 1935 801 1963 pugnos,
840 1935 916 1964 quos
939 1926 969 1954 in
993 1936 1025 1954 os
1047 1925 1208 1965 recipiunt.
1253 1925 1339 1953 Unde
1367 1922 1459 1952 illud:
1498 1932 1532 1952 os
1559 1919 1691 1958 nullum,
1727 1918 1775 1949 vel
1795 1919 1894 1960 potius
1914 1916 2036 1958 pugilis.

80 1965 274 1995 proverbium
297 1972 341 1996 est
362 1967 443 2006 apud
459 1968 597 1996 Plautum
621 1968 650 1995 in
667 1968 770 1997 Casina
791 1968 848 2007 (V,
872 1971 904 2005 1,
927 1967 969 2007 8.)
991 1967 1095 1998 obtuso
1118 1979 1166 1997 ore
1187 1967 1237 1996 vel
1259 1966 1399 2003 obtunso,
1423 1975 1490 1994 cum
1514 1964 1581 2004 quis
1603 1974 1655 2003 spe
1677 1963 1726 1991 vel
1747 1962 1885 1991 instituto
1903 1960 2035 1989 deiectus

79 2008 197 2047 pudore
219 2009 416 2046 suffunditur3
449 2010 485 2038 ab
508 2011 559 2047 iis,
591 2010 642 2049 qui
664 2010 740 2039 nihil
761 2015 971 2050 praeterquam
994 2011 1025 2039 in
1049 2021 1082 2040 os
1104 2021 1229 2040 messem
1251 2019 1437 2049 pugnorum,
1462 2013 1498 2038 ut
1519 2007 1653 2047 loquitur
1672 2005 1808 2041 Plautus,
1830 2008 2033 2044 reportarunt.

79 2049 183 2080 Scal.
227 2052 353 2083 Martial.
377 2052 448 2092 (ΙΙΙ,
471 2052 528 2090 44,
553 2053 631 2092 13.):

702 2093 854 2125 Piscinam
874 2102 958 2135 peto,
985 2105 1044 2124 non
1067 2093 1135 2124 licet
1156 2101 1268 2123 natare.

78 2135 235 2165 Turnebus
257 2136 308 2166 lib.
320 2137 399 2167 XVI.
424 2147 489 2177 cap.
503 2139 555 2170 22.
579 2136 732 2167 emendat:

704 2178 816 2210 Obtusa
838 2190 887 2209 ore
906 2177 994 2219 pugil
1011 2178 1240 2220 piscinensisque
1262 2189 1400 2219 resesque.

78 2219 134 2250 Da
143 2232 168 2251 c.

242 2262 490 2293 Pectinatum.
536 2262 626 2299 Quod
649 2263 679 2292 in
703 2263 776 2292 duas
799 2268 899 2302 partes
921 2263 1070 2292 devexum
1094 2266 1137 2292 est
1160 2267 1189 2292 et
1211 2262 1249 2291 ad
1271 2261 1497 2292 similitudinem
1518 2258 1642 2299 pectinis
1664 2261 1795 2295 tectum,
1817 2261 1851 2286 ut
1868 2253 2024 2285 testudina-

76 2311 137 2334 tum
163 2304 317 2343 Vitruvio,
341 2307 422 2345 quod
445 2317 483 2335 ex
507 2311 650 2345 quatuor,
674 2306 710 2335 ad
733 2307 956 2335 similitudinem
979 2305 1147 2335 testudinis.
1169 2305 1257 2334 Dac.
1294 2304 1488 2335 Paecienaium.
1518 2301 1713 2332 Pectinatuin.
1759 2298 1864 2330 Goth.
1964 2338 1969 2343 .

241 2347 358 2378 Piari.
383 2348 442 2387 (Ad
456 2360 486 2389 p.
500 2348 582 2388 198.)
606 2349 718 2378 Gloss.:
743 2348 832 2378 Piare
845 2346 990 2389 ἇγνίζειν,
1013 2349 1188 2385 καθαίρειν,
1212 2346 1425 2384 ἐξιλάσκεσθαι.
1442 2346 1529 2376 Dae.
1561 2344 1659 2374 Nonio
1675 2343 1718 2384 (p.
1730 2345 1802 2376 370.
1820 2338 1923 2386 Merc.)
1941 2338 2023 2367 Piare

75 2394 121 2419 est
144 2390 281 2430 expiare,
304 2392 495 2431 puresacere,
520 2391 664 2429 condere,
688 2402 876 2430 consecrare,
900 2392 993 2421 eidem
1016 2391 1047 2420 in
1071 2390 1201 2420 dictione
1215 2390 1297 2420 Piem
1314 2390 1359 2431 (p.
1374 2390 1444 2422 151.
1461 2386 1565 2428 Mero.)
1580 2387 1736 2428 procolere
1758 2390 1786 2414 et
1807 2381 1970 2418 custodire,
1992 2385 2022 2410 et
