2263 2668
208 204 283 238 580
633 195 977 231 COMMENTARII
1004 195 1051 227 IN
1079 193 1223 228 PAULI
1249 195 1446 230 DIACONI
1475 196 1728 231 EXCERPTA

211 296 325 326 scilicet
347 299 480 323 exortum
505 291 551 318 vel
575 290 768 326 absconsum,
791 289 890 318 sedata
913 288 972 316 iam
995 292 1185 327 tempestate,
1209 299 1296 327 quam
1321 295 1404 318 ortus
1428 290 1474 318 vel
1499 300 1621 319 occasus
1645 289 1751 318 sideris
1775 289 1964 319 excitaverat.
1997 291 2073 320 Hinc
2095 294 2163 323 illae

211 339 391 369 locutiones:
422 334 508 363 IUoto
530 331 622 361 sidere
644 332 774 361 nondum
799 331 943 374 confecto.
990 331 1061 359 Plin.
1087 332 1254 362 lib.XV111.
1279 343 1342 371 cap.
1356 336 1422 364 26.:
1461 331 1589 361 Accedit
1613 331 1740 374 confusa
1763 343 1855 360 rerum
1880 332 2056 370 obscuritas,
2088 347 2165 365 nunc

209 385 422 422 praecurrente,
446 387 496 404 nec
517 377 621 414 paucis
644 374 745 403 diebus
769 381 971 413 tempestatum
994 374 1223 414 significatione.
1253 374 1332 415 quod
1354 372 1561 413 προχειμάζειν
1587 374 1693 404 Graeci
1714 381 1835 409 vocant,
1866 386 1942 403 nunc
1961 377 2164 414 postveniente‚

212 421 291 463 quod
314 416 515 456 ἐπιχειμάζειν.
560 416 597 445 Et
625 416 796 457 plerumque
823 415 901 445 alias
930 416 1033 451 citius,
1074 415 1151 444 alias
1173 416 1286 445 tardius
1310 416 1384 446 coeli
1406 418 1512 458 effectu
1535 416 1576 446 ad
1599 425 1703 445 terram
1728 415 1868 452 deciduo,
1906 416 1992 456 vulgo
2016 420 2166 447 serenitate

212 462 326 493 reddita
349 460 514 502 confectum
537 459 619 488 sidus
641 458 786 489 audimus.
833 459 898 487 Nou
922 459 1006 486 aliter
1027 459 1195 487 consectum
1218 460 1300 487 sidus
1324 460 1382 487 dici
1406 461 1535 496 solebat,
1572 470 1660 498 quam
1685 459 1735 487 ubi
1759 464 1929 497 tempestas,
1961 470 2036 497 quae
2059 461 2165 490 sideris

212 510 274 534 erat
296 503 432 545 effectus,
461 501 608 531 deciderat
631 512 664 530 ac
688 502 841 531 saevierat.
887 501 930 529 lta
955 500 1076 538 Magnus
1099 502 1256 530 Salmasius
1280 503 1308 530 in
1332 502 1453 531 exercit.
1479 503 1552 530 Plin.
1597 502 1654 530 Sed
1677 502 1841 530 notandum
1867 508 1925 538 est,
1956 503 2036 540 quod
2059 503 2166 543 ἐπιχει-

210 539 311 587 μιὲζειι)
335 546 411 574 dixit
434 545 508 573 Plin.
531 545 605 573 illud
629 541 846 584 μεταχειμάζειν
870 544 1020 581 Vegetium
1044 544 1164 573 dixisse.
1209 542 1420 583 Ἐπιχειμᾶζειν
1444 550 1560 581 autem,
1599 555 1665 572 cum
1695 544 1742 573 die
1767 544 1895 581 legitimo
1921 549 1948 572 et
1972 546 2085 573 solenni
2108 556 2166 574 na-

211 591 305 618 scitur
328 593 495 626 tempestas.
531 588 572 615 lta
596 588 672 616 enim
696 587 746 617 lib.
762 587 808 615 IV.
831 597 895 624 cap.
909 588 978 617 20.:
1000 586 1067 615 Aut
1089 587 1163 615 enim
1188 588 1267 616 circa
1291 586 1365 615 diem
1388 594 1527 615 statutum
1551 595 1601 615 aut
1624 594 1691 615 ante
1713 586 1758 615 vel
1777 594 1878 625 postea
1902 593 2081 626 tempestates
2093 589 2167 628 fieri

212 638 390 671 compertum
412 637 467 666 est,
500 629 575 658 unde
595 628 812 669 praecedentes,
846 630 1050 667 προχείμασιν.
1094 628 1252 658 Nascentes
1276 628 1322 657 die
1344 628 1472 666 solenni,
1505 629 1704 669 ἐπιχείμασιν.·
1739 629 1939 669 subsequentes
1961 631 2166 669 μεταχείμασιυ

217 673 329 703 Graeco
352 671 494 702 vocabulo
519 679 764 711 nuncupaverunt.
794 671 882 701 Dac.
928 671 1009 699 Adde
1032 681 1122 709 supra
1149 670 1346 700 Considerare.
1381 670 1488 702 Goth.
1533 672 1689 700 Siderosus
1713 672 1826 699 Glossis
1850 668 2035 710 οἷστροηλήξ,
2067 673 2165 712 εἠῑιλη-

212 715 332 752 πτικός,
355 717 406 753 qui
430 715 499 742 alibi
525 713 669 743 Caducus.
693 713 802 745 Idem,
846 713 1005 742 vocabulis
1028 712 1124 751 sidus,
1147 713 1290 749 siderare,
1313 713 1515 750 considerare,
1537 713 1714 750 desiderare,
1736 712 1953 753 praesidet-are,
1977 720 2005 743 et
2029 725 2104 753 quae
2128 726 2165 744 ex

212 758 259 787 his
284 763 351 786 sunt
374 757 520 793 derivata,
550 757 651 785 subest
674 757 811 785 omnibus
834 756 921 785 radix
945 757 1092 784 Sanscrita
1116 755 1217 791 tsclzit,
1241 756 1365 792 ischint,
1389 767 1463 794 quae
1486 757 1631 795 significat
1654 755 1898 791 animadvertere,
1922 764 2066 795 reputare,
2091 769 2165 786 con—

213 800 348 830 siderare.
385 799 501 828 Etenim
526 799 776 837 quemadmodum
801 810 835 827 ex
859 799 962 826 Indico
987 798 1149 828 tschilmam
1171 804 1268 827 ortum
1292 804 1336 827 est
1352 800 1526 827 Latinorum
1550 801 1682 839 signum,
1706 799 1745 827 ita
1769 809 1805 826 ex
1829 797 1931 833 ischis,
1957 799 2063 828 tsclzint
2086 801 2165 829 facta

214 853 276 872 esse
300 842 418 871 videtur
440 842 526 870 Jadix
549 841 611 878 sid,
635 842 713 870 unde
736 841 817 870 sidus
841 841 989 878 (tschitas)
1011 842 1030 871 i.
1050 852 1077 880 q.
1098 845 1184 876 nota,
1215 842 1341 878 signum.
1383 842 1455 870 Inde
1479 842 1645 871 dmivatum
1668 840 1796 870 siderare
1817 841 1992 878 significabit
2015 852 2052 870 ex
2075 843 2165 881 signis

213 885 390 924 quibusdam
414 884 666 921 animadvertere,
691 885 737 912 vel
761 885 840 922 signa
866 883 964 912 animo
988 886 1162 923 concipere,
1188 884 1205 912 i.
1226 894 1248 911 e.
1268 884 1413 921 cogitare,
1437 895 1528 922 quare
1552 883 1736 914 considerare
1758 884 1813 911 erit
1833 882 2073 922 συμβάλλεσθαι,
2098 888 2164 915 συλ-

212 925 389 966 λαμβάνεινς
410 925 622 966 praesiderare,
647 931 838 966 praenotare,
863 927 978 964 signum
995 931 1061 955 ante
1079 932 1194 964 tempus
1212 927 1464 962 animadvertere3
1489 926 1652 955 desiderare
1674 927 1704 954 in
1729 926 1908 963 cogitatione
1931 926 2061 955 defixum
2085 938 2164 965 esse5

213 969 385 999 desiderium
412 969 507 997 defixa
532 970 561 997 in
586 970 686 1008 aliqua
709 980 741 997 re
765 970 912 1004 cogitatio.
959 969 1038 997 Haec
1061 970 1178 997 na1ivae
1200 969 1320 997 illorum
1345 969 1507 998 verborum
1532 969 1672 997 videntur
1695 979 1756 996 esse
1781 968 1926 998 notiones.

377 1010 624 1042 Praesidium.
674 1013 709 1040 Ut
732 1023 746 1039 a
767 1011 820 1040 sub
848 1017 877 1040 et
905 1010 1029 1040 sedendo
1060 1010 1239 1047 subsidium,
1276 1012 1317 1040 ita
1340 1022 1355 1040 a
1376 1023 1449 1051 prae
1477 1017 1505 1041 et
1527 1010 1652 1041 sedendo
1676 1010 1863 1049 praesidium.
1908 1011 1991 1039 Unde
2012 1011 2042 1039 in
2068 1012 2163 1041 Gloss.

213 1055 392 1093 exponitur:
431 1052 652 1094 παραφυλακή,
683 1054 876 1094 προστασία..
901 1054 974 1083 Item
995 1052 1144 1094 praesidia
1169 1052 1302 1093 φυλακή,
1342 1051 1474 1094 φρουρά.
1511 1054 1595 1083 Dac.
1649 1051 1801 1093 Πρόνοια,
1843 1055 1992 1091 φυλακαί,
2031 1054 2165 1094 φρουρά,

213 1095 358 1137 ἅχύρημα.
407 1094 511 1126 Goth.

378 1138 636 1168 Praestinare.
665 1140 762 1168 Plaut.
779 1139 808 1168 in
826 1138 989 1178 Capt.(1V,
1013 1142 1041 1174 2,
1065 1137 1144 1175 68.):
1167 1137 1274 1167 Alium
1295 1139 1404 1178 piscem
1426 1139 1637 1178 praestinatum
1660 1137 1741 1167 abire
1760 1143 1787 1166 et
1806 1138 1837 1166 in
1854 1137 1958 1166 Pseud.
1978 1138 2011 1176 (Ι,
2035 1141 2064 1174 2,
2087 1137 2165 1176 36.):

218 1181 255 1210 Ut
277 1182 401 1221 piscium
425 1180 567 1221 quicquid
589 1189 644 1218 est,
664 1183 757 1221 pretio
778 1183 962 1222 praestinem.
986 1181 1072 1210 Ant.
1092 1182 1186 1220 Aug.
1233 1181 1292 1210 MS.
1316 1182 1427 1210 codex:
1458 1180 1537 1221 apud
1561 1180 1699 1210 Plautum
1721 1192 1882 1220 praeemere
1905 1188 1961 1216 est,
1986 1186 2017 1209 ut
2039 1186 2166 1210 testatur

215 1225 298 1253 Voss.
323 1225 382 1252 Csr.
405 1224 498 1252 Plaut.
523 1224 637 1262 Epidio,
660 1225 715 1264 (ss,
740 1227 774 1261 2,
799 1224 877 1263 93.);

731 1275 768 1303 Ut
792 1277 866 1304 enim
889 1274 1049 1315 praestines
1073 1282 1207 1312 argento,
1230 1275 1401 1315 priusquam
1425 1275 1520 1303 veniat
1532 1273 1630 1314 filius.

214 1323 398 1353 Praestinare
420 1329 449 1353 et
472 1323 615 1353 destinare
638 1337 652 1354 a
673 1338 745 1365 prae
773 1327 834 1355 sive
862 1325 898 1354 de
927 1331 955 1354 et
985 1325 1117 1354 obsoleto
1147 1333 1231 1354 stano
1257 1326 1303 1353 vel
1325 1326 1411 1355 stine.
1457 1326 1489 1354 In
1515 1326 1630 1355 Glossis
1650 1327 1799 1365 praes-tino
1823 1327 1984 1365 exponitur
2007 1328 2165 1365 προορίζω,

213 1367 338 1405 definio,
363 1367 529 1402 constituo,
553 1368 751 1406 praedestino.
795 1369 883 1397 Dac.
1748 1396 1751 1398 .

376 1409 610 1439 Praestitem.
656 1411 813 1440 Praestites
844 1409 1068 1450 προστατήριοι.
1115 1411 1271 1438 Praestites
1295 1410 1381 1438 Lares
1410 1409 1515 1446 iidem,
1556 1410 1605 1448 qui
1635 1408 1850 1448 προστατήριοι
1872 1412 1942 1441 θεοί
1963 1409 2041 1448 apud
2069 1409 2164 1438 Grae-

214 1462 272 1480 cos.
297 1450 396 1481 Scal.
431 1453 454 1480 A
475 1460 607 1491 praesto.
628 1461 768 1492 praestes,
792 1459 825 1482 ut
848 1454 883 1482 ab
907 1454 1031 1487 antisto,
1057 1453 1184 1481 antistes.
1209 1452 1295 1482 Dac.
1338 1452 1411 1490 Qua.
1446 1452 1552 1488 Quem.
1601 1451 1707 1481 Goth.

377 1493 581 1523 Praestola
592 1496 632 1523 ri.
679 1497 830 1525 Praestum
854 1508 868 1524 a
892 1496 1044 1524 veteribus
1076 1500 1138 1523 erat
1162 1495 1192 1522 in
1217 1505 1288 1530 usu,
1325 1506 1339 1523 a
1365 1505 1424 1532 quo
1446 1495 1587 1523 remansit
1606 1503 1723 1534 praesto
1747 1494 1935 1530 adverbiale‚
1973 1491 2164 1532 ὑποκοριστι-

213 1532 268 1565 κόν
286 1535 466 1575 praestulus,
490 1537 537 1564 vel
560 1542 593 1565 ut
616 1538 728 1575 antiqui
752 1539 921 1567 scribebant
941 1536 1122 1577 praestolus,
1150 1537 1218 1565 inde
1238 1536 1424 1576 praestolari.
1469 1538 1607 1565 Praestos
1631 1547 1682 1565 seu
1706 1537 1872 1574 praestuius
1895 1536 2053 1574 ἐπίμονος,
2077 1547 2165 1574 προς-

213 1582 379 1617 καρτερών,
403 1577 624 1617 προςλιπαρής,
657 1591 712 1618 pro
737 1592 794 1618 quo
818 1591 957 1619 praesens
980 1580 1138 1615 usitatum,
1168 1584 1202 1607 ut
1225 1589 1364 1617 praesens
1388 1580 1511 1608 animus.
1552 1579 1751 1607 Glossarium:
1780 1580 1919 1607 Praesens
1942 1578 2092 1617 ἐπιφανὴς
2115 1579 2166 1609 καὶ

214 1617 318 1658 παρών
341 1622 390 1651 καὶ
415 1621 565 1660 εὕχαλκος.
613 1623 701 1659 Lege:
736 1624 786 1653 καὶ
809 1623 948 1658 εὕαλκος,
981 1621 1104 1657 εὕαλκος
1127 1627 1171 1649 est
1194 1622 1293 1657 sortis,
1324 1621 1402 1660 quod
1427 1627 1456 1650 et
1478 1620 1606 1657 εὖαλκῆς
1629 1631 1747 1658 quoque
1771 1621 1936 1649 dicebatur.
1960 1620 2062 1650 Scal.
2106 1621 2166 1649 Alii

215 1668 311 1691 tamen
335 1675 348 1691 a
370 1671 487 1702 praesto
510 1663 678 1693 immediate
699 1665 884 1705 praestolari.
932 1665 1009 1694 Beda
1040 1664 1075 1692 de
1104 1663 1333 1703 orthographia:
1371 1663 1491 1693 Praesto
1518 1676 1570 1703 per
1593 1675 1610 1693 0
1632 1661 1833 1699 scribendum,
1872 1674 1929 1691 non
1949 1674 2001 1702 per
2023 1675 2055 1700 u,
2092 1662 2167 1692 unde

214 1705 402 1743 praestolari,
431 1716 488 1734 non
509 1706 694 1744 praestulari.
739 1708 773 1736 In
798 1709 896 1738 Gloss.
920 1706 1100 1747 praestulari
1123 1711 1150 1735 et
1175 1706 1349 1745 praestolari
1372 1711 1620 1745 προςκαρτερεῖν,
1648 1705 1847 1743 παραμένειν,
1873 1708 2081 1742 περισκοπεῖν,
2107 1705 2168 1736 ἐπι-

216 1752 319 1788 τερεῖν.
344 1748 398 1776 Da
408 1759 433 1778 e.
478 1748 561 1776 Adde
585 1750 713 1778 Nonium
738 1752 903 1789 (pag.161.
922 1749 1026 1788 Merc.)
1050 1750 1081 1778 in
1104 1748 1284 1778 Praestolari
1307 1755 1334 1778 et
1358 1750 1435 1788 (pag.
1450 1750 1521 1781 475.
1547 1748 1648 1788 Merc.)
1673 1747 1851 1777 Praestolat.
1897 1746 2002 1776 Goth.

378 1797 589 1840 Praejicae.
635 1800 729 1829 Varro
752 1801 803 1829 lib.
818 1801 868 1830 VI.
891 1802 927 1830 de
950 1801 981 1832 L.
1002 1802 1033 1829 L.
1056 1799 1133 1839 (pag.
1146 1800 1218 1830 351.
1242 1799 1305 1838 Sp.)
1329 1810 1448 1829 versum
1472 1800 1576 1830 Naevii
1599 1801 1630 1828 in
1655 1799 1741 1827 Freto
1763 1799 1804 1827 ita
1827 1800 1932 1828 refert:

607 1849 692 1880 Haec
715 1850 830 1891 quidem
854 1851 966 1881 Hercle
988 1852 1092 1891 opinor
1111 1851 1242 1890 praefica
1266 1858 1325 1879 est:
1357 1862 1426 1880 nam
1449 1859 1579 1881 mortuos
1602 1848 1773 1880 conlaudat.

220 1895 256 1923 Et
277 1897 307 1924 id
330 1900 419 1936 magis
443 1901 542 1939 placet
565 1901 637 1931 Gab.
661 1901 775 1930 Faerno
800 1904 915 1941 optimo
937 1912 1130 1931 numerorum
1155 1902 1280 1931 censori.
1303 1902 1390 1933 Ant.
1413 1903 1507 1942 Aug.
1553 1902 1691 1930 Glossae:
1730 1899 1881 1939 Praefica,
1912 1897 1931 1938 ἦ
1954 1898 2013 1939 πρὸ
2034 1902 2086 1939 τῆς
2107 1902 2166 1930 κλί-

221 1949 275 1975 νης
298 1938 328 1968 ἓν
350 1943 384 1979 τῇ
406 1942 524 1985 ἐκφορᾷ
545 1944 731 1982 κοπτομένη,
761 1944 925 1987 θρηνῳὸὁς
948 1943 997 1975 ἐπ’
1021 1942 1165 1984 ἐκφοράν.
1197 1943 1297 1973 Scal.
1337 1945 1549 1975 Lamentatrix.
1587 1945 1618 1972 In
1643 1942 1810 1972 Barbaricis
1833 1943 1980 1971 institutis
2003 1947 2031 1971 et
2053 1943 2167 1980 legibus

222 1980 412 2017 praefiearum
437 1986 606 2015 Aristoteles
629 1987 820 2023 meminerat,
859 1989 928 2026 quia
951 1987 1081 2026 Phryges
1105 1987 1227 2026 proprie
1253 1987 1394 2016 dicuntur
1418 1987 1550 2024 barbari,
1589 1996 1689 2016 eorum
1721 1990 1818 2014 autem
1846 1985 2000 2014 inventum
2024 1986 2168 2025 praeficae

224 2026 252 2049 et
272 2021 408 2053 Naeniae.
452 2028 552 2066 Papin.
575 2030 604 2057 in
629 2029 771 2067 Epicedio
794 2032 886 2068 patris
909 2032 950 2066 (V.
964 2031 1035 2062 244.
1051 2033 1138 2068 seq.):

613 2071 650 2099 Ut
673 2071 798 2101 Pharios
820 2071 897 2101 aliae
914 2073 989 2111 ficta
1011 2073 1119 2112 pietate
1143 2070 1258 2101 dolores

608 2112 846 2155 nygdoniosque
869 2114 968 2144 colunt
990 2122 1017 2143 et
1040 2126 1097 2144 non
1120 2126 1173 2143 sua
1187 2113 1300 2155 funera
1321 2112 1450 2152 plorant.

223 2147 370 2177 Praeficae
400 2154 494 2178 autem
523 2153 632 2191 dictae,
670 2156 738 2193 quia
768 2157 1000 2195 praeficerentur
1028 2157 1160 2193 ancillis,
1195 2156 1442 2195 quemadmodum
1470 2156 1713 2185 lamentarentur.
1761 2156 1853 2185 Varro
1881 2156 1931 2185 lib.
1945 2156 1991 2185 VI.
2017 2157 2053 2185 de
2079 2156 2109 2184 1..
2134 2156 2165 2184 L.

225 2189 385 2228 (pag-350.
408 2192 471 2231 Sp.)
498 2194 546 2221 ubi
570 2195 647 2224 hunc
671 2198 765 2225 Plauti
790 2200 887 2228 locum
910 2200 1015 2228 laudat
1038 2210 1072 2228 ex
1095 2199 1217 2228 Trucul.
1244 2199 1357 2229 Act.11.
1379 2209 1420 2227 sc.
1433 2202 1463 2230 6.
1489 2199 1588 2236 (14.):

612 2237 681 2266 Sine
701 2240 804 2269 virtute
825 2250 960 2279 argutum
984 2243 1073 2271 civem
1097 2241 1168 2270 mihi
1190 2241 1310 2270 habeam
1332 2252 1386 2281 pro
1408 2242 1539 2281 praefica

273 2317 278 2321 .
616 2278 696 2316 Quae
717 2280 792 2311 alios
815 2283 985 2320 collaudat,
1016 2295 1101 2324 eapse
1122 2295 1151 2313 se
1171 2294 1238 2313 vero
1263 2295 1320 2312 non
1342 2291 1445 2322 potest.

226 2316 280 2365 pb!
303 2322 368 2366 apte
392 2317 508 2355 quidem
533 2319 654 2366 Plautus
676 2322 765 2350 verbo
788 2324 941 2354 collaudat
963 2337 1032 2354 usus
1056 2331 1114 2360 est,
1144 2331 1172 2354 et
1196 2331 1230 2354 ut
1251 2327 1381 2355 Naevius
1408 2336 1512 2364 supra,
1542 2326 1621 2365 quod
1649 2325 1720 2354 viris
1743 2324 1841 2353 doctis
1864 2328 1995 2352 notatum
2018 2324 2164 2362 oportuit3

225 2359 300 2388 :llud
324 2370 400 2388 enim
423 2371 483 2389 rem
509 2371 567 2389 non
597 2363 710 2390 minimi
739 2368 877 2394 momenti
906 2378 959 2396 nos
989 2369 1094 2404 docet,
1131 2379 1236 2407 nempe
1264 2369 1408 2406 praeficas
1437 2369 1539 2398 laudes
1569 2373 1754 2398 mortuorum
1784 2367 1941 2402 cecinisse,
1978 2367 2055 2395 unde
2084 2371 2164 2394 recte

226 2402 338 2431 Paeana
361 2412 465 2432 canere
487 2403 581 2433 dictae
604 2408 681 2433 sunt.
726 2404 886 2444 Aeschylus
909 2410 939 2437 in
963 2410 1146 2448 Choephoris
1168 2412 1209 2447 (v.
1226 2413 1322 2447 149.):

617 2448 739 2477 Παιᾶνα
760 2449 813 2477 τοῦ
834 2449 983 2487 θανόντος
1006 2452 1216 2490 ἐξαυδωμένας-
