2263 2668
239 206 314 241 516
666 199 1008 235 COMMENTARII
1034 200 1082 234 IN
1108 200 1252 235 PAULI
1278 198 1473 234 DIACONI
1498 198 1749 233 EXCERPTA

400 297 586 327 Mortuae.
630 292 745 321 Scribe:
770 290 970 329 Fluminibus,
991 297 1025 321 ut
1048 293 1135 321 etiam
1159 298 1240 323 extat
1263 294 1294 322 in
1316 291 1466 321 veteribus
1490 291 1678 322 editionibus.
1703 290 1801 321 Scal.
1824 291 1965 322 Marsuae
1985 294 2103 333 pecudis
2125 307 2175 325 co-

241 342 292 370 rio.
337 341 416 368 Serv.
439 337 549 366 lib.IV.
574 335 708 364 Aeneid.:
741 333 819 363 Sane
842 333 1023 364 Flaminicae
1046 346 1103 364 non
1127 334 1233 365 licebat
1256 347 1345 376 neque
1365 333 1497 370 calceos,
1521 345 1609 374 neque
1630 333 1725 363 soleas
1748 336 1920 364 morticinas
1942 335 2063 365 habere:
2086 337 2176 367 Mor-

241 383 347 411 ticinae
368 387 462 408 autem
485 377 634 414 dicuntur,
658 388 731 418 quae
753 375 789 404 cle
807 375 967 416 pecudibus
990 388 1043 405 sua
1066 385 1166 416 sponte
1187 379 1308 408 mortuis
1325 375 1452 415 fieban15
1475 388 1564 416 neque
1585 388 1674 417 supra
1693 388 1768 416 genu
1790 378 1970 407 succinctam
1992 390 2058 410 esse.
2095 380 2176 409 Unde

238 428 319 462 patet
341 422 414 451 male
438 420 516 459 apud
539 421 656 449 Festum
679 419 824 457 quosdam
847 429 902 457 pro
922 417 1095 449 Flaminicis
1123 421 1287 450 rescribere
1311 417 1503 448 Fluminibus.
1537 419 1622 448 Dac.
1664 418 1724 448 Suo
1747 427 1838 448 morte
1859 421 2001 451 extincta.
2041 422 2074 450 Id
2096 431 2176 450 mor-

239 465 371 493 ticinium
393 464 443 492 vel
465 463 654 491 morticinum
669 461 797 490 Varroni
812 461 855 500 (p.
867 463 938 493 263.
956 461 1020 500 Sp.)
1037 467 1066 490 et
1082 462 1100 492 l.
1114 473 1180 502 pen.
1197 464 1228 492 ff.
1243 463 1278 492 de
1296 463 1343 491 via
1360 461 1490 500 publica.
1523 461 1650 490 Glossis:
1674 461 1855 499 Marabina,
1877 460 2041 503 θανάσιμα.
2069 462 2175 493 Goth.
2201 497 2204 503 ¹

399 513 461 543 Me
488 523 556 553 pro
585 512 680 541 mihi.
721 511 749 540 Ε
769 516 796 540 et
817 510 837 539 I
856 512 1025 550 promiscue
1053 512 1089 541 ab
1118 514 1247 552 antiquis
1277 517 1420 552 usurpata
1449 512 1539 541 fuisse
1570 516 1689 551 praeter
1715 513 1835 541 Festum
1864 514 1978 542 monuit
2001 514 2176 550 Quintilian.

238 556 288 585 lib.
300 556 322 585 I.
343 557 382 594 (c.
396 557 438 593 7.)
461 555 556 584 Instit.
578 555 678 593 itaque
700 554 728 583 in
752 554 841 583 dandi
864 565 935 583 casu
957 566 1001 583 me
1023 559 1050 583 et
1073 562 1100 584 ie
1120 556 1257 585 dicebant
1276 566 1331 595 pro
1353 555 1393 584 mi
1414 559 1442 584 et
1465 555 1504 592 ti,
1543 554 1601 584 hoc
1631 559 1673 584 est
1698 554 1771 584 mihi
1792 560 1821 584 et
1842 555 1906 585 tibi.
1948 556 2043 586 Huius
2065 557 2107 587 rei
2129 557 2177 586 lu-

239 599 390 628 culentum
416 599 581 637 exemplum
605 601 648 626 est
670 597 748 636 apud
772 597 867 627 Plaut.
891 597 972 626 Asin.
988 596 1046 634 111,
1069 601 1107 635 2,
1130 598 1223 639 (31.);

732 647 771 676 Ut
792 659 891 688 meque
911 655 991 688 teque
1013 649 1145 678 maxime
1166 657 1254 690 atque
1275 648 1389 687 ingenio
1413 654 1512 676 nostro
1536 645 1642 678 decuit.

237 698 326 728 Dac.
369 698 424 728 Me
450 709 505 738 pro
534 697 607 726 mihi
635 696 778 729 dicebant.
824 698 898 727 Vide
920 703 1020 727 notam
1043 710 1123 738 sup.;
1161 700 1212 729 sed
1244 700 1318 728 male
1347 698 1396 727 hic
1419 699 1540 735 Festus,
1574 709 1641 727 nam
1665 698 1749 737 prius
1772 699 1939 737 exemplum
1963 699 2037 729 nihil
2060 701 2176 740 probat,

239 751 306 770 cum
326 741 422 769 Latini
444 750 544 769 omnes
568 751 628 769 non
652 741 746 770 minus
769 741 948 770 recentiores
972 752 1058 779 quam
1083 743 1258 771 vetustiores
1282 742 1399 778 dicant,
1433 742 1460 770 si
1482 739 1554 781 quid
1576 740 1630 770 illo
1652 740 1767 770 homine
1784 740 1899 782 suerit,
1936 742 2009 782 quid
2030 755 2073 772 me
2090 742 2177 783 fiat?

238 788 293 812 etc.
322 783 401 821 quod
430 782 578 821 interpres
601 784 731 812 Terentii
760 783 930 822 explicabit.
969 784 1118 814 Posterius
1147 790 1243 814 autem
1271 783 1364 813 nihilo
1394 785 1481 813 etiam
1511 784 1638 822 amplius
1664 793 1731 812 cum
1755 784 1835 824 apud
1859 784 2026 814 Lucretium
2051 785 2175 825 legatur,

238 835 317 854 saxa
339 824 502 864 impendent
524 835 622 862 mare,
645 826 694 855 lib.
717 824 760 863 (l,
782 826 881 866 3260:

722 876 784 905 Nec
806 887 886 905 mare
907 888 979 917 quae
999 876 1167 918 impendunt
1188 888 1272 907 vesco
1295 876 1357 906 sale
1378 887 1459 906 saxa
1479 887 1586 917 peresa.

236 925 409 962 Praeterea,
433 926 516 965 quod
537 927 626 965 plane
648 927 793 956 eiusmodi
816 932 877 964 est,
900 927 1038 957 dicebant
1060 930 1184 958 exitium
1207 929 1295 957 instat
1318 927 1403 966 illos-‚-
1427 938 1462 957 en
1485 928 1539 956 tibi
1562 932 1714 957 auctorem
1734 927 1913 967 locupletem
1935 928 1965 957 in
1987 928 2083 958 Plaut.
2101 930 2175 959 Poe-

235 967 306 996 nulo
344 968 382 996 IV
420 971 440 1000 2
478 971 525 1001 96.
551 981 558 998 ;

330 968 341 1005 (
390 990 398 1005 ,
448 990 456 1006 ,
529 970 542 1007 )
727 1028 763 1034 -
809 1012 850 1041 Di
872 1011 1050 1042 immortales
1071 1024 1164 1042 meum
1187 1011 1285 1041 herum
1307 1019 1451 1041 servatum
1472 1010 1575 1041 volunt

723 1054 760 1083 Et
782 1053 859 1084 liunc
881 1053 1008 1084 lenonem
1033 1053 1241 1095 disperditum,
1265 1062 1378 1083 tantum
1398 1066 1460 1083 eum
1481 1055 1570 1083 instat
1589 1054 1684 1084 exitii.

237 1102 281 1130 An
301 1102 343 1131 ibi
365 1102 473 1132 dixerit
487 1104 591 1133 Festus
606 1117 668 1134 eum
685 1115 746 1134 esse
764 1105 795 1133 in
811 1105 901 1134 dandi
918 1105 1008 1133 casu'?
1038 1106 1087 1133 Sic
1103 1111 1131 1134 et
1148 1106 1227 1144 apud
1243 1106 1390 1134 Lucilium
1407 1105 1539 1134 invenias
1557 1104 1721 1135 incumbere
1734 1103 1878 1145 gladium.
1908 1108 1968 1136 sat.
1985 1107 2037 1139 lib.
2049 1107 2174 1137 xxvl.:

726 1154 890 1196 Suspendat
907 1167 941 1184 ne
957 1167 1001 1193 se,
1025 1167 1063 1185 an
1080 1155 1215 1196 gladium
1232 1156 1382 1186 incumbat
1400 1168 1434 1185 ne
1450 1155 1562 1186 coelum
1580 1154 1687 1184 videat.

235 1193 323 1224 Dac.

400 1237 597 1270 Malevoli.
639 1241 725 1270 Ianus
753 1242 782 1270 in
806 1241 954 1270 Turdellis
985 1241 1051 1278 quis
1074 1241 1129 1277 sit,
1166 1242 1251 1279 plane
1273 1241 1388 1279 ignoro.
1410 1240 1497 1270 Ant.
1520 1241 1614 1280 Aug.
1657 1241 1702 1269 Ita
1730 1240 1851 1279 scripsit
1872 1240 1992 1270 Festus:
2028 1241 2175 1272 Malevoli

235 1277 381 1308 Mercurii
401 1282 514 1321 signum
537 1290 598 1311 erat
618 1284 756 1322 proxime
777 1283 890 1313 Ianum.
936 1282 995 1321 Qui
1016 1284 1083 1312 item
1105 1291 1166 1312 erat
1187 1285 1217 1312 in
1248 1283 1394 1312 Turdellis
1422 1283 1602 1320 Mercurius,
1635 1282 1797 1312 malevolus
1819 1282 2042 1323 appellabatur‚·
2075 1283 2174 1313 male—

234 1319 295 1348 voli
316 1329 425 1359 autem,
463 1324 543 1363 quod
565 1327 594 1353 in
618 1324 727 1355 nullius
749 1325 899 1354 tabernam
921 1325 1099 1364 spectabant.
1144 1326 1267 1354 Notabis
1296 1331 1392 1354 autem
1418 1326 1514 1353 locum
1537 1327 1647 1354 Romae
1670 1326 1844 1361 Turdellos,
1882 1326 1967 1355 cuius
1989 1337 2077 1357 nemo
2100 1326 2174 1355 alius

233 1367 365 1392 veterum
387 1367 563 1396 mentionem
588 1368 668 1396 facit.
694 1367 796 1397 Scal.
840 1368 898 1396 Has
920 1369 1041 1396 lacunas
1062 1369 1101 1396 ita
1126 1369 1195 1396 olim
1220 1369 1393 1406 expleverat
1414 1368 1561 1405 Scaliger,
1591 1373 1620 1396 et
1642 1369 1683 1396 ita
1705 1373 1808 1406 postea
1829 1368 1858 1396 in
1883 1368 2010 1400 schedis.
2054 1369 2175 1398 Mercu-

231 1403 291 1433 rius
315 1411 426 1444 autem,
464 1410 514 1446 qui
537 1410 567 1438 in
590 1410 701 1439 nullius
722 1411 874 1439 tabernam
896 1415 1057 1449 spectaret,
1095 1411 1260 1439 malevolus
1284 1411 1380 1438 dictus
1402 1415 1459 1445 est,
1496 1409 1564 1447 quia
1587 1410 1633 1437 Dii
1657 1410 1832 1448 aspicientes
1856 1411 1956 1439 favere
1979 1412 2172 1450 putabantur,

231 1451 265 1474 ut
288 1453 399 1478 contra.
444 1450 537 1480 Porro
567 1453 683 1481 notabis
712 1453 813 1481 locum
836 1454 944 1482 Romae
967 1453 1125 1482 Turdellos
1154 1453 1284 1490 dictum,
1320 1452 1373 1481 ubi
1402 1457 1581 1481 mercatores
1611 1457 1644 1481 ut
1665 1452 1702 1481 ad
1725 1452 1838 1482 lanum.
1880 1453 1973 1482 Nemo
1997 1454 2074 1483 enim
2098 1453 2173 1482 alius

232 1493 365 1520 veterum
388 1492 452 1521 eius
475 1495 556 1532 quod
578 1495 669 1523 sciam
692 1496 832 1526 meminit.
876 1495 965 1524 Dac-

394 1542 630 1573 Malluvium.
680 1545 838 1573 Malluviae
869 1550 898 1574 et
925 1545 1092 1584 pelluviae,
1130 1546 1243 1574 Graece
1272 1543 1461 1584 χειρόνιπτρα
1489 1545 1539 1575 καὶ
1566 1542 1759 1585 ποδόνιπτρα.
1790 1543 1894 1574 Scal.
1938 1545 2115 1576 Malluvium
2144 1551 2174 1575 et

232 1581 391 1613 Malluviae
420 1595 473 1614 vas
500 1586 553 1615 ubi
581 1597 683 1616 manus
713 1588 869 1625 lavantur,
905 1587 989 1625 quasi
1011 1586 1181 1616 manueluae
1203 1587 1264 1615 sive
1285 1586 1481 1616 manuluviae.
1527 1587 1647 1616 Graecis
1668 1585 1872 1626 χειρόνιπτρα,
1903 1592 1938 1616 ut
1957 1587 2102 1627 pelluviae
2123 1589 2175 1618 ubi

232 1625 324 1663 pedes
349 1627 433 1664 quasi
452 1627 592 1667 pedeluae
613 1640 663 1658 seu
683 1628 869 1669 ρεᾶεἶιιυίαε,
907 1630 1029 1658 Graecis
1050 1628 1246 1669 ποδάνιπτρα.
1290 1629 1356 1658 Hoc
1384 1634 1481 1658 autem
1510 1629 1547 1658 ad
1570 1634 1703 1658 veterum
1729 1639 1840 1658 morem
1863 1630 2002 1668 respicit,
2042 1632 2093 1670 qui
2114 1641 2175 1661 non

232 1677 333 1696 manus
353 1673 484 1707 tantum,
515 1671 566 1700 sed
589 1672 676 1701 etiam
698 1672 788 1710 pedes
811 1676 877 1700 ante
899 1677 929 1700 et
950 1677 1020 1710 post
1048 1682 1169 1701 coenam
1197 1671 1347 1701 lavabant.
1386 1670 1570 1701 Malluvium
1592 1670 1693 1701 latum.
1732 1672 1887 1709 Legerem:
1920 1671 2099 1702 Malluvium
2119 1673 2175 1702 la-

234 1716 292 1738 tum
316 1712 347 1740 in
370 1714 577 1743 commentario
598 1724 749 1743 sacrorum
771 1715 920 1754 significat
941 1725 1046 1743 manus
1066 1722 1097 1743 ut
1120 1714 1225 1744 lavent.
1269 1714 1333 1743 Hoc
1356 1724 1460 1743 sensu:
1487 1712 1558 1743 Cum
1580 1712 1752 1743 malluvium
1776 1712 1870 1743 latum
1890 1721 1968 1752 erat,
1988 1713 2046 1744 hoc
2067 1716 2098 1744 in
2118 1725 2176 1744 sa-

235 1761 347 1782 crorum
373 1757 580 1785 commentario
605 1755 792 1796 signficalvat
820 1763 851 1785 ut
881 1767 986 1785 manus
1013 1755 1154 1786 lavarent.
1199 1757 1299 1786 Possis
1328 1757 1416 1786 etiam
1444 1757 1542 1795 legere
1570 1757 1622 1796 qui
1643 1755 1754 1792 lavent,
1791 1755 2017 1787 eodem-seusu.
2063 1756 2124 1796 Qui
2143 1757 2175 1787 id

235 1798 276 1821 est
296 1806 352 1834 quo
374 1807 429 1835 pro
452 1797 509 1827 ubi.
532 1798 621 1828 Dac.
659 1797 817 1828 Pelluviae.
853 1799 919 1828 Vid.
942 1799 1019 1828 infra
1042 1798 1201 1829 Pelluviae.
1236 1798 1490 1830 commentarium.
1526 1799 1752 1828 Commentario.
1800 1797 1907 1828 Goth.

394 1847 544 1878 Maxim
555 1861 608 1878 um
626 1856 847 1888 praetorem.
872 1850 931 1889 (Ad
947 1861 976 1890 p.
990 1849 1070 1889 175.)
1101 1850 1150 1879 Sic
1164 1851 1195 1878 in
1212 1850 1340 1879 carmine
1355 1850 1457 1879 Marcii
1475 1849 1563 1879 vatis:
1587 1848 1647 1878 His
1663 1848 1741 1878 ludis
1753 1847 1909 1890 faciundis
1920 1849 2031 1889 praesit
2045 1850 2072 1879 is
2084 1860 2174 1889 prae-

239 1890 298 1929 ¹⁰f’
322 1888 371 1925 qui
392 1890 436 1917 ius
455 1890 565 1930 populo
587 1890 721 1932 plebique
743 1891 826 1921 dabit
855 1904 1007 1924 summum.
1036 1893 1100 1922 Liv.
1122 1892 1173 1923 lib.
1186 1893 1280 1922 XXV.
1303 1891 1416 1932 (c.12.)
1441 1892 1572 1922 Macrob.
1594 1892 1645 1921 lib.
1657 1892 1679 1923 1.
1704 1893 1821 1921 Saturn.
1859 1891 1902 1920 De
1923 1892 2028 1921 salutis
2050 1892 2174 1930 augurio

238 1924 336 1956 Cicero
349 1929 398 1958 lib.
411 1931 433 1959 Ι.
450 1933 486 1960 de
501 1933 592 1962 divin.
606 1935 643 1970 (c.
657 1935 719 1971 47.)
734 1934 853 1964 Tacitus
868 1935 918 1967 lib.
930 1935 997 1965 XII.
1014 1934 1051 1975 (c.
1063 1938 1113 1972 23,
1135 1934 1179 1975 2.)
1199 1936 1282 1964 Dion.
1296 1935 1347 1965 lib.
1360 1935 1512 1965 XXXVII.
1530 1934 1569 1974 (e.
1582 1934 1658 1974 24.).
1676 1934 1764 1964 Ant.
1778 1933 1878 1973 Aug.
1901 1933 2076 1963 Maximum
2090 1945 2174 1974 prae·

239 1973 340 2005 torem,
362 1971 418 2000 hoc
441 1979 498 2011 est,
523 1976 685 2014 urbanum,
717 1979 767 2015 qui
790 1978 885 2006 maior
906 1978 992 2007 etiam
1016 1983 1046 2007 et
1067 1977 1226 2007 honoratus
1248 1978 1418 2013 dicebatur,
1447 1979 1515 2016 quia
1538 1978 1584 2006 ius
1606 1977 1719 2016 populo
1742 1976 1884 2016 plebique
1905 1976 1994 2006 dabat
2015 1986 2173 2015 summum,

240 2012 272 2055 ui:
294 2015 336 2037 est
357 2014 386 2040 in
409 2017 536 2046 carmine
558 2019 661 2047 Marcii
683 2019 759 2048 vatis
782 2020 861 2058 apud
884 2020 945 2050 Liv.
969 2020 1020 2049 lib.
1032 2021 1127 2051 XXV.
1151 2031 1214 2060 cap.
1230 2023 1278 2053 12.
1300 2031 1359 2049 non
1389 2023 1486 2049 autem
1517 2020 1599 2059 quod
1629 2020 1753 2049 caeteris
1782 2023 1845 2048 erat
1873 2023 1968 2048 aetate
1995 2020 2173 2058 provectior.

239 2049 314 2097 V.¹‘¹‘³‘
336 2055 428 2083 maior
452 2055 568 2090 Consul.
597 2060 657 2090 Pro
681 2060 804 2100 collegio
827 2073 979 2102 augurum.
1011 2063 1188 2101 Collegium,
1212 2063 1335 2092 societas
1358 2073 1477 2100 eorum,
1502 2063 1553 2101 qui
1576 2062 1699 2092 eandem
1721 2066 1813 2092 artem
1836 2066 1975 2092 tractant.
2006 2061 2055 2090 Sic
2077 2062 2174 2091 colle-

239 2102 317 2130 gium
340 2095 504 2144 fabiorum,
529 2102 682 2140 collegium
705 2103 880 2133 Pontificum
901 2110 956 2136 etc.
986 2103 1023 2134 In
1045 2104 1150 2134 salutis
1172 2106 1304 2145 augurio.
1334 2105 1443 2134 Salutis
1466 2105 1621 2143 augurium
1643 2115 1699 2144 per
1720 2105 1761 2136 44·
1783 2114 1876 2133 annos
1897 2103 2096 2134 intermissum
2112 2103 2174 2133 Au·

237 2140 338 2171 gustus
359 2142 497 2185 restituit.
533 2143 604 2172 Erat
625 2146 728 2174 modus
750 2147 883 2184 augurii,
907 2152 942 2176 ut
964 2147 987 2176 si
1011 2148 1087 2176 Deus
1109 2148 1292 2187 permitteret
1314 2148 1440 2177 salutem
1463 2148 1575 2186 populo
1597 2152 1771 2186 poscerent,
1796 2147 1880 2185 quasi
1902 2156 1939 2175 ne
1961 2146 2084 2176 salutem
2106 2146 2173 2185 qui-

237 2176 303 2206 dem
326 2189 341 2206 a
367 2179 425 2207 Dus
447 2186 545 2218 petere
567 2186 609 2213 sas
633 2192 723 2224 esset,
752 2189 784 2216 ni
808 2189 889 2227 prius
911 2189 969 2218 hoc
991 2190 1091 2229 ipsum
1115 2190 1162 2219 Dii
1184 2190 1408 2220 concessissent.
1443 2190 1647 2220 Observabant
1669 2194 1768 2219 autem
1791 2189 1868 2218 diem
1889 2199 1981 2218 unum
2004 2191 2171 2228 quotannis,

238 2228 296 2265 ‘luo
316 2221 416 2267 Pullus
432 2223 476 2269 'ad
498 2223 606 2254 bellum
629 2229 867 2265 proficisceretur
888 2232 1052 2270 exercitus,
1082 2243 1167 2261 nemo
1191 2243 1222 2261 se
1244 2232 1282 2261 ad
1304 2233 1414 2262 bellum
1437 2234 1621 2272 accingeret,
1650 2243 1736 2261 nemo
1758 2236 1919 2271 pugnaret,
1950 2241 2042 2270 quare
2063 2231 2094 2260 in
2117 2241 2172 2271 pe—

237 2261 338 2290 riculis
360 2273 543 2303 maxlmeque
566 2268 699 2298 civilibus
720 2273 889 2311 neutiquam
911 2275 1006 2304 fiebat.
1052 2275 1127 2304 Vide
1151 2275 1272 2304 Dionem
1295 2276 1347 2306 lib.
1360 2276 1514 2305 XXXVII.
1537 2274 1665 2315 (c.24.).
1711 2274 1802 2304 Dac-

253 2353 259 2359 ¹
397 2313 539 2365 Mortis
562 2327 682 2348 causa.
705 2320 764 2356 (Ad
789 2333 815 2360 p.
831 2324 913 2363 175.)
937 2325 1054 2355 Scribe:
1079 2324 1168 2355 Cuius
1189 2325 1388 2365 stipulationis
1410 2338 1488 2356 mors
1506 2325 1567 2366 fuit
1590 2336 1690 2356 causa.
1720 2325 1808 2355 Levis
1831 2334 1924 2354 error.
1948 2322 2049 2353 Scal.
2086 2320 2170 2352 Mor-

236 2359 273 2381 us
295 2364 385 2382 causa
406 2355 566 2395 stipulatio.
610 2360 684 2397 Lege
706 2362 736 2389 in
758 2363 828 2392 fine:
864 2364 951 2395 Cuius
980 2366 1180 2407 stipulationis
1207 2379 1286 2398 mors
1310 2368 1374 2410 fuit
1402 2380 1500 2398 causa.
1545 2369 1582 2397 Et
1607 2368 1679 2397 haec
1702 2379 1771 2397 vera
1796 2372 1840 2397 est
1860 2367 1950 2396 huius
1971 2364 2170 2404 stipulationis

235 2394 328 2434 ratio,
352 2406 410 2425 non
433 2408 504 2447 vero
527 2411 614 2438 quam
639 2403 755 2440 putavit
777 2405 880 2435 Labeo.
904 2408 990 2439 Dac.
1036 2410 1101 2439 Vid.
1124 2411 1179 2448 leg.
1202 2411 1306 2439 mortis
1330 2421 1427 2440 causa.
1451 2413 1502 2443 34.
1525 2411 1584 2448 ibi,
1612 2416 1646 2440 ut
1668 2410 1740 2449 quid
1761 2410 1930 2449 stipunitur·
1952 2407 1983 2436 ff·
2006 2406 2043 2434 de
2065 2407 2168 2436 ”mnis

233 2447 319 2466 causa
341 2439 556 2471 donationibus.
602 2441 704 2473 Goth.
