2263 2668
553 126 618 161 DE
643 125 1033 162 SIGNIFICATIONE
1060 124 1344 163 VERBORUM.
1395 128 1542 166 LIBER
1566 130 1627 168 111.
1982 134 2058 170 387

110 224 145 254 td
167 227 211 253 est
233 232 395 263 compesce,
430 225 460 252 et
481 220 559 250 hanc
580 231 684 250 vocem
706 221 917 251 restituendam
939 223 1015 259 puto
1034 218 1247 258 Bacchid.111‚
1271 224 1300 253 3.
1325 222 1419 258 (59.):

648 262 722 293 Cave
744 263 855 293 malum
878 271 904 292 et
926 272 1075 302 compesce
1098 262 1129 290 in
1151 261 1236 292 illum
1259 262 1353 293 dicere
1375 265 1488 295 iniuste.

107 310 202 347 Lego:
232 315 258 337 et
281 317 443 347 comperce,
467 305 498 335 id
522 309 565 334 est
588 316 749 346 comparce.
788 306 887 336 Parco
910 310 1008 334 autem
1032 309 1060 333 et
1079 315 1170 343 pasco
1193 311 1307 335 veteres
1331 308 1478 337 dicebant.
1517 308 1599 337 Unde
1619 309 1734 349 pascito
1756 307 1888 349 linguam
1909 309 1940 339 in
1962 312 2057 341 sacri-

107 352 183 380 ficiis
206 349 339 390 linguam
363 356 500 379 coer-ceto.
534 348 609 377 Vide
630 351 756 388 pascito.
785 348 870 378 Dac.
914 348 1004 377 Plane
1034 346 1151 375 diversa
1181 354 1250 378 sunt
1272 361 1364 390 parco
1387 356 1415 380 et
1434 362 1533 391 pasco.
1572 350 1667 381 Pasce
1691 352 1769 380 enim
1793 363 1810 382 a
1831 349 1914 389 no'cm,
1945 363 2057 392 cogna-

109 400 234 432 tumque
257 397 301 421 est
325 402 392 420 cum
416 391 567 420 Sauscrito
590 402 668 432 paen
687 403 792 431 pecus,
829 391 886 420 nisi
914 391 992 420 forte
1021 399 1116 428 pecus
1138 401 1155 418 a
1176 389 1286 429 πόκος,
1323 393 1401 432 quod
1430 394 1516 423 etiam
1546 394 1638 430 πέκος
1664 395 1796 424 sonabat.
1841 395 1930 431 Quod
1958 401 2056 426 tamen

109 437 229 465 minime
251 434 323 464 mihi
346 434 501 473 probabile
523 433 650 463 videtur.

278 476 501 516 Comparsit.
546 477 664 506 Terent.
693 476 723 504 in
746 475 864 505 Phorm.
887 475 932 516 (I,
957 478 990 513 1,
1013 472 1073 514 9.).
1101 475 1189 504 Ant.
1209 476 1302 516 Aug.
1347 478 1444 507 Locus
1474 478 1593 516 quidem
1622 479 1755 508 Terentii
1783 484 1872 508 notus
1900 481 1990 519 vulgo
2019 492 2056 511 ex

110 520 304 556 Phormione,
327 520 367 548 ita
388 526 500 556 tamen,
523 524 555 547 ut
577 522 607 547 in
630 519 714 547 aliam
738 518 911 547 sententiam
933 528 967 548 ac
987 517 1091 546 Festus
1113 519 1327 557 interpretatur
1349 521 1538 560 accipiendus
1561 521 1608 550 sit.
1632 520 1734 551 Scal.
1766 523 1840 560 Lege
1864 524 2017 563 comper-sit
2040 536 2056 553 a

111 575 214 604 parco.
243 562 325 592 Vidit
347 562 516 590 Salmasius
547 562 641 590 Locus
665 562 793 590 Terentii
818 566 874 590 est:

690 611 777 649 Quod
799 610 850 640 ille
873 611 1014 640 unciatim
1037 611 1092 640 vix·
1116 609 1151 639 de
1173 610 1306 641 demenso
1328 623 1380 641 suo

687 654 780 683 Suum
804 652 987 696 defraudans
1005 654 1123 694 genium
1146 656 1303 693 comparsit
1326 656 1420 685 miser.

112 698 202 728 Dssc·
279 738 451 769 Greduas.
493 739 590 768 Plaut.
612 739 642 768 in
665 737 805 769 Bacchid.
826 738 883 769 An
893 745 912 768 t.
934 738 1028 778 Aug.
1061 738 1167 768 Bacch.
1182 738 1242 776 III,
1265 742 1300 776 3,
1323 740 1409 777 (72).
1444 739 1492 768 Sic
1515 744 1543 768 et
1562 740 1709 780 Amphitr.
1732 741 1877 780 (Suppos.
1898 742 1984 772 Scen.
2015 741 2057 772 Di

112 791 238 812 vostram
250 781 346 822 fidem
369 792 397 812 v.
411 782 475 820 9.):

734 821 761 852 Ο
784 821 816 851 di
830 822 973 863 faciant,
1012 830 1043 852 ut
1065 830 1096 852 tu
1118 834 1231 864 quoque

571 863 709 895 Concisus
728 866 834 905 pugnis
857 873 883 894 et
905 865 992 895 illisis
1014 864 1148 895 dentibus
1168 864 1201 895 id
1222 866 1388 905 impransus
1411 864 1542 902 creditas,

115 914 144 939 et
165 909 234 939 alibi
257 909 326 949 plus
348 908 448 938 vicies.
490 908 580 937 Dae.
1361 925 1369 943 5

280 958 421 990 Gorius.
465 960 556 997 Lege:
595 957 679 987 Haec
701 957 802 997 lupus,
831 969 891 987 non
914 958 985 989 haec
1007 957 1105 990 ludus.
1149 958 1278 987 Ennius:

527 1000 708 1030 Endotuetur
728 999 771 1029 ibi
792 999 1022 1043 lupu'fernina,
1050 1003 1198 1042 conspicio
1221 1011 1343 1030 amnem.

115 1043 217 1074 Scal.
262 1045 419 1083 Ignoratur
449 1044 619 1073 comoediae
641 1053 762 1079 nomen,
796 1044 875 1073 unde
895 1044 993 1073 Plauti
1016 1045 1115 1082 locus,
1152 1054 1240 1083 quem
1262 1043 1364 1072 Festus
1386 1042 1501 1081 laudat,
1538 1043 1650 1083 petitus
1673 1048 1724 1072 est.
1770 1042 1805 1076 Et
1827 1042 1905 1074 idem
1929 1054 1963 1073 eo
1986 1044 2057 1073 alibi

115 1087 281 1116 masculino
305 1097 410 1126 genere
432 1096 504 1116 usus
527 1091 585 1122 est,
614 1091 647 1114 ut
666 1086 787 1116 Poenul.
803 1086 831 1123 l,
857 1089 885 1118 1.
910 1086 1007 1126 (11.):

532 1129 602 1158 Tres
615 1126 716 1170 facile
736 1129 832 1158 corios
854 1129 1018 1158 contrivisti
1040 1127 1171 1160 bubulos.

114 1171 151 1200 Et
173 1172 266 1201 Varro
288 1172 319 1200 in
341 1170 510 1202 Eumenid.:

528 1211 617 1241 Nunc
639 1214 735 1241 corius
756 1211 867 1242 ulmum
889 1221 955 1242 tuus
978 1212 1112 1254 depavit,
1141 1213 1253 1253 pergis,
1285 1213 1360 1242 beia.

118 1256 176 1284 Pro
198 1254 270 1286 haec
291 1254 378 1285 ludus
400 1255 537 1284 dicebant
559 1253 651 1290 lusio,
675 1255 742 1284 vide
765 1256 893 1284 Nonium
915 1255 1078 1296 (pag.211.
1103 1256 1211 1294 Mem).
1235 1255 1323 1285 Dac.
1368 1253 1454 1284 Haec
1478 1262 1577 1283 metus.
1622 1254 1746 1283 Ennius:

527 1296 570 1325 Ni
591 1304 682 1325 metus
705 1295 768 1326 ulla
791 1304 881 1335 tenet,
918 1299 971 1328 rite
991 1299 1096 1327 virtute
1117 1299 1277 1340 quiescunt.

116 1338 226 1370 Idem.
271 1339 358 1369 Haec
381 1341 484 1371 amnis,
528 1340 623 1368 Plaut.
646 1339 676 1367 in
698 1340 817 1369 mercat.
843 1338 896 1378 (V,
920 1343 955 1378 2,
981 1339 1063 1378 18.):

527 1381 627 1421 Neque
646 1380 710 1410 ulla
732 1382 806 1411 mihi
827 1381 954 1412 obstabit
975 1384 1088 1421 amnis,
1117 1394 1206 1424 neque
1226 1394 1323 1420 mons,
1356 1393 1445 1423 neque
1466 1379 1538 1410 adeo
1562 1391 1647 1410 mare.

118 1421 231 1455 Idem.
275 1423 339 1454 Hic
350 1423 454 1466 frons.
497 1424 642 1453 Caecilius
663 1424 694 1452 in
716 1424 890 1454 subditicio:

527 1466 607 1495 Nam
632 1467 655 1495 ii
676 1475 742 1496 sunt
764 1468 877 1497 inimici
896 1468 1014 1507 pessimi
1030 1467 1132 1508 fronte
1153 1466 1257 1504 hilaro,

530 1507 623 1538 Corde
642 1510 734 1546 tristi,
769 1521 841 1549 quos
863 1521 954 1550 neque
975 1517 1007 1538 ut
1029 1509 1228 1549 apprehendas
1251 1520 1341 1550 neque
1362 1516 1394 1537 ut
1416 1509 1516 1536 minas
1538 1507 1625 1536 scias.

118 1551 176 1588 (De
197 1550 254 1580 hoc
277 1552 394 1580 Caecilii
417 1551 486 1580 loco
507 1551 576 1580 vide
593 1552 728 1589 Spengel.
750 1551 896 1589 Fragmm.
920 1552 1042 1580 Caecilii
1064 1563 1130 1590 pag.
1142 1553 1220 1588 27.).
1245 1552 1298 1580 Da
1308 1562 1332 1582 c.
1367 1549 1478 1580 Corius.
1511 1550 1587 1578 Vide
1609 1548 1735 1576 Nonium
1758 1546 1837 1587 (pag.
1854 1549 1923 1579 199.
1947 1545 2060 1585 Merc.).

122 1592 230 1623 Goth.
259 1593 382 1631 Ludus;
405 1594 455 1622 alii
472 1592 570 1629 lucus,
593 1594 641 1621 alii
664 1592 765 1633 lupus,
789 1594 870 1632 quod
893 1594 986 1631 magis
1007 1595 1206 1633 probandum.
1230 1594 1304 1623 Vide
1326 1594 1402 1622 infra
1418 1591 1592 1622 Masculino
1611 1602 1719 1630 genere.
1744 1589 1852 1619 Idem..
1883 1588 1946 1619 Hic
1959 1588 2059 1632 frons.

121 1635 197 1665 Vide
219 1636 294 1664 infra
319 1635 463 1665 Frontem.
506 1635 567 1663 Alii
587 1636 691 1673 legunt
712 1635 759 1665 hic
771 1635 859 1677 fons.
904 1635 1015 1666 Idem.

286 1676 426 1707 Callus.
473 1675 581 1706 Callus.
616 1679 736 1716 Repone
759 1688 796 1706 ex
817 1678 966 1707 veteribus
988 1678 1182 1707 editionibusz
1213 1676 1338 1707 culleus.
1381 1677 1446 1705 Non
1469 1680 1565 1704 autem
1589 1676 1672 1704 aliud
1694 1685 1786 1714 genus
1808 1675 1948 1703 tormenti
1969 1674 2060 1703 fuisse

121 1723 213 1758 puto,
237 1720 316 1758 quod
340 1720 390 1748 hic
413 1720 545 1756 dicatur,
571 1729 659 1758 quam
683 1720 828 1758 culleum,
851 1721 882 1749 in
906 1731 992 1760 quem
1015 1721 1251 1750 immittebantur
1272 1720 1450 1759 parricidae.
1486 1719 1543 1747 Res
1564 1718 1774 1756 vulgatissima.
1807 1716 1864 1745 Sed
1885 1721 1981 1745 tamen
2004 1726 2060 1755 ap-

121 1771 232 1800 ponam
255 1762 291 1790 de
314 1772 365 1799 eo,
402 1762 482 1801 quod
504 1762 620 1791 inveni:
658 1762 773 1802 ἐγένετο
797 1762 891 1802 νόμος
913 1776 957 1799 τις
979 1761 1116 1794 τοιούτου
1139 1761 1252 1802 τρόπον
1275 1764 1367 1792 πᾶσιν
1397 1758 1592 1799 ἀνθρώποις,
1629 1758 1711 1796 ὅπως
1739 1758 1820 1795 ὅστις
1846 1755 2060 1798 πατροκτόνων

121 1800 296 1841 πεποιήκει,
335 1806 483 1842 ὁημοσίως
507 1805 549 1839 εἰς
577 1803 686 1845 μολγὸν
717 1806 867 1843 πεμφθεὶς
892 1809 1034 1845 συνραφῇ
1057 1803 1119 1843 μετ’
1143 1805 1258 1845 ἐχίδνης
1279 1805 1328 1834 καὶ
1350 1801 1443 1839 κυνὸς
1465 1802 1514 1832 καὶ
1536 1800 1673 1840 πιθήκου
1696 1803 1745 1832 καὶ
1767 1798 1924 1839 ἀλέκτορος
1946 1797 2060 1840 ἆσεβῶν

123 1844 206 1882 ζώων
230 1842 339 1885 ἀσεβὴς
361 1845 540 1885 ἅνθρωπος,
567 1847 618 1876 καὶ
641 1848 689 1877 ἐπὶ
711 1845 826 1886 ἁμάξης
847 1848 1020 1887 ἐζευγμένης
1042 1851 1178 1886 μελαυοῖς
1197 1848 1288 1887 βουσὶ
1310 1848 1473 1887 κατενεχθῇ
1495 1845 1537 1880 εἰς
1559 1842 1714 1875 θάλασσαν
1737 1845 1788 1875 καὶ
1810 1844 1885 1885 ριφῇ
1907 1844 1948 1879 εἰς
1968 1841 2057 1882 βαθύ.

122 1889 160 1916 Et
182 1888 290 1917 mirum
315 1889 385 1918 mihi
407 1889 543 1925 videtur,
568 1890 648 1927 quod
671 1890 707 1918 de
731 1890 832 1919 eadem
856 1901 888 1918 re
911 1890 1044 1919 Isidorus
1067 1891 1196 1919 scribens
1220 1891 1249 1918 in
1267 1889 1378 1917 Glossis
1401 1890 1459 1925 ait,
1482 1887 1609 1916 culleum
1631 1888 1763 1915 tunicam
1786 1886 1877 1915 fuisse
1901 1896 1937 1914 ex
1958 1889 2058 1924 sparto

122 1931 153 1959 in
174 1931 296 1959 modum
318 1932 469 1961 cruminae
491 1932 599 1960 factam
622 1937 651 1961 et
674 1933 791 1961 solitam
813 1933 893 1961 liniri
916 1943 931 1960 a
955 1934 1068 1971 populo
1091 1934 1158 1971 pice
1181 1938 1210 1961 et
1231 1932 1384 1960 bitumine.
1428 1931 1550 1959 Plautus
1573 1930 1738 1959 Vidularia:

820 1992 857 1996 —
881 1974 947 2003 iube
968 1975 1044 2004 hunc
1064 1975 1142 2004 insui
1163 1973 1257 2004 culleo

650 2016 751 2056 Atque
772 2017 802 2045 in
824 2016 917 2046 altum
941 2015 1104 2056 deportari,
1126 2018 1153 2046 si
1174 2018 1218 2046 vis
1240 2026 1385 2045 annonam
1411 2013 1527 2044 bonam.

125 2056 229 2087 Scal.
266 2056 396 2085 Isidorus
419 2058 448 2086 in
469 2057 597 2086 Glossis:
633 2057 748 2087 culleus
770 2060 870 2087 tunica
891 2069 931 2087 ex
951 2067 1051 2098 sparto
1075 2060 1105 2088 in
1127 2057 1245 2088 modum
1269 2059 1415 2088 cruminae
1434 2056 1539 2098 facta,
1570 2066 1643 2096 quae
1664 2053 1807 2084 linebatur
1826 2063 1845 2081 α
1864 2049 1974 2091 populo
1994 2052 2060 2091 pice

123 2107 150 2128 et
174 2099 325 2136 bitumine,
348 2100 377 2127 in
401 2111 458 2140 qua
479 2099 703 2129 includebantur
722 2100 890 2140 parricidae
913 2112 977 2130 cum
1000 2102 1099 2137 simia,
1122 2108 1248 2141 serpente
1269 2108 1294 2129 et
1312 2099 1394 2140 gallo
1417 2100 1513 2128 insuta
1536 2097 1702 2127 mittebatur
1722 2097 1752 2124 in
1774 2106 1869 2131 mare,
1893 2101 1920 2123 et
1939 2101 2059 2123 conten-

124 2141 258 2171 dentibus
280 2143 353 2170 inter
374 2153 404 2170 se
424 2141 621 2171 animantibus
643 2141 728 2171 homo
755 2142 914 2171 maior-ibus
939 2144 1040 2182 poenis
1069 2143 1262 2185 afficiebatur.
1285 2142 1373 2174 Dae.
1418 2142 1525 2171 Culeus
1549 2140 1597 2180 qui
1621 2144 1649 2169 et
1671 2137 1780 2169 collare
1801 2136 1897 2166 Nonio
1921 2136 2056 2175 (p.197.

123 2184 212 2213 Merc.
256 2185 312 2212 Sed
336 2194 395 2212 non
418 2183 528 2213 culleus
551 2190 578 2212 et
600 2184 711 2214 collare
733 2186 844 2222 Nonio,
876 2194 979 2214 verum
1002 2180 1127 2222 culleus,
1152 2183 1279 2222 callem).
1324 2186 1382 2214 Alii
1404 2185 1504 2224 legunt
1526 2183 1655 2218 culleus,
1684 2185 1718 2210 ut
1739 2180 1777 2210 sit
1800 2189 1850 2209 vas
1871 2179 2056 2219 parricidale,

123 2226 160 2256 de
183 2237 242 2266 quo
266 2228 295 2255 in
318 2227 336 2255 l.
360 2227 468 2265 penult.
492 2226 520 2256 ss’.
543 2227 579 2255 ad
603 2227 621 2256 l.
644 2227 812 2266 Pompeiam
834 2227 871 2256 de
893 2227 1034 2266 parricid.
1082 2227 1189 2257 Goth.

289 2275 469 2308 Crumina.
516 2277 623 2306 Versus
645 2278 743 2307 Plauti
766 2277 923 2307 mendosus
948 2279 988 2306 ita
1015 2279 1071 2316 legi
1094 2279 1193 2308 debet:

537 2328 578 2357 Di
601 2329 668 2358 bene
689 2337 824 2365 vortant‚·
857 2336 918 2358 tene
940 2330 1119 2367 cruminam,
1149 2331 1179 2359 in
1202 2340 1234 2358 ea
1257 2336 1338 2358 erunt
1360 2328 1479 2369 triginta
1501 2328 1604 2357 minae.

126 2376 225 2409 Scal.
264 2379 359 2407 Locus
381 2384 423 2407 cst
445 2389 460 2408 e
483 2378 598 2418 perdita
623 2379 718 2408 Plauti
742 2379 850 2409 sabula.
875 2398 912 2403 —
940 2380 1052 2410 Glossis
1073 2380 1207 2410 crumina
1228 2378 1405 2416 θύλακος.
1451 2376 1559 2408 Goth.

1509 2429 1606 2464 Ccc
1631 2429 1651 2453 *
