2263 2668
542 143 606 177 DE
637 139 1025 178 SIGNIFICATIONE
1057 138 1342 176 VERBORUM.
1395 141 1541 176 LIBER
1569 143 1628 178 ΙΙΙ.
1983 145 2057 180 353

109 236 241 267 rotunda
263 239 339 265 esset
361 235 456 264 instar
477 236 589 274 poculi.
633 237 679 265 Ex
701 237 754 265 illo
777 241 868 276 portu
891 232 1133 271 Carthaginensi,
1157 233 1307 270 Cothone,
1335 234 1402 271 alii,
1427 240 1457 264 ut
1480 235 1614 272 videtur,
1638 239 1743 274 portus
1766 237 1925 266 manufacti
1948 239 1990 267 sic
2013 240 2057 268 di-

110 280 270 314 cebantur,
299 278 323 306 si
346 278 418 306 fides
441 283 485 306 est
504 279 601 308 Festo.
638 278 746 308 Fossas
769 280 857 308 etiam
880 276 1070 316 appellarunt
1090 276 1194 304 Latini.
1231 276 1325 305 Hodie
1349 288 1467 316 quoque
1491 279 1571 318 apud
1597 279 1755 314 Nunnetes,
1782 283 1886 317 portus
1898 279 1990 320 fossa
2013 282 2057 311 di-

111 323 205 359 citur3
230 320 353 350 Graecis
376 318 530 360 χάραδρος.
556 320 711 350 Salmas.
734 322 763 350 in
787 322 878 349 Solin.
911 319 978 347 Dixi
1001 318 1037 346 ad
1061 318 1080 346 l.
1093 319 1143 349 59.
1158 318 1187 347 ff.
1211 319 1245 347 de
1270 320 1350 348 verb.
1374 320 1494 358 signific.
1544 320 1648 350 Goth.

277 361 457 392 Collatia.
503 364 576 392 Latii
599 364 629 392 in
653 365 700 392 via
724 364 880 393 Tiburtina
904 361 1050 400 oppidum
1072 371 1166 398 prope
1189 362 1319 389 Romam.
1363 363 1387 390 A
1412 373 1470 401 quo
1495 364 1641 392 Collatina
1666 367 1759 401 porta.
1794 363 1827 391 In
1850 363 1925 393 colle
1946 364 2056 395 hortu-

110 407 246 435 lanornm
270 405 306 434 ad
330 406 582 444 Septentrionem,
615 417 690 444 quae
713 412 741 435 et
764 405 916 435 Pinciaria
939 415 954 432 a
979 403 1091 442 pala1i0
1116 403 1206 431 Pincii
1230 405 1389 433 Senatoris.
1433 405 1521 434 Dae.

279 446 490 477 Collucare.
534 449 692 477 Prosanain
723 449 829 477 silvam
852 447 946 484 dixit,
985 446 1053 484 quia
1076 445 1138 474 luci
1160 447 1235 475 sacri
1259 452 1341 476 erant
1363 447 1508 477 inc-aedui.
1552 448 1712 486 Propterea
1736 447 1776 476 ita
1800 447 1978 487 deprecatur
2000 461 2055 490 pa-

110 495 172 520 stor
193 490 243 518 ille
267 490 348 529 apud
368 490 508 519 Ovidium
533 492 695 529 (Fast.lV‚
719 492 805 528 754.)
827 491 859 519 in
881 500 963 518 sacro
987 488 1085 517 Palili:

688 534 745 563 Seu
767 545 831 562 mea
850 531 928 572 falx
950 541 1032 560 ramo
1055 529 1153 559 lucum
1174 529 1312 568 spoliavit
1336 542 1439 570 opaco,

732 574 814 604 Uncle
836 574 905 603 (lata
927 581 967 603 est
989 581 1102 602 tenerae
1112 573 1227 612 fiscina
1243 572 1369 614 frondis
1393 575 1447 603 ovi.

112 617 213 655 Neque
235 617 288 645 tibi
310 617 462 655 imponat,
492 618 571 655 quod
596 619 624 646 in
650 618 800 647 Glossario
825 618 946 655 legitur:
981 614 1167 652 Conlucatis‚
1197 613 1277 650 εἶὸος
1301 618 1422 655 νεκροῦ.
1460 616 1626 654 Legendum
1651 615 1744 644 enim:
1778 614 1966 654 Conlocatio,
1989 618 2056 655 ἕδος

109 661 228 698 νεκροῦ.
266 660 335 688 Erat
357 665 456 689 autem
482 658 643 690 Conlocare
665 666 831 697 mortuum,
855 661 886 688 in
906 659 994 688 ianua
1015 668 1144 698 ponere,
1168 656 1294 696 pedibus
1317 658 1348 686 in
1372 658 1525 697 publicum
1548 659 1706 688 conversis.
1738 658 1825 694 Quod
1850 659 1956 688 Graeci
1980 673 2055 700 προ-

109 702 250 732 τίθεσθαι
271 700 386 742 νεκρόν.
429 703 548 732 Persius
572 704 641 742 (111,
669 703 770 743 104.):

747 765 785 769 —-
829 762 871 767 —
914 762 956 766 —
999 742 1172 784 umdemque
1195 742 1327 773 beatulus
1349 742 1412 772 allo

690 787 872 828 Composiius
894 786 984 823 lecto,
1019 787 1180 827 crassisque
1201 786 1312 815 lutatus
1333 787 1456 815 amomis

685 830 721 860 In
742 838 858 870 portam
883 828 993 869 rigidos
1017 827 1113 858 calces
1134 827 1278 858 extendis.
1304 846 1341 850 —
1366 847 1403 851 -—

111 872 234 900 Glossae
252 872 521 903 Grammaticorum
544 873 574 901 in
597 873 673 902 illud
695 874 797 902 Iliadis
812 886 834 903 τ.
853 872 953 912 (xlx,
976 870 1078 910 212.):
1102 869 1160 901 ἇνᾶ
1183 870 1344 911 πρόθυρον
1360 869 1575 909 τεθραμμένον.
1600 870 1640 904 εἷς
1658 866 1689 899 td
1708 867 1883 908 πρόθυρον,
1906 869 2055 908 inquiunt,

109 914 234 953 βλέπων,
262 918 382 946 τοιοῦτο
407 914 462 956 γάρ
484 916 517 947 τὸ
541 919 637 956 σχῆμα
659 919 712 955 τῆς
733 919 792 947 τῶν
816 916 931 954 νεκρῶν
953 914 1135 954 προθέσεως.
1179 915 1224 943 Ex
1248 914 1355 952 quibus
1377 913 1545 942 illustratur
1567 912 1751 940 persianum:
1791 910 1826 940 In
1847 919 1963 951 portam
1985 913 2057 952 rigi-

111 954 164 985 dos
187 956 281 986 calces
302 957 445 987 extendis.
474 975 510 981 —
542 959 605 987 Mos
629 964 691 988 erat
713 969 776 988 eain
798 957 946 997 πρόθεσιν
969 968 985 985 a
1007 956 1075 985 filiis
1096 956 1169 986 fieri.
1214 957 1268 985 Dio
1297 957 1327 984 in
1349 956 1466 984 Tiberio
1494 956 1530 984 de
1553 955 1654 983 Liviae
1678 963 1813 983 excessu:
1849 954 1898 984 καὶ
1921 950 2017 992 αὐτὴν
2040 950 2056 985 ἆ

114 998 251 1038 Τιβέριος
274 998 342 1030 οὔτε
363 1005 516 1032 νοσοῦσαν
538 1001 737 1040 ἐπεσκέψατο,
775 999 843 1032 οὔτε
872 998 1093 1031 ἄποθανοῖσαν
1121 996 1210 1033 αὐτὸς
1235 999 1394 1038 προέθετο,
1439 998 1514 1026 Male
1540 998 1615 1025 enim
1638 996 1727 1025 hodie
1750 995 1923 1035 προςέθετο.
1955 995 2056 1026 Scal.

113 1038 290 1079 Conlucare‚·
322 1044 444 1072 succisis
467 1044 623 1073 arboribus
646 1045 744 1073 locum
765 1043 888 1082 implere
910 1043 991 1077 lnce,
1013 1042 1088 1071 infra
1112 1043 1143 1070 in
1167 1041 1337 1071 Sublucare.
1378 1041 1532 1069 Columell.
1556 1040 1606 1069 lib.
1621 1042 1649 1070 2.
1674 1041 1801 1076 (c.22):
1831 1038 1930 1078 Neque
1950 1046 2056 1068 terram

108 1084 235 1121 aperire,
259 1096 348 1124 neque
370 1085 501 1115 arborem
525 1085 690 1116 conlucare.
730 1088 852 1115 Glossae
875 1085 1055 1114 Graecolat.:
1081 1085 1270 1123 διακαθαίρει)
1294 1084 1434 1122 δένδρον,
1459 1081 1592 1113 conluco.
1628 1082 1740 1110 Dicitur
1763 1086 1791 1109 et
1812 1080 1973 1109 sublucare.
2005 1079 2057 1109 In-

110 1124 252 1154 ter-lucare
274 1127 360 1156 etiam
384 1129 460 1158 dixit
482 1129 557 1157 Plin.
582 1129 676 1166 (Hisi.
694 1130 760 1159 Nat.
778 1129 879 1165 XVII,
903 1130 971 1165 23.)
993 1127 1052 1156 hoc
1075 1132 1117 1156 est
1139 1128 1214 1156 lucis
1239 1137 1328 1155 causa
1352 1126 1519 1164 superfluos
1549 1135 1647 1153 ramos
1678 1129 1839 1162 amputare.
1883 1123 1938 1151 Hic
1961 1128 2057 1152 autem

109 1167 265 1205 profanam
290 1170 394 1199 silvam
418 1171 495 1200 dixit
507 1172 624 1209 Festus,
649 1172 719 1210 quia
741 1172 816 1209 luci,
839 1171 898 1200 hoc
922 1176 966 1199 est
988 1170 1079 1199 silvae
1102 1180 1202 1199 sacrae
1225 1180 1286 1199 non
1309 1169 1526 1204 caedebantur,
1547 1167 1603 1196 nisi
1622 1167 1707 1206 prius
1730 1167 1807 1195 sacto
1828 1165 1955 1204 piaculo.
1984 1165 2058 1196 Vide

111 1210 253 1240 Catonem
276 1212 312 1240 de
332 1214 366 1241 R.
384 1214 420 1243 R.
444 1225 506 1253 cap.
522 1216 590 1246 130.
632 1214 721 1244 Dac.

276 1252 509 1285 Collatinum
538 1258 797 1294 sacrificium.
841 1256 887 1285 Ad
918 1255 998 1295 quod
1028 1255 1137 1294 singuli
1168 1254 1379 1289 conferebant,
1419 1253 1517 1293 qualia
1548 1257 1632 1281 erant
1654 1250 1812 1287 sacrificia,
1851 1260 1925 1288 quae
1948 1249 2058 1279 Latinis

110 1295 190 1324 feriis
213 1301 242 1324 et
263 1297 456 1334 Paganalibus
478 1299 564 1328 etiam
588 1299 706 1328 fiebant.
748 1300 839 1328 Dac.

275 1337 480 1380 Colophon.
526 1344 695 1381 Κολοφῶν,
727 1342 822 1377 τέλος,
853 1340 933 1369 unde
957 1340 1127 1379 colophona
1151 1340 1235 1379 operi
1256 1340 1425 1378 imponere,
1466 1348 1521 1377 pro
1545 1337 1680 1365 ultimam
1702 1346 1819 1364 manum
1843 1334 1868 1363 ei
1891 1334 2059 1364 admovere.

109 1378 135 1408 A
158 1380 332 1420 Colophone
354 1383 453 1413 Ioniae
475 1384 547 1413 urbe
569 1385 599 1413 id
624 1390 750 1413 tractum
775 1384 863 1414 docet
886 1383 994 1412 Strabo
1018 1384 1068 1412 lib.
1083 1385 1131 1414 13.
1157 1383 1226 1422 (lib.
1240 1384 1323 1419 XIV,
1348 1392 1412 1421 pag.
1426 1379 1516 1418 643.)
1544 1390 1618 1418 quae
1644 1379 1775 1417 equitatu
1798 1378 1838 1406 ita
1861 1377 1986 1405 caeteris
2010 1387 2061 1405 ur-

109 1421 196 1451 bibus
217 1425 402 1463 praestabat,
435 1432 468 1455 ut
490 1427 670 1466 ubicumque
691 1428 802 1456 bellum
826 1425 949 1465 aliquod
972 1426 1142 1464 ambiguum
1167 1431 1259 1463 esset,
1291 1424 1478 1463 Colophonio
1502 1423 1637 1461 equitatu
1661 1420 1885 1460 superveniente
1909 1419 2061 1448 dirimere-

109 1469 167 1495 tur.
213 1466 294 1495 Unde
317 1469 403 1496 etiam
426 1474 524 1499 ortum
547 1471 648 1499 ferunt
671 1471 823 1509 adagium:
859 1468 1054 1508 Colophonem
1077 1469 1229 1508 imposuit,
1262 1468 1380 1507 quando
1403 1467 1445 1496 rei
1469 1465 1600 1504 cuipiam
1623 1465 1690 1493 finis
1713 1463 1885 1502 imponitur.
1929 1461 2016 1492 Dac.

277 1507 523 1541 concinnare.
566 1514 724 1552 Perperam
755 1513 861 1542 volunt
889 1516 1003 1539 mutare
1033 1512 1184 1540 concinere
1213 1511 1244 1539 in
1275 1511 1412 1540 conciet-e.
1457 1508 1532 1537 Vide
1562 1508 1724 1536 secundum
1749 1506 1978 1534 Coniectaneuin
2002 1514 2061 1532 no-

110 1554 203 1579 ssirum
217 1550 261 1590 (p.
273 1552 348 1591 84.).
372 1552 472 1583 Scal.
503 1556 547 1584 Ita
569 1566 632 1584 rem
657 1565 852 1594 componere,
877 1559 910 1582 ut
932 1558 1000 1592 apte
1023 1553 1182 1582 conveniat
1205 1558 1234 1581 et
1255 1552 1391 1588 haereat3
1415 1563 1430 1580 a
1453 1551 1544 1580 verbo
1567 1551 1717 1579 concinere
1739 1549 1825 1585 (male
1848 1548 1896 1575 alii
1920 1547 2060 1595 conciet-e)

110 1592 141 1620 id
164 1598 207 1621 est
228 1595 403 1632 convenire,
435 1597 516 1634 quod
537 1599 663 1627 verbum
685 1598 830 1626 musicum
853 1602 906 1625 est.
951 1596 1055 1624 Plures
1078 1595 1155 1624 enim
1178 1595 1295 1624 diverse
1319 1599 1455 1624 canentes
1479 1594 1629 1623 concinere
1652 1592 1807 1626 dicuntur,
1843 1600 1907 1618 cum
1930 1593 2062 1636 intertse

112 1636 302 1664 conveniunt.
346 1637 432 1666 Unde
461 1641 611 1668 concinere
638 1651 693 1679 pro
724 1639 901 1675 convenire,
940 1637 1119 1674 consentire,
1154 1643 1188 1666 ut
1216 1639 1336 1666 Graecis
1367 1635 1520 1678 συνᾴδειν.
1564 1636 1672 1663 Tamen
1702 1634 1793 1671 magis
1821 1633 1919 1671 placet
1947 1631 2061 1659 Nonius

113 1674 192 1716 (img-
205 1680 256 1708 59.
279 1679 397 1716 Merc.)‚
429 1682 479 1719 qui
504 1683 545 1710 ait
567 1693 629 1711 esse
651 1694 666 1711 a
690 1683 802 1712 cinnas.
849 1680 974 1718 Cinnas,
1003 1681 1117 1719 inquit,
1146 1687 1185 1708 est
1209 1680 1384 1709 commixtio
1405 1678 1615 1718 plurimorum,
1638 1675 1714 1705 uncle
1736 1683 1761 1704 et
1784 1676 1960 1704 concinnare
1982 1672 2061 1720 clici-

113 1726 169 1747 tur.
200 1720 309 1748 Cinnus
333 1721 450 1759 quidem
474 1725 551 1753 idem
575 1726 655 1763 quod
679 1732 817 1754 coceium.
851 1724 972 1752 Graecis
995 1720 1122 1753 κυκεών.
1151 1722 1175 1750 Α
1200 1721 1329 1752 coeundo
1353 1722 1469 1757 coinus,
1492 1721 1572 1749 unde
1595 1721 1712 1754 cinnas,
1738 1717 1816 1756 quod
1839 1719 1869 1745 in
1892 1726 1957 1745 eum
1980 1725 2062 1763 varia

114 1767 234 1797 coea1n3
271 1768 314 1792 est
342 1765 432 1801 igitur
460 1768 635 1796 concinnare
662 1778 698 1796 ex
725 1767 862 1806 pluribus
886 1767 974 1795 rebus
999 1765 1112 1803 aliquid
1132 1764 1250 1793 efficere
1274 1769 1302 1793 et
1325 1769 1392 1803 apte
1415 1772 1603 1802 componere.
1646 1761 1707 1790 Etsi
1732 1759 1892 1798 aliquando
1915 1769 1970 1797 pro
1993 1768 2061 1786 Sim-

113 1804 187 1842 plici
201 1804 310 1845 facere
332 1813 502 1846 usurpatur.
532 1809 585 1838 Da
595 1821 619 1840 c.
665 1810 738 1838 Vide
761 1810 889 1838 Nonium
911 1809 940 1837 in
966 1807 1155 1838 Concinnare.
1192 1807 1305 1836 Glossis
1328 1805 1605 1844 συνκεκροτηκὲναι.
1641 1803 1726 1832 Adde
1750 1802 1877 1831 Nouium
1899 1801 1929 1829 in
1955 1798 2062 1829 Cimo-³

114 1851 143 1875 et
163 1845 271 1876 Cinnas
293 1853 321 1876 et
341 1848 535 1887 Concinnare‚
559 1852 676 1881 duobus
699 1852 783 1881 locis.
809 1852 886 1880 Hinc
910 1851 1138 1880 concinnatores
1160 1850 1256 1878 litium
1280 1850 1421 1877 dicuntur
1443 1849 1460 1877 l.
1475 1850 1504 1879 9.
1527 1849 1548 1884 §.
1562 1850 1589 1877 2.
1604 1846 1632 1874 ff.
1657 1846 1694 1874 de
1717 1845 1765 1874 oss‘.
1788 1853 1927 1884 procons.
1955 1840 2060 1871 Goth.

114 1887 165 1917 Est
195 1897 262 1918 ante
292 1901 469 1930 componere.
508 1896 583 1932 Lego
607 1902 673 1934 apte
694 1905 722 1924 V.
742 1895 904 1923 Varronem
926 1895 956 1926 5.
982 1893 1017 1922 (le
1040 1893 1069 1921 L.
1088 1894 1117 1922 L.
1143 1893 1209 1929 (lib.
1224 1893 1272 1921 VI.
1296 1890 1389 1928 234.)
1417 1895 1445 1919 et
1467 1889 1595 1918 Nonium
1622 1891 1648 1918 1.
1675 1898 1720 1917 nr.
1736 1890 1807 1920 207.
1832 1892 1861 1915 et
1882 1885 1954 1918 295.
1979 1888 2009 1912 et
2030 1885 2059 1914 2·

114 1934 226 1963 ¹:270.
249 1931 326 1961 liinc
349 1935 557 1965 concimzitudo
580 1938 678 1966 Tullio
696 1941 722 1969 1.
747 1937 783 1966 de
806 1938 868 1966 Inv.
892 1948 921 1968 n.
937 1938 1006 1968 333.
1032 1945 1060 1966 V.
1083 1935 1232 1974 Excerpta
1256 1939 1355 1962 nostra
1380 1943 1416 1962 ex
1440 1932 1563 1960 Glossis.
1608 1929 1719 1959 Idem.

281 1974 504 2007 Concilium.
539 1980 606 2008 Non
630 1991 646 2009 a
670 1990 826 2017 consensu,
853 1979 905 2008 sed
927 1990 942 2007 a
967 1977 1161 2015 concinando,
1188 1977 1245 2006 hoc
1267 1982 1310 2006 est
1332 1975 1536 2011 convocando,
1560 1973 1643 2011 quasi
1665 1970 1840 2002 concalium.
1861 1969 1950 1998 Dac.
1984 1966 2061 1997 Con-

113 2014 213 2045 cilium
237 2016 387 2055 vocanclo3
409 2022 610 2051 convocando.
659 2021 762 2052 Goth.
1942 2053 1948 2059 -

281 2059 603 2093 Conciliabulum.
648 2065 740 2093 Locus
771 2065 800 2093 in
827 2064 904 2102 agris
929 2067 980 2091 aut
1002 2062 1092 2097 vicis,
1131 2062 1167 2090 ad
1191 2072 1277 2100 quem
1299 2060 1401 2089 rustici
1425 2059 1592 2097 frequentes
1615 2056 1729 2086 emendi
1751 2060 1780 2085 et
1801 2052 1949 2102 vendendi
1974 2062 2061 2101 causa

114 2101 345 2139 conveniebant,
370 2105 458 2133 certis
482 2108 679 2135 nundinarum
704 2107 822 2142 diebus,
850 2117 864 2134 a
889 2106 979 2134 verbo
1004 2103 1163 2133 conciliare
1185 2115 1289 2133 cinere.
1332 2104 1435 2131 Festus
1459 2112 1530 2130 vero
1553 2111 1568 2128 a
1592 2098 1748 2130 concilium
1772 2097 1909 2133 deducu,
1932 2095 1983 2124 ubi
2005 2105 2061 2135 per

114 2142 271 2173 concilium
297 2148 539 2177 convocationem
563 2150 702 2186 intelligit
725 2150 808 2188 quasi
832 2146 1016 2183 concalium,
1056 2147 1138 2184 quod
1170 2147 1270 2185 plures
1298 2147 1328 2174 in
1356 2155 1448 2173 unum
1475 2147 1595 2179 coeant,
1636 2146 1664 2170 et
1687 2144 1900 2169 convocentur.
1944 2139 2006 2167 lmo
2032 2142 2061 2167 et

113 2184 271 2214 concilium
295 2188 446 2218 nundinae
468 2191 555 2219 etiam
579 2192 764 2220 dicebantur.
793 2189 977 2229 Eugraphius
1001 2189 1080 2227 apud
1103 2190 1221 2218 Terent.
1245 2189 1331 2228 (Eun.
1344 2188 1401 2223 IV,
1424 2187 1458 2223 4,
1482 2187 1545 2223 2.):
1567 2182 1644 2213 male
1666 2181 1839 2219 conciliate,
1861 2178 1938 2210 male
1960 2187 2058 2228 empte.

112 2227 191 2255 Nam
214 2228 372 2259 concilium
395 2231 542 2262 nundinas
566 2233 698 2263 dicimus.
724 2234 813 2263 Dae.
858 2233 962 2261 Isidor.
976 2232 1046 2267 XV,
1074 2234 1122 2262 12.
1147 2232 1297 2261 diversum
1322 2242 1337 2259 a
1360 2230 1437 2259 soro.
1470 2227 1584 2264 Gell.1,
1607 2228 1637 2258 7.
1665 2226 1746 2254 Paul.
1762 2228 1791 2257 4.
1812 2228 1937 2254 sentent.
1950 2225 1980 2255 6.
2004 2224 2060 2251 Li-

113 2270 180 2299 vius
195 2273 233 2308 4,
256 2273 307 2303 25.
332 2276 382 2305 39.
431 2273 535 2304 Goth.

279 2313 424 2346 Concio.
456 2318 480 2346 A
503 2319 596 2347 verbo
618 2319 735 2348 concito
757 2328 902 2347 convoco.
926 2317 962 2345 Et
985 2320 1029 2344 est
1051 2316 1154 2345 concio
1178 2320 1342 2344 conventus
1359 2325 1375 2342 a
1391 2315 1529 2343 Praetore
1551 2310 1599 2339 vel
1612 2309 1773 2339 Sacerdote
1796 2312 1988 2354 convocatos·
2018 2305 2055 2351 {Et

116 2355 226 2384 frustra
248 2362 291 2386 est
307 2357 399 2387 Varro
423 2360 466 2397 (L.
480 2361 512 2389 L.
529 2362 584 2398 vl,
606 2365 677 2393 222.
695 2363 775 2400 Sp.)‚
801 2361 851 2399 qui
876 2359 1047 2388 concionem
1072 2359 1157 2396 quasi
1179 2358 1363 2388 coactionem
1387 2356 1446 2385 dici
1468 2358 1562 2395 putat.
1590 2351 1642 2382 Sic
1665 2363 1684 2381 a
1707 2351 1784 2382 lacte
1806 2357 1926 2386 coacto,
1949 2350 2054 2385 inquit,

116 2408 215 2428 caseus
236 2401 419 2438 nominatus,
451 2403 494 2432 sic
516 2415 556 2433 ex
577 2403 743 2433 hominibus
765 2403 867 2433 concio
891 2401 980 2431 dicta.
1026 2401 1113 2430 Dae.

166 2448 330 2480 GRAMMAT.
352 2463 418 2481 mr.
440 2454 475 2483 Π.
1577 2447 1606 2480 Y
1623 2458 1647 2490 y
