2263 2668
535 179 600 215 DE
626 176 1011 215 SIGNIFICATIONE
1039 179 1322 217 VERBORUM.
1372 180 1518 217 LIBER
1543 181 1600 217 Xl.
1961 185 2036 221 515

94 269 275 313 splendorem
298 272 392 303 iacere
414 273 572 314 coepissent
580 286 589 311 ,-
626 280 713 314 atque
741 270 806 302 ideo
831 271 958 312 primum
986 269 1045 301 diei
1067 278 1176 313 tempus
1198 284 1284 303 mane
1307 272 1434 310 dictum,
1471 274 1604 314 quamvis
1625 275 1720 314 magis
1742 274 1774 304 id
1795 274 1919 315 dicitur,
1957 279 2037 318 quod

94 326 211 344 manum
235 313 341 345 bonum
364 313 518 353 dicebant,
554 313 630 345 unde
652 322 692 344 est
714 322 841 352 mature,
879 311 960 354 quod
981 311 1014 343 id
1036 312 1158 352 bonum,
1194 315 1275 356 quod
1296 323 1459 354 maturum3
1494 315 1570 347 unde
1591 324 1617 346 et
1639 316 1761 347 Matuta
1785 317 1902 349 dicitur.
1947 320 2037 356 Quod

94 357 199 386 Festus
222 357 294 386 dicit
315 358 372 395 ait,
405 358 544 397 intelligit
566 358 602 386 de
626 358 744 394 verrio,
779 362 811 386 ut
833 366 928 395 saepe.
959 354 1058 387 Scal.
1103 357 1183 387 Idem
1208 359 1290 388 Varr.
1313 358 1425 390 lib‚V.:
1464 358 1531 388 Diei
1557 359 1736 398 principium
1763 371 1848 391 mane
1872 361 1952 401 quod
1974 370 2035 392 tum

95 406 197 428 manat
227 398 288 429 dies
315 399 353 430 ab
379 399 508 438 Oriente,
544 401 601 430 nisi
626 401 725 440 potius
753 398 833 440 quod
860 398 965 429 bonum
996 400 1112 440 antiqui
1134 399 1271 430 dicebant
1293 411 1420 431 manum.
1463 399 1519 430 Ad
1540 400 1706 432 cuiusmodi
1727 401 1892 441 religionem
1918 402 2033 442 Graeci,

96 453 162 471 cum
185 440 281 472 lumen
301 442 440 483 affirtur,
471 442 564 473 solent
586 441 681 473 dicere
702 445 770 481 φώς
792 439 919 483 α’γαθὸν.
963 440 1022 470 ΑΙίἱ
1045 452 1061 470 a
1084 442 1140 471 diis
1164 443 1316 480 manibus3
1347 443 1398 472 sed
1427 443 1623 474 verosimilius
1647 448 1691 473 est
1715 455 1731 474 a
1753 455 1857 474 manus
1880 446 1955 483 dici,
1978 446 2037 476 hoc

97 489 142 513 est
164 483 270 521 bonus,
294 486 408 523 clarus,
431 486 560 517 lucidus.
603 486 647 514 Ita
669 484 802 515 Macrob.
823 484 911 514 lib.1.
934 484 1052 516 Saturn.
1076 494 1140 524 cap.
1153 487 1182 516 3.
1206 490 1235 517 et
1257 486 1379 516 Servius
1402 486 1519 515 Aeneid.
1542 485 1594 519 lib.
1608 486 1660 515 ΠΙ.
1680 486 1801 518 Manare
1824 493 1922 519 autem
1944 489 2035 518 solem

98 526 168 565 quia
191 533 307 557 veteres
329 527 391 556 luci
413 533 443 557 et
462 528 523 567 igni
543 528 669 557 fluorem
691 527 893 559 attribuebant
913 531 947 558 ut
970 526 1040 558 alibi
1064 526 1175 557 dietum
1199 533 1254 560 est.
1298 527 1387 558 Dae.

262 588 491 616 Mamertini.
515 588 574 625 (Ad
589 598 620 626 p.
634 588 715 625 174.)
739 589 784 616 Ex
805 587 900 626 spatio
922 586 1089 617 litterarum
1114 597 1190 625 quae
1207 587 1316 616 desunt
1331 586 1422 615 scribi
1437 590 1535 625 potest
1549 588 1604 618 ita:
1625 586 1801 617 IlIamern'ni
1815 587 1956 627 appellati
1970 596 2035 618 sunt

98 625 300 657 Messanenses
322 627 378 658 hac
402 628 436 658 de
458 641 558 659 causa.
594 632 669 659 Sunt
692 631 766 667 alia,
794 640 868 669 quae
890 629 1024 659 divinare
1047 640 1106 658 non
1129 630 1294 668 potuimus:
1323 629 1374 658 sed
1396 628 1536 658 historiae
1559 630 1754 667 cognitionem
1777 640 1837 658 non
1859 630 2034 670 impediunt.

97 668 165 697 vid.
182 670 286 698 Strabo
304 671 354 700 lib.
369 671 415 701 VI.
432 670 474 711 (p.
487 674 579 709 268.).
595 673 654 702 An
664 680 684 701 t.
698 673 793 712 Aug.
826 673 866 701 lta
881 672 1000 701 Festus:
1023 671 1198 703 Mamertini
1220 670 1362 711 appellati
1383 678 1448 699 sunt
1465 681 1484 699 a
1498 670 1644 701 Mamerre
1664 671 1721 702 hac
1742 670 1777 700 de
1797 683 1896 702 causa.
1928 673 2036 706 Deinde

97 710 192 740 infra:
231 710 301 742 Cum
325 714 355 742 in
376 721 459 753 parte
480 726 513 743 ea
536 713 660 745 Siciliae
680 714 890 751 consedissent,
923 726 997 755 quae
1020 714 1212 745 Taurominia
1234 713 1358 751 dicitur,
1383 712 1470 753 forie
1488 712 1660 753 parantibus
1683 712 1758 743 bello
1780 724 1891 744 cernere
1912 714 2037 746 Messa-

97 753 232 784 nensibus
253 754 371 785 auxilio
393 764 526 786 venerunt
549 756 642 794 ultr-o,-
675 769 778 798 eosque
799 757 837 787 ab
860 756 940 787 hoste
962 755 1130 786 liberarunt.
1174 755 1279 796 Itaque
1305 754 1500 795 provinciales
1522 754 1558 784 ob
1581 757 1713 786 meritum
1735 766 1831 786 eorum
1855 764 1886 786 ut
1905 757 2035 797 gratiam

98 794 253 835 referrent,
292 804 317 826 et
345 798 375 826 in
403 810 485 827 suum
515 810 620 839 corpus
648 801 934 839 communionemque
962 809 1098 838 agrorum
1128 799 1289 827 invitarunt
1315 809 1377 834 eos,
1415 805 1441 826 et
1469 809 1571 827 nomen
1594 805 1762 837 acceperunt
1786 809 1891 836 unum,
1928 806 1959 830 ut
1984 797 2038 828 ‹li—

98 845 228 867 cerentur
248 838 434 869 Mamertini.
471 842 593 870 Strabo:
622 845 775 873 Τοσοῦτον
799 838 827 871 ‹3’
852 838 1050 882 ἐπεκράτησαν
1072 842 1103 871 οῖ
1117 841 1306 880 Μαμερτίνοι
1328 837 1408 878 παρὰ
1431 843 1494 875 τοῖς
1511 841 1714 878 Μεσσηνίοις,
1740 837 1809 870 ὥστ’
1832 836 1878 871 ἐπ’
1903 840 2039 877 ἐκείνους

97 877 231 920 ὑπῆρξεν
254 879 273 919 ἡ
296 879 390 918 πόλις.
428 886 553 914 καλοῦσι
577 884 607 915 ὁὲ
631 886 846 923 Μαμερτίνους
868 886 978 923 μᾶλλον
1001 881 1128 919 ἅπαντες
1152 881 1279 919 αὐτούς,
1315 882 1365 913 καὶ
1389 883 1593 921 Μεσσηνίους.
1636 883 1814 921 scripsimus
1840 883 2039 920 Taurominia,

99 925 168 961 quia
192 924 314 962 propius
338 924 374 952 ad
397 926 575 965 scripturam
599 927 769 963 accedebat;
805 931 833 955 et
855 927 961 955 Strabo
982 925 1181 966 ταυρομενίαν
1202 930 1300 954 vocat.
1344 925 1464 962 Alioqui
1488 925 1596 953 scimus
1619 924 1796 953 adiectivum
1817 925 2038 954 Taurominita-

98 975 179 994 num.
224 966 381 996 Sallustius
403 968 434 996 in
457 970 605 997 vetembus
629 969 762 998 schedis:
791 968 894 1009 Scylla
916 980 1024 998 saxum
1048 975 1088 997 est
1109 967 1205 997 simile
1216 967 1342 1008 formae
1363 966 1535 1003 terebratae,
1567 978 1640 1007 quae
1654 966 1739 1008 forie
1760 965 1855 996 inlata
1877 966 2038 1008 naufragia

98 1007 217 1036 sorbens
235 1008 401 1048 gurgitibus
423 1010 560 1048 occultis,
584 1011 679 1041 millia
701 1012 860 1050 sexaginta
885 1011 1130 1040 Taurominitana
1153 1009 1194 1039 ad
1215 1010 1318 1039 littora
1341 1009 1440 1038 trahit.
1474 1009 1557 1044 Quae
1580 1009 1616 1037 ad
1639 1009 1762 1037 verbum
1786 1009 1892 1037 Strabo
1916 1019 2038 1048 expres-

99 1050 155 1078 sit:
186 1053 345 1081 Λείκνυται
368 1052 398 1082 δὲ
420 1054 470 1083 καὶ
492 1052 512 1092 ἡ
534 1053 675 1094 χάρυβδις
697 1053 806 1093 μικρὸν
829 1050 887 1093 πρὸ
910 1056 965 1092 τῆς
985 1052 1100 1088 πόλεως
1121 1053 1153 1084 ἐν
1175 1055 1218 1091 τῷ
1239 1054 1386 1093 πορθμῷ,
1417 1048 1516 1091 βάθος
1537 1051 1683 1088 ἐξαίσιον,
1715 1052 1754 1086 εἰς
1779 1049 1795 1081 ὃ
1815 1052 1847 1081 αἱ
1866 1052 2037 1090 παλίῤῥοιαι

98 1094 154 1122 τοῦ
176 1096 322 1131 πορθμοῦ
343 1093 524 1135 κατάγουσιν
548 1095 670 1134 εὐφυῶς
691 1095 726 1127 τά
748 1093 848 1134 σκάφη
874 1093 1102 1135 τραχηλιζόμενα
1130 1094 1203 1135 μετά
1237 1096 1422 1132 συστροφῆς,
1460 1094 1508 1124 καὶ
1533 1095 1618 1132 δίνης
1640 1091 1776 1133 μεγάλης.
1807 1093 2040 1124 καταποθέντων

100 1133 132 1164 δὲ
153 1135 204 1165 καὶ
227 1136 447 1173 διαλυθέντων,
473 1136 507 1167 τα
531 1136 659 1178 ναυάγια
682 1136 885 1177 παρασύρεται
909 1137 985 1175 πρὸς
1006 1136 1096 1176 ἠϊόνα
1115 1141 1167 1176 τῆς
1185 1138 1406 1177 Ταυρομενίας,
1429 1134 1468 1175 ἣν
1489 1138 1633 1166 καλοῦσιν
1656 1133 1714 1165 ἀπὸ
1738 1134 1953 1174 συμπτώματος
1974 1133 2040 1166 τού·

98 1188 153 1207 του
175 1178 311 1218 κοπρίαν.
336 1178 433 1210 Scal.
466 1180 642 1210 Mamertini
663 1180 812 1220 appellati.
837 1182 881 1209 Ita
905 1181 941 1210 ad
965 1181 1087 1209 verbum
1109 1180 1245 1209 schedae.
1277 1180 1353 1208 Infra
1378 1189 1433 1218 pro
1461 1178 1629 1207 Tauricana
1652 1177 1771 1216 quidam
1793 1177 1902 1206 habent
1927 1178 2040 1207 Tauro-

99 1219 211 1257 menio,
245 1221 325 1258 quod
347 1221 424 1250 idem
448 1228 507 1259 est,
538 1234 554 1252 a
577 1224 676 1252 Tauro
700 1224 777 1252 enim
800 1228 899 1252 monte
921 1224 1087 1252 Tauricana
1108 1228 1189 1252 recte
1217 1222 1277 1251 dici
1301 1226 1413 1259 potest,
1443 1225 1475 1248 ut
1498 1231 1513 1248 a
1537 1220 1732 1249 Tauromenia
1756 1220 1828 1249 urbe
1851 1221 1912 1249 sive
1933 1220 2039 1248 Fluvio

103 1262 308 1292 Tauromenia.
352 1264 445 1293 Porro
468 1276 484 1293 a
507 1266 592 1294 Festo
614 1266 749 1295 diversus
773 1265 833 1295 abit
854 1266 961 1294 Strabo
985 1266 1034 1304 qui
1057 1266 1098 1294 ait
1120 1266 1170 1296 lib.
1183 1265 1246 1297 VL:
1276 1265 1465 1293 Mamertinos
1484 1264 1659 1302 Campaniae
1682 1267 1795 1300 gentem
1813 1262 1974 1291 Messanam
1994 1262 2040 1290 in·

98 1303 279 1333 habitavisse
302 1305 434 1344 adeoque
457 1308 538 1346 apud
554 1309 755 1338 Messanenses
777 1308 937 1337 invaluisse
960 1314 994 1337 ut
1016 1309 1071 1337 sub
1094 1319 1175 1337 suam
1199 1312 1372 1346 potestatem
1396 1306 1499 1335 urbem
1522 1305 1704 1343 redegerint,
1728 1305 1866 1343 civesque
1889 1305 1924 1333 ab
1945 1304 2041 1333 omni-

99 1346 156 1375 bus
177 1347 345 1376 Mamertini
367 1351 468 1387 potius
493 1351 716 1389 appellarentur
744 1360 831 1389 quam
855 1350 1000 1380 Messenii.
1047 1351 1120 1380 Vide
1143 1356 1172 1380 et
1197 1350 1300 1388 Polyb.
1324 1349 1376 1388 qui
1399 1348 1488 1377 etiam
1513 1348 1650 1377 diversus
1673 1347 1740 1378 abit.
1784 1348 1879 1386 Supra
1899 1353 1967 1385 post
1988 1357 2042 1375 an-

99 1400 168 1417 num
191 1390 392 1428 uicensimum,
429 1392 586 1430 legendum
614 1394 792 1422 vicesimum.
826 1391 864 1422 is
887 1394 964 1422 enim
987 1393 1045 1422 suit
1067 1394 1232 1422 scribarum
1255 1403 1339 1421 error
1361 1391 1502 1427 solennis,
1533 1395 1565 1420 ut
1587 1390 1736 1430 quotiens,
1768 1389 1967 1425 Thensaurus,
1996 1389 2042 1417 vi-

100 1431 242 1461 censimas
264 1432 442 1471 scriberent,
478 1445 546 1464 cum
574 1436 608 1465 iis
631 1436 731 1465 datum
753 1435 858 1465 suisset
879 1437 1005 1476 quoties,
1042 1435 1221 1471 Thesaurus,
1243 1435 1411 1470 vicesimus,
1434 1438 1503 1463 nota
1527 1432 1731 1471 superadiecta
1754 1437 1789 1460 ut
1810 1431 1892 1460 illius
1913 1430 2042 1469 syllabae

101 1475 252 1512 quantitas
280 1482 449 1514 appareret.
487 1479 528 1506 l)e
552 1488 619 1507 vere
642 1489 727 1506 sacro
751 1478 821 1507 vide
844 1489 892 1506 ver
913 1489 1037 1507 sacrum.
1067 1478 1157 1510 Dae.
1197 1478 1239 1508 Cf.
1263 1477 1368 1507 Strabo
1391 1476 1442 1507 lib.
1457 1476 1505 1506 VI.
1528 1475 1607 1515 (pag.
1621 1473 1705 1514 268.)
1735 1473 1796 1504 Ver
1816 1484 1940 1503 sacrum.
1975 1473 2040 1503 vid.

100 1515 178 1547 infra
204 1516 266 1546 Ver
286 1528 413 1549 sacrum.
454 1520 635 1550 Tauricana.
670 1521 921 1551 Taurominilana.
951 1519 1022 1549 Cite.
1054 1520 1234 1551 Exercitum.
1282 1518 1386 1549 Goth.

264 1566 443 1599 Murram
467 1572 630 1609 potione.
676 1571 806 1600 Mur-rata
832 1571 913 1609 potio
935 1570 1014 1599 idem
1037 1571 1118 1609 quod
1139 1570 1296 1606 Murrina,
1331 1574 1360 1598 et
1382 1573 1547 1599 murratum
1569 1568 1669 1598 vinum
1692 1566 1850 1605 unguentis
1871 1570 2043 1616 temperate,

100 1607 186 1649 μύρῳ
207 1610 386 1650 κεκραμένη,
403 1622 462 1641 non
481 1612 611 1652 myrrha,
635 1618 669 1641 ut
690 1614 766 1642 male
789 1613 909 1650 quidam
931 1617 1047 1651 putant.
1080 1613 1184 1651 Neque
1206 1612 1292 1641 etiam
1315 1621 1353 1640 ex
1376 1621 1436 1641 una
1458 1610 1592 1642 murrina
1615 1615 1649 1639 ut
1670 1610 1746 1639 infra
1764 1609 1878 1638 Paulus.
1909 1610 1932 1637 Δ
1948 1620 2045 1648 μυρον

103 1649 120 1682 ἆ
143 1652 270 1690 μυρίνης
292 1650 392 1689 οἶνος,
417 1659 450 1685 ut
473 1665 488 1683 a
512 1653 626 1691 φύλλον
649 1656 805 1693 φυλλίνης.
845 1655 966 1684 Graecis
992 1655 1102 1684 dicitur
1125 1659 1242 1691 nectar-3
1265 1654 1393 1691 ideoque
1416 1658 1446 1682 et
1468 1653 1499 1682 in
1523 1652 1793 1691 supplicationibus
1816 1652 1852 1681 ad
1875 1651 2043 1690 pulvinaria

103 1693 227 1723 deorum
252 1695 469 1732 apponebatur.
507 1696 552 1726 Ne
571 1705 686 1726 mortuo
709 1696 836 1726 indatur.
871 1697 953 1734 Legis
970 1697 1073 1727 verba:
1098 1697 1256 1728 Mur-atam
1276 1696 1423 1735 potionem
1449 1702 1564 1724 mortuo
1586 1706 1621 1724 ne
1642 1693 1746 1724 indito.
1768 1693 1854 1724 Dae.
1885 1694 1950 1723 vid.
1969 1703 2043 1733 quae

104 1735 166 1764 dixi
189 1736 226 1764 ad
248 1736 332 1768 l.16.
346 1738 376 1767 ff.
399 1739 436 1767 de
457 1739 573 1776 tritico,
602 1742 672 1769 vino
695 1745 752 1769 cet.
788 1738 949 1769 Duodecim
973 1739 1032 1770 tab.
1057 1747 1181 1769 cautum.
1220 1739 1288 1768 Dixi
1310 1739 1347 1768 ad
1370 1738 1391 1767 1.
1403 1737 1468 1768 XII.
1492 1736 1570 1768 tabb.
1615 1735 1718 1767 Goth.

267 1786 409 1827 Muger.
455 1789 479 1818 Α
501 1793 594 1819 veteri
616 1802 705 1830 muge
727 1801 783 1830 pro
805 1801 912 1831 mango
934 1795 968 1819 ut
980 1790 1079 1832 frago
1102 1801 1157 1830 pro
1171 1789 1305 1831 frango,
1345 1799 1443 1828 muger
1465 1797 1638 1825 muccosus,
1673 1798 1824 1817 morveuoe.
1848 1786 1901 1815 Da
1911 1797 1935 1815 c.
1984 1784 2045 1814 Ca-

103 1829 266 1858 nrmsium.
304 1830 516 1861 Castrensibus.
563 1831 667 1864 Goth.

269 1879 426 1913 Muries.
472 1883 546 1912 Vide
576 1894 651 1922 quae
678 1894 768 1922 super
796 1883 854 1912 hoc
882 1883 913 1912 in
937 1883 1140 1912 Coniectaneis
1164 1882 1338 1911 notavimus.
1383 1880 1560 1909 Addendum
1583 1891 1620 1911 ex
1644 1880 1804 1916 abstrusis,
1840 1876 2045 1927 necdum-pu-

105 1922 224 1952 blicatis
247 1923 342 1952 Servii
366 1924 499 1955 schedis:
536 1925 673 1966 Virgines
697 1924 830 1955 Vestales
858 1933 913 1955 ires
935 1927 1086 1955 maximae
1108 1937 1148 1955 ex
1168 1925 1264 1955 Nonis
1286 1923 1383 1954 Maiis
1405 1922 1446 1951 ad
1466 1921 1562 1962 pridie
1583 1921 1656 1952 Idus
1680 1922 1785 1952 Maias
1806 1921 1925 1950 alternis
1946 1916 2046 1967 diebus

105 1966 203 2005 spicas
225 1963 349 1995 adoreas
370 1968 400 1996 in
423 1967 558 1998 corbibus
580 1969 745 1998 messuariis
766 1976 894 2008 ponunt:
931 1979 1034 2008 easque
1055 1969 1153 2007 spicas
1175 1969 1256 2007 ipsae
1276 1967 1400 2006 virgines
1422 1972 1546 2002 torrent,
1574 1966 1710 2005 pinsum,
1740 1963 1866 1999 molunt,
1895 1968 1982 2000 (lique
2003 1966 2045 1988 ²¹⁰

106 2006 239 2037 molitum
263 2007 409 2046 condun13
439 2021 480 2040 ex
501 2022 533 2040 eo
546 2011 636 2052 farre
658 2012 783 2051 virgines
804 2018 846 2039 ier
867 2011 897 2039 in
920 2021 999 2039 anno
1022 2008 1132 2039 molam
1144 2010 1288 2051 faciunt,
1320 2006 1550 2048 Lupercalibus,
1578 2006 1762 2042 Vestalibus,
1791 2004 1887 2034 idibus
1910 2002 2046 2051 δερ-τετη-

108 2049 223 2086 bribus,
261 2049 376 2082 adiecto
404 2051 465 2082 sale
495 2061 578 2082 cocto
606 2061 632 2082 et
659 2053 722 2082 sale
750 2053 833 2082 duro.
864 2051 966 2082 Scal.
1011 2053 1076 2081 Non
1104 2052 1253 2081 intellexit
1274 2051 1383 2080 Paulus
1411 2050 1481 2088 quid
1509 2054 1582 2078 esset
1605 2050 1685 2089 apud
1707 2049 1823 2077 Festum
1847 2043 2045 2094 ollafiwstlff»

107 2093 235 2131 ideoque
257 2092 357 2122 fictilis
380 2096 511 2134 reposuit
535 2096 669 2134 pessime.
704 2094 774 2125 Olla
794 2094 903 2136 fri1ilis
924 2105 1014 2134 genus
1038 2099 1101 2123 erat
1124 2095 1216 2131 vasis,
1241 2105 1299 2133 quo
1322 2094 1350 2121 in
1373 2093 1465 2121 sacris
1481 2092 1612 2121 Vestales
1634 2087 1942 2137 utebantur,·afr1¹›
1966 2086 2046 2125 quod

108 2135 208 2175 spicae
231 2145 377 2165 summum
400 2143 453 2167 est.
500 2138 561 2166 Nisi
585 2139 667 2167 malis
690 2139 730 2166 ita
753 2138 862 2166 dictam
886 2149 900 2166 a
925 2138 1017 2166 veteri
1041 2147 1114 2165 voce
1156 2138 1294 2174 rithmus,
1324 2135 1354 2164 id
1378 2140 1421 2164 est
1445 2136 1591 2164 motitatio
1614 2139 1642 2163 et
1665 2133 1839 2162 subsaltatlo
1864 2140 1930 2159 cum
1955 2134 2047 2179 motu,

108 2178 188 2207 unde
212 2179 359 2208 fritinnire
382 2180 459 2219 apud
485 2181 611 2209 Nonium
635 2181 773 2209 subsilire
797 2190 863 2208 cum
888 2191 970 2209 sono.
1017 2180 1039 2208 A
1060 2179 1211 2221 fritinnus
1233 2189 1287 2218 per
1309 2178 1533 2206 diminutionem
1547 2174 1696 2218 fritillas,
1729 2182 1764 2205 ut
1788 2186 1802 2203 a
1826 2174 1933 2222 einnus¹
1951 2170 2045 2221 cilius,

107 2221 249 2260 pusinnus
275 2221 417 2260 pusillus;
452 2234 467 2251 a
487 2222 622 2263 fritillas
643 2222 785 2264 fritillire
814 2228 841 2251 et
860 2221 1011 2264 fritillare
1038 2222 1119 2260 quod
1148 2233 1202 2250 nos
1230 2222 1321 2259 vulgo
1351 2221 1476 2250 dicimus
1493 2217 1635 2262 sretiller.
1678 2219 1738 2247 Iam
1763 2222 1859 2246 autem
1881 2212 2048 2259 f⁷¹¹²ll³ff¹t

109 2262 258 2299 sublimis,
293 2263 434 2294 sublimus
455 2270 510 2294 etc.
540 2271 568 2293 et
590 2267 631 2294 sic
655 2265 734 2293 dicta
758 2266 816 2293 olla
842 2265 941 2293 smilis
965 2265 1043 2303 quod
1068 2265 1098 2293 in
1122 2275 1154 2293 ea
1177 2265 1219 2293 sal
1243 2264 1272 2292 in
1295 2264 1382 2292 sumo
1406 2266 1582 2301 coqueretur
1604 2266 1631 2290 et
1654 2261 1806 2291 fritilliret.
1850 2259 1949 2294 Nffllue
1973 2263 2046 2283 emm

105 2303 214 2346 fritilis
237 2312 413 2346 corruptum
438 2318 473 2336 ex
494 2307 626 2350 frictilis
648 2308 730 2346 quod
752 2309 817 2336 viro
840 2307 1015 2337 doctissimo
1038 2307 1160 2346 placuit.
1206 2305 1336 2343 Mur-ies,
1373 2306 1415 2335 sal
1439 2309 1556 2334 coctum
1580 2314 1616 2333 ex
1639 2314 1698 2343 quo
1722 2309 1751 2333 et
1774 2303 1852 2332 farre
1875 2300 1980 2346 adfffffl
2004 2300 2048 2322 ¹⁶¹

107 2348 139 2376 in
163 2358 239 2377 anno
265 2349 396 2379 Vestales
420 2351 526 2379 molam
551 2352 706 2380 faciehant.
740 2352 822 2380 Svrv.
843 2350 874 2379 in
897 2350 1084 2387 Eclog.vlll.
1109 2350 1139 2386 (1.
1161 2350 1210 2387 c.).
1239 2349 1303 2378 Hoc
1325 2349 1369 2378 sal
1391 2347 1545 2378 sordidum
1568 2351 1598 2375 et
1620 2352 1739 2377 coctum
1761 2346 1818 2375 ΒΗΘ
1842 2348 1956 2385 nomm?
1977 2336 2049 2374 ‘xli'

110 2390 224 2419 dictum
251 2392 340 2421 fuisse
364 2394 569 2430 cognoscimus
586 2405 620 2422 ex
640 2393 728 2421 Fabio
747 2393 874 2422 Pictore.
892 2393 979 2425 ,Vide
995 2393 1077 2432 eoefit.
1099 2392 1184 2421 Dac.
1216 2391 1344 2420 Gloseis:
1367 2389 1488 2427 Maria,
1512 2387 1598 2429 ἅλμη.
1623 2388 1725 2420 Goth.
1756 2387 1874 2417 Dehinc.
1899 2383 1978 2410 nem.
2003 2377 2050 2407 Se-

112 2433 180 2461 riae.
212 2434 287 2462 noxii
312 2445 413 2473 genus.
436 2436 455 2465 l.
471 2438 518 2467 15.
538 2437 560 2472 §.
575 2439 604 2468 6.
619 2436 647 2467 ff.
674 2436 709 2464 de
734 2436 904 2465 Ususructu.
936 2436 972 2464 Et
996 2435 1057 2464 dixi
1081 2435 1118 2463 ad
1142 2434 1292 2466 1.206.ff.
1315 2434 1351 2463 de
1373 2433 1490 2463 verbor.
1512 2432 1586 2470 sign.
1616 2430 1748 2462 Addens.
1779 2427 1908 2458 Addunt.
1948 2419 2052 2451 Goth.

1524 2484 1656 2517 Ttt*
