2263 2668
946 132 1092 168 LIBER
1142 132 1185 166 11.
1968 136 2040 172 191

95 229 188 274 quod
204 225 228 246 ¹⁹
254 228 331 262 licet
357 227 547 260 anomalum
570 229 635 270 est,
663 227 776 261 tertiae
798 232 907 261 tamen
929 226 1171 273 coniugationis
1198 237 1266 260 esse
1293 237 1333 260 ex
1359 227 1557 270 quibusdam
1583 227 1651 261 eius
1676 228 1820 261 motibus
1845 229 2038 273 ostenditur,

95 286 129 314 et
154 281 197 314 ab
225 291 265 314 eo
293 279 438 312 similiter
464 278 626 319 derivata,
654 283 689 311 ut
714 279 842 325 itgfero,
869 278 1017 326 suffero,
1037 278 1211 325 praefero
1227 274 1261 311 ²⁰.
1319 278 1500 324 Vocif'eror
1525 284 1634 313 autem
1649 276 1683 321 ²¹,
1710 280 1803 324 quod
1830 286 1879 313 est
1901 293 1919 314 a
1935 281 2036 326 sero,

95 337 128 366 et
153 332 370 377 morigeror,
393 330 484 374 quod
512 334 561 362 est
586 341 605 362 a
628 340 735 375 gero,
770 332 1006 375 compositum,
1037 331 1091 364 vel
1114 330 1191 374 quia
1211 341 1287 364 cum
1313 331 1498 364 nominibus
1525 337 1787 376 componuntur,
1814 333 1884 364 iure
1910 333 2038 376 primae

93 389 167 417 sunt
193 382 432 427 coniugationis
458 381 646 414 verborum.
698 381 953 415 Observandum
980 386 1027 416 est
1052 387 1181 421 tamen,
1215 381 1308 424 quod
1341 393 1427 424 quae
1456 384 1602 426 superius
1625 388 1661 416 ut
1686 383 1800 417 tertiae
1827 384 2038 428 coniugatio·

92 436 143 468 nis
169 436 348 469 verborum
369 433 552 466 notavimus
566 428 601 473 ²²,
626 434 737 466 omnia
764 434 941 478 dissyllaba
967 438 1060 476 sunt,
1093 433 1187 477 quod
1214 434 1247 465 in
1274 432 1342 465 aliis
1370 444 1389 465 e
1415 438 1488 466 ante
1516 445 1556 467 ro
1583 434 1782 468 habentibus
1807 447 1882 468 raro
1909 447 2036 480 reppe-

92 487 183 520 ritur.
236 487 281 519 Et
307 495 503 529 quacunque
530 484 593 516 alia
620 485 729 518 vocali
757 486 974 520 antecedente
999 496 1040 518 ro
1067 485 1251 529 syllabam,
1279 484 1424 517 similiter
1449 486 1551 518 verba
1576 491 1649 518 sunt
1667 487 1795 529 primae
1821 487 2031 531 coniugatio-

92 539 158 580 nis,
191 542 228 571 ut
254 548 337 579 aro,
368 547 427 579 as,
449 546 563 581 para,
603 547 660 579 as,
694 547 815 582 spero,
851 537 965 582 spiro,
1001 537 1130 580 deliro,
1157 547 1240 569 voro
1257 531 1293 580 ²³,
1314 536 1437 581 ploro,
1464 537 1608 575 roboro;
1648 537 1806 571 Horatius
1842 538 2034 572 carminum

92 591 148 624 lib.
179 589 255 622 lV.:

318 637 489 682 Rectique
512 638 624 672 cultus
641 643 792 684 pectora
817 638 985 672 roborant
1004 635 1051 676 ²⁴‚·

91 691 225 733 laboro,
252 689 414 730 obscuro,
438 690 609 731 instauro,
633 691 776 731 inam-o,
791 690 943 737 figuro3
969 690 1125 723 Horatius
1147 689 1254 733 Epist.
1279 689 1335 722 lib.
1363 689 1422 724 IL:

323 740 374 774 Os
399 744 555 774 tenerum
575 742 681 786 pueri
707 741 914 787 balbumque
936 753 1065 787 poema
1075 740 1226 787 figurat
1241 737 1275 773 ²5.

89 794 249 838 Exceptis
275 803 358 833 uro,
379 793 467 833 uris,
495 797 528 825 et
554 804 685 837 quaero
715 794 822 828 activo
838 791 861 810 ²⁶
888 794 1045 839 quaeris,
1079 804 1119 825 ex
1154 803 1221 835 quo
1257 792 1458 836 composita,
1484 791 1564 825 licet
1596 802 1639 824 ue
1671 790 1923 837 diphthongum
1955 791 1988 823 in
2021 790 2035 822 i

88 847 227 891 longam
254 848 464 885 convertant,
492 845 762 889 coniugationem
784 850 893 878 tamen
921 850 1066 887 servant,
1093 848 1129 877 ut
1155 844 1300 889 inquiro,
1324 844 1364 886 is,
1386 844 1541 877 Lucanus
1567 844 1623 876 lib.
1651 839 1781 876 V11.²²:

319 895 462 939 Inquire
487 895 648 941 nefanda
670 895 817 941 nefandi

320 946 509 990 Caesaris;

88 998 270 1043 conquiro,
292 997 330 1031 is.

87 1049 195 1083 nebi-o
208 1045 252 1091 ²⁹,
273 1060 451 1091 consecro,
474 1049 632 1091 obsecro,
656 1050 805 1094 quadro,
827 1051 964 1095 migro,
993 1050 1102 1091 latro,
1130 1050 1256 1089 lustro,
1284 1060 1410 1092 narro,
1441 1059 1530 1082 erro.

384 997 594 1031 Consonante
621 999 720 1031 etiam
747 1009 958 1042 quacumque
971 994 995 1015 ²⁸
1021 997 1239 1032 antecedente
1265 997 1394 1042 primae
1422 1001 1515 1038 sunt,
1541 1001 1576 1029 ut
1603 995 1756 1038 celebro,
1781 993 1957 1034 celebras,
1978 997 2030 1026 te·

1584 1049 1745 1082 Notantur
1771 1047 1887 1081 tertiae
1914 1045 2029 1080 coniu-

86 1101 246 1146 gationis,
271 1111 393 1141 curro,
420 1101 466 1141 is,
493 1111 611 1141 verre,
639 1102 708 1139 ris,·
731 1101 853 1134 Statius
881 1101 1080 1134 Thebaidos
1107 1101 1164 1134 lib.
1193 1101 1268 1136 vll.
1283 1098 1324 1134 ³⁰:

362 1171 413 1176 —
440 1155 495 1184 sut
522 1151 666 1185 dubium
694 1157 792 1186 coetu
824 1154 958 1186 solante
984 1153 1143 1185 timorem

312 1201 472 1243 Fallere,
500 1207 533 1236 et
558 1203 703 1237 incultos
724 1205 798 1237 aris
824 1205 1017 1237 aclverrere
1040 1205 1160 1237 crines.

84 1255 124 1287 In
149 1264 210 1287 ror
236 1253 417 1287 desinentia
452 1254 655 1299 deponentia
690 1256 743 1288 vel
778 1257 983 1297 communia,
1017 1256 1146 1300 primae
1172 1260 1261 1298 sunt,
1297 1259 1333 1287 ut
1364 1251 1585 1295 exsecror-³¹,
1616 1253 1834 1297 morigeror,
1867 1250 2027 1296 seneror,

83 1306 211 1348 miror,
232 1316 365 1348 moror,
388 1306 533 1348 odoror,
547 1306 677 1352 furor,
705 1307 843 1346 lucror‚·
864 1312 1004 1352 excepto
1029 1319 1175 1352 queror,
1197 1312 1234 1340 ut
1259 1311 1333 1340 ante
1360 1306 1485 1339 dictum
1513 1310 1577 1347 est,
1603 1305 1726 1338 tertiae.

1894 1299 2024 1347 [2184]

247 1372 307 1405 14.
359 1373 397 1406 In
423 1385 461 1407 so
487 1374 636 1408 similiter
662 1375 790 1419 primae
816 1381 889 1409 sunt
916 1377 1175 1421 coniugationis,
1210 1375 1288 1420 quia
1315 1374 1497 1408 derivativa
1512 1371 1537 1391 ³²
1563 1378 1653 1413 sunt3
1682 1384 1759 1405 nam
1784 1372 1838 1405 vel
1871 1383 1890 1403 a
1916 1368 2024 1402 nomi-

81 1425 177 1458 nibus
204 1425 368 1469 pleraque
395 1425 599 1468 derivantur,
626 1427 681 1459 vel
708 1433 797 1461 certe
820 1428 1059 1471 frequentativa
1086 1433 1173 1471 sunt,
1201 1433 1237 1460 ut
1264 1428 1375 1472 lapse,
1403 1438 1461 1469 ae,
1485 1437 1613 1471 penso,
1639 1425 1766 1470 spisso,
1787 1424 1907 1464 denso,
1931 1419 2025 1464 quod

82 1481 116 1509 et
138 1477 265 1510 denseo
291 1477 457 1511 secundae
484 1478 744 1522 coniugationis,
768 1483 803 1512 ut
828 1481 862 1512 in
882 1490 921 1512 eo
947 1480 1174 1522 terminatum,
1200 1481 1278 1514 licet
1304 1489 1379 1511 raro
1400 1479 1543 1519 lectum,
1577 1477 1754 1518 invenitur,
1788 1480 1824 1508 ut
1851 1473 1965 1507 extulit
1990 1473 2024 1504 in

80 1528 191 1573 primo
218 1528 274 1561 lib.
302 1528 463 1574 Georgic.
490 1529 668 1574 Virgilius:

309 1579 453 1625 Denset,
477 1585 579 1614 erant
605 1593 696 1626 quae
717 1592 809 1617 rara
830 1581 956 1619 modo;
987 1586 1020 1615 et
1043 1594 1134 1627 quae
1160 1582 1272 1615 densa
1297 1581 1425 1614 relaxa

79 1637 168 1672 Item
194 1638 227 1672 in
252 1639 327 1672 ΧΠ.
354 1640 413 1673 lib.
440 1641 625 1675 Aeneidos:

79 1755 220 1784 Delibero
244 1768 338 1786 voro
363 1759 436 1789 Cod.
460 1759 554 1788 deliro
577 1762 664 1788 iuro
688 1762 766 1790 Cam.
788 1761 818 1789 P.
840 1761 958 1790 Retinui
981 1761 1029 1789 (le-

79 1798 156 1835 liro,
180 1800 262 1837 quod
281 1811 386 1830 verum
407 1804 470 1830 sine
488 1803 585 1831 dubio.
630 1804 806 1842 Tumploro
828 1803 859 1832 in
884 1805 955 1832 Cod.
974 1815 1031 1832 su-

78 1851 134 1879 pra
151 1842 294 1880 scriptum
312 1849 374 1881 est,
399 1845 434 1873 ab
455 1845 575 1883 antiqua
598 1850 695 1875 [amen
721 1857 758 1876 m.
785 1851 817 1874 ut
838 1847 967 1875 videtur.
990 1863 1031 1868 —

78 1882 126 1920 24)
147 1882 250 1913 Horat.
274 1886 329 1915 Od.
358 1887 413 1923 lv,
435 1890 472 1924 4,
496 1890 545 1919 34.
575 1889 652 1917 Tum
683 1889 787 1917 laboro
818 1889 944 1917 obscuro
972 1888 1029 1916 hoc

78 1925 183 1953 ordine
203 1926 274 1955 cod.
300 1928 442 1968 obscuro,
473 1931 575 1958 laboro
605 1931 684 1959 cam.
706 1932 735 1960 P.
764 1947 804 1952 —
834 1934 882 1968 25)
906 1931 1029 1960 Poema

69 1968 193 2006 figurat
219 1969 290 1998 Cod.
315 1977 422 2008 poeta
444 1973 566 2011 figurat
590 1973 668 2002 Cam.
702 1974 735 2002 P.
761 1974 857 2001 Locus
886 1978 928 2001 est
956 1973 1025 2002 Hor.

76 2010 171 2049 Epist·
191 2010 265 2048 HA,
290 2015 359 2044 126.
375 2014 425 2042 ubi
445 2019 524 2043 recte
538 2021 645 2053 poeta
660 2016 767 2044 editur.
791 2031 833 2037 —
855 2013 1025 2052 26)Acti1·0

76 2052 152 2081 Cod.
172 2054 253 2081 acciu
264 2064 322 2082 um
346 2055 424 2085 Cam.
443 2057 472 2085 P.
494 2074 537 2079 —
558 2058 605 2095 27)
626 2060 775 2086 Lucanus
800 2057 851 2085 lib.
878 2057 955 2086 Vll.
982 2056 1025 2083 Ila

76 2095 149 2123 Cod.
175 2097 324 2124 Lucanus
345 2097 398 2128 lib.
423 2099 531 2129 VIII.
557 2100 636 2129 Cam.
662 2101 690 2130 Ρ.
719 2101 794 2128 Tum
821 2098 957 2135 nistlncla
978 2109 1025 2125 tze—

72 2137 168 2174 fundi
193 2138 265 2167 cod.
290 2149 305 2166 a
331 2149 376 2177 pr.
407 2150 446 2169 m.
468 2142 639 2170 Correctum
665 2147 761 2170 tamen
788 2152 804 2169 a
833 2151 891 2169 rec.
920 2151 1024 2168 manu:

75 2181 108 2208 in
120 2181 199 2217 fata
216 2180 351 2217 nefimdi.
371 2182 449 2213 Cam.
466 2185 496 2211 in
506 2185 600 2221 facta
621 2184 757 2221 nefandi.
780 2184 810 2212 P.
835 2184 867 2210 in
882 2184 954 2218 suta
969 2194 1025 2210 ne-

67 2221 175 2260 fandi.
203 2224 298 2252 Locus
314 2228 357 2251 est
370 2223 468 2255 Phara.
487 2226 538 2262 lX,
559 2228 630 2258 558.
649 2227 696 2254 ubi
712 2226 811 2253 editur
831 2228 861 2252 ιἰι
877 2226 954 2261 sula
970 2237 1025 2253 ne-

68 2264 184 2303 fandi,
206 2265 257 2294 sed
282 2266 312 2294 in
335 2266 428 2296 Codd.
449 2268 576 2305 aliquot:
601 2270 781 2306 inquirere
797 2268 870 2303 satu
888 2267 1024 2305 nefandi.

73 2323 115 2329 ·-
138 2310 184 2341 28)
216 2309 380 2345 Quacum
391 2319 448 2347 que
479 2310 550 2338 cod.
576 2312 782 2349 qualicunque
813 2310 891 2338 Cam.
920 2310 952 2338 P.
983 2327 1025 2332 —

73 2347 120 2390 29)
150 2351 273 2379 Ίὶνιώιύ
291 2362 307 2379 a
329 2351 401 2380 Cod.
424 2362 513 2391 supra
534 2353 699 2391 scriptum3
720 2352 772 2381 sed
797 2352 831 2380 ab
852 2357 911 2381 ant.
926 2362 965 2382 111.
990 2358 1023 2382 ut

73 2392 201 2422 videtur.
227 2394 336 2423 Eodem
362 2394 450 2423 modo
480 2395 580 2434 paullo
600 2400 668 2435 post
695 2405 744 2424 vv.
774 2395 888 2434 lustro,
923 2406 1023 2432 narro,

1427 1583 1439 1612 t
1454 1575 1486 1612 ³³.

1075 1772 1139 1788 erro
1161 1770 1249 1798 supra
1270 1757 1378 1795 scripta
1403 1760 1481 1785 sunt.
1505 1771 1544 1777 —
1567 1753 1612 1793 30)
1639 1755 1758 1782 Statius
1774 1751 1946 1781 Thebaidos
1966 1753 2020 1782 lib.

1079 1804 1146 1831 Vll.
1177 1801 1248 1829 Cod.
1277 1801 1393 1827 Statius
1426 1796 1564 1826 Thebaid.
1596 1797 1651 1825 IV.
1680 1797 1757 1823 Cam.
1787 1796 1818 1825 P.
1850 1796 1944 1823 Locus
1974 1800 2018 1824 est

1073 1845 1162 1873 Theb.
1186 1844 1236 1872 lib.
1260 1843 1308 1879 lv,
1323 1844 1393 1874 201.
1411 1851 1469 1879 seq.
1488 1841 1624 1868 Ceterum
1646 1838 1716 1867 cod.
1735 1849 1750 1865 a
1764 1848 1809 1876 pr.
1832 1848 1871 1866 m.
1888 1844 1936 1865 sut
1957 1837 2018 1866 du-

1073 1888 1155 1914 bium
1174 1891 1270 1913 coc-los
1288 1886 1381 1913 solent
1404 1889 1431 1911 et
1458 1885 1487 1910 ίη
1510 1893 1620 1909 morem
1634 1882 1767 1918 fallere,
1790 1880 1885 1909 verbis
1905 1881 1940 1908 ab
1961 1880 2018 1908 alia

1072 1939 1162 1957 manu
1188 1927 1397 1966 suprascriptis
1420 1925 1478 1953 his:
1508 1930 1610 1953 coetus
1635 1925 1752 1951 solvant
1787 1923 1884 1959 cibos,
1915 1923 2016 1952 absur-

1071 1972 1198 1999 dissime.
1224 1988 1261 1992 -
1284 1968 1330 2012 31)
1354 1971 1482 1997 Exseror
1500 1967 1571 1997 cod.
1598 1967 1648 1996 sed
1671 1977 1747 1995 corr.
1772 1966 1846 1994 Tum
1865 1967 1896 1994 in
1914 1966 2017 1994 eodem

1070 2014 1177 2051 legitur
1193 2014 1326 2050 fenei-or
1347 2011 1403 2040 hac
1426 2011 1590 2050 scriptura,
1622 2020 1709 2048 quam
1742 2009 1882 2047 expressi.
1912 2009 2016 2036 Foe—

1860 2054 1935 2069 moror

1067 2092 1154 2108 neror
1178 2081 1254 2109 Cam.
1278 2082 1445 2118 faeneror
1475 2079 1506 2107 P.
1536 2077 1648 2107 Deinde
1684 2077 1754 2105 Cod.
1782 2078 1876 2104 miror
1907 2075 2015 2105 odoror

1190 2127 1214 2141 50
1232 2126 1282 2140 ΟῙὉΓ

1068 2159 1181 2177 execror
1192 2127 1289 2185 stat-or
1309 2149 1427 2183 lucror,-
1450 2146 1501 2175 sed
1514 2156 1562 2176 vv.
1576 2156 1691 2174 execror
1705 2149 1734 2173 et
1748 2155 1871 2182 Soporor
1892 2144 2012 2183 punctis

1068 2190 1301 2230 superimpositis
1324 2191 1418 2219 deleta
1438 2194 1516 2218 sunt.
1538 2205 1581 2211 —
1600 2188 1648 2226 32)
1670 2189 1822 2215 Dru-[vata
1839 2187 1909 2218 Cod,
1934 2188 2012 2215 Cam.

1068 2232 1234 2262 derivativa
1258 2235 1288 2264 P.
1309 2233 1391 2272 quod
1416 2232 1605 2261 retinendum
1633 2230 1743 2259 censui.
1776 2244 1811 2252 -
1853 2230 1900 2267 33)
1929 2229 2010 2267 Virg.

1496 2291 1505 2309 t
1567 2295 1604 2308 mo
1825 2303 1856 2309 .-
1874 2289 1896 2307 et
1995 2290 2010 2305 a

1069 2318 1173 2356 Georg.
1189 2318 1211 2355 I,
1233 2320 1304 2351 419.
1333 2317 1405 2347 Cod.
1427 2315 1513 2345 dense
1528 2296 1634 2345 qterunt
1653 2319 1683 2355 ¹]-
1707 2325 1781 2344 rara
1804 2326 1851 2343 mo
1868 2318 1899 2354 q.
1924 2313 2009 2342 dense

1067 2362 1182 2390 relaxat
1189 2373 1199 2398 ,-
1223 2361 1266 2390 sic
1283 2361 1364 2392 varie
1385 2364 1527 2390 correcta.
