2263 2668
728 140 957 177 EXEMPLA
990 138 1356 176 ELOCUTIONUM.
1942 151 2017 187 251

79 235 334 273 ortusex-illo
364 235 453 269 loco.
500 234 637 271 Terent.
662 232 796 270 Eun.²⁰:
837 235 1013 270 Viden'me
1039 244 1084 267 ex
1110 234 1233 268 eodem
1259 239 1374 271 ortum
1400 236 1503 272 loco?
1553 239 1655 274 Ortus
1688 241 1747 274 illo
1775 240 1896 278 loco²¹,
1923 247 2017 293 virg,

179 288 261 321 Aen.
297 287 388 319 vlt:
422 286 490 319 His
513 290 607 319 ortus
633 291 671 319 ut
699 288 802 332 agris
827 286 1035 321 Dardanus.

79 338 336 382 Offendi‘apud
359 334 458 370 vos²²-.
495 336 564 370 Cic.
587 348 650 381 pro
674 338 824 373 ComeL:
855 338 950 384 Quid
971 347 1026 369 me
1051 336 1151 380 apud
1172 337 1301 381 equites
1326 338 1506 374 Romanos
1537 341 1725 389 offendisse
1752 344 1923 380 dicebant.
1952 348 2018 382 Of-

181 389 314 422 fendisti
336 390 369 422 in
393 400 456 422 me.
488 388 556 422 Cic.
577 400 641 432 pro
664 389 812 424 Milone:
842 389 942 436 Quae
965 388 995 421 si
1013 398 1074 421 vos
1094 387 1219 421 oblivio
1242 390 1351 434 cepit,
1378 396 1439 424 aut
1464 393 1494 425 si
1517 393 1552 426 in
1576 405 1631 427 me
1654 395 1791 440 aliquid
1815 396 2020 445 offendistis,

182 451 246 475 cur
265 449 332 474 'non
355 441 394 474 id
416 450 494 477 meo
522 440 639 485 capite
666 441 773 475 luitur
791 441 909 487 potius
932 451 1038 485 quam
1059 437 1230 472 Milonis?

1028 525 1069 558 P.

81 612 202 651 Plenus
223 609 291 643 hac
312 620 358 643 re.
384 609 477 654 Virg.
523 609 652 655 Georg.
679 610 720 643 11.
730 606 770 643 ²³:
804 610 897 644 Iovis
921 591 1036 644 omnia
1059 609 1169 655 plena
1190 608 1405 644 Muneribus.
1440 610 1535 645 Idem
1566 614 1649 648 Aen.
1677 612 1769 651 V.²⁴:
1805 617 2022 664 Plenamque

182 661 334 706 sagittis.
388 661 511 693 Plenus
532 661 629 695 huius
650 662 706 696 rei.
733 662 828 694 ldem
854 663 954 695 Buc.:
987 662 1082 695 Iovis
1109 661 1226 694 omnia
1244 661 1363 706 plena.
1397 662 1554 697 Terent.:
1579 666 1712 701 Plenus
1737 668 1911 702 rimarum
1934 682 2020 704 sum.

181 714 303 747 Plenus
325 711 407 744 illud
431 713 489 745 illa
514 724 560 746 re.
588 713 681 758 Virg.
708 713 835 758 Georg.
854 713 930 746 lV.:
962 713 1079 747 Crura
1101 712 1219 756 thymo
1236 713 1379 757 plenae.

81 765 188 800 Post
220 763 502 808 praepositionem
539 765 715 798 accusativi
746 776 838 798 casus
869 769 1014 797 asserunt
1043 764 1181 808 quidam
1219 764 1412 808 interpositu
1443 764 1516 797 fieri
1546 776 1638 800 casus
1676 767 1847 803 alterius²⁵.
1901 769 2021 819 [536]

182 815 278 849 Idem
299 815 378 849 VL:
405 816 531 861 Longo
556 820 637 861 post
660 820 816 861 tempore
843 816 964 851 visum.
997 816 1065 849 Sal.
1089 815 1128 847 B.
1158 814 1249 848 cat.:
1277 815 1412 849 Multos
1431 820 1510 860 post
1537 829 1654 853 (runos.
1685 819 1859 854 Terentius
1879 821 2021 856 tamen²⁶

183 878 246 908 nec
266 867 462 910 interposuit
487 868 767 912 praepositionem
794 871 827 900 et
857 879 968 901 casum
995 867 1044 900 ini
1075 867 1255 900 ablativum
1290 866 1400 909 dedit,
1449 867 1482 900 in
1514 867 1639 913 Hecyr,
1671 870 1779 905 Aiunt
1808 876 1921 906 tecum
1938 878 2022 919 post

185 917 320 952 duobus
346 917 568 952 concubuisse
593 930 672 951 eam
696 918 877 952 mensibus.

81 971 198 1004 Pastus
224 969 281 1001 illa
302 965 379 1004 rev.
406 970 501 1014 Virg.
524 971 653 1014 Georg.
677 970 753 1003 lll.:
777 969 974 1003 Fraudibus
994 969 1135 1002 hirsutis
1162 973 1195 1002 et
1218 969 1335 1002 carice
1357 972 1484 1013 pastus
1507 974 1622 1003 acuta.
1650 972 1766 1006 Pastus
1792 973 1887 1007 illam
1915 972 2020 1009 remffl.

185 1020 281 1054 Idem
308 1020 390 1053 Aen.
413 1021 475 1055 11.:
519 1021 669 1055 Coluber
695 1021 794 1054 mala
823 1022 994 1066 gramina
1014 1025 1150 1066 pastus.
1185 1021 1336 1054 Pascitur
1366 1021 1398 1052 in
1426 1021 1483 1054 illo
1507 1018 1626 1055 loco²⁹.
1661 1023 1753 1068 Virg.
1785 1025 1912 1069 Georg.
1943 1027 2022 1061 llI.:

184 1071 350 1106 Pascitur
370 1072 406 1104 in
428 1083 568 1118 magna
588 1073 678 1105 silva
687 1072 854 1117 formosa
876 1073 1030 1106 iuvenca.
1058 1072 1208 1106 Pascitur
1230 1072 1325 1105 illum
1348 1069 1504 1106 locum³⁰.
1531 1073 1627 1106 Idem
1647 1074 1681 1107 in
1698 1075 1836 1110 eodem:
1862 1077 2022 1111 Pascun-

183 1127 242 1156 tur
261 1132 343 1155 vero
365 1123 473 1156 silvas
495 1127 527 1156 et
554 1135 691 1156 summa
712 1124 854 1167 Lycaei.

82 1175 205 1208 Potens
225 1174 372 1209 illorum.
399 1174 492 1219 Virg.
519 1176 601 1207 Aen.
629 1171 703 1208 1.³¹:
730 1174 1004 1218 Nimborumque
1016 1173 1119 1219 sacis
1138 1154 1452 1219 tempestatumque
1469 1179 1660 1220 potentem.

81 1225 212 1264 Potitur
231 1225 327 1257 huius
351 1222 440 1259 rei³².
476 1226 546 1259 Cic.
573 1226 605 1258 in
630 1226 725 1260 Catil.
751 1226 810 1260 11.:
845 1226 979 1259 Rerum
1003 1226 1113 1270 potiri
1142 1226 1270 1258 volunt.
1303 1226 1423 1258 Salust.
1449 1220 1539 1271 Iuga
1578 1227 1624 1259 Ut
1652 1227 1859 1272 priusquam
1886 1229 2024 1274 legatos

185 1276 397 1317 conveniret,
424 1276 644 1310 Adherbalis
663 1278 848 1322 potiretur.

911 1277 1039 1310 Potitur
1062 1277 1151 1310 hanc
1172 1289 1251 1310 rem.
1287 1277 1356 1310 Sal.
1385 1274 1506 1321 lug.³³:
1538 1278 1672 1311 Cuncta
1690 1280 1856 1322 potiendi.
1889 1281 2023 1314 Terent.

183 1327 356 1370 Adelph:
392 1327 460 1361 Ille
498 1329 591 1362 alter
618 1329 692 1362 sine
721 1329 843 1362 labore
874 1329 1036 1374 patriam
1062 1329 1199 1374 potitur
1227 1329 1459 1362 commodam.
1501 1329 1596 1363 Idem
1622 1329 1763 1362 ibidem:
1795 1330 1865 1364 Hic
1889 1333 2026 1376 potitur

182 1378 336 1424 gaudia.
638 1393 640 1395 ·

82 1430 239 1464 Paciscor
265 1429 308 1462 de
337 1426 435 1462 i11a³⁴.
470 1429 590 1465 Salust.
614 1431 698 1463 Hist.
730 1431 774 1464 I.:
808 1430 908 1465 Nihil
932 1441 1005 1463 esse
1034 1430 1080 1463 de
1104 1430 1194 1476 Rep.
1219 1441 1329 1475 neque
1363 1429 1518 1463 libertati
1539 1441 1623 1475 pop.
1647 1431 1749 1466 Rom.
1765 1436 1922 1476 pactum.
1958 1434 2021 1467 Pa-

185 1482 293 1516 ciscor
316 1481 358 1514 ab
378 1481 437 1513 illo
455 1481 546 1515 illam
568 1494 637 1515 rem
649 1479 684 1514 ³5.
714 1483 783 1517 Sal.
806 1483 897 1528 Iug.:
927 1482 1075 1515 Tantum
1097 1481 1144 1515 ab
1171 1492 1210 1515 eo
1233 1483 1342 1515 vitam
1358 1482 1579 1527 paciscatur.
1607 1482 1703 1515 Idem
1719 1483 1803 1516 Hist.
1828 1480 1932 1518 1v.³⁴⁵:
1960 1484 2026 1519 Se-

80 1599 173 1628 ‘huius
195 1599 336 1628 orationis
360 1609 462 1629 recens
495 1600 620 1631 accedit.
645 1600 705 1631 Cic.
728 1611 784 1639 pro
806 1600 915 1629 Milone
935 1611 960 1630 e.
984 1602 1034 1636 36,

81 1644 135 1674 99.
149 1642 201 1670 ubi
222 1643 295 1671 ordo
318 1643 452 1681 paullum
472 1648 608 1672 mutatus.
633 1660 669 1664 —
693 1644 739 1681 23)
759 1642 843 1672 Idem
867 1644 975 1682 Georg.
995 1645 1034 1672 ΙΙ.

84 1735 142 1765 que
162 1726 243 1755 Iovis
258 1728 360 1755 omnia
375 1728 468 1766 plena
484 1729 679 1766 siluam-ibus,
703 1729 752 1766 qui
769 1739 852 1757 error
866 1738 926 1756 non
944 1728 1033 1756 libra-

84 1769 139 1805 rii,
167 1769 219 1798 sed
243 1770 435 1798 Grammatici
460 1780 520 1799 esse
545 1771 672 1799 videtur.
705 1771 786 1799 Iovis
817 1772 919 1798 omniu
939 1771 1034 1808 plena

84 1810 195 1849 legitur
215 1812 294 1851 Virg.
315 1812 378 1840 Ecl.
401 1812 452 1849 ΙΙΙ,
477 1815 526 1844 60.
548 1829 591 1835 ——
618 1814 665 1851 24)
688 1812 770 1841 Idem
794 1813 870 1842 Aen.
899 1813 937 1842 V.
960 1815 1032 1844 311.

86 1852 121 1882 A.
146 1853 184 1882 Μ.
215 1854 297 1890 Quae
324 1859 392 1892 post
420 1854 480 1883 hoc
506 1856 676 1894 exemplum
707 1860 890 1894 sequuntur,
926 1855 1034 1883 desunt

86 1895 167 1933 apud
187 1894 221 1924 A.
244 1896 283 1924 Μ.
303 1896 384 1935 Virg.
410 1897 472 1926 Ecl.
498 1898 548 1934 ΙΙΙ,
574 1901 623 1929 60.
647 1899 764 1929 Terent.
785 1899 861 1926 Eun.
884 1898 912 1933 Ι,
930 1900 966 1933 2,
982 1897 1033 1928 25.

86 1937 166 1975 Virg.
182 1937 286 1975 Geor-g.
300 1938 349 1975 IV,
368 1941 437 1970 181.
457 1955 498 1962 —-
519 1942 571 1976 25)
594 1942 668 1968 Post
690 1942 868 1978 interposita
885 1940 927 1977 fit
944 1948 1034 1966 casus

87 1979 215 2008 alterius
234 1980 324 2008 nimia
343 1981 487 2010 brevitate
510 1983 579 2012 cod.
602 1983 636 2011 A.
656 1983 693 2011 M.
716 1982 802 2010 Idem
828 1982 878 2011 Vl.
903 1983 976 2012 409.
998 1981 1031 2007 A·

81 2022 128 2052 Μ.
157 2022 266 2051 Visum
286 2027 365 2051 recte
387 2023 457 2053 cod.
480 2025 535 2053 Gu.
560 2026 639 2051 venit
662 2025 736 2054 Cod.
760 2025 795 2053 A.
816 2024 853 2052 M.
879 2023 942 2050 Sal.
967 2022 1033 2050 Cut.

87 2066 138 2096 88.
158 2064 190 2092 A·
214 2064 253 2093 M·
277 2064 346 2103 Cap.
370 2068 421 2097 37.
442 2067 515 2094 Edd.
537 2067 617 2095 cort.
641 2067 720 2095 Gerl.
748 2083 789 2087 —
818 2068 862 2099 26)
892 2066 951 2092 Ter.
983 2069 1033 2091 ta-

88 2117 154 2135 men
178 2108 210 2134 in
232 2107 324 2143 Ilfcy·
346 2108 375 2138 3·
396 2109 426 2138 3-
448 2111 497 2139 33.
523 2109 657 2136 αὸῖαίίιό
678 2109 774 2137 vinxit
798 2107 831 2135 A.
853 2106 892 2135 M.
913 2106 1034 2134 Meliora

88 2149 161 2177 Cod.
192 2149 248 2177 Gu.
270 2149 307 2176 nd
334 2149 417 2177 cuius
443 2150 598 2178 lectionem
624 2161 654 2179 v.
681 2157 780 2177 tamen
803 2158 817 2176 e
842 2148 913 2175 Cod.
937 2148 968 2176 A.
996 2148 1033 2176 Μ.

89 2190 268 2220 addidimus.
284 2206 324 2212 —
346 2194 391 2225 27)
415 2193 531 2219 Pastas
549 2193 606 2220 illa
623 2198 649 2220 et
664 2194 752 2219 illam.
769 2201 830 2218 rem
852 2190 923 2218 Cod.
943 2190 978 2218 A.
994 2190 1033 2219 M.

94 2234 179 2270 Virg.
204 2234 312 2270 Georg.
336 2234 391 2262 ΠΙ,
413 2236 484 2264 231.
504 2234 537 2262 A.
559 2235 596 2262 M.
621 2250 661 2256 —
690 2237 734 2267 23)
759 2233 837 2260 Haec
862 2232 992 2260 elocutio
1020 2242 1035 2260 c

82 2276 164 2305 Cod.
180 2275 435 2313 Gu.inte1·posita.
459 2275 540 2303 ldem
561 2276 635 2303 Aen.
662 2275 699 2304 II.
721 2276 791 2306 471-
813 2275 846 2301 A.
862 2274 899 2302 M.
921 2290 962 2295 —
990 2273 1035 2313 29)

90 2318 171 2347 Haec
196 2327 314 2356 quoque
343 2317 472 2345 elocutio
490 2327 504 2345 e
524 2318 594 2345 Cod.
613 2319 666 2347 Gu,
682 2317 812 2345 accessit.
830 2315 911 2344 Idem
931 2317 1037 2355 Geor-g.

93 2362 153 2390 ΙΙΙ.
176 2363 248 2392 219.
274 2362 305 2388 A.
328 2359 365 2387 M.
387 2376 428 2380 —
456 2362 506 2396 30)
530 2359 607 2387 llaec
632 2369 748 2397 quoque
770 2359 898 2387 elocutio
927 2369 941 2387 e
965 2360 1036 2389 Cod.

83 2403 154 2433 ¹Gu.
176 2403 304 2431 accessit.
329 2401 410 2431 Idem
431 2403 463 2430 in
484 2401 583 2430 codem
603 2404 674 2435 314.
699 2402 733 2430 A.
761 2401 801 2431 M.
828 2402 920 2440 Lycei
941 2402 975 2431 A.
998 2401 1036 2432 M.

1078 1602 1186 1629 Licaei
1209 1600 1280 1628 Cod.
1298 1600 1353 1628 Gu.
1375 1616 1414 1621 —
1436 1601 1482 1633 31)
1505 1597 1586 1626 Idem
1600 1599 1676 1627 Aen.
1696 1601 1721 1628 I.
1743 1601 1793 1631 80.
1817 1616 1859 1622 —-
1877 1603 1923 1635 32)
1946 1601 2026 1631 Haec

1079 1643 1206 1671 elocutio
1235 1653 1300 1670 cum
1327 1641 1444 1669 duobus
1465 1641 1606 1679 exemplis
1627 1641 1688 1670 suis
1711 1643 1833 1670 accessit
1847 1652 1862 1671 e
1878 1643 1947 1673 Cod.
1970 1644 2025 1675 Gu.

1079 1686 1139 1713 Cic.
1161 1686 1192 1713 iu
1217 1685 1300 1712 Catil.
1322 1684 1355 1718 ΙΙ,
1378 1685 1406 1714 9.
1434 1683 1528 1710 Locus
1553 1683 1610 1712 Sal.
1634 1688 1678 1712 est
1702 1683 1763 1721 lug.
1787 1685 1856 1723 Cap.
1876 1686 1926 1716 25.
1946 1686 2024 1716 Edd.

1078 1728 1158 1757 Cort.
1183 1725 1320 1754 Gerlach.
1344 1725 1378 1752 In
1402 1724 1473 1755 Cod.
1501 1725 1556 1753 Gu.
1580 1730 1639 1754 est:
1663 1726 1732 1763 lug.-
1757 1728 1816 1755 ΙΙΙ.
1837 1726 2025 1765 Priusquam

1076 1770 1307 1797 *convenii-e,
1331 1767 1475 1795 Numerus
1491 1767 1541 1795 ille
1557 1768 1644 1805 plane
1658 1767 1827 1805 mendosus,
1838 1778 1926 1805 quare
1942 1770 1974 1797 iu
1989 1780 2023 1799 eo

1076 1812 1167 1840 latere
1191 1810 1293 1848 putavi
1318 1809 1495 1847 particulam
1525 1809 1583 1837 Uli.
1608 1826 1642 1830 —
1668 1808 1715 1847 33)
1739 1810 1802 1837 Sal.
1825 1810 1891 1849 lug.
1914 1814 1964 1843 41.
1987 1813 2021 1840 A.

1076 1854 1115 1882 M.
1140 1852 1180 1880 lbi
1204 1852 1310 1889 legitur
1329 1852 1408 1879 Eius
1431 1850 1581 1891 (oppidi)
1598 1851 1762 1889 potiundi;
1786 1862 1876 1890 quare
1899 1854 2022 1883 sortasse

1076 1895 1155 1932 apud
1175 1894 1403 1922 Grammaticum
1426 1903 1544 1932 quoque
1562 1893 1717 1931 legendum
1738 1899 1783 1922 est
1798 1896 1877 1923 Eius
1891 1898 2021 1934 potiun-

1076 1936 1124 1968 di,
1148 1936 1195 1964 vel
1214 1935 1331 1974 Cupido
1347 1937 1412 1963 eius
1424 1935 1582 1974 potiundi.
1598 1936 1673 1964 Tum
1696 1937 1755 1965 Ter.
1771 1936 1862 1967 Adel.
1879 1940 1907 1969 5.
1924 1942 1952 1969 4.
1967 1942 2018 1970 22.

1075 1979 1139 2007 llic
1153 1980 1273 2016 potitur
1290 1977 1413 2017 gaudia
1428 1978 1461 2006 A.
1484 1978 1523 2008 M.
1545 1978 1690 2008 Nimirum
1715 1979 1822 2008 omissa
1843 1985 1911 2008 sunt
1930 1982 2020 2009 verba

1076 2020 1131 2049 Ille
1148 2021 1223 2048 alter
1235 2036 1269 2042 —-
1297 2019 1379 2049 Idem
1396 2020 1506 2048 ibidem
1520 2025 1549 2049 et
1568 2021 1755 2060 interposita.
1779 2023 1872 2051 Locus
1890 2023 2021 2052 Terentii

1076 2063 1159 2102 prior
1179 2063 1286 2101 legitur
1310 2061 1436 2102 Adelph.
1460 2063 1496 2097 V,
1521 2065 1551 2100 4,
1578 2066 1627 2095 17.
1652 2064 1726 2092 alter
1757 2064 1826 2093 ibid.
1851 2075 1879 2095 v.
1905 2068 1953 2097 22.
1976 2082 2022 2089 —

1076 2106 1124 2141 34)
1146 2105 1225 2133 Haec
1247 2105 1375 2134 formula
1399 2115 1466 2133 cum
1490 2106 1625 2144 exemplo
1646 2106 1752 2135 omissa
1774 2107 1804 2135 in
1828 2107 1899 2135 Cod.
1920 2108 1955 2136 A.
1981 2109 2020 2137 M.

1076 2148 1171 2176 Locus
1188 2148 1307 2176 Salustii
1327 2146 1414 2176 huius
1430 2148 1602 2186 fragmentis
1617 2158 1721 2177 recens
1742 2149 1864 2177 aceedit.
1886 2150 2021 2179 Fortasse

1076 2189 1230 2227 legendum
1244 2190 1388 2219 libertate.
1410 2205 1454 2212 -—
1475 2189 1520 2230 35)
1539 2190 1682 2219 Paciscor
1704 2191 1742 2218 ab
1761 2192 1814 2219 illo
1828 2192 1909 2219 hanc
1930 2193 1963 2221 A.
1981 2193 2021 2221 M.

1079 2232 1140 2260 Sal.
1157 2232 1223 2271 Ing.
1244 2234 1291 2264 28.
1312 2233 1347 2262 A.
1374 2231 1413 2260 M.
1438 2232 1507 2271 Cap.
1531 2235 1582 2265 26.
1603 2233 1676 2262 Edd.
1700 2234 1779 2264 Cort.
1803 2234 1882 2263 Gen-l.
1902 2251 1944 2256 —
1973 2235 2020 2270 36)

1079 2274 1143 2303 Hoc
1161 2275 1327 2314 exemplum
1350 2274 1431 2303 deest
1456 2275 1535 2314 apud
1561 2276 1591 2306 A.
1611 2276 1649 2304 M.
1674 2276 1769 2305 Locus
1789 2286 1892 2305 recens
1909 2276 2021 2304 accedit

1080 2317 1196 2345 Salustii
1217 2317 1396 2356 fragmentis.
1420 2317 1559 2346 Formula
1582 2319 1727 2346 Paci-scor
1741 2335 1779 2340 --
1796 2334 1836 2339 —-
1849 2329 1903 2356 pro
1917 2318 1974 2345 illa
1993 2327 2022 2344 re

1079 2369 1140 2388 non
1156 2360 1263 2397 legitur
1279 2360 1367 2399 apud}
1384 2359 1420 2388 A.
1439 2360 1496 2399 M.;
1519 2360 1571 2390 aed
1592 2361 1760 2400 exemplum
1771 2360 1919 2389 remansit.
1939 2359 2022 2395 Virg-

1566 2443 1651 2477 li*

1070 2401 1154 2431 Aen.
1175 2403 1210 2433 V.
1230 2404 1301 2435 230.
1318 2402 1353 2431 Α.
1379 2402 1418 2432 Μ.
