2263 2668
392 197 465 230 216
1012 189 1151 223 SEXTI
1178 188 1376 224 POMPEn
1404 189 1543 224 FESTl

393 303 467 327 cum
494 290 526 321 in
554 296 676 331 campo
703 284 784 329 qnid
814 295 917 329 agere
943 283 1066 316 volunt.
1103 284 1194 327 quod
1227 297 1333 330 genus
1366 284 1493 329 auspici
1528 295 1687 329 peremne
1721 288 1868 319 vocatur.
1895 297 2026 320 amnem
2053 292 2164 321 autem

391 340 545 376 feminine
576 337 699 381 antiqui
728 336 951 370 enuntiabant.
1010 336 1239 370 Penetrale
1272 336 1546 371 sacrificium
1581 336 1721 377 dicitur,
1764 337 1857 380 quod
1891 337 2045 372 interiore
2069 345 2164 384 parte

391 391 511 426 sacrari
539 390 723 424 conficitur.
751 387 841 421 unde
868 392 899 420 et
926 387 1107 431 penetralia
1133 388 1292 431 cuiusque
1320 388 1488 424 dicuntur:
1524 392 1556 420 et
1583 399 1684 432 penes
1708 399 1789 430 nos,
1828 389 1920 431 quod
1947 390 1979 422 in
2001 396 2164 435 potestate

391 448 501 477 nostra
530 446 587 476 est.
640 440 758 480 Puri,
785 439 929 484 probi,
957 439 1149 482 profani,
1177 440 1239 472 sui
1266 439 1358 471 auri
1387 439 1507 472 dicitur
1533 440 1566 471 in
1581 440 1834 473 manumissione
1861 451 2028 474 sacrorum
2055 454 2163 477 causa.

239 505 380 535 ‘fispurco
392 506 432 529 ex
459 494 578 538 quibus
605 493 701 537 puri
727 491 908 536 significat,
946 490 1036 534 quod
1063 491 1097 522 in
1124 502 1185 524 usu
1211 492 1345 536 porco*
1373 502 1439 522 non
1467 491 1576 525 fuerit.
1610 489 1847 535 probiquel
1874 497 1965 526 recte
1992 500 2164 530 excoctum

392 550 645 591 pugnatumque
673 544 720 578 sit.
746 542 936 588 profani,
971 541 1063 585 quod
1090 553 1218 576 sacrum
1246 553 1312 574 non
1340 542 1396 583 sit,
1438 547 1470 575 et
1504 542 1596 585 quod
1624 543 1713 575 omni
1745 543 1911 587 religione
1942 543 2085 577 solutum
2114 546 2163 579 sit.

391 599 475 637 sui,
510 596 602 640 quod
631 596 775 628 alienum
804 605 870 627 non
897 593 944 627 sit.
995 593 1222 626 Pacionem
1252 594 1373 636 antiqui
1407 593 1579 633 dicebant,
1615 606 1714 637 quam
1742 605 1829 629 nunc
1863 595 2052 639 pactionem
2080 595 2164 629 dici-

219 658 246 683 Ὗ.
260 663 379 690 praesen·
391 661 472 683 mus.
502 648 589 681 unde
617 651 649 681 et
675 646 840 691 pacisci
866 644 981 678 adhuc
1008 649 1041 678 et
1066 656 1200 689 paceo
1218 643 1235 665 ²
1262 645 1294 677 in
1322 657 1380 677 usu
1415 650 1572 678 remanet.
1625 647 1791 679 Presan.
1808 648 1820 661 *
1875 673 1881 680 .
1938 674 1944 680 .
1999 674 2006 680 .
2061 658 2165 691 porca

263 696 336 716 ‘³⁰²³
392 701 528 741 dicitur,
563 703 599 733 ut
626 699 670 732 ait
698 698 875 739 Veranius,
915 707 1001 740 quae
1034 696 1181 729 familiae
1213 696 1412 741 purgandae
1445 707 1543 729 causa
1578 696 1696 730 Cereri
1730 698 1939 736 immolatur,
1974 698 2066 741 quod
2089 710 2166 743 pars

391 752 558 797 quaedam
585 750 653 784 eius
680 749 820 783 sacrifici
852 749 889 781 fit
922 748 954 781 in
988 754 1168 792 conspectu
1194 748 1317 781 mortui
1343 748 1427 787 eius,
1471 749 1563 781 cuius
1594 749 1691 782 funus
1720 749 1904 782 instituitur.
1966 750 2164 783 Pateram

247 816 283 840 ϊ,
305 823 363 849 per-
391 803 681 849 perplovere*
708 802 741 834 in
767 801 867 834 sacris
894 811 970 833 cum
998 799 1134 838 dicitur,
1168 800 1332 844 significat
1358 803 1526 843 pertusam
1554 812 1631 833 esse.
1685 801 1906 834 Pastillum
1935 805 1982 833 est
2005 801 2039 833 in
2065 802 2165 834 sacris

261 850 347 883 ‘'¹²¹⁰oe
391 856 450 889 libi
473 865 578 899 genus
604 853 747 887 rutundi.
801 852 944 885 Puilia
971 863 1069 883 saxa
1104 863 1172 884 esse
1199 851 1241 884 ad
1270 856 1423 896 portum,
1457 852 1514 895 qui
1541 852 1580 884 sit
1606 852 1789 886 secundum
1816 853 1986 889 Tiberim,
2026 853 2069 884 ait
2096 853 2165 885 Fa-

390 908 463 940 bius
487 907 617 945 Pictor,
655 917 754 948 quem
783 905 894 937 locum
922 907 1017 948 putat
1042 903 1159 936 Labeo
1187 903 1269 943 dici,
1302 903 1359 935 ubi
1386 903 1484 936 fuerit
1514 903 1655 942 Ficana,
1694 904 1746 936 via
1774 903 1919 937 Ostiensi
1945 903 1988 936 ad
2015 903 2165 947 lapidem

392 958 613 993 undecimum.
665 958 775 990 Pave
792 952 862 1004 Uri
896 955 1061 988 frumenta
1089 955 1243 987 dicebant
1269 955 1411 998 antiqui,
1446 966 1533 998 quae
1560 955 1604 988 de
1630 956 1750 1000 vagina
1777 966 1843 988 non
1869 955 1955 988 bene
1982 956 2052 988 exi-
2081 954 2162 1001 [61]

392 1012 482 1043 bant.
535 1008 744 1042 Paludati
770 1008 802 1040 in
830 1007 921 1040 libris
947 1006 1161 1051 auguralibus
1188 1006 1371 1051 significat,
1407 1012 1442 1039 ut
1465 1006 1509 1039 ait
1535 1006 1712 1048 Veranius,
1746 1007 1882 1048 armati,
1911 1007 2024 1039 ornati.
2055 1007 2165 1039 omnia

393 1062 479 1096 enim
506 1061 659 1094 militaria
695 1064 902 1100 ornamenta,
941 1058 1177 1103 paludamenta
1205 1058 1281 1091 dici.
1342 1057 1690 1091 Purimenstrio3
1726 1070 1795 1092 esse
1821 1059 1992 1098 dicuntur,
2028 1058 2086 1101 qui
2111 1070 2164 1091 sa-

392 1124 524 1148 crorum
561 1124 658 1147 causa
692 1117 763 1145 toto
796 1122 909 1145 mense
944 1111 976 1143 in
1010 1110 1215 1143 caerimoniis
1252 1115 1343 1150 sunt,
1395 1110 1429 1142 id
1464 1114 1512 1143 est
1542 1111 1618 1154 puri
1647 1110 1709 1142 sint
1735 1111 1830 1143 certis
1863 1110 1980 1143 diebus
2007 1110 2164 1143 carendo.

219 1168 254 1207 ‘fg
280 1166 502 1206 uutanssProx
527 1165 616 1197 bona
644 1175 726 1204 vox,
753 1164 844 1196 velut
873 1162 1010 1206 quidam
1037 1162 1329 1207 praesignificare*
1356 1161 1502 1202 videtur,
1543 1167 1579 1194 ut
1605 1162 1649 1194 ait
1675 1162 1791 1197 Labeo
1819 1162 1862 1195 de
1895 1162 1965 1194 iure
1992 1161 2165 1205 pontificio

235 1201 430 1250 mgnificareL
460 1216 517 1249 XI.
570 1215 744 1249 Penatis
772 1214 979 1260 singulariter
1005 1214 1122 1246 Labeo
1156 1214 1313 1247 Antistius
1343 1225 1441 1258 posse
1469 1213 1534 1247 dici
1566 1218 1676 1258 putat,
1708 1215 1786 1257 quia
1821 1214 1992 1258 pluraliter
2023 1213 2165 1246 Penates

393 1268 564 1308 dicantur,
592 1278 669 1301 cum
697 1267 842 1312 patiatur
862 1266 1038 1311 proportio
1066 1266 1165 1298 etiam
1193 1266 1332 1299 Penas
1360 1265 1444 1306 dici,
1473 1270 1509 1297 ut
1535 1266 1694 1309 optimas,
1721 1266 1861 1310 primas,
1890 1266 2013 1298 Antias.
2066 1265 2165 1298 Pro-

392 1319 580 1361 culiunt,
611 1319 807 1364 promittunt
834 1318 879 1351 ait
904 1317 1090 1362 significare
1116 1317 1274 1350 Antistius
1303 1317 1347 1349 de
1372 1317 1444 1350 iure
1470 1317 1655 1361 pontificali
1688 1317 1727 1351 L.
1755 1317 1862 1350 Vllll.
1922 1316 2165 1360 Popularia

392 1382 516 1405 sacra
544 1375 635 1412 sunt,
662 1376 699 1404 ut
725 1371 770 1402 ait
795 1370 933 1409 Labeo,
960 1380 1046 1412 quae
1073 1379 1189 1401 omnes
1218 1369 1306 1401 cives
1332 1368 1474 1407 faciunt,
1511 1380 1573 1402 nec
1605 1369 1703 1402 certis
1730 1369 1861 1401 familiis
1888 1367 2055 1401 adtributa
2080 1372 2162 1400 sunt.

395 1423 612 1462 Fornacalia,
640 1422 779 1461 Parilia,
806 1421 956 1461 Laralia,
988 1431 1094 1465 porca
1131 1419 1354 1464 praecidania.
1406 1420 1645 1453 Pollucere
1671 1418 1826 1453 merces4
1881 1444 1886 1450 .
1942 1444 1949 1452 .
2002 1447 2008 1453 .
2063 1444 2070 1451 .
2123 1419 2165 1451 li-

222 1477 253 1501 ’ῑ-
274 1478 469 1508 sermon—caat
495 1480 568 1507 sunt
593 1474 664 1516 far,
705 1474 860 1518 polenta,
895 1473 1025 1512 vinum,
1058 1472 1154 1516 panis
1178 1472 1414 1511 fermentalis*,
1449 1471 1531 1505 ficus
1556 1483 1672 1516 passa,
1706 1471 1818 1512 suilla,
1853 1470 1998 1509 bubula,
2032 1471 2165 1516 agnina,

222 1515 499 1571 -sfsactffum-casei,
535 1525 654 1566 ovilla,
690 1526 792 1567 alica,
827 1536 972 1565 sesama,
1009 1529 1041 1555 et
1076 1523 1208 1563 oleum,
1242 1524 1367 1568 pisces»,
1401 1523 1519 1566 quibus
1554 1528 1601 1555 est
1627 1533 1779 1566 squama,
1811 1527 1943 1567 praeter
1971 1523 2166 1565 squatum*;

393 1577 533 1610 Herculi
563 1582 671 1610 autem
700 1577 810 1609 omnia
838 1576 1020 1616 esculenta,
1048 1575 1238 1619 poculenta.
1290 1575 1373 1607 Pro
1386 1574 1543 1607 festum
1580 1579 1628 1606 est
1659 1574 1789 1613 facere,
1825 1578 2015 1617 tamquam,
2048 1573 2166 1618 profa-

393 1639 472 1661 num
499 1629 630 1670 facere,
657 1628 692 1660 id
721 1633 768 1660 est
794 1627 886 1671 quod
913 1638 954 1660 eo
978 1626 1051 1667 die,
1079 1626 1135 1669 qui
1158 1626 1228 1658 dies
1253 1626 1410 1659 feriarum
1431 1636 1498 1658 non
1521 1630 1585 1667 est,
1608 1625 1729 1659 facere.
1755 1626 1825 1665 vel,
1851 1630 1888 1658 ut
1907 1624 2044 1668 quidam
2071 1625 2167 1658 dixe-

394 1684 488 1719 runt;
519 1692 583 1725 pro
611 1690 652 1713 eo
688 1679 802 1713 facere
827 1679 917 1712 velut
948 1678 1051 1711 feriae
1077 1688 1144 1710 non
1171 1678 1251 1716 sint3
1291 1682 1346 1710 aut
1371 1677 1406 1709 id
1434 1677 1563 1718 facere,
1605 1677 1698 1720 quod
1735 1677 1823 1710 feriis
1855 1677 1928 1710 fieri
1964 1687 2029 1709 non
2055 1676 2165 1711 liceat.

394 1732 511 1775 Itaque
534 1732 624 1765 diem
651 1731 856 1776 profestum,
885 1730 974 1763 diem
1002 1729 1070 1761 sine
1094 1729 1185 1762 feriis
1213 1740 1292 1763 esse.
1345 1729 1578 1762 Profanum
1606 1734 1671 1771 est,
1702 1728 1794 1772 quod
1817 1728 1884 1760 fani
1910 1727 2075 1773 religione
2100 1739 2167 1761 non

223 1782 321 1840 wlfere
340 1788 532 1818 ve-tenetur.
582 1784 663 1817 Pro
675 1784 901 1816 cubitores
938 1781 1092 1815 dicuntur
1122 1780 1193 1813 fieri
1226 1780 1338 1813 vetites
1355 1781 1378 1821 *,
1412 1781 1469 1823 qui
1503 1785 1604 1814 noctu
1631 1780 1802 1813 custodiae
1834 1791 1931 1813 causa
1958 1784 2033 1812 ante
2060 1784 2167 1813 castra

288 1820 335 1840 nes
397 1835 576 1874 excubant,
605 1846 680 1868 cum
709 1840 814 1868 castra
841 1834 988 1866 hostium
1014 1833 1048 1864 in
1072 1832 1265 1876 propinquo
1292 1837 1383 1870 sunt,
1418 1838 1454 1864 ut
1480 1832 1530 1864 M.
1558 1831 1643 1865 Cato
1668 1832 1700 1864 in
1731 1843 1789 1868 eo,
1818 1843 1918 1874 quem
1945 1830 1989 1864 de
2015 1843 2051 1864 re
2077 1831 2165 1864 mili-

396 1886 455 1918 tari
483 1886 621 1930 scripsit.
674 1887 928 1931 Properam,
967 1895 1033 1929 pro
1069 1884 1169 1918 celeri
1202 1895 1242 1917 ac
1276 1887 1406 1916 strenua
1443 1883 1560 1916 dixisse
1595 1884 1746 1926 antiquos
1773 1883 1960 1915 testimonio
1996 1887 2044 1915 est
2070 1882 2167 1922 Cato,

226 1933 388 1999 J‚{[]pjgg{¹l[³;·
398 1947 473 1969 cum
501 1938 545 1970 ait
571 1938 603 1970 in
622 1938 709 1971 libro
738 1938 782 1971 de
814 1949 851 1970 re
886 1937 1029 1970 militari.
1055 1935 1151 1968 tertia
1179 1947 1198 1968 e
1224 1935 1355 1968 fastris*
1384 1935 1517 1968 eductio
1535 1935 1653 1969 celeris
1680 1946 1909 1979 prosperaque
1919 1934 1947 1952 **
1973 1938 2030 1966 est.
2084 1934 2165 1967 Pro

284 2010 339 2032 quo.
400 2014 405 2019 .
446 2014 451 2019 .
497 2017 503 2022 .
547 2016 552 2021 .
599 1994 646 2022 sta
674 1990 766 2023 dolia
791 1989 836 2022 ait
862 1988 929 2022 dici
955 1983 1216 2036 Labeossquod
1255 2013 1262 2021 .
1317 2013 1325 2021 .
1380 2012 1386 2019 .
1443 2014 1449 2020 .
1501 2012 1507 2018 .
1564 2011 1571 2018 .
1625 2014 1632 2020 .
1687 2013 1693 2020 .
1749 2013 1758 2020 .
1811 2014 1817 2020 .
1872 2012 1880 2026 .
1936 2013 1942 2018 .
1988 1997 2003 2018 r
2041 2010 2046 2017 .
2082 1983 2163 2030 [62]

402 2064 526 2070 ·.
769 2036 2162 2075 .......tur.....,......do.

404 2114 409 2119 .
465 2114 472 2121 .
524 2115 529 2121 .
583 2118 589 2124 .
645 2118 649 2123 .
779 2092 1000 2126 Priveras
1040 2091 1204 2124 mulieres
1245 2089 1405 2134 privatas
1446 2088 1611 2122 dicebant
1670 2115 1677 2122 .
1732 2114 1739 2121 .
1793 2113 1801 2121 .
1853 2114 1860 2122 .
1916 2115 1922 2121 .
1977 2114 1984 2120 .
2035 2112 2042 2119 .
2096 2114 2104 2122 .
2156 2112 2163 2119 .

403 2142 455 2169 ¹¹¹¹
489 2148 550 2180 1³¹⁰
602 2168 609 2173 -
665 2168 671 2174 -
724 2169 730 2175 -
786 2172 793 2178 .
848 2171 855 2178 .
910 2171 916 2177 .
970 2170 978 2177 .
1032 2169 1038 2176 .
1092 2167 1099 2174 .
1156 2170 1162 2176 .
1216 2140 1335 2174 Pube
1362 2145 1565 2186 praesente,
1593 2144 1643 2174 est
1671 2140 1803 2186 populo
1831 2142 2039 2185 praesente,
2075 2150 2162 2172 συν-

424 2297 428 2301 .
484 2255 510 2290 l)
533 2252 644 2292 PFObi,
666 2258 749 2294 quod
768 2266 842 2288 recte
863 2266 1016 2288 excoctum
1031 2266 1261 2300 purgatumque
1305 2260 1372 2288 Dae.
1401 2275 1442 2281 —
1473 2256 1505 2299 4)
1534 2259 1691 2287 Pollucere
1719 2257 1855 2295 νην-σωκ]
1893 2256 2008 2285 Cassius
2039 2254 2163 2284 Hemina

401 2300 441 2323 stt
457 2295 528 2324 Ven.
547 2296 592 2326 Sc.
607 2303 695 2326 recte.
713 2317 754 2322 —
768 2305 799 2338 2)
815 2301 907 2331 Pactu
922 2314 998 2341 paco
1016 2314 1107 2341 marg.
1123 2304 1198 2336 Ven,
1214 2304 1261 2332 Sc.
1305 2302 1383 2341 apud
1413 2301 1538 2330 Plinium
1569 2301 1622 2331 lib.
1641 2304 1690 2333 31.
1718 2311 1781 2340 cap.
1805 2303 1832 2332 2.
1876 2299 1970 2328 Numa
2000 2295 2161 2331 constituit,

401 2337 492 2389 “3)
512 2336 761 2379 Purimenstruo,]
791 2345 895 2373 Suidas
923 2346 1126 2384 Μητρωακαὶ,
1154 2346 1261 2384 inquit,
1303 2350 1336 2373 ut
1357 2344 1469 2383 pisces,
1501 2344 1553 2383 qui
1574 2344 1726 2383 squamosi
1748 2353 1807 2372 non
1830 2346 1938 2375 essent,
1972 2339 2004 2368 ni
2024 2338 2162 2378 polluce-

401 2378 508 2420 ἦμέραῑ
530 2380 608 2433 Ἶνὲς
636 2381 722 2431 ἷδρᾱιί-
754 2382 805 2418 τᾶς
834 2385 865 2415 δὲ
892 2386 1068 2425 μητρωακᾶς
1090 2386 1170 2426 παροὶ
1198 2387 1262 2417 Ῥω·
1303 2392 1387 2423 rent,
1410 2386 1587 2425 parsimonia
1610 2391 1794 2415 commentus
1819 2390 1852 2413 ut
1874 2382 2011 2412 convivia
2031 2379 2162 2420 publica,

403 2423 511 2460 μαίθῑς»
534 2434 554 2462 η
576 2423 627 2453 καὶ
646 2435 791 2463 προτερον
813 2426 891 2465 παρὰ
902 2429 996 2466 Φρυξὶ
1019 2431 1261 2466 σπουδασθείσας
1303 2434 1331 2457 et
1353 2429 1489 2468 privata,
1514 2438 1678 2467 caenaeque
1698 2430 1735 2456 ad
1757 2425 1924 2465 pulvinaria
1944 2422 2059 2452 facilius
2080 2432 2161 2451 com·-

402 2463 538 2501 κασῑδιᾶς
565 2463 691 2497 ἑκάστου
723 2465 817 2505 μηνός
848 2466 962 2507 ἤγνευε,
1006 2472 1084 2500 Urs.
1123 2473 1168 2501 Cf.
1197 2476 1257 2501 not.
1301 2476 1492 2509 pararentur,
1520 2471 1551 2499 ni
1574 2471 1624 2508 qui
1648 2470 1684 2498 ad
1709 2470 1871 2508 polluctum
1894 2469 2034 2500 emerent,
2063 2464 2160 2503 pretio
