<?xml version="1.0" encoding="UTF-8"?>
<!DOCTYPE html PUBLIC "-//W3C//DTD XHTML 1.0 Transitional//EN"
    "http://www.w3.org/TR/xhtml1/DTD/xhtml1-transitional.dtd">
<html xmlns="http://www.w3.org/1999/xhtml" xml:lang="en" lang="en">
 <head>
  <title>
</title>
<meta http-equiv="Content-Type" content="text/html;charset=utf-8" />
  <meta name='ocr-system' content='tesseract 3.04.00' />
  <meta name='ocr-capabilities' content='ocr_page ocr_carea ocr_par ocr_line ocrx_word'/>
</head>
<body>
  <div class='ocr_page' id='page_1' title='image "./corpusgrammatico01linduoft_1171.png"; bbox 0 0 2263 2668; ppageno 0'>
   <div class='ocr_carea' id='block_1_1' title="bbox 476 153 2002 197">
    <p class='ocr_par' dir='ltr' id='par_1_1' title="bbox 476 153 2002 197">
     <span class='ocr_line' id='line_1_1' title="bbox 476 153 2002 197; baseline 0.005 -8"><span class='ocrx_word' id='word_1_1' title='bbox 476 155 541 189; x_wconf 81' lang='lat' dir='ltr'><strong>DE</strong></span> <span class='ocrx_word' id='word_1_2' title='bbox 566 153 954 189; x_wconf 83' lang='lat' dir='ltr'>SIGNIFICATIONE</span> <span class='ocrx_word' id='word_1_3' title='bbox 981 155 1264 192; x_wconf 83' lang='lat' dir='ltr'><strong>VERBORUM.</strong></span> <span class='ocrx_word' id='word_1_4' title='bbox 1321 157 1467 192; x_wconf 84' lang='lat' dir='ltr'><strong>LIBER</strong></span> <span class='ocrx_word' id='word_1_5' title='bbox 1491 157 1583 192; x_wconf 87' lang='lat' dir='ltr'><strong>XIX.</strong></span> <span class='ocrx_word' id='word_1_6' title='bbox 1928 162 2002 197; x_wconf 68' lang='lat'><strong>743</strong></span> 
     </span>
    </p>
   </div>
   <div class='ocr_carea' id='block_1_2' title="bbox 3 245 2004 2489">
    <p class='ocr_par' dir='ltr' id='par_1_2' title="bbox 54 245 2004 912">
     <span class='ocr_line' id='line_1_2' title="bbox 57 245 2001 290; baseline 0.004 -13"><span class='ocrx_word' id='word_1_7' title='bbox 57 249 136 286; x_wconf 82' lang='lat' dir='ltr'><strong>lege:</strong></span> <span class='ocrx_word' id='word_1_8' title='bbox 160 245 284 284; x_wconf 85' lang='lat' dir='ltr'><strong>Altero,</strong></span> <span class='ocrx_word' id='word_1_9' title='bbox 309 257 373 276; x_wconf 86' lang='lat' dir='ltr'><strong>cum</strong></span> <span class='ocrx_word' id='word_1_10' title='bbox 396 245 430 276; x_wconf 80' lang='lat' dir='ltr'><strong>id</strong></span> <span class='ocrx_word' id='word_1_11' title='bbox 448 258 538 287; x_wconf 80' lang='lat' dir='ltr'><strong>genus</strong></span> <span class='ocrx_word' id='word_1_12' title='bbox 560 246 714 287; x_wconf 79' lang='lat' dir='ltr'><strong>aedificia,</strong></span> <span class='ocrx_word' id='word_1_13' title='bbox 736 258 812 287; x_wconf 82' lang='lat' dir='ltr'><strong>quae</strong></span> <span class='ocrx_word' id='word_1_14' title='bbox 833 247 1012 276; x_wconf 72' lang='lat' dir='ltr'><strong><em>continentia</em></strong></span> <span class='ocrx_word' id='word_1_15' title='bbox 1034 256 1118 287; x_wconf 87' lang='lat' dir='ltr'><strong>sunt,</strong></span> <span class='ocrx_word' id='word_1_16' title='bbox 1140 250 1196 279; x_wconf 80' lang='lat' dir='ltr'><strong>viis</strong></span> <span class='ocrx_word' id='word_1_17' title='bbox 1216 248 1333 290; x_wconf 78' lang='lat' dir='ltr'><strong>oppidi,</strong></span> <span class='ocrx_word' id='word_1_18' title='bbox 1355 249 1507 279; x_wconf 83' lang='lat' dir='ltr'><strong>itineribus</strong></span> <span class='ocrx_word' id='word_1_19' title='bbox 1528 255 1585 280; x_wconf 89' lang='lat' dir='ltr'><strong>etc.</strong></span> <span class='ocrx_word' id='word_1_20' title='bbox 1627 251 1732 281; x_wconf 84' lang='lat' dir='ltr'><strong>Tertio.</strong></span> <span class='ocrx_word' id='word_1_21' title='bbox 1755 252 1871 282; x_wconf 77' lang='lat' dir='ltr'><strong>diversa</strong></span> <span class='ocrx_word' id='word_1_22' title='bbox 1895 261 1963 284; x_wconf 88' lang='lat' dir='ltr'><strong>sunt</strong></span> <span class='ocrx_word' id='word_1_23' title='bbox 1987 268 2001 285; x_wconf 85' lang='lat' dir='ltr'><strong>a</strong></span> 
     </span>
     <span class='ocr_line' id='line_1_3' title="bbox 58 289 2001 337; baseline 0.005 -18"><span class='ocrx_word' id='word_1_24' title='bbox 58 289 271 329; x_wconf 77' lang='lat' dir='ltr'><strong>superioribus.</strong></span> <span class='ocrx_word' id='word_1_25' title='bbox 316 290 390 318; x_wconf 86' lang='lat' dir='ltr'><strong>Nam</strong></span> <span class='ocrx_word' id='word_1_26' title='bbox 419 291 557 329; x_wconf 86' lang='lat' dir='ltr'><strong>superius</strong></span> <span class='ocrx_word' id='word_1_27' title='bbox 586 290 716 318; x_wconf 80' lang='lat' dir='ltr'><strong>aedilicia</strong></span> <span class='ocrx_word' id='word_1_28' title='bbox 741 290 940 325; x_wconf 80' lang='lat' dir='ltr'><strong>continentia,</strong></span> <span class='ocrx_word' id='word_1_29' title='bbox 975 290 1024 319; x_wconf 88' lang='lat' dir='ltr'><strong>hic</strong></span> <span class='ocrx_word' id='word_1_30' title='bbox 1047 298 1181 330; x_wconf 84' lang='lat' dir='ltr'><strong>separata</strong></span> <span class='ocrx_word' id='word_1_31' title='bbox 1204 294 1352 331; x_wconf 84' lang='lat' dir='ltr'><strong>intelligit.</strong></span> <span class='ocrx_word' id='word_1_32' title='bbox 1396 294 1430 321; x_wconf 88' lang='lat' dir='ltr'><strong>In</strong></span> <span class='ocrx_word' id='word_1_33' title='bbox 1454 294 1510 322; x_wconf 85' lang='lat' dir='ltr'><strong>line</strong></span> <span class='ocrx_word' id='word_1_34' title='bbox 1533 295 1610 331; x_wconf 84' lang='lat' dir='ltr'><strong>lege:</strong></span> <span class='ocrx_word' id='word_1_35' title='bbox 1647 294 1722 323; x_wconf 72' lang='lat' dir='ltr'><strong>sicut</strong></span> <span class='ocrx_word' id='word_1_36' title='bbox 1744 294 1790 331; x_wconf 81' lang='lat' dir='ltr'><strong>hi,</strong></span> <span class='ocrx_word' id='word_1_37' title='bbox 1825 297 1876 337; x_wconf 84' lang='lat' dir='ltr'><strong>qui</strong></span> <span class='ocrx_word' id='word_1_38' title='bbox 1897 306 1949 326; x_wconf 87' lang='lat' dir='ltr'><strong>aut</strong></span> <span class='ocrx_word' id='word_1_39' title='bbox 1971 300 2001 328; x_wconf 84' lang='lat' dir='ltr'><strong>in</strong></span> 
     </span>
     <span class='ocr_line' id='line_1_4' title="bbox 58 331 2002 378; baseline 0.004 -16"><span class='ocrx_word' id='word_1_40' title='bbox 58 332 162 372; x_wconf 81' lang='lat' dir='ltr'><strong><em>oppidi</em></strong></span> <span class='ocrx_word' id='word_1_41' title='bbox 177 333 231 361; x_wconf 85' lang='lat' dir='ltr'><strong>viis</strong></span> <span class='ocrx_word' id='word_1_42' title='bbox 249 337 304 361; x_wconf 82' lang='lat' dir='ltr'><strong>etc,</strong></span> <span class='ocrx_word' id='word_1_43' title='bbox 329 331 430 361; x_wconf 85' lang='lat' dir='ltr'><strong>Scal.</strong></span> <span class='ocrx_word' id='word_1_44' title='bbox 466 333 555 369; x_wconf 74' lang='lat' dir='ltr'><strong>Lego:</strong></span> <span class='ocrx_word' id='word_1_45' title='bbox 581 332 652 362; x_wconf 80' lang='lat' dir='ltr'><strong>Vici</strong></span> <span class='ocrx_word' id='word_1_46' title='bbox 673 331 818 372; x_wconf 84' lang='lat' dir='ltr'><strong>appellari</strong></span> <span class='ocrx_word' id='word_1_47' title='bbox 840 333 983 370; x_wconf 81' lang='lat' dir='ltr'><strong>incipiunt</strong></span> <span class='ocrx_word' id='word_1_48' title='bbox 1004 345 1045 362; x_wconf 78' lang='lat' dir='ltr'><strong>ex</strong></span> <span class='ocrx_word' id='word_1_49' title='bbox 1066 336 1161 373; x_wconf 74' lang='lat' dir='ltr'><strong>agris,</strong></span> <span class='ocrx_word' id='word_1_50' title='bbox 1184 337 1235 376; x_wconf 84' lang='lat' dir='ltr'><strong>qui</strong></span> <span class='ocrx_word' id='word_1_51' title='bbox 1255 335 1297 364; x_wconf 85' lang='lat' dir='ltr'><strong>ibi</strong></span> <span class='ocrx_word' id='word_1_52' title='bbox 1318 333 1407 364; x_wconf 83' lang='lat' dir='ltr'><strong>villas</strong></span> <span class='ocrx_word' id='word_1_53' title='bbox 1428 334 1532 364; x_wconf 84' lang='lat' dir='ltr'><strong>habent</strong></span> <span class='ocrx_word' id='word_1_54' title='bbox 1554 342 1610 365; x_wconf 89' lang='lat' dir='ltr'><strong>etc.</strong></span> <span class='ocrx_word' id='word_1_55' title='bbox 1644 337 1717 365; x_wconf 83' lang='lat' dir='ltr'><strong>Nam</strong></span> <span class='ocrx_word' id='word_1_56' title='bbox 1739 338 1797 366; x_wconf 84' lang='lat' dir='ltr'><strong>vici</strong></span> <span class='ocrx_word' id='word_1_57' title='bbox 1815 344 1883 367; x_wconf 87' lang='lat' dir='ltr'><strong>sunt</strong></span> <span class='ocrx_word' id='word_1_58' title='bbox 1902 341 2002 378; x_wconf 74' lang='lat' dir='ltr'><strong>plures</strong></span> 
     </span>
     <span class='ocr_line' id='line_1_5' title="bbox 57 375 2003 420; baseline 0.005 -17"><span class='ocrx_word' id='word_1_59' title='bbox 57 375 147 403; x_wconf 86' lang='lat' dir='ltr'><strong>villae</strong></span> <span class='ocrx_word' id='word_1_60' title='bbox 177 375 360 402; x_wconf 83' lang='lat' dir='ltr'><strong>coniunctae.</strong></span> <span class='ocrx_word' id='word_1_61' title='bbox 404 375 473 402; x_wconf 82' lang='lat' dir='ltr'><strong>Tria</strong></span> <span class='ocrx_word' id='word_1_62' title='bbox 500 384 607 412; x_wconf 83' lang='lat' dir='ltr'><strong>genera</strong></span> <span class='ocrx_word' id='word_1_63' title='bbox 632 375 764 404; x_wconf 88' lang='lat' dir='ltr'><strong>vicorum</strong></span> <span class='ocrx_word' id='word_1_64' title='bbox 787 375 889 403; x_wconf 82' lang='lat' dir='ltr'><strong>Festus</strong></span> <span class='ocrx_word' id='word_1_65' title='bbox 912 376 1030 412; x_wconf 80' lang='lat' dir='ltr'><strong>statuit,</strong></span> <span class='ocrx_word' id='word_1_66' title='bbox 1065 376 1247 415; x_wconf 77' lang='lat' dir='ltr'><em>villaticum,</em></span> <span class='ocrx_word' id='word_1_67' title='bbox 1284 377 1426 406; x_wconf 87' lang='lat' dir='ltr'><strong>urbanum</strong></span> <span class='ocrx_word' id='word_1_68' title='bbox 1449 383 1478 407; x_wconf 85' lang='lat' dir='ltr'><strong>et</strong></span> <span class='ocrx_word' id='word_1_69' title='bbox 1500 377 1706 417; x_wconf 81' lang='lat' dir='ltr'><strong>domesticum,</strong></span> <span class='ocrx_word' id='word_1_70' title='bbox 1743 380 1842 419; x_wconf 80' lang='lat' dir='ltr'><strong>aitque</strong></span> <span class='ocrx_word' id='word_1_71' title='bbox 1865 392 2003 420; x_wconf 83' lang='lat' dir='ltr'><strong>agrorum</strong></span> 
     </span>
     <span class='ocr_line' id='line_1_6' title="bbox 58 415 2002 462; baseline 0.005 -17"><span class='ocrx_word' id='word_1_72' title='bbox 58 417 139 445; x_wconf 89' lang='lat' dir='ltr'><strong>vicos</strong></span> <span class='ocrx_word' id='word_1_73' title='bbox 163 417 236 445; x_wconf 87' lang='lat' dir='ltr'><strong>alios</strong></span> <span class='ocrx_word' id='word_1_74' title='bbox 259 415 368 444; x_wconf 81' lang='lat' dir='ltr'><strong>habere</strong></span> <span class='ocrx_word' id='word_1_75' title='bbox 391 426 482 456; x_wconf 78' lang='lat' dir='ltr'><strong>temp.</strong></span> <span class='ocrx_word' id='word_1_76' title='bbox 505 421 534 444; x_wconf 88' lang='lat' dir='ltr'><strong>et</strong></span> <span class='ocrx_word' id='word_1_77' title='bbox 555 417 601 445; x_wconf 81' lang='lat' dir='ltr'><strong>ius</strong></span> <span class='ocrx_word' id='word_1_78' title='bbox 625 417 700 454; x_wconf 87' lang='lat' dir='ltr'><strong>dici,</strong></span> <span class='ocrx_word' id='word_1_79' title='bbox 725 417 796 446; x_wconf 83' lang='lat' dir='ltr'><strong>alios</strong></span> <span class='ocrx_word' id='word_1_80' title='bbox 818 427 877 446; x_wconf 89' lang='lat' dir='ltr'><strong>nou</strong></span> <span class='ocrx_word' id='word_1_81' title='bbox 899 417 984 454; x_wconf 86' lang='lat' dir='ltr'><strong>item,</strong></span> <span class='ocrx_word' id='word_1_82' title='bbox 1010 423 1037 446; x_wconf 88' lang='lat' dir='ltr'><strong>et</strong></span> <span class='ocrx_word' id='word_1_83' title='bbox 1060 417 1168 448; x_wconf 87' lang='lat' dir='ltr'><strong>habere</strong></span> <span class='ocrx_word' id='word_1_84' title='bbox 1190 425 1287 449; x_wconf 86' lang='lat' dir='ltr'><strong>tamen</strong></span> <span class='ocrx_word' id='word_1_85' title='bbox 1312 420 1474 458; x_wconf 83' lang='lat' dir='ltr'><strong><em>nundinas,</em></strong></span> <span class='ocrx_word' id='word_1_86' title='bbox 1497 421 1597 460; x_wconf 87' lang='lat' dir='ltr'><strong>ibique</strong></span> <span class='ocrx_word' id='word_1_87' title='bbox 1621 421 1680 449; x_wconf 88' lang='lat' dir='ltr'><strong>vici</strong></span> <span class='ocrx_word' id='word_1_88' title='bbox 1704 423 1830 461; x_wconf 82' lang='lat' dir='ltr'><strong>pagique</strong></span> <span class='ocrx_word' id='word_1_89' title='bbox 1849 425 2002 462; x_wconf 82' lang='lat' dir='ltr'><strong>magistros</strong></span> 
     </span>
     <span class='ocr_line' id='line_1_7' title="bbox 57 458 2002 505; baseline 0.005 -18"><span class='ocrx_word' id='word_1_90' title='bbox 57 459 218 498; x_wconf 76' lang='lat' dir='ltr'><strong>quotannis</strong></span> <span class='ocrx_word' id='word_1_91' title='bbox 239 458 311 488; x_wconf 83' lang='lat' dir='ltr'><strong>fieri.</strong></span> <span class='ocrx_word' id='word_1_92' title='bbox 350 458 460 487; x_wconf 81' lang='lat' dir='ltr'><strong><em>Deinde</em></strong></span> <span class='ocrx_word' id='word_1_93' title='bbox 484 459 572 487; x_wconf 86' lang='lat' dir='ltr'><strong>docet</strong></span> <span class='ocrx_word' id='word_1_94' title='bbox 596 460 716 488; x_wconf 86' lang='lat' dir='ltr'><strong>vicanos</strong></span> <span class='ocrx_word' id='word_1_95' title='bbox 738 460 814 496; x_wconf 85' lang='lat' dir='ltr'><strong>dici,</strong></span> <span class='ocrx_word' id='word_1_96' title='bbox 838 459 888 498; x_wconf 86' lang='lat' dir='ltr'><strong>qui</strong></span> <span class='ocrx_word' id='word_1_97' title='bbox 911 459 942 487; x_wconf 92' lang='lat' dir='ltr'><strong>in</strong></span> <span class='ocrx_word' id='word_1_98' title='bbox 965 461 1145 498; x_wconf 79' lang='lat' dir='ltr'>oppidorum</span> <span class='ocrx_word' id='word_1_99' title='bbox 1169 467 1198 491; x_wconf 85' lang='lat' dir='ltr'><strong>et</strong></span> <span class='ocrx_word' id='word_1_100' title='bbox 1221 473 1359 501; x_wconf 82' lang='lat' dir='ltr'><strong>agrorum</strong></span> <span class='ocrx_word' id='word_1_101' title='bbox 1383 463 1457 492; x_wconf 89' lang='lat' dir='ltr'><strong>vicis</strong></span> <span class='ocrx_word' id='word_1_102' title='bbox 1480 463 1604 501; x_wconf 85' lang='lat' dir='ltr'><strong>degunt,</strong></span> <span class='ocrx_word' id='word_1_103' title='bbox 1631 474 1689 492; x_wconf 91' lang='lat' dir='ltr'><strong>non</strong></span> <span class='ocrx_word' id='word_1_104' title='bbox 1712 474 1783 493; x_wconf 84' lang='lat' dir='ltr'><strong>vero</strong></span> <span class='ocrx_word' id='word_1_105' title='bbox 1807 476 1872 502; x_wconf 88' lang='lat' dir='ltr'><strong>eos,</strong></span> <span class='ocrx_word' id='word_1_106' title='bbox 1897 468 1946 505; x_wconf 88' lang='lat' dir='ltr'><strong>qui</strong></span> <span class='ocrx_word' id='word_1_107' title='bbox 1971 469 2002 496; x_wconf 82' lang='lat' dir='ltr'><strong>in</strong></span> 
     </span>
     <span class='ocr_line' id='line_1_8' title="bbox 57 501 2003 546; baseline 0.005 -16"><span class='ocrx_word' id='word_1_108' title='bbox 57 501 240 536; x_wconf 71' lang='lat' dir='ltr'><strong>domesticis,</strong></span> <span class='ocrx_word' id='word_1_109' title='bbox 277 501 326 539; x_wconf 85' lang='lat' dir='ltr'><strong>qni</strong></span> <span class='ocrx_word' id='word_1_110' title='bbox 357 501 479 540; x_wconf 82' lang='lat' dir='ltr'><strong>proprie</strong></span> <span class='ocrx_word' id='word_1_111' title='bbox 507 501 597 530; x_wconf 86' lang='lat' dir='ltr'><strong>vicini</strong></span> <span class='ocrx_word' id='word_1_112' title='bbox 627 502 778 532; x_wconf 87' lang='lat' dir='ltr'><strong>dicuntur.</strong></span> <span class='ocrx_word' id='word_1_113' title='bbox 823 502 902 531; x_wconf 81' lang='lat' dir='ltr'><strong>Haec</strong></span> <span class='ocrx_word' id='word_1_114' title='bbox 931 507 974 531; x_wconf 81' lang='lat' dir='ltr'><strong>est</strong></span> <span class='ocrx_word' id='word_1_115' title='bbox 996 503 1075 532; x_wconf 80' lang='lat' dir='ltr'><strong>Festi</strong></span> <span class='ocrx_word' id='word_1_116' title='bbox 1103 505 1263 541; x_wconf 86' lang='lat' dir='ltr'><strong>sententia,</strong></span> <span class='ocrx_word' id='word_1_117' title='bbox 1301 506 1352 534; x_wconf 86' lang='lat' dir='ltr'><strong>sed</strong></span> <span class='ocrx_word' id='word_1_118' title='bbox 1381 506 1450 543; x_wconf 85' lang='lat' dir='ltr'><strong>quia</strong></span> <span class='ocrx_word' id='word_1_119' title='bbox 1479 506 1540 534; x_wconf 89' lang='lat' dir='ltr'><strong>eius</strong></span> <span class='ocrx_word' id='word_1_120' title='bbox 1567 507 1658 535; x_wconf 84' lang='lat' dir='ltr'><strong>verba</strong></span> <span class='ocrx_word' id='word_1_121' title='bbox 1682 513 1824 546; x_wconf 85' lang='lat' dir='ltr'><strong>corrupta</strong></span> <span class='ocrx_word' id='word_1_122' title='bbox 1847 514 1876 537; x_wconf 86' lang='lat' dir='ltr'><strong>et</strong></span> <span class='ocrx_word' id='word_1_123' title='bbox 1898 510 2003 539; x_wconf 82' lang='lat' dir='ltr'><strong>mutila</strong></span> 
     </span>
     <span class='ocr_line' id='line_1_9' title="bbox 56 544 2004 591; baseline 0.004 -18"><span class='ocrx_word' id='word_1_124' title='bbox 56 549 144 580; x_wconf 80' lang='lat' dir='ltr'><strong>sunt,</strong></span> <span class='ocrx_word' id='word_1_125' title='bbox 177 544 323 581; x_wconf 83' lang='lat' dir='ltr'><strong>integrum</strong></span> <span class='ocrx_word' id='word_1_126' title='bbox 345 544 446 572; x_wconf 83' lang='lat' dir='ltr'><strong>locum</strong></span> <span class='ocrx_word' id='word_1_127' title='bbox 469 554 592 582; x_wconf 85' lang='lat' dir='ltr'><strong>ponam,</strong></span> <span class='ocrx_word' id='word_1_128' title='bbox 628 551 662 573; x_wconf 85' lang='lat' dir='ltr'><strong>ut</strong></span> <span class='ocrx_word' id='word_1_129' title='bbox 684 555 751 574; x_wconf 87' lang='lat' dir='ltr'><strong>eum</strong></span> <span class='ocrx_word' id='word_1_130' title='bbox 773 544 903 574; x_wconf 75' lang='lat' dir='ltr'><strong>schedae</strong></span> <span class='ocrx_word' id='word_1_131' title='bbox 925 552 1164 584; x_wconf 79' lang='lat' dir='ltr'><strong><em>repraesentant:</em></strong></span> <span class='ocrx_word' id='word_1_132' title='bbox 1200 546 1237 576; x_wconf 83' lang='lat' dir='ltr'><strong>Et</strong></span> <span class='ocrx_word' id='word_1_133' title='bbox 1260 555 1354 576; x_wconf 84' lang='lat' dir='ltr'><strong>tamen</strong></span> <span class='ocrx_word' id='word_1_134' title='bbox 1377 547 1419 576; x_wconf 88' lang='lat' dir='ltr'><strong>ibi</strong></span> <span class='ocrx_word' id='word_1_135' title='bbox 1441 547 1586 577; x_wconf 76' lang='lat' dir='ltr'><strong><em>nundinae</em></strong></span> <span class='ocrx_word' id='word_1_136' title='bbox 1608 556 1734 588; x_wconf 77' lang='lat' dir='ltr'><strong>aguntur</strong></span> <span class='ocrx_word' id='word_1_137' title='bbox 1754 551 1863 589; x_wconf 78' lang='lat' dir='ltr'><strong>negotii</strong></span> <span class='ocrx_word' id='word_1_138' title='bbox 1883 551 2004 591; x_wconf 75' lang='lat' dir='ltr'><strong>gerendi</strong></span> 
     </span>
     <span class='ocr_line' id='line_1_10' title="bbox 56 586 2003 633; baseline 0.004 -18"><span class='ocrx_word' id='word_1_139' title='bbox 56 597 162 616; x_wconf 81' lang='lat' dir='ltr'><strong>caussa</strong></span> <span class='ocrx_word' id='word_1_140' title='bbox 184 593 210 614; x_wconf 88' lang='lat' dir='ltr'><strong>et</strong></span> <span class='ocrx_word' id='word_1_141' title='bbox 232 586 366 625; x_wconf 78' lang='lat' dir='ltr'><strong>magistri</strong></span> <span class='ocrx_word' id='word_1_142' title='bbox 388 587 460 622; x_wconf 88' lang='lat' dir='ltr'><strong>vici,</strong></span> <span class='ocrx_word' id='word_1_143' title='bbox 497 587 563 614; x_wconf 89' lang='lat' dir='ltr'><strong>item</strong></span> <span class='ocrx_word' id='word_1_144' title='bbox 587 588 723 626; x_wconf 73' lang='lat' dir='ltr'><strong>magistri</strong></span> <span class='ocrx_word' id='word_1_145' title='bbox 741 590 813 626; x_wconf 84' lang='lat' dir='ltr'><strong>paci</strong></span> <span class='ocrx_word' id='word_1_146' title='bbox 834 589 991 628; x_wconf 74' lang='lat' dir='ltr'><strong><em>quotannis</em></strong></span> <span class='ocrx_word' id='word_1_147' title='bbox 1001 589 1094 627; x_wconf 82' lang='lat' dir='ltr'><strong>fiunt.</strong></span> <span class='ocrx_word' id='word_1_148' title='bbox 1138 589 1245 618; x_wconf 83' lang='lat' dir='ltr'><strong>Altero</strong></span> <span class='ocrx_word' id='word_1_149' title='bbox 1269 601 1332 619; x_wconf 87' lang='lat' dir='ltr'><strong>cum</strong></span> <span class='ocrx_word' id='word_1_150' title='bbox 1356 589 1388 618; x_wconf 74' lang='lat' dir='ltr'><strong>iti</strong></span> <span class='ocrx_word' id='word_1_151' title='bbox 1408 602 1498 629; x_wconf 69' lang='lat' dir='ltr'><strong>genus</strong></span> <span class='ocrx_word' id='word_1_152' title='bbox 1519 590 1720 631; x_wconf 70' lang='lat' dir='ltr'><strong>aedificiorum</strong></span> <span class='ocrx_word' id='word_1_153' title='bbox 1743 591 1895 630; x_wconf 81' lang='lat' dir='ltr'><strong>definitur,</strong></span> <span class='ocrx_word' id='word_1_154' title='bbox 1928 606 2003 633; x_wconf 82' lang='lat' dir='ltr'><strong>quae</strong></span> 
     </span>
     <span class='ocr_line' id='line_1_11' title="bbox 56 627 2002 674; baseline 0.004 -17"><span class='ocrx_word' id='word_1_155' title='bbox 56 629 236 658; x_wconf 69' lang='lat' dir='ltr'><strong><em>continentia</em></strong></span> <span class='ocrx_word' id='word_1_156' title='bbox 258 635 324 656; x_wconf 83' lang='lat' dir='ltr'><strong>sunt</strong></span> <span class='ocrx_word' id='word_1_157' title='bbox 346 627 391 656; x_wconf 82' lang='lat' dir='ltr'><strong>his</strong></span> <span class='ocrx_word' id='word_1_158' title='bbox 413 627 545 668; x_wconf 81' lang='lat' dir='ltr'><strong>oppidis,</strong></span> <span class='ocrx_word' id='word_1_159' title='bbox 584 640 659 669; x_wconf 80' lang='lat' dir='ltr'><strong>quae</strong></span> <span class='ocrx_word' id='word_1_160' title='bbox 688 629 838 658; x_wconf 79' lang='lat' dir='ltr'><strong>itineribus</strong></span> <span class='ocrx_word' id='word_1_161' title='bbox 864 629 1084 670; x_wconf 73' lang='lat' dir='ltr'><strong><em>regionibusque</em></strong></span> <span class='ocrx_word' id='word_1_162' title='bbox 1112 630 1267 660; x_wconf 75' lang='lat' dir='ltr'><strong>distributa</strong></span> <span class='ocrx_word' id='word_1_163' title='bbox 1292 633 1366 660; x_wconf 86' lang='lat' dir='ltr'><strong>inter</strong></span> <span class='ocrx_word' id='word_1_164' title='bbox 1387 644 1416 661; x_wconf 84' lang='lat' dir='ltr'><strong>se</strong></span> <span class='ocrx_word' id='word_1_165' title='bbox 1438 632 1548 661; x_wconf 83' lang='lat' dir='ltr'><strong>distant</strong></span> <span class='ocrx_word' id='word_1_166' title='bbox 1570 633 1788 674; x_wconf 78' lang='lat' dir='ltr'><strong><em>nominibusque</em></strong></span> <span class='ocrx_word' id='word_1_167' title='bbox 1811 633 2002 664; x_wconf 74' lang='lat' dir='ltr'><strong>dissimilibus</strong></span> 
     </span>
     <span class='ocr_line' id='line_1_12' title="bbox 57 669 2002 715; baseline 0.004 -17"><span class='ocrx_word' id='word_1_168' title='bbox 57 669 236 699; x_wconf 79' lang='lat' dir='ltr'><strong>discriminis</strong></span> <span class='ocrx_word' id='word_1_169' title='bbox 258 681 361 699; x_wconf 77' lang='lat' dir='ltr'><em>caussa</em></span> <span class='ocrx_word' id='word_1_170' title='bbox 383 678 449 699; x_wconf 80' lang='lat' dir='ltr'><strong>sunt</strong></span> <span class='ocrx_word' id='word_1_171' title='bbox 474 670 638 708; x_wconf 78' lang='lat' dir='ltr'><strong>dispartita.</strong></span> <span class='ocrx_word' id='word_1_172' title='bbox 684 673 778 700; x_wconf 68' lang='lat' dir='ltr'><strong>Tertio</strong></span> <span class='ocrx_word' id='word_1_173' title='bbox 802 683 867 701; x_wconf 86' lang='lat' dir='ltr'><strong>cum</strong></span> <span class='ocrx_word' id='word_1_174' title='bbox 891 670 923 699; x_wconf 81' lang='lat' dir='ltr'><strong>id</strong></span> <span class='ocrx_word' id='word_1_175' title='bbox 943 683 1034 710; x_wconf 77' lang='lat' dir='ltr'><strong>genus</strong></span> <span class='ocrx_word' id='word_1_176' title='bbox 1055 672 1255 713; x_wconf 72' lang='lat' dir='ltr'><strong>aedficiorum</strong></span> <span class='ocrx_word' id='word_1_177' title='bbox 1280 672 1431 713; x_wconf 79' lang='lat' dir='ltr'><strong>definitur,</strong></span> <span class='ocrx_word' id='word_1_178' title='bbox 1454 687 1527 714; x_wconf 85' lang='lat' dir='ltr'><strong>quae</strong></span> <span class='ocrx_word' id='word_1_179' title='bbox 1548 676 1578 704; x_wconf 84' lang='lat' dir='ltr'><strong>in</strong></span> <span class='ocrx_word' id='word_1_180' title='bbox 1601 674 1709 715; x_wconf 83' lang='lat' dir='ltr'><strong>oppido</strong></span> <span class='ocrx_word' id='word_1_181' title='bbox 1730 677 1831 715; x_wconf 81' lang='lat' dir='ltr'><strong>privo,</strong></span> <span class='ocrx_word' id='word_1_182' title='bbox 1854 675 1887 705; x_wconf 80' lang='lat' dir='ltr'><strong>id</strong></span> <span class='ocrx_word' id='word_1_183' title='bbox 1908 684 1949 706; x_wconf 80' lang='lat' dir='ltr'><strong>est</strong></span> <span class='ocrx_word' id='word_1_184' title='bbox 1971 679 2002 706; x_wconf 79' lang='lat' dir='ltr'><strong>in</strong></span> 
     </span>
     <span class='ocr_line' id='line_1_13' title="bbox 55 711 2003 760; baseline 0.004 -19"><span class='ocrx_word' id='word_1_185' title='bbox 55 723 108 741; x_wconf 78' lang='lat' dir='ltr'><strong>suo</strong></span> <span class='ocrx_word' id='word_1_186' title='bbox 129 714 250 753; x_wconf 84' lang='lat' dir='ltr'><strong>quisque</strong></span> <span class='ocrx_word' id='word_1_187' title='bbox 272 711 338 740; x_wconf 83' lang='lat' dir='ltr'><strong>loco</strong></span> <span class='ocrx_word' id='word_1_188' title='bbox 359 714 476 752; x_wconf 85' lang='lat' dir='ltr'><strong>proprie</strong></span> <span class='ocrx_word' id='word_1_189' title='bbox 498 714 541 741; x_wconf 90' lang='lat' dir='ltr'><strong>ita</strong></span> <span class='ocrx_word' id='word_1_190' title='bbox 564 712 717 752; x_wconf 72' lang='lat' dir='ltr'><strong>aetificat,</strong></span> <span class='ocrx_word' id='word_1_191' title='bbox 754 721 785 742; x_wconf 84' lang='lat' dir='ltr'><strong>ut</strong></span> <span class='ocrx_word' id='word_1_192' title='bbox 806 715 836 743; x_wconf 87' lang='lat' dir='ltr'><strong>in</strong></span> <span class='ocrx_word' id='word_1_193' title='bbox 859 725 891 743; x_wconf 86' lang='lat' dir='ltr'><strong>eo</strong></span> <span class='ocrx_word' id='word_1_194' title='bbox 914 712 1049 753; x_wconf 73' lang='lat' dir='ltr'><strong>aedificio</strong></span> <span class='ocrx_word' id='word_1_195' title='bbox 1069 717 1199 754; x_wconf 77' lang='lat' dir='ltr'><strong>pervium</strong></span> <span class='ocrx_word' id='word_1_196' title='bbox 1223 717 1276 752; x_wconf 84' lang='lat' dir='ltr'><strong>sit,</strong></span> <span class='ocrx_word' id='word_1_197' title='bbox 1314 727 1371 756; x_wconf 79' lang='lat' dir='ltr'><strong>quo</strong></span> <span class='ocrx_word' id='word_1_198' title='bbox 1394 717 1493 745; x_wconf 82' lang='lat' dir='ltr'><strong>itinere</strong></span> <span class='ocrx_word' id='word_1_199' title='bbox 1515 717 1692 746; x_wconf 72' lang='lat' dir='ltr'><strong>habitatores</strong></span> <span class='ocrx_word' id='word_1_200' title='bbox 1714 717 1756 746; x_wconf 81' lang='lat' dir='ltr'><strong>acl</strong></span> <span class='ocrx_word' id='word_1_201' title='bbox 1777 729 1860 747; x_wconf 88' lang='lat' dir='ltr'><strong>suam</strong></span> <span class='ocrx_word' id='word_1_202' title='bbox 1882 720 2003 760; x_wconf 83' lang='lat' dir='ltr'><strong>quisque</strong></span> 
     </span>
     <span class='ocr_line' id='line_1_14' title="bbox 55 753 2002 801; baseline 0.004 -19"><span class='ocrx_word' id='word_1_203' title='bbox 55 753 266 784; x_wconf 77' lang='lat' dir='ltr'><strong>habitationem</strong></span> <span class='ocrx_word' id='word_1_204' title='bbox 289 753 395 783; x_wconf 82' lang='lat' dir='ltr'><strong>habeat</strong></span> <span class='ocrx_word' id='word_1_205' title='bbox 417 766 582 790; x_wconf 85' lang='lat' dir='ltr'><strong>accessum,</strong></span> <span class='ocrx_word' id='word_1_206' title='bbox 614 757 666 795; x_wconf 87' lang='lat' dir='ltr'><strong>qui</strong></span> <span class='ocrx_word' id='word_1_207' title='bbox 687 767 745 785; x_wconf 87' lang='lat' dir='ltr'><strong>non</strong></span> <span class='ocrx_word' id='word_1_208' title='bbox 769 755 907 785; x_wconf 83' lang='lat' dir='ltr'><strong>dicuntur</strong></span> <span class='ocrx_word' id='word_1_209' title='bbox 928 757 1043 792; x_wconf 83' lang='lat' dir='ltr'><strong>vicani,</strong></span> <span class='ocrx_word' id='word_1_210' title='bbox 1065 758 1141 786; x_wconf 86' lang='lat' dir='ltr'><strong>sicut</strong></span> <span class='ocrx_word' id='word_1_211' title='bbox 1163 759 1200 794; x_wconf 85' lang='lat' dir='ltr'><strong>ii,</strong></span> <span class='ocrx_word' id='word_1_212' title='bbox 1223 759 1274 798; x_wconf 88' lang='lat' dir='ltr'><strong>qui</strong></span> <span class='ocrx_word' id='word_1_213' title='bbox 1295 766 1346 786; x_wconf 84' lang='lat' dir='ltr'><strong>aut</strong></span> <span class='ocrx_word' id='word_1_214' title='bbox 1368 759 1398 787; x_wconf 86' lang='lat' dir='ltr'><strong>in</strong></span> <span class='ocrx_word' id='word_1_215' title='bbox 1422 758 1524 798; x_wconf 78' lang='lat' dir='ltr'><strong>oppidi</strong></span> <span class='ocrx_word' id='word_1_216' title='bbox 1546 761 1633 797; x_wconf 83' lang='lat' dir='ltr'><strong>vicis,</strong></span> <span class='ocrx_word' id='word_1_217' title='bbox 1656 767 1706 788; x_wconf 88' lang='lat' dir='ltr'><strong>aut</strong></span> <span class='ocrx_word' id='word_1_218' title='bbox 1729 759 1774 796; x_wconf 81' lang='lat' dir='ltr'><strong>hi,</strong></span> <span class='ocrx_word' id='word_1_219' title='bbox 1798 761 1848 800; x_wconf 81' lang='lat' dir='ltr'><strong>qui</strong></span> <span class='ocrx_word' id='word_1_220' title='bbox 1868 762 1898 790; x_wconf 85' lang='lat' dir='ltr'><strong>in</strong></span> <span class='ocrx_word' id='word_1_221' title='bbox 1922 763 2002 801; x_wconf 75' lang='lat' dir='ltr'><strong>agris</strong></span> 
     </span>
     <span class='ocr_line' id='line_1_15' title="bbox 54 795 2001 840; baseline 0.004 -16"><span class='ocrx_word' id='word_1_222' title='bbox 54 804 137 833; x_wconf 80' lang='lat' dir='ltr'><strong>sunt,</strong></span> <span class='ocrx_word' id='word_1_223' title='bbox 173 797 274 826; x_wconf 83' lang='lat' dir='ltr'><strong>vicani</strong></span> <span class='ocrx_word' id='word_1_224' title='bbox 291 795 486 836; x_wconf 79' lang='lat' dir='ltr'><strong>appellantur.</strong></span> <span class='ocrx_word' id='word_1_225' title='bbox 530 797 563 826; x_wconf 91' lang='lat' dir='ltr'><strong>In</strong></span> <span class='ocrx_word' id='word_1_226' title='bbox 588 797 632 826; x_wconf 85' lang='lat' dir='ltr'><strong>his</strong></span> <span class='ocrx_word' id='word_1_227' title='bbox 653 800 723 836; x_wconf 84' lang='lat' dir='ltr'><strong>paci</strong></span> <span class='ocrx_word' id='word_1_228' title='bbox 744 799 865 837; x_wconf 86' lang='lat' dir='ltr'><strong>antiqua</strong></span> <span class='ocrx_word' id='word_1_229' title='bbox 888 799 1037 827; x_wconf 83' lang='lat' dir='ltr'><strong>scribendi</strong></span> <span class='ocrx_word' id='word_1_230' title='bbox 1061 801 1275 829; x_wconf 84' lang='lat' dir='ltr'><strong>consuetudine</strong></span> <span class='ocrx_word' id='word_1_231' title='bbox 1299 811 1353 839; x_wconf 87' lang='lat' dir='ltr'><strong>pro</strong></span> <span class='ocrx_word' id='word_1_232' title='bbox 1375 802 1461 840; x_wconf 75' lang='lat' dir='ltr'><strong>pagi,</strong></span> <span class='ocrx_word' id='word_1_233' title='bbox 1496 807 1529 830; x_wconf 88' lang='lat' dir='ltr'><strong>ut</strong></span> <span class='ocrx_word' id='word_1_234' title='bbox 1550 802 1579 830; x_wconf 89' lang='lat' dir='ltr'><strong>in</strong></span> <span class='ocrx_word' id='word_1_235' title='bbox 1603 802 1741 830; x_wconf 83' lang='lat' dir='ltr'><strong>columna</strong></span> <span class='ocrx_word' id='word_1_236' title='bbox 1766 802 1866 830; x_wconf 80' lang='lat' dir='ltr'><strong>Duillii</strong></span> <span class='ocrx_word' id='word_1_237' title='bbox 1891 803 2001 833; x_wconf 86' lang='lat' dir='ltr'><strong>Maci-</strong></span> 
     </span>
     <span class='ocr_line' id='line_1_16' title="bbox 54 838 2002 910; baseline 0.004 -43"><span class='ocrx_word' id='word_1_238' title='bbox 54 843 212 910; x_wconf 82' lang='lat' dir='ltr'><strong>stratosGet</strong></span> <span class='ocrx_word' id='word_1_239' title='bbox 234 838 383 869; x_wconf 81' lang='lat' dir='ltr'><strong>Leciones.</strong></span> <span class='ocrx_word' id='word_1_240' title='bbox 408 839 498 869; x_wconf 86' lang='lat' dir='ltr'><strong>Dac.</strong></span> <span class='ocrx_word' id='word_1_241' title='bbox 533 840 616 869; x_wconf 87' lang='lat' dir='ltr'><strong>Adde</strong></span> <span class='ocrx_word' id='word_1_242' title='bbox 639 841 676 869; x_wconf 88' lang='lat' dir='ltr'><strong>de</strong></span> <span class='ocrx_word' id='word_1_243' title='bbox 699 841 846 879; x_wconf 81' lang='lat' dir='ltr'><strong>magistris</strong></span> <span class='ocrx_word' id='word_1_244' title='bbox 869 841 929 870; x_wconf 84' lang='lat' dir='ltr'><strong>vici</strong></span> <span class='ocrx_word' id='word_1_245' title='bbox 952 852 986 870; x_wconf 87' lang='lat' dir='ltr'><strong>ac</strong></span> <span class='ocrx_word' id='word_1_246' title='bbox 1008 843 1076 881; x_wconf 85' lang='lat' dir='ltr'><strong>paci</strong></span> <span class='ocrx_word' id='word_1_247' title='bbox 1099 853 1187 882; x_wconf 87' lang='lat' dir='ltr'><strong>supra</strong></span> <span class='ocrx_word' id='word_1_248' title='bbox 1213 842 1416 883; x_wconf 78' lang='lat' dir='ltr'><strong>Magisterare.</strong></span> <span class='ocrx_word' id='word_1_249' title='bbox 1447 842 1551 874; x_wconf 84' lang='lat' dir='ltr'><strong>Goth.</strong></span> <span class='ocrx_word' id='word_1_250' title='bbox 1587 843 1704 874; x_wconf 84' lang='lat' dir='ltr'><strong>Vicani.</strong></span> <span class='ocrx_word' id='word_1_251' title='bbox 1735 845 1848 873; x_wconf 86' lang='lat' dir='ltr'><strong>Glossis</strong></span> <span class='ocrx_word' id='word_1_252' title='bbox 1870 857 2002 884; x_wconf 78' lang='grc' dir='ltr'><em>κωμητι-</em></span> 
     </span>
     <span class='ocr_line' id='line_1_17' title="bbox 54 881 264 912; baseline -0.014 0"><span class='ocrx_word' id='word_1_253' title='bbox 54 881 113 912; x_wconf 86' lang='grc' dir='ltr'><strong><em>κοί.</em></strong></span> <span class='ocrx_word' id='word_1_254' title='bbox 193 881 264 910; x_wconf 79' lang='grc' dir='ltr'><em>οιΙι.</em></span> 
     </span>
    </p>

    <p class='ocr_par' dir='ltr' id='par_1_3' title="bbox 54 922 2002 1090">
     <span class='ocr_line' id='line_1_18' title="bbox 221 922 2002 967; baseline 0.004 -16"><span class='ocrx_word' id='word_1_255' title='bbox 221 923 342 963; x_wconf 82' lang='lat' dir='ltr'><strong>Viget.</strong></span> <span class='ocrx_word' id='word_1_256' title='bbox 387 923 500 953; x_wconf 78' lang='lat' dir='ltr'><strong>Closs-z</strong></span> <span class='ocrx_word' id='word_1_257' title='bbox 534 923 643 963; x_wconf 76' lang='lat' dir='ltr'><strong>Vigeo,</strong></span> <span class='ocrx_word' id='word_1_258' title='bbox 673 922 791 962; x_wconf 73' lang='grc' dir='ltr'><strong><em>θάλλω,</em></strong></span> <span class='ocrx_word' id='word_1_259' title='bbox 822 922 959 964; x_wconf 72' lang='grc' dir='ltr'><em>ἆκμᾶζω,</em></span> <span class='ocrx_word' id='word_1_260' title='bbox 987 931 1022 955; x_wconf 89' lang='lat' dir='ltr'><strong>ut</strong></span> <span class='ocrx_word' id='word_1_261' title='bbox 1043 925 1081 956; x_wconf 87' lang='lat' dir='ltr'><strong>de</strong></span> <span class='ocrx_word' id='word_1_262' title='bbox 1102 927 1138 956; x_wconf 90' lang='lat' dir='ltr'><strong>iis</strong></span> <span class='ocrx_word' id='word_1_263' title='bbox 1162 927 1295 962; x_wconf 78' lang='lat' dir='ltr'><strong>dicatur,</strong></span> <span class='ocrx_word' id='word_1_264' title='bbox 1325 927 1375 965; x_wconf 92' lang='lat' dir='ltr'><strong>qui</strong></span> <span class='ocrx_word' id='word_1_265' title='bbox 1398 927 1427 955; x_wconf 90' lang='lat' dir='ltr'><strong>vi</strong></span> <span class='ocrx_word' id='word_1_266' title='bbox 1450 933 1478 956; x_wconf 89' lang='lat' dir='ltr'><strong>et</strong></span> <span class='ocrx_word' id='word_1_267' title='bbox 1500 928 1609 957; x_wconf 86' lang='lat' dir='ltr'><strong>robore</strong></span> <span class='ocrx_word' id='word_1_268' title='bbox 1632 929 1758 967; x_wconf 86' lang='lat' dir='ltr'><strong>praediti</strong></span> <span class='ocrx_word' id='word_1_269' title='bbox 1782 934 1859 960; x_wconf 88' lang='lat' dir='ltr'><strong>sunt.</strong></span> <span class='ocrx_word' id='word_1_270' title='bbox 1903 929 2002 965; x_wconf 81' lang='lat' dir='ltr'><strong>Quare</strong></span> 
     </span>
     <span class='ocr_line' id='line_1_19' title="bbox 54 964 2000 1010; baseline 0.003 -16"><span class='ocrx_word' id='word_1_271' title='bbox 54 964 159 994; x_wconf 82' lang='lat' dir='ltr'><strong>Festus</strong></span> <span class='ocrx_word' id='word_1_272' title='bbox 176 976 191 994; x_wconf 89' lang='lat' dir='ltr'><strong>a</strong></span> <span class='ocrx_word' id='word_1_273' title='bbox 209 966 239 994; x_wconf 92' lang='lat' dir='ltr'><strong>vi</strong></span> <span class='ocrx_word' id='word_1_274' title='bbox 262 971 290 995; x_wconf 90' lang='lat' dir='ltr'><strong>et</strong></span> <span class='ocrx_word' id='word_1_275' title='bbox 313 976 367 1004; x_wconf 83' lang='lat' dir='ltr'><strong>ago</strong></span> <span class='ocrx_word' id='word_1_276' title='bbox 391 967 530 1003; x_wconf 82' lang='lat' dir='ltr'><strong>deducit,</strong></span> <span class='ocrx_word' id='word_1_277' title='bbox 553 966 635 1005; x_wconf 88' lang='lat' dir='ltr'><strong>quod</strong></span> <span class='ocrx_word' id='word_1_278' title='bbox 656 967 686 996; x_wconf 88' lang='lat' dir='ltr'><strong>vi</strong></span> <span class='ocrx_word' id='word_1_279' title='bbox 707 975 815 1007; x_wconf 79' lang='lat' dir='ltr'><strong>agunt,</strong></span> <span class='ocrx_word' id='word_1_280' title='bbox 838 973 867 996; x_wconf 90' lang='lat' dir='ltr'><strong>et</strong></span> <span class='ocrx_word' id='word_1_281' title='bbox 890 968 1027 1007; x_wconf 88' lang='lat' dir='ltr'><strong>quoniam</strong></span> <span class='ocrx_word' id='word_1_282' title='bbox 1049 970 1079 998; x_wconf 86' lang='lat' dir='ltr'><strong>vi</strong></span> <span class='ocrx_word' id='word_1_283' title='bbox 1100 981 1184 1009; x_wconf 77' lang='lat' dir='ltr'><strong>agere</strong></span> <span class='ocrx_word' id='word_1_284' title='bbox 1205 974 1322 1008; x_wconf 83' lang='lat' dir='ltr'><strong>poterat</strong></span> <span class='ocrx_word' id='word_1_285' title='bbox 1345 970 1501 1008; x_wconf 87' lang='lat' dir='ltr'><strong>depravari</strong></span> <span class='ocrx_word' id='word_1_286' title='bbox 1525 976 1553 999; x_wconf 87' lang='lat' dir='ltr'><strong>et</strong></span> <span class='ocrx_word' id='word_1_287' title='bbox 1576 971 1606 999; x_wconf 89' lang='lat' dir='ltr'><strong>in</strong></span> <span class='ocrx_word' id='word_1_288' title='bbox 1630 972 1732 999; x_wconf 82' lang='lat' dir='ltr'><strong>malam</strong></span> <span class='ocrx_word' id='word_1_289' title='bbox 1756 976 1871 1010; x_wconf 86' lang='lat' dir='ltr'><strong>partem</strong></span> <span class='ocrx_word' id='word_1_290' title='bbox 1895 972 2000 1010; x_wconf 79' lang='lat' dir='ltr'><strong>accipi,</strong></span> 
     </span>
     <span class='ocr_line' id='line_1_20' title="bbox 54 1007 2002 1052; baseline 0.003 -16"><span class='ocrx_word' id='word_1_291' title='bbox 54 1007 161 1037; x_wconf 84' lang='lat' dir='ltr'><strong>adiecit</strong></span> <span class='ocrx_word' id='word_1_292' title='bbox 184 1019 268 1047; x_wconf 75' lang='lat' dir='ltr'><strong>agere</strong></span> <span class='ocrx_word' id='word_1_293' title='bbox 288 1019 342 1037; x_wconf 84' lang='lat' dir='ltr'><strong>seu</strong></span> <span class='ocrx_word' id='word_1_294' title='bbox 363 1009 393 1037; x_wconf 86' lang='lat' dir='ltr'><strong>vi</strong></span> <span class='ocrx_word' id='word_1_295' title='bbox 414 1020 498 1048; x_wconf 76' lang='lat' dir='ltr'><strong>agere</strong></span> <span class='ocrx_word' id='word_1_296' title='bbox 520 1019 579 1037; x_wconf 89' lang='lat' dir='ltr'><strong>non</strong></span> <span class='ocrx_word' id='word_1_297' title='bbox 604 1009 664 1038; x_wconf 85' lang='lat' dir='ltr'><strong>dici</strong></span> <span class='ocrx_word' id='word_1_298' title='bbox 687 1009 723 1039; x_wconf 88' lang='lat' dir='ltr'><strong>de</strong></span> <span class='ocrx_word' id='word_1_299' title='bbox 745 1010 797 1046; x_wconf 85' lang='lat' dir='ltr'><strong>iis,</strong></span> <span class='ocrx_word' id='word_1_300' title='bbox 831 1011 883 1049; x_wconf 86' lang='lat' dir='ltr'><strong>qui</strong></span> <span class='ocrx_word' id='word_1_301' title='bbox 904 1021 956 1050; x_wconf 88' lang='lat' dir='ltr'><strong>per</strong></span> <span class='ocrx_word' id='word_1_302' title='bbox 978 1011 1037 1040; x_wconf 81' lang='lat' dir='ltr'><strong>vim</strong></span> <span class='ocrx_word' id='word_1_303' title='bbox 1061 1013 1158 1041; x_wconf 82' lang='lat' dir='ltr'><strong>omnia</strong></span> <span class='ocrx_word' id='word_1_304' title='bbox 1180 1017 1354 1051; x_wconf 83' lang='lat' dir='ltr'><strong>perpetrant</strong></span> <span class='ocrx_word' id='word_1_305' title='bbox 1377 1017 1406 1041; x_wconf 86' lang='lat' dir='ltr'><strong>et</strong></span> <span class='ocrx_word' id='word_1_306' title='bbox 1427 1012 1574 1042; x_wconf 79' lang='lat' dir='ltr'><strong>hostiliter</strong></span> <span class='ocrx_word' id='word_1_307' title='bbox 1596 1019 1700 1052; x_wconf 79' lang='lat' dir='ltr'><strong>agunt,</strong></span> <span class='ocrx_word' id='word_1_308' title='bbox 1738 1015 1789 1042; x_wconf 88' lang='lat' dir='ltr'><strong>sed</strong></span> <span class='ocrx_word' id='word_1_309' title='bbox 1810 1014 1847 1043; x_wconf 86' lang='lat' dir='ltr'><strong>de</strong></span> <span class='ocrx_word' id='word_1_310' title='bbox 1868 1014 1919 1050; x_wconf 85' lang='lat' dir='ltr'><strong>iis,</strong></span> <span class='ocrx_word' id='word_1_311' title='bbox 1950 1015 2002 1052; x_wconf 89' lang='lat' dir='ltr'><strong>qui</strong></span> 
     </span>
     <span class='ocr_line' id='line_1_21' title="bbox 55 1050 1048 1090; baseline 0.005 -12"><span class='ocrx_word' id='word_1_312' title='bbox 55 1050 209 1080; x_wconf 86' lang='lat' dir='ltr'><strong>celerrimo</strong></span> <span class='ocrx_word' id='word_1_313' title='bbox 232 1056 260 1079; x_wconf 84' lang='lat' dir='ltr'><strong>et</strong></span> <span class='ocrx_word' id='word_1_314' title='bbox 285 1052 435 1080; x_wconf 88' lang='lat' dir='ltr'><strong>concitato</strong></span> <span class='ocrx_word' id='word_1_315' title='bbox 460 1053 556 1080; x_wconf 87' lang='lat' dir='ltr'><strong>animo</strong></span> <span class='ocrx_word' id='word_1_316' title='bbox 580 1052 616 1080; x_wconf 90' lang='lat' dir='ltr'><strong>ad</strong></span> <span class='ocrx_word' id='word_1_317' title='bbox 639 1053 751 1090; x_wconf 71' lang='lat' dir='ltr'><strong>egregia</strong></span> <span class='ocrx_word' id='word_1_318' title='bbox 774 1053 918 1083; x_wconf 87' lang='lat' dir='ltr'><strong>seruntur.</strong></span> <span class='ocrx_word' id='word_1_319' title='bbox 963 1053 1048 1084; x_wconf 79' lang='lat' dir='ltr'><strong>Dae.</strong></span> 
     </span>
    </p>

    <p class='ocr_par' dir='ltr' id='par_1_4' title="bbox 53 1092 2001 1177">
     <span class='ocr_line' id='line_1_22' title="bbox 221 1092 2001 1136; baseline 0.003 -14"><span class='ocrx_word' id='word_1_320' title='bbox 221 1092 422 1133; x_wconf 75' lang='lat' dir='ltr'><strong>Voisgram</strong></span> <span class='ocrx_word' id='word_1_321' title='bbox 447 1105 557 1125; x_wconf 84' lang='lat' dir='ltr'><strong>avem.</strong></span> <span class='ocrx_word' id='word_1_322' title='bbox 585 1094 644 1134; x_wconf 78' lang='lat' dir='ltr'><strong>(Ad</strong></span> <span class='ocrx_word' id='word_1_323' title='bbox 666 1094 794 1134; x_wconf 78' lang='lat' dir='ltr'><strong>p.276.)</strong></span> <span class='ocrx_word' id='word_1_324' title='bbox 823 1094 990 1135; x_wconf 78' lang='lat' dir='ltr'><strong>Votsgram.</strong></span> <span class='ocrx_word' id='word_1_325' title='bbox 1014 1096 1096 1132; x_wconf 84' lang='lat' dir='ltr'><strong>Quae</strong></span> <span class='ocrx_word' id='word_1_326' title='bbox 1117 1107 1147 1125; x_wconf 87' lang='lat' dir='ltr'><strong>se</strong></span> <span class='ocrx_word' id='word_1_327' title='bbox 1169 1096 1307 1125; x_wconf 79' lang='lat' dir='ltr'><strong>vellendo</strong></span> <span class='ocrx_word' id='word_1_328' title='bbox 1330 1096 1439 1125; x_wconf 85' lang='lat' dir='ltr'><strong>malum</strong></span> <span class='ocrx_word' id='word_1_329' title='bbox 1462 1098 1625 1136; x_wconf 80' lang='lat' dir='ltr'><strong>auspicium</strong></span> <span class='ocrx_word' id='word_1_330' title='bbox 1650 1098 1786 1127; x_wconf 85' lang='lat' dir='ltr'><strong>faciebat.</strong></span> <span class='ocrx_word' id='word_1_331' title='bbox 1833 1098 1887 1127; x_wconf 86' lang='lat' dir='ltr'><strong>Eas</strong></span> <span class='ocrx_word' id='word_1_332' title='bbox 1911 1098 2001 1127; x_wconf 85' lang='lat' dir='ltr'><strong>intel·</strong></span> 
     </span>
     <span class='ocr_line' id='line_1_23' title="bbox 53 1134 590 1177; baseline 0.007 -15"><span class='ocrx_word' id='word_1_333' title='bbox 53 1134 128 1163; x_wconf 86' lang='lat' dir='ltr'><strong>lexit</strong></span> <span class='ocrx_word' id='word_1_334' title='bbox 149 1135 261 1164; x_wconf 79' lang='lat' dir='ltr'><strong>Statius</strong></span> <span class='ocrx_word' id='word_1_335' title='bbox 284 1135 390 1176; x_wconf 86' lang='lat' dir='ltr'><strong>(Theb.</strong></span> <span class='ocrx_word' id='word_1_336' title='bbox 407 1136 464 1173; x_wconf 84' lang='lat' dir='ltr'><strong>III,</strong></span> <span class='ocrx_word' id='word_1_337' title='bbox 487 1135 590 1177; x_wconf 81' lang='lat'><strong>513.)2</strong></span> 
     </span>
    </p>

    <p class='ocr_par' dir='ltr' id='par_1_5' title="bbox 52 1178 1708 1347">
     <span class='ocr_line' id='line_1_24' title="bbox 635 1178 1115 1211; baseline 0.01 -5"><span class='ocrx_word' id='word_1_338' title='bbox 635 1195 669 1200; x_wconf 94' lang='lat'><strong>——</strong></span> <span class='ocrx_word' id='word_1_339' title='bbox 716 1194 754 1201; x_wconf 84' lang='lat'><strong>——</strong></span> <span class='ocrx_word' id='word_1_340' title='bbox 802 1178 901 1208; x_wconf 88' lang='lat' dir='ltr'><strong>Simul</strong></span> <span class='ocrx_word' id='word_1_341' title='bbox 921 1191 973 1209; x_wconf 90' lang='lat' dir='ltr'><strong>ora</strong></span> <span class='ocrx_word' id='word_1_342' title='bbox 997 1191 1115 1211; x_wconf 82' lang='lat' dir='ltr'><strong>recurvo</strong></span> 
     </span>
     <span class='ocr_line' id='line_1_25' title="bbox 592 1221 1466 1264; baseline 0.003 -15"><span class='ocrx_word' id='word_1_343' title='bbox 592 1221 693 1260; x_wconf 73' lang='lat' dir='ltr'><strong>Ungue</strong></span> <span class='ocrx_word' id='word_1_344' title='bbox 715 1229 812 1250; x_wconf 80' lang='lat' dir='ltr'><strong>secant</strong></span> <span class='ocrx_word' id='word_1_345' title='bbox 835 1221 957 1251; x_wconf 78' lang='lat' dir='ltr'><strong>rabidae</strong></span> <span class='ocrx_word' id='word_1_346' title='bbox 974 1222 1186 1264; x_wconf 82' lang='lat' dir='ltr'><strong>planctumque</strong></span> <span class='ocrx_word' id='word_1_347' title='bbox 1206 1223 1388 1252; x_wconf 79' lang='lat' dir='ltr'><strong>imitantibus</strong></span> <span class='ocrx_word' id='word_1_348' title='bbox 1409 1222 1466 1252; x_wconf 79' lang='lat' dir='ltr'><strong>alis</strong></span> 
     </span>
     <span class='ocr_line' id='line_1_26' title="bbox 586 1262 1394 1305; baseline 0.004 -14"><span class='ocrx_word' id='word_1_349' title='bbox 586 1262 754 1302; x_wconf 73' lang='lat' dir='ltr'><strong>Eoeagitant</strong></span> <span class='ocrx_word' id='word_1_350' title='bbox 777 1263 929 1304; x_wconf 74' lang='lat' dir='ltr'><strong>Zephyros</strong></span> <span class='ocrx_word' id='word_1_351' title='bbox 949 1272 976 1293; x_wconf 89' lang='lat' dir='ltr'><strong>et</strong></span> <span class='ocrx_word' id='word_1_352' title='bbox 995 1264 1114 1304; x_wconf 84' lang='lat' dir='ltr'><strong>plumea</strong></span> <span class='ocrx_word' id='word_1_353' title='bbox 1132 1273 1253 1305; x_wconf 81' lang='lat' dir='ltr'><strong>pectora</strong></span> <span class='ocrx_word' id='word_1_354' title='bbox 1274 1265 1394 1294; x_wconf 82' lang='lat' dir='ltr'><strong>cadunt.</strong></span> 
     </span>
     <span class='ocr_line' id='line_1_27' title="bbox 52 1303 1708 1347; baseline 0.002 -14"><span class='ocrx_word' id='word_1_355' title='bbox 52 1303 139 1334; x_wconf 85' lang='lat' dir='ltr'><strong>Dae.</strong></span> <span class='ocrx_word' id='word_1_356' title='bbox 167 1303 301 1334; x_wconf 81' lang='lat' dir='ltr'><strong>Eandem</strong></span> <span class='ocrx_word' id='word_1_357' title='bbox 313 1303 493 1347; x_wconf 85' lang='lat' dir='ltr'><strong>fecilitram.</strong></span> <span class='ocrx_word' id='word_1_358' title='bbox 524 1305 613 1334; x_wconf 84' lang='lat' dir='ltr'><strong>Forte</strong></span> <span class='ocrx_word' id='word_1_359' title='bbox 636 1304 813 1334; x_wconf 86' lang='lat' dir='ltr'><strong>Fulicitram</strong></span> <span class='ocrx_word' id='word_1_360' title='bbox 835 1305 978 1346; x_wconf 82' lang='lat' dir='ltr'><strong>afulica.</strong></span> <span class='ocrx_word' id='word_1_361' title='bbox 1002 1306 1112 1337; x_wconf 70' lang='lat' dir='ltr'><strong>Idem.</strong></span> <span class='ocrx_word' id='word_1_362' title='bbox 1144 1306 1321 1337; x_wconf 87' lang='lat' dir='ltr'><strong>Fecilitram.</strong></span> <span class='ocrx_word' id='word_1_363' title='bbox 1351 1308 1556 1337; x_wconf 84' lang='lat' dir='ltr'><strong>Fucillantem.</strong></span> <span class='ocrx_word' id='word_1_364' title='bbox 1603 1306 1708 1337; x_wconf 86' lang='lat' dir='ltr'><strong>Goth.</strong></span> 
     </span>
    </p>

    <p class='ocr_par' dir='ltr' id='par_1_6' title="bbox 47 1346 2000 1596">
     <span class='ocr_line' id='line_1_28' title="bbox 219 1346 2000 1391; baseline 0.002 -15"><span class='ocrx_word' id='word_1_365' title='bbox 219 1347 375 1386; x_wconf 77' lang='lat' dir='ltr'><strong>Viginti</strong></span> <span class='ocrx_word' id='word_1_366' title='bbox 401 1348 576 1387; x_wconf 84' lang='lat' dir='ltr'><strong>quinque.</strong></span> <span class='ocrx_word' id='word_1_367' title='bbox 600 1347 661 1387; x_wconf 86' lang='lat' dir='ltr'><strong>(Ad</strong></span> <span class='ocrx_word' id='word_1_368' title='bbox 683 1346 812 1386; x_wconf 80' lang='lat' dir='ltr'><strong>p-276.)</strong></span> <span class='ocrx_word' id='word_1_369' title='bbox 835 1347 984 1377; x_wconf 88' lang='lat' dir='ltr'><strong>Schedae:</strong></span> <span class='ocrx_word' id='word_1_370' title='bbox 1016 1349 1133 1389; x_wconf 72' lang='lat' dir='ltr'><strong>Viginti</strong></span> <span class='ocrx_word' id='word_1_371' title='bbox 1154 1350 1280 1390; x_wconf 81' lang='lat' dir='ltr'><strong>quinque</strong></span> <span class='ocrx_word' id='word_1_372' title='bbox 1298 1361 1408 1389; x_wconf 87' lang='lat' dir='ltr'><strong>poenae</strong></span> <span class='ocrx_word' id='word_1_373' title='bbox 1428 1351 1458 1378; x_wconf 85' lang='lat' dir='ltr'><strong>in</strong></span> <span class='ocrx_word' id='word_1_374' title='bbox 1482 1348 1559 1379; x_wconf 66' lang='grc' dir='ltr'><strong><em>λ’ῙῙ.</em></strong></span> <span class='ocrx_word' id='word_1_375' title='bbox 1581 1351 1728 1390; x_wconf 73' lang='lat' dir='ltr'><strong>significat</strong></span> <span class='ocrx_word' id='word_1_376' title='bbox 1749 1351 1854 1389; x_wconf 75' lang='lat' dir='ltr'><strong>viginti</strong></span> <span class='ocrx_word' id='word_1_377' title='bbox 1874 1352 2000 1391; x_wconf 83' lang='lat' dir='ltr'><strong>quinque</strong></span> 
     </span>
     <span class='ocr_line' id='line_1_29' title="bbox 49 1389 2000 1433; baseline 0.003 -17"><span class='ocrx_word' id='word_1_378' title='bbox 49 1399 136 1417; x_wconf 82' lang='lat' dir='ltr'><strong>asses.</strong></span> <span class='ocrx_word' id='word_1_379' title='bbox 180 1389 264 1418; x_wconf 85' lang='lat' dir='ltr'><strong>Hanc</strong></span> <span class='ocrx_word' id='word_1_380' title='bbox 286 1390 380 1427; x_wconf 78' lang='lat' dir='ltr'><strong>legem</strong></span> <span class='ocrx_word' id='word_1_381' title='bbox 399 1389 465 1418; x_wconf 86' lang='lat' dir='ltr'><strong>XII.</strong></span> <span class='ocrx_word' id='word_1_382' title='bbox 486 1389 654 1418; x_wconf 84' lang='lat' dir='ltr'><strong>tabularum</strong></span> <span class='ocrx_word' id='word_1_383' title='bbox 677 1390 770 1419; x_wconf 78' lang='lat' dir='ltr'><strong>refert</strong></span> <span class='ocrx_word' id='word_1_384' title='bbox 794 1390 908 1418; x_wconf 77' lang='lat' dir='ltr'><strong>Gellius</strong></span> <span class='ocrx_word' id='word_1_385' title='bbox 931 1390 982 1419; x_wconf 91' lang='lat' dir='ltr'><strong>lib.</strong></span> <span class='ocrx_word' id='word_1_386' title='bbox 994 1392 1069 1429; x_wconf 85' lang='lat' dir='ltr'><strong>XX,</strong></span> <span class='ocrx_word' id='word_1_387' title='bbox 1104 1396 1145 1423; x_wconf 84' lang='lat'><strong>1.:</strong></span> <span class='ocrx_word' id='word_1_388' title='bbox 1185 1391 1220 1420; x_wconf 85' lang='lat' dir='ltr'><strong>Si</strong></span> <span class='ocrx_word' id='word_1_389' title='bbox 1241 1393 1378 1420; x_wconf 83' lang='lat' dir='ltr'><strong>iniuriam</strong></span> <span class='ocrx_word' id='word_1_390' title='bbox 1402 1391 1487 1421; x_wconf 85' lang='lat' dir='ltr'><strong>alteri</strong></span> <span class='ocrx_word' id='word_1_391' title='bbox 1506 1392 1614 1432; x_wconf 67' lang='lat' dir='ltr'><strong>faxit,</strong></span> <span class='ocrx_word' id='word_1_392' title='bbox 1650 1393 1755 1432; x_wconf 74' lang='lat' dir='ltr'><strong>viginti</strong></span> <span class='ocrx_word' id='word_1_393' title='bbox 1776 1393 1903 1433; x_wconf 82' lang='lat' dir='ltr'><strong>quinque</strong></span> <span class='ocrx_word' id='word_1_394' title='bbox 1924 1395 2000 1422; x_wconf 78' lang='lat' dir='ltr'><strong>aeris</strong></span> 
     </span>
     <span class='ocr_line' id='line_1_30' title="bbox 47 1431 1998 1473; baseline 0.003 -14"><span class='ocrx_word' id='word_1_395' title='bbox 47 1441 157 1469; x_wconf 81' lang='lat' dir='ltr'><strong>poenae</strong></span> <span class='ocrx_word' id='word_1_396' title='bbox 178 1439 272 1460; x_wconf 87' lang='lat' dir='ltr'><strong>sunto.</strong></span> <span class='ocrx_word' id='word_1_397' title='bbox 316 1432 371 1460; x_wconf 87' lang='lat' dir='ltr'><strong>Ubi</strong></span> <span class='ocrx_word' id='word_1_398' title='bbox 394 1431 553 1460; x_wconf 87' lang='lat' dir='ltr'><strong>delendum</strong></span> <span class='ocrx_word' id='word_1_399' title='bbox 576 1442 603 1461; x_wconf 91' lang='lat' dir='ltr'><strong>v.</strong></span> <span class='ocrx_word' id='word_1_400' title='bbox 627 1432 703 1461; x_wconf 82' lang='lat' dir='ltr'><strong>aeris</strong></span> <span class='ocrx_word' id='word_1_401' title='bbox 724 1441 760 1460; x_wconf 86' lang='lat' dir='ltr'><strong>ex</strong></span> <span class='ocrx_word' id='word_1_402' title='bbox 783 1432 960 1462; x_wconf 79' lang='lat' dir='ltr'><strong>auctoritate</strong></span> <span class='ocrx_word' id='word_1_403' title='bbox 984 1434 1069 1463; x_wconf 86' lang='lat' dir='ltr'><strong>Festi.</strong></span> <span class='ocrx_word' id='word_1_404' title='bbox 1108 1435 1144 1464; x_wconf 85' lang='lat' dir='ltr'><strong>Et</strong></span> <span class='ocrx_word' id='word_1_405' title='bbox 1172 1434 1277 1472; x_wconf 84' lang='lat' dir='ltr'><strong>viginti</strong></span> <span class='ocrx_word' id='word_1_406' title='bbox 1303 1434 1434 1473; x_wconf 86' lang='lat' dir='ltr'><strong>quinque</strong></span> <span class='ocrx_word' id='word_1_407' title='bbox 1457 1444 1518 1462; x_wconf 89' lang='lat' dir='ltr'><strong>esse</strong></span> <span class='ocrx_word' id='word_1_408' title='bbox 1540 1434 1644 1472; x_wconf 82' lang='lat' dir='ltr'><strong>viginti</strong></span> <span class='ocrx_word' id='word_1_409' title='bbox 1668 1434 1797 1473; x_wconf 88' lang='lat' dir='ltr'><strong>quinque</strong></span> <span class='ocrx_word' id='word_1_410' title='bbox 1821 1445 1899 1464; x_wconf 86' lang='lat' dir='ltr'><strong>asses</strong></span> <span class='ocrx_word' id='word_1_411' title='bbox 1920 1436 1998 1464; x_wconf 90' lang='lat' dir='ltr'><strong>idem</strong></span> 
     </span>
     <span class='ocr_line' id='line_1_31' title="bbox 50 1472 1998 1517; baseline 0.003 -16"><span class='ocrx_word' id='word_1_412' title='bbox 50 1473 125 1502; x_wconf 82' lang='lat' dir='ltr'><strong>Gell.</strong></span> <span class='ocrx_word' id='word_1_413' title='bbox 148 1473 233 1502; x_wconf 59' lang='lat' dir='ltr'><strong>ibid:</strong></span> <span class='ocrx_word' id='word_1_414' title='bbox 271 1473 331 1503; x_wconf 79' lang='lat' dir='ltr'><strong>Sed</strong></span> <span class='ocrx_word' id='word_1_415' title='bbox 351 1475 425 1503; x_wconf 86' lang='lat' dir='ltr'><strong>enim</strong></span> <span class='ocrx_word' id='word_1_416' title='bbox 449 1473 543 1513; x_wconf 80' lang='lat' dir='ltr'><strong>ipsum</strong></span> <span class='ocrx_word' id='word_1_417' title='bbox 565 1473 646 1510; x_wconf 83' lang='lat' dir='ltr'><strong>vide,</strong></span> <span class='ocrx_word' id='word_1_418' title='bbox 676 1472 757 1514; x_wconf 76' lang='lat' dir='ltr'><strong>quod</strong></span> <span class='ocrx_word' id='word_1_419' title='bbox 779 1474 809 1503; x_wconf 85' lang='lat' dir='ltr'><strong>in</strong></span> <span class='ocrx_word' id='word_1_420' title='bbox 829 1475 955 1503; x_wconf 80' lang='lat' dir='ltr'><strong>iniurias</strong></span> <span class='ocrx_word' id='word_1_421' title='bbox 967 1475 1079 1517; x_wconf 83' lang='lat' dir='ltr'><strong>factas</strong></span> <span class='ocrx_word' id='word_1_422' title='bbox 1099 1478 1226 1517; x_wconf 83' lang='lat' dir='ltr'><strong>quinque</strong></span> <span class='ocrx_word' id='word_1_423' title='bbox 1247 1483 1273 1505; x_wconf 85' lang='lat' dir='ltr'><strong>et</strong></span> <span class='ocrx_word' id='word_1_424' title='bbox 1295 1477 1399 1515; x_wconf 73' lang='lat' dir='ltr'><strong>viginti</strong></span> <span class='ocrx_word' id='word_1_425' title='bbox 1420 1475 1536 1505; x_wconf 84' lang='lat' dir='ltr'><strong>assibus</strong></span> <span class='ocrx_word' id='word_1_426' title='bbox 1557 1485 1728 1507; x_wconf 64' lang='lat' dir='ltr'><strong>sanxerunt.</strong></span> <span class='ocrx_word' id='word_1_427' title='bbox 1760 1477 1813 1505; x_wconf 92' lang='lat' dir='ltr'><strong>Da</strong></span> <span class='ocrx_word' id='word_1_428' title='bbox 1822 1489 1847 1507; x_wconf 92' lang='lat' dir='ltr'><strong>c.</strong></span> <span class='ocrx_word' id='word_1_429' title='bbox 1885 1478 1959 1507; x_wconf 86' lang='lat' dir='ltr'><strong>Plin.</strong></span> <span class='ocrx_word' id='word_1_430' title='bbox 1977 1478 1998 1509; x_wconf 88' lang='lat' dir='ltr'><strong>I.</strong></span> 
     </span>
     <span class='ocr_line' id='line_1_32' title="bbox 53 1513 1998 1558; baseline 0.002 -14"><span class='ocrx_word' id='word_1_431' title='bbox 53 1513 157 1545; x_wconf 74' lang='lat' dir='ltr'><strong>Goth.</strong></span> <span class='ocrx_word' id='word_1_432' title='bbox 190 1516 282 1556; x_wconf 82' lang='lat' dir='ltr'><strong>Apud</strong></span> <span class='ocrx_word' id='word_1_433' title='bbox 305 1517 432 1545; x_wconf 83' lang='lat' dir='ltr'><strong>Plinium</strong></span> <span class='ocrx_word' id='word_1_434' title='bbox 456 1517 491 1545; x_wconf 81' lang='lat' dir='ltr'><strong>H.</strong></span> <span class='ocrx_word' id='word_1_435' title='bbox 514 1517 550 1547; x_wconf 89' lang='lat' dir='ltr'><strong>N.</strong></span> <span class='ocrx_word' id='word_1_436' title='bbox 574 1516 649 1545; x_wconf 88' lang='lat' dir='ltr'><strong>nihil</strong></span> <span class='ocrx_word' id='word_1_437' title='bbox 678 1517 787 1546; x_wconf 88' lang='lat' dir='ltr'><strong>inveni.</strong></span> <span class='ocrx_word' id='word_1_438' title='bbox 830 1517 887 1545; x_wconf 87' lang='lat' dir='ltr'><strong>Sed</strong></span> <span class='ocrx_word' id='word_1_439' title='bbox 918 1518 956 1546; x_wconf 80' lang='lat' dir='ltr'><strong>cf.</strong></span> <span class='ocrx_word' id='word_1_440' title='bbox 985 1519 1070 1557; x_wconf 67' lang='lat' dir='ltr'><strong>Legg.</strong></span> <span class='ocrx_word' id='word_1_441' title='bbox 1090 1519 1157 1549; x_wconf 89' lang='lat' dir='ltr'><strong>XII.</strong></span> <span class='ocrx_word' id='word_1_442' title='bbox 1182 1518 1273 1548; x_wconf 82' lang='lat' dir='ltr'><strong>Tabb.</strong></span> <span class='ocrx_word' id='word_1_443' title='bbox 1296 1519 1442 1557; x_wconf 87' lang='lat' dir='ltr'><strong>Fragmm.</strong></span> <span class='ocrx_word' id='word_1_444' title='bbox 1471 1519 1515 1550; x_wconf 90' lang='lat' dir='ltr'><strong>ed.</strong></span> <span class='ocrx_word' id='word_1_445' title='bbox 1539 1519 1609 1549; x_wconf 91' lang='lat' dir='ltr'><strong>Zell.</strong></span> <span class='ocrx_word' id='word_1_446' title='bbox 1633 1520 1761 1558; x_wconf 79' lang='lat' dir='ltr'><strong>pag.42.</strong></span> <span class='ocrx_word' id='word_1_447' title='bbox 1785 1519 1843 1550; x_wconf 87' lang='lat' dir='ltr'><strong>tab.</strong></span> <span class='ocrx_word' id='word_1_448' title='bbox 1858 1520 1939 1557; x_wconf 86' lang='lat' dir='ltr'>VIII,</span> <span class='ocrx_word' id='word_1_449' title='bbox 1966 1521 1998 1551; x_wconf 78' lang='lat'><strong>4.</strong></span> 
     </span>
     <span class='ocr_line' id='line_1_33' title="bbox 49 1556 530 1596; baseline 0.002 -11"><span class='ocrx_word' id='word_1_450' title='bbox 49 1556 100 1586; x_wconf 86' lang='lat' dir='ltr'><strong>ubi</strong></span> <span class='ocrx_word' id='word_1_451' title='bbox 122 1558 207 1596; x_wconf 82' lang='lat' dir='ltr'><strong>vide,</strong></span> <span class='ocrx_word' id='word_1_452' title='bbox 233 1560 283 1596; x_wconf 83' lang='lat' dir='ltr'><strong>qui</strong></span> <span class='ocrx_word' id='word_1_453' title='bbox 306 1564 376 1587; x_wconf 83' lang='lat' dir='ltr'><strong>sunt</strong></span> <span class='ocrx_word' id='word_1_454' title='bbox 399 1558 530 1587; x_wconf 81' lang='lat' dir='ltr'><strong>excitati.</strong></span> 
     </span>
    </p>

    <p class='ocr_par' dir='ltr' id='par_1_7' title="bbox 49 1599 1998 1684">
     <span class='ocr_line' id='line_1_34' title="bbox 215 1599 1998 1642; baseline 0.002 -13"><span class='ocrx_word' id='word_1_455' title='bbox 215 1600 435 1630; x_wconf 87' lang='lat' dir='ltr'><strong>Victimam.</strong></span> <span class='ocrx_word' id='word_1_456' title='bbox 469 1600 527 1640; x_wconf 82' lang='lat' dir='ltr'><strong>(Ad</strong></span> <span class='ocrx_word' id='word_1_457' title='bbox 552 1611 580 1639; x_wconf 90' lang='lat' dir='ltr'><strong>p.</strong></span> <span class='ocrx_word' id='word_1_458' title='bbox 593 1599 677 1637; x_wconf 81' lang='lat'><strong>276.)</strong></span> <span class='ocrx_word' id='word_1_459' title='bbox 708 1600 780 1629; x_wconf 81' lang='lat' dir='ltr'><strong>Inde</strong></span> <span class='ocrx_word' id='word_1_460' title='bbox 804 1601 985 1630; x_wconf 76' lang='lat' dir='ltr'><strong>Glossarium</strong></span> <span class='ocrx_word' id='word_1_461' title='bbox 1007 1602 1203 1637; x_wconf 81' lang='lat' dir='ltr'><strong>victimarius,</strong></span> <span class='ocrx_word' id='word_1_462' title='bbox 1235 1600 1443 1641; x_wconf 80' lang='grc' dir='ltr'><em>μοσχοθύτης,</em></span> <span class='ocrx_word' id='word_1_463' title='bbox 1474 1601 1664 1642; x_wconf 76' lang='grc' dir='ltr'><em>μοσχοτόμος.</em></span> <span class='ocrx_word' id='word_1_464' title='bbox 1709 1603 1766 1632; x_wconf 88' lang='lat' dir='ltr'><strong>Sed</strong></span> <span class='ocrx_word' id='word_1_465' title='bbox 1791 1604 1909 1632; x_wconf 85' lang='lat' dir='ltr'><strong>tertium</strong></span> <span class='ocrx_word' id='word_1_466' title='bbox 1933 1608 1998 1642; x_wconf 83' lang='lat' dir='ltr'><strong>ety—</strong></span> 
     </span>
     <span class='ocr_line' id='line_1_35' title="bbox 49 1642 1929 1684; baseline 0.002 -14"><span class='ocrx_word' id='word_1_467' title='bbox 49 1652 119 1671; x_wconf 87' lang='lat' dir='ltr'><strong>mon</strong></span> <span class='ocrx_word' id='word_1_468' title='bbox 141 1652 245 1672; x_wconf 86' lang='lat' dir='ltr'><strong>verum</strong></span> <span class='ocrx_word' id='word_1_469' title='bbox 269 1648 327 1681; x_wconf 84' lang='lat' dir='ltr'><strong>est,</strong></span> <span class='ocrx_word' id='word_1_470' title='bbox 351 1643 487 1680; x_wconf 86' lang='lat' dir='ltr'><strong>victima,</strong></span> <span class='ocrx_word' id='word_1_471' title='bbox 510 1653 586 1682; x_wconf 77' lang='lat' dir='ltr'><strong>quae</strong></span> <span class='ocrx_word' id='word_1_472' title='bbox 610 1643 646 1670; x_wconf 89' lang='lat' dir='ltr'><strong>ob</strong></span> <span class='ocrx_word' id='word_1_473' title='bbox 670 1642 770 1672; x_wconf 83' lang='lat' dir='ltr'><strong>hostes</strong></span> <span class='ocrx_word' id='word_1_474' title='bbox 793 1643 889 1672; x_wconf 87' lang='lat' dir='ltr'><strong>victos</strong></span> <span class='ocrx_word' id='word_1_475' title='bbox 912 1645 968 1680; x_wconf 89' lang='lat' dir='ltr'><strong>(sic</strong></span> <span class='ocrx_word' id='word_1_476' title='bbox 991 1644 1067 1673; x_wconf 86' lang='lat' dir='ltr'><strong>enim</strong></span> <span class='ocrx_word' id='word_1_477' title='bbox 1091 1645 1261 1682; x_wconf 85' lang='lat' dir='ltr'><strong>legendum,</strong></span> <span class='ocrx_word' id='word_1_478' title='bbox 1285 1650 1318 1673; x_wconf 90' lang='lat' dir='ltr'><strong>ut</strong></span> <span class='ocrx_word' id='word_1_479' title='bbox 1340 1645 1370 1673; x_wconf 88' lang='lat' dir='ltr'><strong>in</strong></span> <span class='ocrx_word' id='word_1_480' title='bbox 1393 1645 1529 1683; x_wconf 74' lang='lat' dir='ltr'><strong>Schedia)</strong></span> <span class='ocrx_word' id='word_1_481' title='bbox 1552 1646 1641 1674; x_wconf 83' lang='lat' dir='ltr'><strong>Ovid.</strong></span> <span class='ocrx_word' id='word_1_482' title='bbox 1665 1645 1803 1684; x_wconf 80' lang='lat' dir='ltr'><strong>(Fast.1‚</strong></span> <span class='ocrx_word' id='word_1_483' title='bbox 1828 1646 1929 1684; x_wconf 81' lang='lat'><strong>335.):</strong></span> 
     </span>
    </p>

    <p class='ocr_par' dir='ltr' id='par_1_8' title="bbox 47 1684 1997 1895">
     <span class='ocr_line' id='line_1_36' title="bbox 605 1684 1406 1725; baseline 0.004 -13"><span class='ocrx_word' id='word_1_484' title='bbox 605 1684 752 1721; x_wconf 85' lang='lat' dir='ltr'><strong>Victima,</strong></span> <span class='ocrx_word' id='word_1_485' title='bbox 781 1697 855 1725; x_wconf 82' lang='lat' dir='ltr'><strong>quae</strong></span> <span class='ocrx_word' id='word_1_486' title='bbox 877 1685 982 1715; x_wconf 82' lang='lat' dir='ltr'><strong>cecidit</strong></span> <span class='ocrx_word' id='word_1_487' title='bbox 1005 1684 1114 1715; x_wconf 69' lang='lat' dir='ltr'><strong>dextra</strong></span> <span class='ocrx_word' id='word_1_488' title='bbox 1135 1688 1254 1716; x_wconf 83' lang='lat' dir='ltr'><strong>victrice</strong></span> <span class='ocrx_word' id='word_1_489' title='bbox 1276 1694 1406 1716; x_wconf 83' lang='lat' dir='ltr'><strong>vocatur.</strong></span> 
     </span>
     <span class='ocr_line' id='line_1_37' title="bbox 49 1725 1997 1768; baseline 0.002 -13"><span class='ocrx_word' id='word_1_490' title='bbox 49 1726 123 1756; x_wconf 83' lang='lat' dir='ltr'><strong>Vide</strong></span> <span class='ocrx_word' id='word_1_491' title='bbox 139 1725 250 1756; x_wconf 83' lang='lat' dir='ltr'><strong>Hostia</strong></span> <span class='ocrx_word' id='word_1_492' title='bbox 273 1732 300 1756; x_wconf 88' lang='lat' dir='ltr'><strong>et</strong></span> <span class='ocrx_word' id='word_1_493' title='bbox 315 1727 462 1758; x_wconf 69' lang='lat' dir='ltr'><strong>Maxima</strong></span> <span class='ocrx_word' id='word_1_494' title='bbox 483 1726 591 1757; x_wconf 77' lang='lat' dir='ltr'><strong>hostia.</strong></span> <span class='ocrx_word' id='word_1_495' title='bbox 622 1728 678 1756; x_wconf 85' lang='lat' dir='ltr'><strong>Pro</strong></span> <span class='ocrx_word' id='word_1_496' title='bbox 701 1728 801 1757; x_wconf 83' lang='lat' dir='ltr'><strong>vincta</strong></span> <span class='ocrx_word' id='word_1_497' title='bbox 823 1728 853 1756; x_wconf 86' lang='lat' dir='ltr'><strong>in</strong></span> <span class='ocrx_word' id='word_1_498' title='bbox 876 1728 1000 1757; x_wconf 82' lang='lat' dir='ltr'><strong>schedis</strong></span> <span class='ocrx_word' id='word_1_499' title='bbox 1024 1733 1067 1757; x_wconf 86' lang='lat' dir='ltr'><strong>est</strong></span> <span class='ocrx_word' id='word_1_500' title='bbox 1089 1729 1177 1758; x_wconf 84' lang='lat' dir='ltr'><strong>victa.</strong></span> <span class='ocrx_word' id='word_1_501' title='bbox 1207 1729 1341 1758; x_wconf 78' lang='lat' dir='ltr'><strong>Fortasse</strong></span> <span class='ocrx_word' id='word_1_502' title='bbox 1365 1739 1419 1768; x_wconf 88' lang='lat' dir='ltr'><strong>pro</strong></span> <span class='ocrx_word' id='word_1_503' title='bbox 1441 1730 1515 1758; x_wconf 82' lang='lat' dir='ltr'><strong>vitta</strong></span> <span class='ocrx_word' id='word_1_504' title='bbox 1537 1729 1634 1768; x_wconf 87' lang='lat' dir='ltr'><strong>inquit</strong></span> <span class='ocrx_word' id='word_1_505' title='bbox 1650 1729 1779 1758; x_wconf 86' lang='lat' dir='ltr'><strong>Ursinus.</strong></span> <span class='ocrx_word' id='word_1_506' title='bbox 1810 1730 1882 1758; x_wconf 85' lang='lat' dir='ltr'><strong>Nam</strong></span> <span class='ocrx_word' id='word_1_507' title='bbox 1906 1730 1997 1759; x_wconf 86' lang='lat' dir='ltr'><strong>boves</strong></span> 
     </span>
     <span class='ocr_line' id='line_1_38' title="bbox 48 1769 1996 1811; baseline 0.001 -13"><span class='ocrx_word' id='word_1_508' title='bbox 48 1770 157 1798; x_wconf 75' lang='lat' dir='ltr'><strong>auratis</strong></span> <span class='ocrx_word' id='word_1_509' title='bbox 180 1770 338 1807; x_wconf 86' lang='lat' dir='ltr'><strong>cornibus,</strong></span> <span class='ocrx_word' id='word_1_510' title='bbox 361 1770 444 1800; x_wconf 77' lang='lat' dir='ltr'><strong>vinis</strong></span> <span class='ocrx_word' id='word_1_511' title='bbox 467 1769 564 1798; x_wconf 76' lang='lat' dir='ltr'><strong>ornati</strong></span> <span class='ocrx_word' id='word_1_512' title='bbox 588 1775 617 1799; x_wconf 82' lang='lat' dir='ltr'><strong>et</strong></span> <span class='ocrx_word' id='word_1_513' title='bbox 639 1770 725 1798; x_wconf 84' lang='lat' dir='ltr'><strong>sertis</strong></span> <span class='ocrx_word' id='word_1_514' title='bbox 746 1770 784 1799; x_wconf 81' lang='lat' dir='ltr'><strong>ad</strong></span> <span class='ocrx_word' id='word_1_515' title='bbox 809 1780 890 1799; x_wconf 87' lang='lat' dir='ltr'><strong>aram</strong></span> <span class='ocrx_word' id='word_1_516' title='bbox 913 1771 1106 1800; x_wconf 77' lang='lat' dir='ltr'><strong>ducebantur.</strong></span> <span class='ocrx_word' id='word_1_517' title='bbox 1144 1771 1297 1801; x_wconf 86' lang='lat' dir='ltr'><strong>Praeterea</strong></span> <span class='ocrx_word' id='word_1_518' title='bbox 1319 1772 1401 1800; x_wconf 85' lang='lat' dir='ltr'><strong>Serv.</strong></span> <span class='ocrx_word' id='word_1_519' title='bbox 1417 1772 1450 1802; x_wconf 89' lang='lat' dir='ltr'><strong>II.</strong></span> <span class='ocrx_word' id='word_1_520' title='bbox 1475 1772 1544 1801; x_wconf 74' lang='lat' dir='ltr'><strong>Aen.</strong></span> <span class='ocrx_word' id='word_1_521' title='bbox 1569 1774 1648 1811; x_wconf 87' lang='lat' dir='ltr'><strong>(pag.</strong></span> <span class='ocrx_word' id='word_1_522' title='bbox 1661 1774 1733 1803; x_wconf 81' lang='lat'><strong>237.</strong></span> <span class='ocrx_word' id='word_1_523' title='bbox 1758 1772 1788 1801; x_wconf 76' lang='lat' dir='ltr'><strong>F..</strong></span> <span class='ocrx_word' id='word_1_524' title='bbox 1814 1771 1900 1810; x_wconf 79' lang='lat' dir='ltr'><strong>Dan.)</strong></span> <span class='ocrx_word' id='word_1_525' title='bbox 1924 1773 1996 1800; x_wconf 82' lang='lat' dir='ltr'><strong>scri-</strong></span> 
     </span>
     <span class='ocr_line' id='line_1_39' title="bbox 47 1810 1995 1854; baseline 0.001 -14"><span class='ocrx_word' id='word_1_526' title='bbox 47 1811 104 1841; x_wconf 82' lang='lat' dir='ltr'><strong>bit:</strong></span> <span class='ocrx_word' id='word_1_527' title='bbox 128 1811 251 1841; x_wconf 88' lang='lat' dir='ltr'><strong>Solutae</strong></span> <span class='ocrx_word' id='word_1_528' title='bbox 266 1821 331 1842; x_wconf 76' lang='lat' dir='ltr'><strong>sunt</strong></span> <span class='ocrx_word' id='word_1_529' title='bbox 349 1812 478 1851; x_wconf 78' lang='lat' dir='ltr'><strong>hostiae,</strong></span> <span class='ocrx_word' id='word_1_530' title='bbox 500 1823 568 1841; x_wconf 88' lang='lat' dir='ltr'><strong>nam</strong></span> <span class='ocrx_word' id='word_1_531' title='bbox 588 1810 740 1851; x_wconf 82' lang='lat' dir='ltr'><strong>piaculum</strong></span> <span class='ocrx_word' id='word_1_532' title='bbox 763 1820 819 1848; x_wconf 80' lang='lat' dir='ltr'><strong>est,</strong></span> <span class='ocrx_word' id='word_1_533' title='bbox 843 1814 874 1841; x_wconf 89' lang='lat' dir='ltr'><strong>in.</strong></span> <span class='ocrx_word' id='word_1_534' title='bbox 894 1814 1043 1854; x_wconf 81' lang='lat' dir='ltr'><strong>sacrificio</strong></span> <span class='ocrx_word' id='word_1_535' title='bbox 1065 1812 1182 1854; x_wconf 82' lang='lat' dir='ltr'><strong>aliquid</strong></span> <span class='ocrx_word' id='word_1_536' title='bbox 1201 1825 1262 1843; x_wconf 83' lang='lat' dir='ltr'><strong>esse</strong></span> <span class='ocrx_word' id='word_1_537' title='bbox 1282 1812 1447 1854; x_wconf 76' lang='lat' dir='ltr'><strong>religatum.</strong></span> <span class='ocrx_word' id='word_1_538' title='bbox 1479 1815 1558 1844; x_wconf 83' lang='lat' dir='ltr'><strong>Nihil</strong></span> <span class='ocrx_word' id='word_1_539' title='bbox 1579 1820 1679 1844; x_wconf 84' lang='lat' dir='ltr'><strong>tamen</strong></span> <span class='ocrx_word' id='word_1_540' title='bbox 1703 1815 1887 1843; x_wconf 85' lang='lat' dir='ltr'><strong>mutandum.</strong></span> <span class='ocrx_word' id='word_1_541' title='bbox 1908 1814 1995 1843; x_wconf 81' lang='lat' dir='ltr'><strong>Dae.</strong></span> 
     </span>
     <span class='ocr_line' id='line_1_40' title="bbox 48 1853 866 1895; baseline 0.004 -12"><span class='ocrx_word' id='word_1_542' title='bbox 48 1855 178 1884; x_wconf 81' lang='lat' dir='ltr'><strong>Gloesis:</strong></span> <span class='ocrx_word' id='word_1_543' title='bbox 204 1854 369 1892; x_wconf 89' lang='lat' dir='ltr'><strong>Victimae,</strong></span> <span class='ocrx_word' id='word_1_544' title='bbox 394 1854 427 1884; x_wconf 73' lang='grc' dir='ltr'><strong>τὰ</strong></span> <span class='ocrx_word' id='word_1_545' title='bbox 451 1856 562 1895; x_wconf 77' lang='grc' dir='ltr'><em>μέγαλα</em></span> <span class='ocrx_word' id='word_1_546' title='bbox 583 1853 713 1892; x_wconf 83' lang='grc' dir='ltr'><em>θύματα.</em></span> <span class='ocrx_word' id='word_1_547' title='bbox 761 1854 866 1886; x_wconf 71' lang='lat' dir='ltr'><strong>Goth.</strong></span> 
     </span>
    </p>

    <p class='ocr_par' dir='ltr' id='par_1_9' title="bbox 41 1896 1994 2190">
     <span class='ocr_line' id='line_1_41' title="bbox 214 1896 1994 1937; baseline 0.001 -12"><span class='ocrx_word' id='word_1_548' title='bbox 214 1896 398 1937; x_wconf 79' lang='lat' dir='ltr'><strong>Vectigal</strong></span> <span class='ocrx_word' id='word_1_549' title='bbox 419 1909 482 1926; x_wconf 75' lang='lat' dir='ltr'><strong>aes</strong></span> <span class='ocrx_word' id='word_1_550' title='bbox 501 1902 555 1926; x_wconf 81' lang='lat' dir='ltr'><strong>etc.</strong></span> <span class='ocrx_word' id='word_1_551' title='bbox 587 1896 645 1937; x_wconf 82' lang='lat' dir='ltr'><strong>(Ad</strong></span> <span class='ocrx_word' id='word_1_552' title='bbox 669 1896 795 1937; x_wconf 83' lang='lat' dir='ltr'><strong>p.277.)</strong></span> <span class='ocrx_word' id='word_1_553' title='bbox 827 1897 958 1935; x_wconf 82' lang='lat' dir='ltr'><strong>Vectigal</strong></span> <span class='ocrx_word' id='word_1_554' title='bbox 982 1898 1119 1936; x_wconf 84' lang='lat' dir='ltr'><strong>proprie,</strong></span> <span class='ocrx_word' id='word_1_555' title='bbox 1157 1898 1238 1936; x_wconf 91' lang='lat' dir='ltr'><strong>quod</strong></span> <span class='ocrx_word' id='word_1_556' title='bbox 1262 1908 1317 1937; x_wconf 87' lang='lat' dir='ltr'><strong>pro</strong></span> <span class='ocrx_word' id='word_1_557' title='bbox 1341 1898 1511 1928; x_wconf 83' lang='lat' dir='ltr'><strong>invectione</strong></span> <span class='ocrx_word' id='word_1_558' title='bbox 1533 1899 1581 1927; x_wconf 87' lang='lat' dir='ltr'><strong>vel</strong></span> <span class='ocrx_word' id='word_1_559' title='bbox 1604 1899 1757 1927; x_wconf 84' lang='lat' dir='ltr'><strong>evectione</strong></span> <span class='ocrx_word' id='word_1_560' title='bbox 1779 1898 1919 1927; x_wconf 85' lang='lat' dir='ltr'><strong>mercium</strong></span> <span class='ocrx_word' id='word_1_561' title='bbox 1943 1897 1994 1926; x_wconf 91' lang='lat' dir='ltr'><strong>de-</strong></span> 
     </span>
     <span class='ocr_line' id='line_1_42' title="bbox 46 1939 1994 1980; baseline 0.001 -12"><span class='ocrx_word' id='word_1_562' title='bbox 46 1939 147 1976; x_wconf 84' lang='lat' dir='ltr'><strong>betur,</strong></span> <span class='ocrx_word' id='word_1_563' title='bbox 169 1940 221 1969; x_wconf 81' lang='lat' dir='ltr'><strong>sed</strong></span> <span class='ocrx_word' id='word_1_564' title='bbox 242 1941 418 1977; x_wconf 77' lang='lat' dir='ltr'><strong>generaliter</strong></span> <span class='ocrx_word' id='word_1_565' title='bbox 440 1940 583 1978; x_wconf 84' lang='lat' dir='ltr'><strong>significat</strong></span> <span class='ocrx_word' id='word_1_566' title='bbox 606 1950 710 1976; x_wconf 81' lang='lat' dir='ltr'><strong>omne,</strong></span> <span class='ocrx_word' id='word_1_567' title='bbox 739 1950 777 1969; x_wconf 83' lang='lat' dir='ltr'><strong>ex</strong></span> <span class='ocrx_word' id='word_1_568' title='bbox 800 1950 857 1977; x_wconf 84' lang='lat' dir='ltr'><strong>quo</strong></span> <span class='ocrx_word' id='word_1_569' title='bbox 880 1941 964 1979; x_wconf 80' lang='lat' dir='ltr'><strong>Resp.</strong></span> <span class='ocrx_word' id='word_1_570' title='bbox 987 1940 1116 1969; x_wconf 79' lang='lat' dir='ltr'><strong>reditun)</strong></span> <span class='ocrx_word' id='word_1_571' title='bbox 1139 1939 1244 1977; x_wconf 88' lang='lat' dir='ltr'><strong>habet,</strong></span> <span class='ocrx_word' id='word_1_572' title='bbox 1273 1941 1367 1969; x_wconf 86' lang='lat' dir='ltr'><strong>veluti</strong></span> <span class='ocrx_word' id='word_1_573' title='bbox 1388 1942 1517 1980; x_wconf 81' lang='lat' dir='ltr'><strong>vectigal</strong></span> <span class='ocrx_word' id='word_1_574' title='bbox 1539 1946 1660 1980; x_wconf 81' lang='lat' dir='ltr'><strong>portus,</strong></span> <span class='ocrx_word' id='word_1_575' title='bbox 1683 1941 1891 1978; x_wconf 82' lang='lat' dir='ltr'><strong>decumarum,</strong></span> <span class='ocrx_word' id='word_1_576' title='bbox 1912 1940 1994 1969; x_wconf 78' lang='lat' dir='ltr'><strong>vice-</strong></span> 
     </span>
     <span class='ocr_line' id='line_1_43' title="bbox 45 1982 1993 2023; baseline 0 -12"><span class='ocrx_word' id='word_1_577' title='bbox 45 1982 154 2018; x_wconf 81' lang='lat' dir='ltr'><strong>simae,</strong></span> <span class='ocrx_word' id='word_1_578' title='bbox 181 1983 364 2021; x_wconf 77' lang='lat' dir='ltr'><strong>scripturae,</strong></span> <span class='ocrx_word' id='word_1_579' title='bbox 389 1983 568 2018; x_wconf 85' lang='lat' dir='ltr'><strong>salinarum,</strong></span> <span class='ocrx_word' id='word_1_580' title='bbox 591 1983 777 2011; x_wconf 84' lang='lat' dir='ltr'><strong>metallorum</strong></span> <span class='ocrx_word' id='word_1_581' title='bbox 800 1987 856 2011; x_wconf 83' lang='lat' dir='ltr'><strong>etc.</strong></span> <span class='ocrx_word' id='word_1_582' title='bbox 900 1983 1053 2011; x_wconf 84' lang='lat' dir='ltr'><strong>Interdum</strong></span> <span class='ocrx_word' id='word_1_583' title='bbox 1076 1983 1163 2011; x_wconf 78' lang='lat' dir='ltr'><strong>etiam</strong></span> <span class='ocrx_word' id='word_1_584' title='bbox 1188 1983 1274 2011; x_wconf 84' lang='lat' dir='ltr'><strong>latius</strong></span> <span class='ocrx_word' id='word_1_585' title='bbox 1297 1988 1378 2022; x_wconf 86' lang='lat' dir='ltr'><strong>patet</strong></span> <span class='ocrx_word' id='word_1_586' title='bbox 1400 1994 1435 2012; x_wconf 79' lang='lat' dir='ltr'><strong>ac</strong></span> <span class='ocrx_word' id='word_1_587' title='bbox 1458 1995 1513 2023; x_wconf 89' lang='lat' dir='ltr'><strong>pro</strong></span> <span class='ocrx_word' id='word_1_588' title='bbox 1535 1983 1651 2013; x_wconf 74' lang='lat' dir='ltr'><strong>tributo</strong></span> <span class='ocrx_word' id='word_1_589' title='bbox 1674 1994 1709 2013; x_wconf 89' lang='lat' dir='ltr'><strong>ac</strong></span> <span class='ocrx_word' id='word_1_590' title='bbox 1731 1983 1880 2023; x_wconf 87' lang='lat' dir='ltr'><strong>stipendio</strong></span> <span class='ocrx_word' id='word_1_591' title='bbox 1903 1984 1993 2011; x_wconf 86' lang='lat' dir='ltr'><strong>sumi-</strong></span> 
     </span>
     <span class='ocr_line' id='line_1_44' title="bbox 45 2024 1992 2066; baseline 0.001 -13"><span class='ocrx_word' id='word_1_592' title='bbox 45 2030 112 2060; x_wconf 81' lang='lat' dir='ltr'><strong>tur,</strong></span> <span class='ocrx_word' id='word_1_593' title='bbox 135 2025 264 2062; x_wconf 86' lang='lat' dir='ltr'><strong>ideoque</strong></span> <span class='ocrx_word' id='word_1_594' title='bbox 286 2025 413 2063; x_wconf 80' lang='lat' dir='ltr'><strong>vectigal</strong></span> <span class='ocrx_word' id='word_1_595' title='bbox 436 2025 659 2065; x_wconf 81' lang='lat' dir='ltr'><strong>stipendiarium</strong></span> <span class='ocrx_word' id='word_1_596' title='bbox 684 2025 794 2053; x_wconf 79' lang='lat' dir='ltr'><strong>dicitur</strong></span> <span class='ocrx_word' id='word_1_597' title='bbox 811 2029 839 2053; x_wconf 85' lang='lat' dir='ltr'><strong>et</strong></span> <span class='ocrx_word' id='word_1_598' title='bbox 855 2025 1013 2063; x_wconf 75' lang='lat' dir='ltr'><strong>vectigales</strong></span> <span class='ocrx_word' id='word_1_599' title='bbox 1031 2025 1202 2064; x_wconf 85' lang='lat' dir='ltr'><strong>provinciae</strong></span> <span class='ocrx_word' id='word_1_600' title='bbox 1220 2026 1339 2063; x_wconf 82' lang='lat' dir='ltr'><strong>agrivae</strong></span> <span class='ocrx_word' id='word_1_601' title='bbox 1355 2036 1411 2065; x_wconf 88' lang='lat' dir='ltr'><strong>pro</strong></span> <span class='ocrx_word' id='word_1_602' title='bbox 1427 2026 1635 2066; x_wconf 73' lang='lat' dir='ltr'><strong>stipendiariis.</strong></span> <span class='ocrx_word' id='word_1_603' title='bbox 1669 2027 1771 2055; x_wconf 86' lang='lat' dir='ltr'><strong>Cicero</strong></span> <span class='ocrx_word' id='word_1_604' title='bbox 1786 2026 1834 2056; x_wconf 83' lang='lat'><strong>111.</strong></span> <span class='ocrx_word' id='word_1_605' title='bbox 1851 2024 1934 2054; x_wconf 86' lang='lat' dir='ltr'><strong>Verr.</strong></span> <span class='ocrx_word' id='word_1_606' title='bbox 1948 2028 1992 2057; x_wconf 90' lang='lat'><strong>6.:</strong></span> 
     </span>
     <span class='ocr_line' id='line_1_45' title="bbox 44 2065 1991 2108; baseline -0.001 -12"><span class='ocrx_word' id='word_1_607' title='bbox 44 2065 125 2096; x_wconf 83' lang='lat' dir='ltr'><strong>Inter</strong></span> <span class='ocrx_word' id='word_1_608' title='bbox 146 2066 281 2097; x_wconf 85' lang='lat' dir='ltr'><strong>Siciliam</strong></span> <span class='ocrx_word' id='word_1_609' title='bbox 305 2076 468 2108; x_wconf 83' lang='lat' dir='ltr'><strong>ceterasque</strong></span> <span class='ocrx_word' id='word_1_610' title='bbox 486 2068 671 2107; x_wconf 83' lang='lat' dir='ltr'><strong>provincias,</strong></span> <span class='ocrx_word' id='word_1_611' title='bbox 693 2065 819 2103; x_wconf 79' lang='lat' dir='ltr'><strong>iudices,</strong></span> <span class='ocrx_word' id='word_1_612' title='bbox 843 2067 873 2095; x_wconf 86' lang='lat' dir='ltr'><strong>in</strong></span> <span class='ocrx_word' id='word_1_613' title='bbox 895 2078 1033 2106; x_wconf 72' lang='lat' dir='ltr'><strong>agrorum</strong></span> <span class='ocrx_word' id='word_1_614' title='bbox 1057 2066 1244 2106; x_wconf 78' lang='lat' dir='ltr'><strong>vectigalium</strong></span> <span class='ocrx_word' id='word_1_615' title='bbox 1268 2069 1381 2098; x_wconf 72' lang='lat' dir='ltr'><strong>ratione</strong></span> <span class='ocrx_word' id='word_1_616' title='bbox 1402 2067 1458 2098; x_wconf 81' lang='grc' dir='ltr'><strong><em>Ιιοο</em></strong></span> <span class='ocrx_word' id='word_1_617' title='bbox 1480 2070 1612 2106; x_wconf 82' lang='lat' dir='ltr'><strong>interest,</strong></span> <span class='ocrx_word' id='word_1_618' title='bbox 1636 2067 1716 2108; x_wconf 81' lang='lat' dir='ltr'><strong>quod</strong></span> <span class='ocrx_word' id='word_1_619' title='bbox 1737 2069 1837 2098; x_wconf 83' lang='lat' dir='ltr'><strong>ceteris</strong></span> <span class='ocrx_word' id='word_1_620' title='bbox 1859 2075 1910 2096; x_wconf 84' lang='lat' dir='ltr'><strong>aut</strong></span> <span class='ocrx_word' id='word_1_621' title='bbox 1933 2069 1991 2096; x_wconf 89' lang='lat' dir='ltr'><strong>im-</strong></span> 
     </span>
     <span class='ocr_line' id='line_1_46' title="bbox 41 2108 1990 2151; baseline -0.001 -13"><span class='ocrx_word' id='word_1_622' title='bbox 41 2111 169 2149; x_wconf 88' lang='lat' dir='ltr'><strong>positum</strong></span> <span class='ocrx_word' id='word_1_623' title='bbox 191 2109 318 2149; x_wconf 77' lang='lat' dir='ltr'><strong>vectigal</strong></span> <span class='ocrx_word' id='word_1_624' title='bbox 338 2118 378 2139; x_wconf 76' lang='lat' dir='ltr'><strong>est</strong></span> <span class='ocrx_word' id='word_1_625' title='bbox 400 2118 525 2146; x_wconf 87' lang='lat' dir='ltr'><strong>certum,</strong></span> <span class='ocrx_word' id='word_1_626' title='bbox 548 2108 629 2150; x_wconf 80' lang='lat' dir='ltr'><strong>quod</strong></span> <span class='ocrx_word' id='word_1_627' title='bbox 648 2108 871 2149; x_wconf 81' lang='lat' dir='ltr'><strong>stipendiarium</strong></span> <span class='ocrx_word' id='word_1_628' title='bbox 895 2108 1019 2146; x_wconf 86' lang='lat' dir='ltr'><strong>dicitur,</strong></span> <span class='ocrx_word' id='word_1_629' title='bbox 1043 2117 1073 2139; x_wconf 88' lang='lat' dir='ltr'><strong>ut</strong></span> <span class='ocrx_word' id='word_1_630' title='bbox 1090 2109 1253 2150; x_wconf 82' lang='lat' dir='ltr'><strong>Hispanis,</strong></span> <span class='ocrx_word' id='word_1_631' title='bbox 1274 2109 1421 2151; x_wconf 78' lang='lat' dir='ltr'><strong>plerisque</strong></span> <span class='ocrx_word' id='word_1_632' title='bbox 1437 2110 1615 2147; x_wconf 87' lang='lat' dir='ltr'><strong>Poenorum,</strong></span> <span class='ocrx_word' id='word_1_633' title='bbox 1639 2111 1726 2151; x_wconf 79' lang='lat' dir='ltr'><strong>quasi</strong></span> <span class='ocrx_word' id='word_1_634' title='bbox 1745 2110 1886 2139; x_wconf 85' lang='lat' dir='ltr'><strong>victoriae</strong></span> <span class='ocrx_word' id='word_1_635' title='bbox 1904 2120 1990 2148; x_wconf 81' lang='lat' dir='ltr'><strong>prae-</strong></span> 
     </span>
     <span class='ocr_line' id='line_1_47' title="bbox 42 2151 537 2190; baseline 0.002 -9"><span class='ocrx_word' id='word_1_636' title='bbox 42 2153 132 2181; x_wconf 84' lang='lat' dir='ltr'><strong>mium</strong></span> <span class='ocrx_word' id='word_1_637' title='bbox 154 2163 190 2182; x_wconf 87' lang='lat' dir='ltr'><strong>ac</strong></span> <span class='ocrx_word' id='word_1_638' title='bbox 209 2163 304 2190; x_wconf 81' lang='lat' dir='ltr'><strong>poena</strong></span> <span class='ocrx_word' id='word_1_639' title='bbox 328 2151 404 2181; x_wconf 83' lang='lat' dir='ltr'><strong>belli.</strong></span> <span class='ocrx_word' id='word_1_640' title='bbox 451 2152 537 2182; x_wconf 79' lang='lat' dir='ltr'><strong>Dae.</strong></span> 
     </span>
    </p>

    <p class='ocr_par' dir='ltr' id='par_1_10' title="bbox 3 2190 1986 2489">
     <span class='ocr_line' id='line_1_48' title="bbox 209 2190 1986 2236; baseline -0.002 -14"><span class='ocrx_word' id='word_1_641' title='bbox 209 2193 311 2223; x_wconf 85' lang='lat' dir='ltr'><strong>Viae.</strong></span> <span class='ocrx_word' id='word_1_642' title='bbox 349 2194 443 2232; x_wconf 87' lang='lat' dir='ltr'><strong>(Vide</strong></span> <span class='ocrx_word' id='word_1_643' title='bbox 467 2200 565 2223; x_wconf 89' lang='lat' dir='ltr'><strong>notam</strong></span> <span class='ocrx_word' id='word_1_644' title='bbox 588 2193 684 2222; x_wconf 83' lang='lat' dir='ltr'><strong>Fulvii</strong></span> <span class='ocrx_word' id='word_1_645' title='bbox 707 2194 804 2222; x_wconf 86' lang='lat' dir='ltr'><strong>Ursini</strong></span> <span class='ocrx_word' id='word_1_646' title='bbox 827 2196 978 2232; x_wconf 78' lang='lat' dir='ltr'><strong>pag-277.</strong></span> <span class='ocrx_word' id='word_1_647' title='bbox 1002 2193 1033 2222; x_wconf 82' lang='lat' dir='ltr'><strong>in</strong></span> <span class='ocrx_word' id='word_1_648' title='bbox 1055 2194 1111 2222; x_wconf 83' lang='lat' dir='ltr'><strong>ima</strong></span> <span class='ocrx_word' id='word_1_649' title='bbox 1135 2204 1187 2222; x_wconf 89' lang='lat' dir='ltr'><strong>ora</strong></span> <span class='ocrx_word' id='word_1_650' title='bbox 1211 2194 1384 2234; x_wconf 79' lang='lat' dir='ltr'><strong>adiectam.)</strong></span> <span class='ocrx_word' id='word_1_651' title='bbox 1421 2195 1571 2236; x_wconf 87' lang='lat' dir='ltr'><strong>Suppleo:</strong></span> <span class='ocrx_word' id='word_1_652' title='bbox 1609 2194 1686 2224; x_wconf 85' lang='lat' dir='ltr'><strong>Viae</strong></span> <span class='ocrx_word' id='word_1_653' title='bbox 1708 2202 1774 2224; x_wconf 83' lang='lat' dir='ltr'><strong>sunt</strong></span> <span class='ocrx_word' id='word_1_654' title='bbox 1796 2202 1822 2223; x_wconf 82' lang='lat' dir='ltr'><strong>et</strong></span> <span class='ocrx_word' id='word_1_655' title='bbox 1842 2190 1986 2232; x_wconf 83' lang='lat' dir='ltr'><strong>publicae,</strong></span> 
     </span>
     <span class='ocr_line' id='line_1_49' title="bbox 41 2235 1985 2277; baseline -0.002 -13"><span class='ocrx_word' id='word_1_656' title='bbox 41 2247 92 2275; x_wconf 90' lang='lat' dir='ltr'><strong>per</strong></span> <span class='ocrx_word' id='word_1_657' title='bbox 113 2247 187 2276; x_wconf 83' lang='lat' dir='ltr'><strong>quas·</strong></span> <span class='ocrx_word' id='word_1_658' title='bbox 209 2237 250 2264; x_wconf 89' lang='lat' dir='ltr'><strong>ire</strong></span> <span class='ocrx_word' id='word_1_659' title='bbox 272 2236 406 2265; x_wconf 79' lang='lat' dir='ltr'><strong>omnibus</strong></span> <span class='ocrx_word' id='word_1_660' title='bbox 428 2235 511 2273; x_wconf 87' lang='lat' dir='ltr'><strong>licet,</strong></span> <span class='ocrx_word' id='word_1_661' title='bbox 535 2244 561 2266; x_wconf 89' lang='lat' dir='ltr'><strong>et</strong></span> <span class='ocrx_word' id='word_1_662' title='bbox 581 2238 730 2275; x_wconf 82' lang='lat' dir='ltr'><strong>privatae,</strong></span> <span class='ocrx_word' id='word_1_663' title='bbox 753 2235 858 2276; x_wconf 80' lang='lat' dir='ltr'><strong>quibus</strong></span> <span class='ocrx_word' id='word_1_664' title='bbox 879 2237 996 2265; x_wconf 81' lang='lat' dir='ltr'><strong>vetitum</strong></span> <span class='ocrx_word' id='word_1_665' title='bbox 1019 2237 1063 2264; x_wconf 81' lang='lat' dir='ltr'><strong>uti</strong></span> <span class='ocrx_word' id='word_1_666' title='bbox 1085 2235 1219 2266; x_wconf 77' lang='lat' dir='ltr'><strong>omnibus</strong></span> <span class='ocrx_word' id='word_1_667' title='bbox 1238 2244 1354 2276; x_wconf 76' lang='lat' dir='ltr'><strong>praeter</strong></span> <span class='ocrx_word' id='word_1_668' title='bbox 1374 2248 1489 2275; x_wconf 80' lang='lat' dir='ltr'><strong>eorum,</strong></span> <span class='ocrx_word' id='word_1_669' title='bbox 1513 2248 1634 2277; x_wconf 81' lang='lat' dir='ltr'><strong>quorum</strong></span> <span class='ocrx_word' id='word_1_670' title='bbox 1659 2245 1725 2266; x_wconf 85' lang='lat' dir='ltr'><strong>sunt</strong></span> <span class='ocrx_word' id='word_1_671' title='bbox 1745 2237 1876 2276; x_wconf 80' lang='lat' dir='ltr'><strong>privatae</strong></span> <span class='ocrx_word' id='word_1_672' title='bbox 1899 2256 1905 2263; x_wconf 89' lang='lat'><strong>.</strong></span> <span class='ocrx_word' id='word_1_673' title='bbox 1925 2256 1931 2262; x_wconf 93' lang='lat'><strong>.</strong></span> <span class='ocrx_word' id='word_1_674' title='bbox 1952 2255 1958 2261; x_wconf 93' lang='lat'><strong>.</strong></span> <span class='ocrx_word' id='word_1_675' title='bbox 1978 2255 1985 2262; x_wconf 91' lang='lat'><strong>.</strong></span> 
     </span>
     <span class='ocr_line' id='line_1_50' title="bbox 42 2274 1986 2323; baseline -0.002 -17"><span class='ocrx_word' id='word_1_676' title='bbox 42 2279 106 2306; x_wconf 78' lang='lat' dir='ltr'><strong>vias</strong></span> <span class='ocrx_word' id='word_1_677' title='bbox 126 2280 294 2315; x_wconf 82' lang='lat' dir='ltr'><strong>muniunto,</strong></span> <span class='ocrx_word' id='word_1_678' title='bbox 321 2278 459 2308; x_wconf 82' lang='lat' dir='ltr'><strong>donicum</strong></span> <span class='ocrx_word' id='word_1_679' title='bbox 483 2277 597 2318; x_wconf 77' lang='lat' dir='ltr'><strong>lapides</strong></span> <span class='ocrx_word' id='word_1_680' title='bbox 617 2285 714 2315; x_wconf 84' lang='lat' dir='ltr'><strong>esunt,</strong></span> <span class='ocrx_word' id='word_1_681' title='bbox 745 2289 806 2319; x_wconf 80' lang='lat' dir='ltr'><strong>qua</strong></span> <span class='ocrx_word' id='word_1_682' title='bbox 827 2277 917 2315; x_wconf 80' lang='lat' dir='ltr'><strong>volet,</strong></span> <span class='ocrx_word' id='word_1_683' title='bbox 948 2279 1075 2307; x_wconf 87' lang='lat' dir='ltr'><strong>iumenta</strong></span> <span class='ocrx_word' id='word_1_684' title='bbox 1097 2279 1187 2317; x_wconf 75' lang='lat' dir='ltr'><strong>agito.</strong></span> <span class='ocrx_word' id='word_1_685' title='bbox 1234 2279 1372 2308; x_wconf 84' lang='lat' dir='ltr'><strong>Publicae</strong></span> <span class='ocrx_word' id='word_1_686' title='bbox 1395 2279 1462 2308; x_wconf 79' lang='lat' dir='ltr'><strong>viae</strong></span> <span class='ocrx_word' id='word_1_687' title='bbox 1482 2285 1568 2312; x_wconf 78' lang='lat' dir='ltr'><strong>eunt.</strong></span> <span class='ocrx_word' id='word_1_688' title='bbox 1598 2289 1671 2319; x_wconf 75' lang='lat' dir='ltr'><strong>quas</strong></span> <span class='ocrx_word' id='word_1_689' title='bbox 1694 2280 1788 2318; x_wconf 73' lang='lat' dir='ltr'><strong>regias</strong></span> <span class='ocrx_word' id='word_1_690' title='bbox 1808 2277 1913 2305; x_wconf 87' lang='lat' dir='ltr'><strong>Graeci</strong></span> <span class='ocrx_word' id='word_1_691' title='bbox 1936 2274 1986 2323; x_wconf 76' lang='lat' dir='ltr'><strong>di-</strong></span> 
     </span>
     <span class='ocr_line' id='line_1_51' title="bbox 43 2320 1985 2361; baseline -0.001 -12"><span class='ocrx_word' id='word_1_692' title='bbox 43 2326 132 2357; x_wconf 82' lang='lat' dir='ltr'><strong>cunt,</strong></span> <span class='ocrx_word' id='word_1_693' title='bbox 164 2322 287 2349; x_wconf 86' lang='lat' dir='ltr'><strong>Romani</strong></span> <span class='ocrx_word' id='word_1_694' title='bbox 312 2322 476 2350; x_wconf 82' lang='lat' dir='ltr'><strong>Praetoriae</strong></span> <span class='ocrx_word' id='word_1_695' title='bbox 499 2326 526 2350; x_wconf 88' lang='lat' dir='ltr'><strong>et</strong></span> <span class='ocrx_word' id='word_1_696' title='bbox 549 2321 731 2350; x_wconf 78' lang='lat' dir='ltr'><strong>Consulares.</strong></span> <span class='ocrx_word' id='word_1_697' title='bbox 777 2322 911 2350; x_wconf 70' lang='lat' dir='ltr'><strong>Privatae</strong></span> <span class='ocrx_word' id='word_1_698' title='bbox 933 2325 1003 2349; x_wconf 88' lang='lat' dir='ltr'><strong>sunt</strong></span> <span class='ocrx_word' id='word_1_699' title='bbox 1025 2321 1172 2359; x_wconf 81' lang='lat' dir='ltr'><strong>agrariae,</strong></span> <span class='ocrx_word' id='word_1_700' title='bbox 1205 2331 1280 2359; x_wconf 78' lang='lat' dir='ltr'><strong>quae</strong></span> <span class='ocrx_word' id='word_1_701' title='bbox 1301 2321 1466 2360; x_wconf 74' lang='lat' dir='ltr'><strong>dupliciter</strong></span> <span class='ocrx_word' id='word_1_702' title='bbox 1487 2321 1611 2360; x_wconf 83' lang='lat' dir='ltr'><strong>intelligi</strong></span> <span class='ocrx_word' id='word_1_703' title='bbox 1634 2325 1767 2361; x_wconf 83' lang='lat' dir='ltr'><strong>possunt.</strong></span> <span class='ocrx_word' id='word_1_704' title='bbox 1811 2320 1886 2347; x_wconf 84' lang='lat' dir='ltr'><strong>Sunt</strong></span> <span class='ocrx_word' id='word_1_705' title='bbox 1909 2327 1985 2346; x_wconf 81' lang='lat' dir='ltr'><strong>emm</strong></span> 
     </span>
     <span class='ocr_line' id='line_1_52' title="bbox 42 2359 1986 2402; baseline -0.001 -11"><span class='ocrx_word' id='word_1_706' title='bbox 42 2363 187 2401; x_wconf 85' lang='lat' dir='ltr'><strong>quaedam</strong></span> <span class='ocrx_word' id='word_1_707' title='bbox 211 2364 358 2401; x_wconf 79' lang='lat' dir='ltr'><strong>agrariae,</strong></span> <span class='ocrx_word' id='word_1_708' title='bbox 381 2364 489 2402; x_wconf 90' lang='lat' dir='ltr'><strong>quibus</strong></span> <span class='ocrx_word' id='word_1_709' title='bbox 513 2365 555 2392; x_wconf 89' lang='lat' dir='ltr'><strong>uti</strong></span> <span class='ocrx_word' id='word_1_710' title='bbox 577 2363 713 2393; x_wconf 79' lang='lat' dir='ltr'><strong>omnibus</strong></span> <span class='ocrx_word' id='word_1_711' title='bbox 736 2363 819 2400; x_wconf 87' lang='lat' dir='ltr'><strong>licet,</strong></span> <span class='ocrx_word' id='word_1_712' title='bbox 843 2369 871 2392; x_wconf 86' lang='lat' dir='ltr'><strong>et</strong></span> <span class='ocrx_word' id='word_1_713' title='bbox 893 2363 1053 2402; x_wconf 86' lang='lat' dir='ltr'><strong>quaedam,</strong></span> <span class='ocrx_word' id='word_1_714' title='bbox 1081 2373 1156 2402; x_wconf 85' lang='lat' dir='ltr'><strong>quae</strong></span> <span class='ocrx_word' id='word_1_715' title='bbox 1178 2363 1215 2392; x_wconf 81' lang='lat' dir='ltr'><strong>ad</strong></span> <span class='ocrx_word' id='word_1_716' title='bbox 1239 2365 1426 2394; x_wconf 80' lang='lat' dir='ltr'><strong>dominorum</strong></span> <span class='ocrx_word' id='word_1_717' title='bbox 1448 2364 1608 2393; x_wconf 75' lang='lat' dir='ltr'><strong>utilitatem</strong></span> <span class='ocrx_word' id='word_1_718' title='bbox 1631 2365 1798 2397; x_wconf 85' lang='lat' dir='ltr'><strong>ducuntur,</strong></span> <span class='ocrx_word' id='word_1_719' title='bbox 1820 2359 1986 2399; x_wconf 78' lang='lat' dir='ltr'><strong>quibusque</strong></span> 
     </span>
     <span class='ocr_line' id='line_1_53' title="bbox 43 2403 1985 2445; baseline -0.002 -11"><span class='ocrx_word' id='word_1_720' title='bbox 43 2406 107 2435; x_wconf 83' lang='lat' dir='ltr'><strong>aliis</strong></span> <span class='ocrx_word' id='word_1_721' title='bbox 129 2407 318 2436; x_wconf 86' lang='lat' dir='ltr'><strong>interdictum</strong></span> <span class='ocrx_word' id='word_1_722' title='bbox 342 2411 400 2442; x_wconf 80' lang='lat' dir='ltr'><strong>est,</strong></span> <span class='ocrx_word' id='word_1_723' title='bbox 423 2407 479 2435; x_wconf 83' lang='lat' dir='ltr'><strong>nisi</strong></span> <span class='ocrx_word' id='word_1_724' title='bbox 502 2407 531 2435; x_wconf 82' lang='lat' dir='ltr'><strong>id</strong></span> <span class='ocrx_word' id='word_1_725' title='bbox 556 2417 572 2435; x_wconf 86' lang='lat' dir='ltr'><strong>a</strong></span> <span class='ocrx_word' id='word_1_726' title='bbox 595 2406 722 2435; x_wconf 85' lang='lat' dir='ltr'><strong>dominis</strong></span> <span class='ocrx_word' id='word_1_727' title='bbox 745 2407 934 2436; x_wconf 85' lang='lat' dir='ltr'><strong>concedatur.</strong></span> <span class='ocrx_word' id='word_1_728' title='bbox 967 2406 1008 2435; x_wconf 89' lang='lat' dir='ltr'><strong>De</strong></span> <span class='ocrx_word' id='word_1_729' title='bbox 1027 2405 1074 2434; x_wconf 87' lang='lat' dir='ltr'><strong>hie</strong></span> <span class='ocrx_word' id='word_1_730' title='bbox 1096 2406 1230 2445; x_wconf 78' lang='lat' dir='ltr'><strong>loquitur</strong></span> <span class='ocrx_word' id='word_1_731' title='bbox 1244 2406 1357 2436; x_wconf 76' lang='lat' dir='ltr'><strong>Festus.</strong></span> <span class='ocrx_word' id='word_1_732' title='bbox 1385 2407 1480 2436; x_wconf 89' lang='lat' dir='ltr'><strong>Verba</strong></span> <span class='ocrx_word' id='word_1_733' title='bbox 1502 2407 1575 2444; x_wconf 85' lang='lat' dir='ltr'><strong>legis</strong></span> <span class='ocrx_word' id='word_1_734' title='bbox 1597 2407 1632 2435; x_wconf 92' lang='lat' dir='ltr'><strong>ab</strong></span> <span class='ocrx_word' id='word_1_735' title='bbox 1655 2406 1705 2434; x_wconf 89' lang='lat' dir='ltr'><strong>illo</strong></span> <span class='ocrx_word' id='word_1_736' title='bbox 1728 2403 1837 2432; x_wconf 80' lang='lat' dir='ltr'><strong>relatae</strong></span> <span class='ocrx_word' id='word_1_737' title='bbox 1859 2403 1985 2431; x_wconf 77' lang='lat' dir='ltr'><strong>sortasse</strong></span> 
     </span>
     <span class='ocr_line' id='line_1_54' title="bbox 3 2444 1982 2489; baseline -0.003 -11"><span class='ocrx_word' id='word_1_738' title='bbox 3 2482 5 2488; x_wconf 66' lang='lat'>,</span> <span class='ocrx_word' id='word_1_739' title='bbox 44 2449 80 2478; x_wconf 83' lang='lat' dir='ltr'><strong>ad</strong></span> <span class='ocrx_word' id='word_1_740' title='bbox 101 2450 166 2480; x_wconf 88' lang='lat' dir='ltr'><strong>XII.</strong></span> <span class='ocrx_word' id='word_1_741' title='bbox 187 2449 304 2478; x_wconf 82' lang='lat' dir='ltr'><strong>tabulas</strong></span> <span class='ocrx_word' id='word_1_742' title='bbox 328 2449 477 2489; x_wconf 85' lang='lat' dir='ltr'><strong>pertinent</strong></span> <span class='ocrx_word' id='word_1_743' title='bbox 499 2453 527 2478; x_wconf 89' lang='lat' dir='ltr'><strong>et</strong></span> <span class='ocrx_word' id='word_1_744' title='bbox 550 2450 675 2479; x_wconf 82' lang='lat' dir='ltr'><strong>sortasse</strong></span> <span class='ocrx_word' id='word_1_745' title='bbox 696 2449 735 2478; x_wconf 74' lang='lat' dir='ltr'><strong>ud</strong></span> <span class='ocrx_word' id='word_1_746' title='bbox 755 2448 834 2478; x_wconf 82' lang='lat' dir='ltr'><strong>idem</strong></span> <span class='ocrx_word' id='word_1_747' title='bbox 857 2453 964 2488; x_wconf 75' lang='lat' dir='ltr'><strong>ceput,</strong></span> <span class='ocrx_word' id='word_1_748' title='bbox 994 2448 1044 2478; x_wconf 88' lang='lat' dir='ltr'><strong>ubi</strong></span> <span class='ocrx_word' id='word_1_749' title='bbox 1067 2448 1211 2488; x_wconf 69' lang='lat' dir='ltr'><strong>scriptum</strong></span> <span class='ocrx_word' id='word_1_750' title='bbox 1235 2454 1294 2479; x_wconf 76' lang='lat' dir='ltr'><strong>eat:</strong></span> <span class='ocrx_word' id='word_1_751' title='bbox 1321 2449 1490 2489; x_wconf 78' lang='lat' dir='ltr'><strong>Amsegetes</strong></span> <span class='ocrx_word' id='word_1_752' title='bbox 1511 2450 1587 2478; x_wconf 82' lang='lat' dir='ltr'><strong>viam</strong></span> <span class='ocrx_word' id='word_1_753' title='bbox 1610 2448 1777 2481; x_wconf 82' lang='lat' dir='ltr'><strong>muniunto,</strong></span> <span class='ocrx_word' id='word_1_754' title='bbox 1806 2445 1831 2473; x_wconf 81' lang='lat' dir='ltr'><strong>si</strong></span> <span class='ocrx_word' id='word_1_755' title='bbox 1852 2445 1900 2473; x_wconf 85' lang='lat' dir='ltr'><strong>via</strong></span> <span class='ocrx_word' id='word_1_756' title='bbox 1922 2444 1982 2473; x_wconf 80' lang='lat' dir='ltr'><strong>im-</strong></span> 
     </span>
    </p>
   </div>
  </div>
 </body>
</html>
