2263 2668
414 125 478 158 DE
505 124 779 159 VERBORUM
806 121 1195 158 SIGNIFICATIONE
1222 123 1536 161 FRAGMENTA.

89 219 287 264 auspicio
310 224 437 263 capta
460 218 526 251 dis
550 219 767 264 piaculum
786 219 894 252 dato.
922 218 1030 251 Huius
1046 217 1137 250 aedis
1153 218 1303 251 lexnulla
1319 224 1424 259 extat;
1442 232 1549 264 neque
1565 220 1728 265 templum
1741 218 1866 253 habeat

87 275 216 316 neque*
243 271 350 305 scitur.
394 269 449 303 Ut
475 271 547 314 qui
574 271 737 315 optima
763 271 863 315 lege
888 270 1008 302 fuerint
1020 269 1047 287 **
1070 269 1157 301 adici
1175 270 1278 311 solet,
1301 282 1377 304 cum
1404 273 1539 315 quidam
1566 273 1773 317 magistratus
1789 282 1864 305 cre-

88 329 183 357 antur
224 346 763 358 .............
801 322 983 356 Obscum
999 319 1015 341 3
1043 320 1125 353 duas
1153 321 1315 366 diversas,
1344 328 1376 356 et
1403 325 1581 357 contrarias
1608 323 1864 369 significationes

88 375 202 408 habet.
221 386 298 407 nam
321 373 471 407 Cloatius
496 379 591 418 putat
610 385 651 407 eo
677 375 841 408 vocabulo
857 374 882 407 si
898 369 918 422 ΙΙ
934 373 1086 417 gnificari
1106 383 1253 415 sacrum,
1280 386 1347 417 quo
1375 375 1472 408 etiam
1500 377 1593 421 leges
1619 387 1731 410 sacrae
1755 373 1860 420 [175]

88 428 267 460 obscatae*
289 426 451 458 dicuntur.
480 431 513 458 et
538 427 571 458 in
598 427 751 459 omnibus
777 426 847 459 fere
874 425 1014 468 antiquis
1039 424 1283 458 commentariis
1309 426 1461 460 scribitur
1481 427 1626 473 Opicum
1650 438 1714 472 pro
1736 426 1924 470 Obsc0‚·a1·
1950 435 2038 452 sacra-

87 484 122 511 ut
147 479 180 511 in
207 477 310 510 Titini
336 477 452 509 fabula
478 477 608 520 quinta:

189 538 272 579 Qui
299 538 423 571 obsce
451 542 490 570 et
512 538 670 571 Volsce
695 537 968 576 fabulantur,
1008 546 1101 567 nam
1128 535 1262 569 latine
1288 537 1490 571 nesciunt.

89 610 108 630 a
134 609 202 642 quo
237 597 335 630 etiam
369 597 469 630 verba
499 597 722 641 impudentia,

87 661 163 682 usus
190 648 286 682 Oscis
324 648 499 681 libidinum
533 660 736 692 spurcarum.

87 700 237 744 Veienti,
274 711 341 743 quo
374 700 438 733 frui
465 700 551 732 soliti
585 701 772 745 produntur
798 701 984 745 Augures*
1019 699 1174 731 Romani.

87 757 162 786 ante
188 752 310 798 agitat;
336 756 373 784 ut
399 752 628 787 obambulare.

253 802 458 846 Obinunt,
502 803 646 837 Obeunt.

88 930 959 940 ...............

769 601 802 629 et
829 596 914 629 elata
942 595 1154 640 appellantur
1181 596 1345 638 obscena,

800 648 869 681 Sed
904 647 1023 681 eodem
1059 647 1157 679 etiam
1192 648 1325 681 nomine
1360 649 1550 693 appellatur
1583 651 1675 684 locus
1709 650 1743 681 in
1777 658 1861 692 agro

1227 698 1420 746 Obigitat
1452 702 1575 745 antiqui
1610 702 1764 735 dicebant
1796 707 1878 744 pro’

1392 598 1469 641 quia
1495 598 1775 642 frequentissimus
1801 596 1862 628 fuit

708 800 956 836 Obiurare4
980 802 1102 846 antiqui
1127 812 1191 845 pro
1220 801 1311 835 aditu
1339 804 1527 846 ponebant,
1571 808 1606 836 ut
1633 809 1679 836 est
1704 803 1737 834 in
1791 829 1798 835 .
1853 826 1860 832 .

1013 878 1020 885 .
1073 853 1268 886 Pentesilea.
1321 854 1563 888 Formidabant
1585 855 1737 887 obiurare
1790 879 1796 885 .
1852 880 1858 887 .

252 957 315 990 Ob
342 968 412 989 vos
440 969 580 998 sacr0‚
616 957 648 990 in
676 957 874 999 quibusdam
902 955 1146 1000 precationibus
1175 960 1239 997 est,
1266 968 1329 1000 pro
1356 968 1414 989 vos
1441 957 1599 996 obsecro,
1628 962 1663 988 ut
1689 956 1760 988 sub
1789 965 1860 986 vos

87 1008 238 1052 placo,
285 1020 348 1053 pro
376 1009 541 1053 supplico.

88 1059 259 1103 optatique
286 1065 359 1093 sunt
385 1065 509 1105 portus.

602 1008 633 1042 O
644 1020 666 1052 p
676 1020 698 1052 p
708 1020 727 1040 o
737 1020 752 1040 r
761 1013 773 1041 t
781 1020 801 1041 u
809 1021 829 1041 n
838 1020 856 1040 e
889 1008 1008 1041 dicitur
1035 1008 1077 1040 ab
1106 1018 1146 1039 eo
1155 1031 1164 1047 ‚
1211 1008 1303 1050 quod
1330 1009 1560 1053 navigantibus
1587 1007 1728 1040 maxime
1754 1006 1860 1048 utiles,

563 1059 595 1093 O
605 1061 625 1092 b
635 1060 658 1092 h
668 1072 686 1093 e
694 1072 710 1092 r
718 1060 740 1092 b
752 1072 769 1092 e
777 1072 791 1092 s
800 1071 818 1093 c
827 1072 843 1092 e
853 1072 868 1092 r
876 1071 893 1092 e
903 1083 912 1101 ,
948 1059 1087 1092 herbam
1113 1059 1304 1093 increscere.

251 1109 314 1144 Ob
326 1123 345 1144 o
356 1112 487 1153 titur,
504 1112 656 1146 nascitur.
675 1123 750 1144 nam
765 1111 1046 1156 praepositionem
1071 1111 1121 1143 ob
1146 1122 1208 1155 pro
1234 1111 1285 1143 ad
1307 1111 1436 1144 solitam
1452 1111 1543 1156 poni,
1560 1110 1647 1144 testis
1670 1109 1727 1142 hic
1740 1117 1863 1140 versus:

188 1169 367 1205 Tantum
394 1171 592 1217 gaudium
619 1172 782 1205 oboriri
809 1183 854 1205 ex
881 1171 1061 1204 tumultu
1088 1171 1275 1204 maximo.

88 1236 120 1262 et
145 1230 288 1264 Ennius:

189 1289 252 1323 Ob
279 1291 450 1324 Romam
476 1295 602 1325 noctu
627 1292 825 1337 legiones
852 1291 1014 1325 ducere
1041 1292 1197 1336 coepit.

87 1349 349 1392 Obnectere,
385 1351 556 1396 obligare,
593 1352 735 1385 maxime
760 1352 794 1384 in
820 1352 940 1396 nuptiis
967 1352 1123 1394 frequens
1150 1356 1208 1386 est.

1793 124 1865 159 191

1262 1350 1517 1384 Observasse
1544 1348 1682 1387 dicitur,
1717 1346 1775 1390 qui
1801 1345 1865 1377 ob-

1885 275 1895 287 ’
1902 276 1921 302 f.
1931 285 2019 306 necne,

1882 310 1904 322 ⁷·
1911 311 1929 336 s.
1939 311 2020 342 fuant,

1870 465 1914 486 tae
1944 461 2038 487 obscae

1871 495 1904 522 al.
1924 495 2037 521 obscitae

1882 706 1931 733 RA.
1940 705 2035 739 publici

1903 740 1999 775 populi.

86 1406 192 1435 servat
218 1401 315 1445 quid,
343 1403 501 1446 cuiusque
528 1415 627 1437 causa
653 1404 766 1437 facere
793 1403 904 1439 debet.
957 1404 1074 1447 Itaque
1101 1405 1174 1437 bis*
1196 1404 1366 1444 observat,
1395 1402 1536 1436 coluisse
1561 1400 1705 1443 aliquem
1733 1393 1910 1431 dicitur.'s·
1929 1392 1960 1423 is,
1979 1392 2021 1425 qui

86 1452 396 1497 ommentans⁵‚
430 1455 544 1488 Livius
571 1455 604 1488 in
630 1455 772 1499 odyssea
799 1467 901 1498 quom
929 1455 989 1489 ait:

186 1505 231 1538 In
256 1505 406 1549 Pylum
433 1506 651 1550 advenies,
693 1512 764 1541 aut
788 1508 848 1541 ibi
876 1511 1152 1550 ommentans,

88 1595 271 1666 ΞΕΟὲὲἻῦῐίΑ.
300 1597 474 1627 SPOLIA.
504 1599 561 1628 IN.
591 1599 743 1629 MARTIS.
764 1599 877 1629 ASAM.
903 1601 953 1630 IN.

89 1680 420 1711 SVOVETAVRVLIA.
445 1682 556 1712 VTRA.
580 1683 715 1713 VOLET.
739 1684 916 1714 CAEDITO.

89 1722 353 1792 QVE1.T(C›EPET.
393 1725 512 1755 AERIS.
555 1727 609 1756 CC.
644 1727 793 1756 DARIER.
835 1728 953 1757 OPOR-

88 1807 238 1835 TERTIA.
262 1807 440 1837 SPOLIA.
464 1809 588 1840 ΙΛΝΟ.
607 1811 781 1847 QVIRINO.
804 1811 952 1840 AGNOM.

152 1849 299 1879 MAREM.
327 1851 501 1880 CAEDITO.

90 1891 191 1927 QVEI.
215 1892 343 1922 CEPET.
367 1893 487 1923 AERIS.
515 1896 545 1925 C.
566 1895 714 1926 DARIER.
734 1895 949 1926 OPORTETO.

90 1933 254 2004 QVOlVTSb
273 1935 457 1965 AVSPICIO.
481 1937 616 1968 CAPTA.
641 1940 721 1969 DIS.
744 1938 950 1968 PIACVLVM.

88 2019 185 2047 Locus
203 2018 352 2047 Plutarchi
375 2019 406 2047 in
425 2027 567 2060 promptu
583 2028 641 2058 est,
663 2024 742 2052 unde
759 2024 833 2053 haee
851 2023 950 2053 hausi-

89 2071 164 2090 mus.
188 2061 218 2090 in
237 2072 271 2090 eo
291 2066 388 2090 autem
406 2061 548 2099 habetur,
576 2067 803 2106 praescripsisse
826 2067 950 2094 Numam

87 2104 119 2132 in
136 2103 192 2132 liae
212 2104 289 2141 lege,
324 2108 357 2132 ut
376 2105 470 2143 prima
497 2107 591 2146 spolia
616 2114 701 2148 capta
728 2109 792 2138 lovi
818 2109 950 2137 Feretrio

88 2152 324 2182 consecrentur,
362 2148 493 2177 secunda
527 2150 641 2188 Marti,
685 2152 770 2180 tertia
802 2151 949 2187 Quirino:

87 2190 311 2228 praemiumque
336 2189 375 2218 sit
399 2191 502 2228 primis
523 2203 599 2221 asses
626 2194 765 2230 trecenti,
810 2193 949 2222 secundis

88 2232 225 2269 ducenti,
257 2232 352 2260 tertiis
379 2239 507 2262 centum.
544 2236 620 2263 Urs.
657 2251 698 2257 -—-
740 2236 769 2275 3)
796 2236 946 2272 ()b.9cum.]

90 2275 196 2312 Ops-ce,
223 2285 277 2313 pro
296 2275 369 2303 Osce
383 2275 413 2303 in
427 2276 529 2305 Titinii
544 2287 632 2306 versu
649 2283 718 2306 nunt
731 2279 782 2316 qui
797 2279 896 2316 legant
914 2288 948 2306 eo

88 2316 192 2354 modo,
224 2327 283 2355 quo
307 2319 510 2356 opstinatam,
538 2330 594 2358 pro
614 2320 816 2358 obstinatam,
845 2326 873 2350 et
894 2321 949 2349 alia

89 2357 134 2387 his
148 2360 270 2396 similia,
300 2369 374 2398 quae
396 2361 511 2390 infinita
533 2372 624 2401 paene
648 2364 845 2402 reperiuntur.
874 2373 950 2402 quos

90 2410 142 2438 ego
163 2411 223 2430 non
247 2413 362 2439 moror,
391 2414 450 2442 quo
473 2405 570 2433 minus
593 2405 707 2443 legant,
731 2412 765 2434 ut
781 2407 874 2439 lubet.
899 2405 949 2445 qui

996 1610 1067 1630 vero
1084 1599 1228 1638 Opicum,
1250 1599 1282 1626 in
1305 1598 1437 1637 Opscum
1460 1595 1633 1625 mutandum
1655 1597 1790 1627 censent,
1821 1591 1861 1620 eis

997 1643 1087 1682 plane
1107 1642 1240 1670 assentiri
1254 1651 1313 1670 non
1333 1650 1464 1679 possum.
1511 1639 1584 1668 Nam
1599 1647 1704 1666 verum
1721 1639 1765 1664 est
1781 1633 1861 1672 quod

997 1685 1038 1713 ait
1061 1685 1162 1713 Festus
1194 1685 1323 1722 Opicum
1350 1683 1380 1711 in
1406 1681 1533 1720 antiquis
1556 1678 1774 1709 commentariis
1805 1687 1860 1715 pro

1000 1729 1111 1756 Oscum
1128 1727 1272 1763 inveniri,
1297 1731 1325 1755 et
1338 1736 1392 1764 pro
1413 1725 1506 1763 Opice
1523 1723 1676 1758 Titinium,
1700 1721 1777 1749 Osce
1796 1719 1860 1747 dix-

996 1771 1062 1798 isse.
1086 1769 1173 1808 Opici
1189 1769 1264 1797 enirn
1283 1773 1311 1797 et
1332 1768 1400 1796 Osci
1416 1767 1504 1795 iidem
1522 1771 1597 1795 sunt.
1614 1765 1671 1793 hoc
1686 1768 1718 1792 ut
1732 1761 1859 1798 credam,

996 1813 1103 1851 quibus
1119 1812 1312 1850 argumentis,
1335 1810 1487 1846 adducar,
1511 1808 1634 1837 docebo.
1672 1805 1772 1834 Livius
1789 1804 1860 1832 dicit

996 1855 1143 1892 Fregellas
1165 1854 1364 1882 Sidicinorum
1390 1862 1509 1890 agrum,
1552 1850 1658 1879 deinde
1682 1848 1858 1894 Volscorum

995 1898 1093 1926 fuisse.
1111 1896 1169 1925 hoc
1184 1897 1260 1924 idem
1280 1900 1332 1931 est,
1356 1905 1390 1922 ac
1403 1897 1428 1923 si
1444 1905 1500 1933 pro
1517 1893 1716 1922 Sidicinorum
1736 1890 1860 1918 distset

995 1940 1153 1969 Oscorum.
1183 1949 1249 1967 nam
1271 1937 1412 1973 Sidicini,
1437 1937 1506 1966 Osci
1528 1941 1603 1966 suut.
1635 1934 1739 1963 Strabo
1759 1932 1807 1961 lib.
1823 1931 1858 1968 V,

993 1993 1023 2021 p.
1040 1984 1111 2014 237.
1134 1982 1325 2019 Σιδικηναῒν,
1361 1976 1448 2015 οὗτος
1471 1978 1502 2009 δὲ
1522 1977 1636 2009 ’Όσκομ
1665 1976 1859 2022 cum-itaque

993 2025 1070 2053 Livii
1091 2025 1190 2053 locum
1212 2023 1344 2051 imitatus
1360 2022 1545 2062 Stephanus,
1583 2031 1639 2060 pro
1661 2018 1857 2047 Sidicinorum

993 2066 1025 2095 id
1042 2071 1085 2095 est
1105 2067 1267 2103 Oscorum,
1290 2065 1426 2104 posuerit
1444 2062 1574 2102 ὀπικῶν,
1596 2061 1783 2092 manifestum
1802 2063 1856 2093 est,

994 2109 1105 2148 Opicos
1133 2113 1162 2137 et
1187 2109 1279 2137 Oscos
1311 2107 1427 2136 eosdem
1453 2117 1524 2137 esse.
1559 2105 1717 2146 φρέγελλα,
1747 2101 1855 2144 inqu—it,

992 2150 1079 2187 πόλις
1115 2148 1255 2188 Ἰταλίας,
1307 2147 1329 2189 ἢ
1360 2148 1394 2181 ‘co'
1418 2149 1473 2190 μὲν
1508 2147 1632 2190 ἀρχαῖον
1661 2144 1776 2179 dmum
1805 2145 1851 2179 455,

993 2194 1092 2224 ἔπειτα
1116 2192 1161 2223 ῗδὲ
1198 2190 1398 2224 Οὐολούσκων
1433 2193 1554 2232 ἐγένετο.
1619 2190 1652 2218 ln
1682 2189 1741 2217 fine
1770 2184 1851 2230 V¹d<'3-

992 2241 1043 2265 tur
1076 2235 1234 2273 legendum
1265 2235 1400 2273 Augures
1435 2234 1549 2264 Publici
1583 2232 1687 2272 populi
1715 2230 1850 2261 Romam,

993 2289 1031 2307 ex
1051 2278 1118 2307 loco
1141 2279 1228 2307 simili
1248 2278 1280 2306 in
1295 2277 1438 2306 Publicus
1459 2287 1535 2315 ager.
1565 2277 1644 2304 Urs.
1665 2287 1706 2295 ’-
1736 2269 1764 2309 4)
1794 2268 1850 2297 Ob-

992 2320 1121 2360 iuram]
1151 2321 1226 2351 Vide
1255 2320 1286 2349 in
1319 2321 1421 2351 Obitu.
1463 2321 1543 2349 Urs.
1578 2333 1620 2340 —
1660 2314 1689 2354 6)
1719 2314 1855 2342 Ommene

992 2364 1089 2403 tanam]
1116 2364 1250 2392 Placidus
1271 2363 1302 2391 in
1325 2363 1448 2393 Glossis.
1493 2362 1678 2395 Ommentat,
1710 2357 1856 2396 expectat-

992 2406 1105 2436 dictum
1129 2418 1145 2435 a
1167 2406 1347 2443 mantando,
1368 2406 1388 2435 i.
1411 2405 1464 2434 diu
1486 2403 1642 2433 manendo.
1674 2401 1750 2428 Πνε.
