<?xml version="1.0" encoding="UTF-8"?>
<!DOCTYPE html PUBLIC "-//W3C//DTD XHTML 1.0 Transitional//EN"
    "http://www.w3.org/TR/xhtml1/DTD/xhtml1-transitional.dtd">
<html xmlns="http://www.w3.org/1999/xhtml" xml:lang="en" lang="en">
 <head>
  <title>
</title>
<meta http-equiv="Content-Type" content="text/html;charset=utf-8" />
  <meta name='ocr-system' content='tesseract 3.04.00' />
  <meta name='ocr-capabilities' content='ocr_page ocr_carea ocr_par ocr_line ocrx_word'/>
</head>
<body>
  <div class='ocr_page' id='page_1' title='image "./corpusgrammatico01linduoft_0203.png"; bbox 0 0 2263 2668; ppageno 0'>
   <div class='ocr_carea' id='block_1_1' title="bbox 947 131 2037 181">
    <p class='ocr_par' dir='ltr' id='par_1_1' title="bbox 947 131 2037 181">
     <span class='ocr_line' id='line_1_1' title="bbox 947 131 2037 181; baseline 0.003 -17"><span class='ocrx_word' id='word_1_1' title='bbox 947 131 1094 165; x_wconf 84' lang='lat' dir='ltr'>LIBER</span> <span class='ocrx_word' id='word_1_2' title='bbox 1145 132 1188 165; x_wconf 89' lang='lat' dir='ltr'><em>II.</em></span> <span class='ocrx_word' id='word_1_3' title='bbox 1962 145 2037 181; x_wconf 66' lang='lat'><em>187</em></span> 
     </span>
    </p>
   </div>
   <div class='ocr_carea' id='block_1_2' title="bbox 89 223 2036 1112">
    <p class='ocr_par' dir='ltr' id='par_1_2' title="bbox 90 223 2036 531">
     <span class='ocr_line' id='line_1_2' title="bbox 92 223 2035 281; baseline 0.003 -17"><span class='ocrx_word' id='word_1_4' title='bbox 92 241 167 264; x_wconf 85' lang='lat' dir='ltr'><em>mae</em></span> <span class='ocrx_word' id='word_1_5' title='bbox 193 223 272 262; x_wconf 85' lang='lat' dir='ltr'><em>est¹⁵</em></span> <span class='ocrx_word' id='word_1_6' title='bbox 299 226 556 272; x_wconf 80' lang='lat' dir='ltr'><em>coniugationis‚</em></span> <span class='ocrx_word' id='word_1_7' title='bbox 583 229 619 258; x_wconf 86' lang='lat' dir='ltr'><em>ut</em></span> <span class='ocrx_word' id='word_1_8' title='bbox 646 227 806 271; x_wconf 78' lang='lat' dir='ltr'><em>appello,</em></span> <span class='ocrx_word' id='word_1_9' title='bbox 834 238 884 260; x_wconf 82' lang='lat' dir='ltr'><em>os.</em></span> <span class='ocrx_word' id='word_1_10' title='bbox 911 225 1014 259; x_wconf 87' lang='lat' dir='ltr'><em>Bello</em></span> <span class='ocrx_word' id='word_1_11' title='bbox 1041 229 1152 258; x_wconf 89' lang='lat' dir='ltr'><em>autem</em></span> <span class='ocrx_word' id='word_1_12' title='bbox 1181 225 1309 267; x_wconf 79' lang='lat' dir='ltr'><em>bellas,</em></span> <span class='ocrx_word' id='word_1_13' title='bbox 1336 230 1441 271; x_wconf 78' lang='lat' dir='ltr'><em>vallo,</em></span> <span class='ocrx_word' id='word_1_14' title='bbox 1469 232 1629 274; x_wconf 78' lang='lat' dir='ltr'><em>scintille,</em></span> <span class='ocrx_word' id='word_1_15' title='bbox 1655 234 1793 275; x_wconf 77' lang='lat' dir='ltr'><em>vacillo,</em></span> <span class='ocrx_word' id='word_1_16' title='bbox 1821 236 1924 278; x_wconf 84' lang='lat' dir='ltr'><em>stillo,</em></span> <span class='ocrx_word' id='word_1_17' title='bbox 1951 236 2035 281; x_wconf 67' lang='lat'><em>113¹,</em></span> 
     </span>
     <span class='ocr_line' id='line_1_3' title="bbox 91 277 2036 331; baseline -0.006 -17"><span class='ocrx_word' id='word_1_18' title='bbox 91 277 166 315; x_wconf 71' lang='grc' dir='ltr'><em>ιιῑΠ</em></span> <span class='ocrx_word' id='word_1_19' title='bbox 192 292 211 313; x_wconf 83' lang='lat' dir='ltr'><em>a</em></span> <span class='ocrx_word' id='word_1_20' title='bbox 236 279 422 312; x_wconf 88' lang='lat' dir='ltr'><em>nominibus</em></span> <span class='ocrx_word' id='word_1_21' title='bbox 456 277 600 319; x_wconf 80' lang='lat' dir='ltr'><em>bellum,</em></span> <span class='ocrx_word' id='word_1_22' title='bbox 634 278 785 320; x_wconf 79' lang='lat' dir='ltr'><em>vallam,</em></span> <span class='ocrx_word' id='word_1_23' title='bbox 817 278 1001 316; x_wconf 74' lang='lat' dir='ltr'><em>vacillum,</em></span> <span class='ocrx_word' id='word_1_24' title='bbox 1036 277 1207 319; x_wconf 80' lang='lat' dir='ltr'><em>scintilla,</em></span> <span class='ocrx_word' id='word_1_25' title='bbox 1242 279 1338 312; x_wconf 83' lang='lat' dir='ltr'><em>stilla</em></span> <span class='ocrx_word' id='word_1_26' title='bbox 1355 277 1389 321; x_wconf 57' lang='lat'><em>¹⁵,</em></span> <span class='ocrx_word' id='word_1_27' title='bbox 1424 282 1588 325; x_wconf 78' lang='lat' dir='ltr'><em>derivata,</em></span> <span class='ocrx_word' id='word_1_28' title='bbox 1630 286 1779 329; x_wconf 86' lang='lat' dir='ltr'><em>generali</em></span> <span class='ocrx_word' id='word_1_29' title='bbox 1814 289 1932 331; x_wconf 71' lang='lat' dir='ltr'><em>regula</em></span> <span class='ocrx_word' id='word_1_30' title='bbox 1965 291 2036 324; x_wconf 64' lang='lat' dir='ltr'><strong>iure</strong></span> 
     </span>
     <span class='ocr_line' id='line_1_4' title="bbox 90 326 2034 387; baseline 0.001 -22"><span class='ocrx_word' id='word_1_31' title='bbox 90 332 219 377; x_wconf 83' lang='lat' dir='ltr'>primae</span> <span class='ocrx_word' id='word_1_32' title='bbox 245 336 318 364; x_wconf 85' lang='lat' dir='ltr'><em>sunt</em></span> <span class='ocrx_word' id='word_1_33' title='bbox 335 326 368 362; x_wconf 77' lang='lat'><em>¹⁹.</em></span> <span class='ocrx_word' id='word_1_34' title='bbox 418 329 458 362; x_wconf 91' lang='lat' dir='ltr'><em>In</em></span> <span class='ocrx_word' id='word_1_35' title='bbox 484 329 538 362; x_wconf 81' lang='lat' dir='ltr'><em>lor</em></span> <span class='ocrx_word' id='word_1_36' title='bbox 559 339 695 372; x_wconf 88' lang='lat' dir='ltr'><em>quoque</em></span> <span class='ocrx_word' id='word_1_37' title='bbox 722 330 903 363; x_wconf 80' lang='lat' dir='ltr'><em>desinentia</em></span> <span class='ocrx_word' id='word_1_38' title='bbox 928 328 1056 373; x_wconf 81' lang='lat' dir='ltr'>primae</span> <span class='ocrx_word' id='word_1_39' title='bbox 1091 334 1165 362; x_wconf 88' lang='lat' dir='ltr'><em>sunt</em></span> <span class='ocrx_word' id='word_1_40' title='bbox 1200 329 1330 371; x_wconf 85' lang='lat' dir='ltr'><em>omnia,</em></span> <span class='ocrx_word' id='word_1_41' title='bbox 1365 337 1402 364; x_wconf 88' lang='lat' dir='ltr'><em>ut</em></span> <span class='ocrx_word' id='word_1_42' title='bbox 1422 335 1548 378; x_wconf 78' lang='lat' dir='ltr'><em>palor,</em></span> <span class='ocrx_word' id='word_1_43' title='bbox 1581 337 1670 370; x_wconf 91' lang='lat' dir='ltr'><em>unde</em></span> <span class='ocrx_word' id='word_1_44' title='bbox 1696 337 1728 369; x_wconf 89' lang='lat' dir='ltr'><em>in</em></span> <span class='ocrx_word' id='word_1_45' title='bbox 1750 337 1790 370; x_wconf 90' lang='lat' dir='ltr'><em>V.</em></span> <span class='ocrx_word' id='word_1_46' title='bbox 1820 338 1893 372; x_wconf 87' lang='lat' dir='ltr'><em>libr.</em></span> <span class='ocrx_word' id='word_1_47' title='bbox 1921 341 2034 387; x_wconf 62' lang='lat' dir='ltr'><em>Virgi-</em></span> 
     </span>
     <span class='ocr_line' id='line_1_5' title="bbox 91 379 1715 416; baseline -0.004 0"><span class='ocrx_word' id='word_1_48' title='bbox 91 384 155 416; x_wconf 86' lang='lat' dir='ltr'><em>lius</em></span> <span class='ocrx_word' id='word_1_49' title='bbox 196 383 276 415; x_wconf 78' lang='lat' dir='ltr'><em>dixit</em></span> <span class='ocrx_word' id='word_1_50' title='bbox 289 379 331 414; x_wconf 85' lang='lat'><em>²⁰:</em></span> <span class='ocrx_word' id='word_1_51' title='bbox 1707 391 1715 401; x_wconf 73' lang='lat'>⁵</span> 
     </span>
     <span class='ocr_line' id='line_1_6' title="bbox 315 430 796 477; baseline -0.002 -12"><span class='ocrx_word' id='word_1_52' title='bbox 315 432 483 477; x_wconf 80' lang='lat' dir='ltr'><em>palantes</em></span> <span class='ocrx_word' id='word_1_53' title='bbox 512 430 624 464; x_wconf 80' lang='lat' dir='ltr'><em>Troas</em></span> <span class='ocrx_word' id='word_1_54' title='bbox 651 431 796 477; x_wconf 79' lang='lat' dir='ltr'><em>agebat.</em></span> 
     </span>
     <span class='ocr_line' id='line_1_7' title="bbox 92 481 1862 531; baseline -0.005 -12"><span class='ocrx_word' id='word_1_55' title='bbox 92 484 299 519; x_wconf 79' lang='lat' dir='ltr'><em>Praestolor</em></span> <span class='ocrx_word' id='word_1_56' title='bbox 313 481 348 526; x_wconf 86' lang='lat'><em>²¹,</em></span> <span class='ocrx_word' id='word_1_57' title='bbox 364 482 533 528; x_wconf 76' lang='lat' dir='ltr'><em>fabulor,</em></span> <span class='ocrx_word' id='word_1_58' title='bbox 560 483 714 525; x_wconf 77' lang='lat' dir='ltr'><em>osculor,</em></span> <span class='ocrx_word' id='word_1_59' title='bbox 741 482 887 523; x_wconf 81' lang='lat' dir='ltr'><em>adulor,</em></span> <span class='ocrx_word' id='word_1_60' title='bbox 913 481 1078 526; x_wconf 83' lang='lat' dir='ltr'><em>regulor,</em></span> <span class='ocrx_word' id='word_1_61' title='bbox 1105 481 1282 523; x_wconf 80' lang='lat' dir='ltr'><em>aemulor,</em></span> <span class='ocrx_word' id='word_1_62' title='bbox 1310 483 1432 527; x_wconf 76' lang='lat' dir='ltr'><em>epulor</em></span> <span class='ocrx_word' id='word_1_63' title='bbox 1448 481 1482 526; x_wconf 75' lang='lat'><em>²²,</em></span> <span class='ocrx_word' id='word_1_64' title='bbox 1508 489 1691 531; x_wconf 76' lang='lat' dir='ltr'><em>gratulor,</em></span> <span class='ocrx_word' id='word_1_65' title='bbox 1718 491 1862 525; x_wconf 52' lang='lat' dir='ltr'><em>iaculo„</em></span> 
     </span>
    </p>

    <p class='ocr_par' dir='ltr' id='par_1_3' title="bbox 89 550 2034 1112">
     <span class='ocr_line' id='line_1_8' title="bbox 257 550 2034 600; baseline 0.005 -15"><span class='ocrx_word' id='word_1_66' title='bbox 257 551 290 585; x_wconf 77' lang='grc'><em>9.</em></span> <span class='ocrx_word' id='word_1_67' title='bbox 343 551 380 583; x_wconf 91' lang='lat' dir='ltr'><em>In</em></span> <span class='ocrx_word' id='word_1_68' title='bbox 407 562 463 584; x_wconf 87' lang='lat' dir='ltr'><em>mo</em></span> <span class='ocrx_word' id='word_1_69' title='bbox 489 551 690 591; x_wconf 77' lang='lat' dir='ltr'><em>desinentia,</em></span> <span class='ocrx_word' id='word_1_70' title='bbox 718 562 914 594; x_wconf 89' lang='lat' dir='ltr'><em>quacunque</em></span> <span class='ocrx_word' id='word_1_71' title='bbox 939 550 1049 583; x_wconf 84' lang='lat' dir='ltr'><em>vocali</em></span> <span class='ocrx_word' id='word_1_72' title='bbox 1076 561 1133 583; x_wconf 87' lang='lat' dir='ltr'><em>seu</em></span> <span class='ocrx_word' id='word_1_73' title='bbox 1160 555 1360 583; x_wconf 79' lang='lat' dir='ltr'>consonante</span> <span class='ocrx_word' id='word_1_74' title='bbox 1385 555 1592 597; x_wconf 84' lang='lat' dir='ltr'><em>praeposita,</em></span> <span class='ocrx_word' id='word_1_75' title='bbox 1625 557 1790 600; x_wconf 83' lang='lat' dir='ltr'><em>primitiva</em></span> <span class='ocrx_word' id='word_1_76' title='bbox 1817 572 1874 593; x_wconf 86' lang='lat' dir='ltr'><em>seu</em></span> <span class='ocrx_word' id='word_1_77' title='bbox 1901 560 2034 594; x_wconf 77' lang='lat' dir='ltr'><em>deriva-</em></span> 
     </span>
     <span class='ocr_line' id='line_1_9' title="bbox 91 599 2032 656; baseline 0.013 -37"><span class='ocrx_word' id='word_1_78' title='bbox 91 605 158 637; x_wconf 57' lang='lat' dir='ltr'><strong>tiva</strong></span> <span class='ocrx_word' id='word_1_79' title='bbox 182 603 311 648; x_wconf 65' lang='lat' dir='ltr'>Primae</span> <span class='ocrx_word' id='word_1_80' title='bbox 338 608 410 635; x_wconf 67' lang='lat' dir='ltr'><strong>sunt</strong></span> <span class='ocrx_word' id='word_1_81' title='bbox 436 603 677 647; x_wconf 62' lang='lat' dir='ltr'><strong>conjugat-mnis</strong></span> <span class='ocrx_word' id='word_1_82' title='bbox 694 599 735 635; x_wconf 80' lang='lat'><em>23:</em></span> <span class='ocrx_word' id='word_1_83' title='bbox 769 614 864 643; x_wconf 83' lang='lat' dir='ltr'><em>anm,</em></span> <span class='ocrx_word' id='word_1_84' title='bbox 899 602 1031 642; x_wconf 79' lang='lat' dir='ltr'><em>clamo,</em></span> <span class='ocrx_word' id='word_1_85' title='bbox 1071 601 1232 642; x_wconf 81' lang='lat' dir='ltr'><em>aestimo,</em></span> <span class='ocrx_word' id='word_1_86' title='bbox 1269 602 1390 644; x_wconf 85' lang='lat' dir='ltr'><em>domo,</em></span> <span class='ocrx_word' id='word_1_87' title='bbox 1425 604 1544 646; x_wconf 76' lang='lat' dir='ltr'><em>Immo,</em></span> <span class='ocrx_word' id='word_1_88' title='bbox 1583 611 1740 650; x_wconf 78' lang='lat' dir='ltr'><em>autumo,</em></span> <span class='ocrx_word' id='word_1_89' title='bbox 1768 611 1897 649; x_wconf 81' lang='lat' dir='ltr'><em>hiemo,</em></span> <span class='ocrx_word' id='word_1_90' title='bbox 1914 611 2032 656; x_wconf 79' lang='lat' dir='ltr'><em>fiimo,</em></span> 
     </span>
     <span class='ocr_line' id='line_1_10' title="bbox 90 653 2029 700; baseline 0.004 -13"><span class='ocrx_word' id='word_1_91' title='bbox 90 665 231 700; x_wconf 78' lang='lat' dir='ltr'><em>spuma,</em></span> <span class='ocrx_word' id='word_1_92' title='bbox 260 653 426 700; x_wconf 85' lang='lat' dir='ltr'><em>flammo,</em></span> <span class='ocrx_word' id='word_1_93' title='bbox 463 664 583 695; x_wconf 81' lang='lat' dir='ltr'><em>armo,</em></span> <span class='ocrx_word' id='word_1_94' title='bbox 618 654 783 694; x_wconf 81' lang='lat' dir='ltr'><em>lacrimo,</em></span> <span class='ocrx_word' id='word_1_95' title='bbox 812 653 936 699; x_wconf 80' lang='lat' dir='ltr'><em>firmo,</em></span> <span class='ocrx_word' id='word_1_96' title='bbox 970 653 1028 685; x_wconf 91' lang='lat' dir='ltr'><em>nisi</em></span> <span class='ocrx_word' id='word_1_97' title='bbox 1062 653 1136 685; x_wconf 74' lang='lat' dir='ltr'><em>sint</em></span> <span class='ocrx_word' id='word_1_98' title='bbox 1156 653 1321 697; x_wconf 79' lang='lat' dir='ltr'><em>primitiva</em></span> <span class='ocrx_word' id='word_1_99' title='bbox 1355 666 1373 687; x_wconf 88' lang='lat' dir='ltr'><em>e</em></span> <span class='ocrx_word' id='word_1_100' title='bbox 1398 655 1532 689; x_wconf 79' lang='lat' dir='ltr'><em>brevem</em></span> <span class='ocrx_word' id='word_1_101' title='bbox 1567 658 1741 697; x_wconf 79' lang='lat' dir='ltr'>habentia:</span> <span class='ocrx_word' id='word_1_102' title='bbox 1768 668 1845 696; x_wconf 89' lang='lat' dir='ltr'><em>tunc</em></span> <span class='ocrx_word' id='word_1_103' title='bbox 1862 660 1887 679; x_wconf 71' lang='lat'><em>²⁴</em></span> <span class='ocrx_word' id='word_1_104' title='bbox 1914 665 2029 697; x_wconf 75' lang='lat' dir='ltr'><em>tertiae</em></span> 
     </span>
     <span class='ocr_line' id='line_1_11' title="bbox 91 701 2029 755; baseline 0.004 -16"><span class='ocrx_word' id='word_1_105' title='bbox 91 711 164 739; x_wconf 78' lang='lat' dir='ltr'><em>sunt</em></span> <span class='ocrx_word' id='word_1_106' title='bbox 192 705 451 750; x_wconf 72' lang='lat' dir='ltr'><em>coniugationiS,</em></span> <span class='ocrx_word' id='word_1_107' title='bbox 478 711 514 738; x_wconf 92' lang='lat' dir='ltr'><em>ut</em></span> <span class='ocrx_word' id='word_1_108' title='bbox 541 717 632 747; x_wconf 85' lang='lat' dir='ltr'><em>emo,</em></span> <span class='ocrx_word' id='word_1_109' title='bbox 666 706 713 746; x_wconf 84' lang='lat' dir='ltr'><em>is,</em></span> <span class='ocrx_word' id='word_1_110' title='bbox 747 716 869 751; x_wconf 86' lang='lat' dir='ltr'><em>gemo,</em></span> <span class='ocrx_word' id='word_1_111' title='bbox 896 705 942 745; x_wconf 82' lang='lat' dir='ltr'><em>is,</em></span> <span class='ocrx_word' id='word_1_112' title='bbox 971 715 1114 749; x_wconf 77' lang='lat' dir='ltr'><em>premo,</em></span> <span class='ocrx_word' id='word_1_113' title='bbox 1142 708 1251 737; x_wconf 79' lang='lat' dir='ltr'><em>tremo</em></span> <span class='ocrx_word' id='word_1_114' title='bbox 1264 701 1297 739; x_wconf 63' lang='lat'><em>²³.</em></span> <span class='ocrx_word' id='word_1_115' title='bbox 1350 706 1491 739; x_wconf 81' lang='lat' dir='ltr'><em>Notatur</em></span> <span class='ocrx_word' id='word_1_116' title='bbox 1517 709 1642 752; x_wconf 81' lang='lat' dir='ltr'><em>primae</em></span> <span class='ocrx_word' id='word_1_117' title='bbox 1661 708 1686 729; x_wconf 77' lang='lat'><em>²⁶</em></span> <span class='ocrx_word' id='word_1_118' title='bbox 1713 724 1846 755; x_wconf 80' lang='lat' dir='ltr'><em>cremo,</em></span> <span class='ocrx_word' id='word_1_119' title='bbox 1882 725 2029 750; x_wconf 73' lang='lat' dir='ltr'><em>cremas.</em></span> 
     </span>
     <span class='ocr_line' id='line_1_12' title="bbox 90 752 2031 805; baseline 0 -15"><span class='ocrx_word' id='word_1_120' title='bbox 90 757 118 791; x_wconf 95' lang='lat' dir='ltr'><strong><em>I</em></strong></span> <span class='ocrx_word' id='word_1_121' title='bbox 138 769 273 801; x_wconf 84' lang='lat' dir='ltr'><em>quoque</em></span> <span class='ocrx_word' id='word_1_122' title='bbox 299 757 392 789; x_wconf 81' lang='lat' dir='ltr'><em>brevi</em></span> <span class='ocrx_word' id='word_1_123' title='bbox 406 753 431 773; x_wconf 75' lang='lat'><em>²²</em></span> <span class='ocrx_word' id='word_1_124' title='bbox 459 761 532 790; x_wconf 85' lang='lat' dir='ltr'><em>ante</em></span> <span class='ocrx_word' id='word_1_125' title='bbox 557 769 614 790; x_wconf 87' lang='lat' dir='ltr'><em>mo</em></span> <span class='ocrx_word' id='word_1_126' title='bbox 640 757 797 790; x_wconf 85' lang='lat' dir='ltr'><em>habentia</em></span> <span class='ocrx_word' id='word_1_127' title='bbox 822 757 950 801; x_wconf 83' lang='lat' dir='ltr'><em>primae</em></span> <span class='ocrx_word' id='word_1_128' title='bbox 976 760 1064 798; x_wconf 82' lang='lat' dir='ltr'><em>sunt,</em></span> <span class='ocrx_word' id='word_1_129' title='bbox 1097 760 1133 788; x_wconf 88' lang='lat' dir='ltr'><em>ut</em></span> <span class='ocrx_word' id='word_1_130' title='bbox 1160 757 1304 789; x_wconf 81' lang='lat' dir='ltr'><em>aestimo</em></span> <span class='ocrx_word' id='word_1_131' title='bbox 1319 752 1354 798; x_wconf 61' lang='lat'><em>²⁶³,</em></span> <span class='ocrx_word' id='word_1_132' title='bbox 1390 758 1560 801; x_wconf 79' lang='lat' dir='ltr'><em>lacrimo,</em></span> <span class='ocrx_word' id='word_1_133' title='bbox 1598 763 1756 796; x_wconf 71' lang='grc' dir='ltr'><em>ωἰιηίηιο</em></span> <span class='ocrx_word' id='word_1_134' title='bbox 1773 761 1817 805; x_wconf 80' lang='lat'><em>²⁹,</em></span> <span class='ocrx_word' id='word_1_135' title='bbox 1850 765 1909 797; x_wconf 75' lang='lat' dir='ltr'><em>nisi</em></span> <span class='ocrx_word' id='word_1_136' title='bbox 1936 777 2031 799; x_wconf 74' lang='lat' dir='ltr'><em>com-</em></span> 
     </span>
     <span class='ocr_line' id='line_1_13' title="bbox 89 807 2029 863; baseline 0.004 -21"><span class='ocrx_word' id='word_1_137' title='bbox 89 809 202 854; x_wconf 86' lang='lat' dir='ltr'><em>posita</em></span> <span class='ocrx_word' id='word_1_138' title='bbox 228 809 305 852; x_wconf 84' lang='lat' dir='ltr'><em>sint,</em></span> <span class='ocrx_word' id='word_1_139' title='bbox 341 819 380 841; x_wconf 85' lang='lat' dir='ltr'><em>ex</em></span> <span class='ocrx_word' id='word_1_140' title='bbox 406 807 458 841; x_wconf 90' lang='lat' dir='ltr'><em>his</em></span> <span class='ocrx_word' id='word_1_141' title='bbox 492 820 577 851; x_wconf 89' lang='lat' dir='ltr'><em>quae</em></span> <span class='ocrx_word' id='word_1_142' title='bbox 605 820 623 841; x_wconf 89' lang='lat' dir='ltr'><em>e</em></span> <span class='ocrx_word' id='word_1_143' title='bbox 647 814 721 841; x_wconf 89' lang='lat' dir='ltr'><em>ante</em></span> <span class='ocrx_word' id='word_1_144' title='bbox 747 820 803 841; x_wconf 85' lang='lat' dir='ltr'><em>mo</em></span> <span class='ocrx_word' id='word_1_145' title='bbox 831 808 954 841; x_wconf 87' lang='lat' dir='ltr'><em>habent</em></span> <span class='ocrx_word' id='word_1_146' title='bbox 978 808 1012 840; x_wconf 91' lang='lat' dir='ltr'><em>in</em></span> <span class='ocrx_word' id='word_1_147' title='bbox 1038 807 1267 852; x_wconf 83' lang='lat' dir='ltr'><em>simplicitate,</em></span> <span class='ocrx_word' id='word_1_148' title='bbox 1303 812 1335 840; x_wconf 85' lang='lat' dir='ltr'><em>et</em></span> <span class='ocrx_word' id='word_1_149' title='bbox 1361 809 1393 841; x_wconf 92' lang='lat' dir='ltr'><em>in</em></span> <span class='ocrx_word' id='word_1_150' title='bbox 1420 812 1659 855; x_wconf 73' lang='lat' dir='ltr'><em>compositione</em></span> <span class='ocrx_word' id='word_1_151' title='bbox 1686 827 1759 848; x_wconf 87' lang='lat' dir='ltr'><em>eam</em></span> <span class='ocrx_word' id='word_1_152' title='bbox 1787 817 1885 849; x_wconf 87' lang='lat' dir='ltr'><em>etiam</em></span> <span class='ocrx_word' id='word_1_153' title='bbox 1897 815 2029 863; x_wconf 70' lang='lat'>[2160]</span> 
     </span>
     <span class='ocr_line' id='line_1_14' title="bbox 89 856 2031 912; baseline 0.004 -18"><span class='ocrx_word' id='word_1_154' title='bbox 89 861 125 894; x_wconf 86' lang='lat' dir='ltr'><em>in</em></span> <span class='ocrx_word' id='word_1_155' title='bbox 150 861 163 893; x_wconf 80' lang='grc' dir='ltr'><strong><em>ἱ</em></strong></span> <span class='ocrx_word' id='word_1_156' title='bbox 188 865 398 894; x_wconf 85' lang='lat' dir='ltr'><em>mutaverunt</em></span> <span class='ocrx_word' id='word_1_157' title='bbox 413 856 452 899; x_wconf 79' lang='grc'><em>30;</em></span> <span class='ocrx_word' id='word_1_158' title='bbox 479 865 556 894; x_wconf 87' lang='lat' dir='ltr'><em>tunc</em></span> <span class='ocrx_word' id='word_1_159' title='bbox 569 856 592 877; x_wconf 79' lang='lat'><em>³¹</em></span> <span class='ocrx_word' id='word_1_160' title='bbox 622 860 708 893; x_wconf 91' lang='lat' dir='ltr'><em>enim</em></span> <span class='ocrx_word' id='word_1_161' title='bbox 734 861 833 893; x_wconf 86' lang='lat' dir='ltr'><em>solius</em></span> <span class='ocrx_word' id='word_1_162' title='bbox 859 859 973 892; x_wconf 83' lang='lat' dir='ltr'><em>tertiae</em></span> <span class='ocrx_word' id='word_1_163' title='bbox 1000 863 1072 892; x_wconf 89' lang='lat' dir='ltr'><em>sunt</em></span> <span class='ocrx_word' id='word_1_164' title='bbox 1099 859 1356 903; x_wconf 75' lang='lat' dir='ltr'><em>coniugationis,</em></span> <span class='ocrx_word' id='word_1_165' title='bbox 1384 865 1419 892; x_wconf 92' lang='lat' dir='ltr'><em>ut</em></span> <span class='ocrx_word' id='word_1_166' title='bbox 1445 864 1652 907; x_wconf 75' lang='lat' dir='ltr'><em>comprimo⁷</em></span> <span class='ocrx_word' id='word_1_167' title='bbox 1679 867 1727 907; x_wconf 84' lang='lat' dir='ltr'><em>is,</em></span> <span class='ocrx_word' id='word_1_168' title='bbox 1754 869 1928 912; x_wconf 71' lang='lat' dir='ltr'><em>exprimo,</em></span> <span class='ocrx_word' id='word_1_169' title='bbox 1955 869 2031 909; x_wconf 79' lang='lat' dir='ltr'><em>mis,</em></span> 
     </span>
     <span class='ocr_line' id='line_1_15' title="bbox 89 906 2032 961; baseline 0.004 -16"><span class='ocrx_word' id='word_1_170' title='bbox 89 912 268 953; x_wconf 76' lang='lat' dir='ltr'><em>interimo,</em></span> <span class='ocrx_word' id='word_1_171' title='bbox 295 912 377 952; x_wconf 84' lang='lat' dir='ltr'><em>mis,</em></span> <span class='ocrx_word' id='word_1_172' title='bbox 404 912 542 950; x_wconf 80' lang='lat' dir='ltr'><em>adimo,</em></span> <span class='ocrx_word' id='word_1_173' title='bbox 570 911 698 945; x_wconf 84' lang='lat' dir='ltr'><em>dirimo</em></span> <span class='ocrx_word' id='word_1_174' title='bbox 712 906 745 943; x_wconf 73' lang='lat'><em>³²¹.</em></span> <span class='ocrx_word' id='word_1_175' title='bbox 798 912 836 944; x_wconf 89' lang='lat' dir='ltr'><em>In</em></span> <span class='ocrx_word' id='word_1_176' title='bbox 863 911 979 954; x_wconf 87' lang='lat' dir='ltr'><em>quibus</em></span> <span class='ocrx_word' id='word_1_177' title='bbox 1005 915 1160 943; x_wconf 78' lang='lat' dir='ltr'><em>notantur</em></span> <span class='ocrx_word' id='word_1_178' title='bbox 1193 911 1312 954; x_wconf 78' lang='lat' dir='ltr'><em>demo,</em></span> <span class='ocrx_word' id='word_1_179' title='bbox 1339 912 1447 945; x_wconf 77' lang='lat' dir='ltr'><em>demis</em></span> <span class='ocrx_word' id='word_1_180' title='bbox 1456 927 1468 957; x_wconf 69' lang='lat'><em>,-</em></span> <span class='ocrx_word' id='word_1_181' title='bbox 1489 925 1636 958; x_wconf 78' lang='lat' dir='ltr'><em>promo,</em></span> <span class='ocrx_word' id='word_1_182' title='bbox 1662 918 1742 958; x_wconf 81' lang='lat' dir='ltr'><em>mis,</em></span> <span class='ocrx_word' id='word_1_183' title='bbox 1769 930 1855 961; x_wconf 83' lang='lat' dir='ltr'><em>quae</em></span> <span class='ocrx_word' id='word_1_184' title='bbox 1871 916 1896 936; x_wconf 69' lang='lat'><em>³²</em></span> <span class='ocrx_word' id='word_1_185' title='bbox 1922 920 1963 952; x_wconf 88' lang='lat' dir='ltr'><em>ab</em></span> <span class='ocrx_word' id='word_1_186' title='bbox 1991 931 2032 953; x_wconf 89' lang='lat' dir='ltr'><em>eo</em></span> 
     </span>
     <span class='ocr_line' id='line_1_16' title="bbox 90 962 2033 1015; baseline 0.004 -19"><span class='ocrx_word' id='word_1_187' title='bbox 90 963 185 1006; x_wconf 87' lang='lat' dir='ltr'><em>quod</em></span> <span class='ocrx_word' id='word_1_188' title='bbox 213 968 261 996; x_wconf 87' lang='lat' dir='ltr'><em>est</em></span> <span class='ocrx_word' id='word_1_189' title='bbox 287 973 380 1003; x_wconf 83' lang='lat' dir='ltr'><em>emo,</em></span> <span class='ocrx_word' id='word_1_190' title='bbox 408 963 590 996; x_wconf 84' lang='lat' dir='ltr'><em>secundum</em></span> <span class='ocrx_word' id='word_1_191' title='bbox 616 962 780 1006; x_wconf 81' lang='lat' dir='ltr'><em>quosdam</em></span> <span class='ocrx_word' id='word_1_192' title='bbox 807 962 1009 1007; x_wconf 84' lang='lat' dir='ltr'><em>composita,</em></span> <span class='ocrx_word' id='word_1_193' title='bbox 1036 962 1280 1007; x_wconf 82' lang='lat' dir='ltr'><em>longitudinem</em></span> <span class='ocrx_word' id='word_1_194' title='bbox 1311 966 1567 1007; x_wconf 81' lang='lat' dir='ltr'><em>praepositionis</em></span> <span class='ocrx_word' id='word_1_195' title='bbox 1592 975 1816 1013; x_wconf 68' lang='lat' dir='ltr'><em>servaverunt,</em></span> <span class='ocrx_word' id='word_1_196' title='bbox 1843 970 1925 1003; x_wconf 86' lang='lat' dir='ltr'><em>sicut</em></span> <span class='ocrx_word' id='word_1_197' title='bbox 1944 982 2033 1015; x_wconf 78' lang='lat' dir='ltr'><em>per-</em></span> 
     </span>
     <span class='ocr_line' id='line_1_17' title="bbox 89 1011 2032 1060; baseline 0.004 -12"><span class='ocrx_word' id='word_1_198' title='bbox 89 1015 176 1058; x_wconf 76' lang='lat' dir='ltr'><em>imo,</em></span> <span class='ocrx_word' id='word_1_199' title='bbox 207 1015 354 1060; x_wconf 78' lang='lat' dir='ltr'><em>perimis</em></span> <span class='ocrx_word' id='word_1_200' title='bbox 380 1015 575 1047; x_wconf 77' lang='lat' dir='ltr'><em>brevitatem</em></span> <span class='ocrx_word' id='word_1_201' title='bbox 593 1011 634 1053; x_wconf 79' lang='lat'><em>³⁴3</em></span> <span class='ocrx_word' id='word_1_202' title='bbox 661 1014 860 1057; x_wconf 87' lang='lat' dir='ltr'><em>quibusdam</em></span> <span class='ocrx_word' id='word_1_203' title='bbox 896 1025 961 1046; x_wconf 92' lang='lat' dir='ltr'><em>non</em></span> <span class='ocrx_word' id='word_1_204' title='bbox 988 1014 1030 1047; x_wconf 88' lang='lat' dir='ltr'><em>ab</em></span> <span class='ocrx_word' id='word_1_205' title='bbox 1057 1025 1098 1046; x_wconf 91' lang='lat' dir='ltr'><em>eo</em></span> <span class='ocrx_word' id='word_1_206' title='bbox 1124 1013 1276 1047; x_wconf 85' lang='lat' dir='ltr'><em>videntur</em></span> <span class='ocrx_word' id='word_1_207' title='bbox 1303 1016 1489 1059; x_wconf 82' lang='lat' dir='ltr'><em>composita</em></span> <span class='ocrx_word' id='word_1_208' title='bbox 1506 1013 1542 1051; x_wconf 74' lang='lat'><em>³⁵.</em></span> <span class='ocrx_word' id='word_1_209' title='bbox 1597 1018 1703 1052; x_wconf 82' lang='lat' dir='ltr'><em>Sumo</em></span> <span class='ocrx_word' id='word_1_210' title='bbox 1729 1021 1807 1054; x_wconf 85' lang='lat' dir='ltr'><em>item</em></span> <span class='ocrx_word' id='word_1_211' title='bbox 1833 1022 1940 1054; x_wconf 84' lang='lat' dir='ltr'><em>solum</em></span> <span class='ocrx_word' id='word_1_212' title='bbox 1965 1028 2032 1055; x_wconf 87' lang='lat' dir='ltr'><em>ter-</em></span> 
     </span>
     <span class='ocr_line' id='line_1_18' title="bbox 90 1065 2032 1112; baseline 0.004 -13"><span class='ocrx_word' id='word_1_213' title='bbox 90 1066 156 1099; x_wconf 83' lang='lat' dir='ltr'><em>tiae</em></span> <span class='ocrx_word' id='word_1_214' title='bbox 182 1065 423 1111; x_wconf 85' lang='lat' dir='ltr'><em>coniugationis</em></span> <span class='ocrx_word' id='word_1_215' title='bbox 441 1066 603 1099; x_wconf 81' lang='lat' dir='ltr'><em>invenitur</em></span> <span class='ocrx_word' id='word_1_216' title='bbox 629 1077 652 1098; x_wconf 84' lang='lat' dir='ltr'><em>u</em></span> <span class='ocrx_word' id='word_1_217' title='bbox 677 1066 814 1110; x_wconf 84' lang='lat' dir='ltr'><em>longam</em></span> <span class='ocrx_word' id='word_1_218' title='bbox 841 1077 987 1106; x_wconf 81' lang='lat' dir='ltr'><em>servans,</em></span> <span class='ocrx_word' id='word_1_219' title='bbox 1024 1065 1107 1099; x_wconf 82' lang='lat' dir='ltr'><em>sicut</em></span> <span class='ocrx_word' id='word_1_220' title='bbox 1138 1076 1237 1098; x_wconf 80' lang='lat' dir='ltr'><em>vomo</em></span> <span class='ocrx_word' id='word_1_221' title='bbox 1272 1077 1291 1099; x_wconf 92' lang='lat' dir='ltr'><em>o</em></span> <span class='ocrx_word' id='word_1_222' title='bbox 1326 1067 1462 1100; x_wconf 84' lang='lat' dir='ltr'><em>brevem</em></span> <span class='ocrx_word' id='word_1_223' title='bbox 1496 1074 1571 1101; x_wconf 87' lang='lat' dir='ltr'><em>ante</em></span> <span class='ocrx_word' id='word_1_224' title='bbox 1604 1081 1658 1102; x_wconf 84' lang='lat' dir='ltr'><em>mo</em></span> <span class='ocrx_word' id='word_1_225' title='bbox 1685 1071 1787 1105; x_wconf 80' lang='lat' dir='ltr'><em>habet</em></span> <span class='ocrx_word' id='word_1_226' title='bbox 1798 1069 1841 1112; x_wconf 63' lang='lat'><em>³53</em></span> <span class='ocrx_word' id='word_1_227' title='bbox 1877 1078 1909 1106; x_wconf 90' lang='lat' dir='ltr'><em>et</em></span> <span class='ocrx_word' id='word_1_228' title='bbox 1935 1084 2032 1107; x_wconf 87' lang='lat' dir='ltr'><em>como</em></span> 
     </span>
    </p>
   </div>
   <div class='ocr_carea' id='block_1_3' title="bbox 89 1114 1717 1214">
    <p class='ocr_par' dir='ltr' id='par_1_4' title="bbox 89 1114 1717 1214">
     <span class='ocr_line' id='line_1_19' title="bbox 89 1114 1717 1162; baseline 0.002 -11"><span class='ocrx_word' id='word_1_229' title='bbox 89 1118 274 1162; x_wconf 85' lang='lat' dir='ltr'><em>penultima</em></span> <span class='ocrx_word' id='word_1_230' title='bbox 299 1118 403 1161; x_wconf 90' lang='lat' dir='ltr'><em>longa</em></span> <span class='ocrx_word' id='word_1_231' title='bbox 430 1129 449 1149; x_wconf 89' lang='lat' dir='ltr'><em>a</em></span> <span class='ocrx_word' id='word_1_232' title='bbox 477 1128 643 1161; x_wconf 78' lang='lat' dir='ltr'><em>compono</em></span> <span class='ocrx_word' id='word_1_233' title='bbox 672 1117 841 1150; x_wconf 89' lang='lat' dir='ltr'><em>concisum</em></span> <span class='ocrx_word' id='word_1_234' title='bbox 856 1114 890 1158; x_wconf 81' lang='lat'><em>³⁷,</em></span> <span class='ocrx_word' id='word_1_235' title='bbox 918 1122 953 1149; x_wconf 92' lang='lat' dir='ltr'><em>ut</em></span> <span class='ocrx_word' id='word_1_236' title='bbox 975 1121 1024 1150; x_wconf 89' lang='lat' dir='ltr'><em>est</em></span> <span class='ocrx_word' id='word_1_237' title='bbox 1051 1117 1141 1160; x_wconf 87' lang='lat' dir='ltr'><em>apud</em></span> <span class='ocrx_word' id='word_1_238' title='bbox 1170 1117 1312 1150; x_wconf 81' lang='lat' dir='ltr'><em>Statium</em></span> <span class='ocrx_word' id='word_1_239' title='bbox 1338 1118 1508 1152; x_wconf 87' lang='lat' dir='ltr'><em>Thebaid.</em></span> <span class='ocrx_word' id='word_1_240' title='bbox 1536 1121 1592 1153; x_wconf 88' lang='lat' dir='ltr'><em>lib.</em></span> <span class='ocrx_word' id='word_1_241' title='bbox 1620 1122 1717 1155; x_wconf 87' lang='lat' dir='ltr'><em>llll.:</em></span> 
     </span>
     <span class='ocr_line' id='line_1_20' title="bbox 322 1166 1362 1214; baseline 0.001 -13"><span class='ocrx_word' id='word_1_242' title='bbox 322 1167 453 1213; x_wconf 77' lang='lat' dir='ltr'><em>Implet</em></span> <span class='ocrx_word' id='word_1_243' title='bbox 479 1179 600 1201; x_wconf 82' lang='lat' dir='ltr'><em>amore</em></span> <span class='ocrx_word' id='word_1_244' title='bbox 625 1168 700 1213; x_wconf 85' lang='lat' dir='ltr'><em>sui;</em></span> <span class='ocrx_word' id='word_1_245' title='bbox 728 1172 865 1201; x_wconf 82' lang='lat' dir='ltr'><em>comunt</em></span> <span class='ocrx_word' id='word_1_246' title='bbox 882 1167 994 1214; x_wconf 84' lang='lat' dir='ltr'><em>furor</em></span> <span class='ocrx_word' id='word_1_247' title='bbox 1028 1168 1152 1213; x_wconf 76' lang='lat' dir='ltr'><em>iraque</em></span> <span class='ocrx_word' id='word_1_248' title='bbox 1187 1169 1313 1202; x_wconf 80' lang='lat' dir='ltr'><em>cristas</em></span> <span class='ocrx_word' id='word_1_249' title='bbox 1327 1166 1362 1202; x_wconf 72' lang='lat'><em>³3.</em></span> 
     </span>
    </p>
   </div>
   <div class='ocr_carea' id='block_1_4' title="bbox 89 1219 588 1266">
    <p class='ocr_par' dir='ltr' id='par_1_5' title="bbox 89 1219 588 1266">
     <span class='ocr_line' id='line_1_21' title="bbox 89 1219 588 1266; baseline 0.002 -14"><span class='ocrx_word' id='word_1_250' title='bbox 89 1219 195 1264; x_wconf 90' lang='lat' dir='ltr'><em>Apud</em></span> <span class='ocrx_word' id='word_1_251' title='bbox 221 1219 364 1254; x_wconf 88' lang='lat' dir='ltr'><em>eundem</em></span> <span class='ocrx_word' id='word_1_252' title='bbox 389 1219 445 1252; x_wconf 83' lang='lat' dir='ltr'><em>lib.</em></span> <span class='ocrx_word' id='word_1_253' title='bbox 476 1220 588 1266; x_wconf 39' lang='lat' dir='ltr'>V1112:</span> 
     </span>
    </p>
   </div>
   <div class='ocr_carea' id='block_1_5' title="bbox 315 1270 1296 1368">
    <p class='ocr_par' dir='ltr' id='par_1_6' title="bbox 315 1270 1296 1368">
     <span class='ocr_line' id='line_1_22' title="bbox 315 1270 1102 1316; baseline -0.001 -12"><span class='ocrx_word' id='word_1_254' title='bbox 315 1270 420 1304; x_wconf 75' lang='lat' dir='ltr'><strong><em>Hunc</em></strong></span> <span class='ocrx_word' id='word_1_255' title='bbox 446 1275 516 1304; x_wconf 86' lang='lat' dir='ltr'><em>toto</em></span> <span class='ocrx_word' id='word_1_256' title='bbox 543 1270 663 1316; x_wconf 80' lang='lat' dir='ltr'><em>capies</em></span> <span class='ocrx_word' id='word_1_257' title='bbox 684 1281 754 1316; x_wconf 80' lang='lat' dir='ltr'><em>pro</em></span> <span class='ocrx_word' id='word_1_258' title='bbox 782 1281 929 1316; x_wconf 79' lang='lat' dir='ltr'><em>corpore</em></span> <span class='ocrx_word' id='word_1_259' title='bbox 955 1270 1102 1312; x_wconf 83' lang='lat' dir='ltr'><em>crinem,</em></span> 
     </span>
     <span class='ocr_line' id='line_1_23' title="bbox 320 1318 1296 1368; baseline 0.002 -13"><span class='ocrx_word' id='word_1_260' title='bbox 320 1321 466 1356; x_wconf 83' lang='lat' dir='ltr'><em>Comere</em></span> <span class='ocrx_word' id='word_1_261' title='bbox 492 1334 592 1368; x_wconf 79' lang='lat' dir='ltr'><em>quem</em></span> <span class='ocrx_word' id='word_1_262' title='bbox 609 1322 757 1368; x_wconf 52' lang='lat' dir='ltr'><em>sinistra</em></span> <span class='ocrx_word' id='word_1_263' title='bbox 783 1334 839 1355; x_wconf 83' lang='lat' dir='ltr'><em>me</em></span> <span class='ocrx_word' id='word_1_264' title='bbox 865 1322 1086 1368; x_wconf 80' lang='lat' dir='ltr'><em>dedignante</em></span> <span class='ocrx_word' id='word_1_265' title='bbox 1111 1321 1249 1356; x_wconf 79' lang='lat' dir='ltr'><em>solebas</em></span> <span class='ocrx_word' id='word_1_266' title='bbox 1261 1318 1296 1357; x_wconf 73' lang='lat'><em>³⁹.</em></span> 
     </span>
    </p>
   </div>
   <div class='ocr_carea' id='block_1_6' title="bbox 87 1370 872 1418">
    <p class='ocr_par' dir='ltr' id='par_1_7' title="bbox 87 1370 872 1418">
     <span class='ocr_line' id='line_1_24' title="bbox 87 1370 872 1418; baseline 0.001 -13"><span class='ocrx_word' id='word_1_267' title='bbox 87 1372 127 1405; x_wconf 87' lang='lat' dir='ltr'><em>In</em></span> <span class='ocrx_word' id='word_1_268' title='bbox 153 1383 230 1406; x_wconf 85' lang='lat' dir='ltr'><em>mor</em></span> <span class='ocrx_word' id='word_1_269' title='bbox 255 1383 366 1418; x_wconf 87' lang='lat' dir='ltr'><em>pauca</em></span> <span class='ocrx_word' id='word_1_270' title='bbox 391 1375 539 1418; x_wconf 83' lang='lat' dir='ltr'><em>quidem,</em></span> <span class='ocrx_word' id='word_1_271' title='bbox 566 1376 696 1418; x_wconf 88' lang='lat' dir='ltr'><em>primae</em></span> <span class='ocrx_word' id='word_1_272' title='bbox 722 1379 833 1407; x_wconf 86' lang='lat' dir='ltr'><em>tamen</em></span> <span class='ocrx_word' id='word_1_273' title='bbox 847 1370 872 1390; x_wconf 71' lang='lat'><em>⁴⁰</em></span> 
     </span>
    </p>
   </div>
   <div class='ocr_carea' id='block_1_7' title="bbox 89 1420 848 1468">
    <p class='ocr_par' dir='ltr' id='par_1_8' title="bbox 89 1420 848 1468">
     <span class='ocr_line' id='line_1_25' title="bbox 89 1420 848 1468; baseline 0.001 -11"><span class='ocrx_word' id='word_1_274' title='bbox 89 1436 109 1457; x_wconf 89' lang='lat' dir='ltr'><em>a</em></span> <span class='ocrx_word' id='word_1_275' title='bbox 133 1420 268 1464; x_wconf 69' lang='lat' dir='ltr'><em>rima4¹3</em></span> <span class='ocrx_word' id='word_1_276' title='bbox 293 1436 474 1468; x_wconf 79' lang='lat' dir='ltr'><em>racemor,</em></span> <span class='ocrx_word' id='word_1_277' title='bbox 501 1427 622 1467; x_wconf 86' lang='lat' dir='ltr'><em>maris,</em></span> <span class='ocrx_word' id='word_1_278' title='bbox 650 1438 670 1459; x_wconf 90' lang='lat' dir='ltr'><em>a</em></span> <span class='ocrx_word' id='word_1_279' title='bbox 695 1437 848 1459; x_wconf 79' lang='lat' dir='ltr'><em>racemo.</em></span> 
     </span>
    </p>
   </div>
   <div class='ocr_carea' id='block_1_8' title="bbox 255 1492 314 1526">
    <p class='ocr_par' dir='ltr' id='par_1_9' title="bbox 255 1492 314 1526">
     <span class='ocr_line' id='line_1_26' title="bbox 255 1492 314 1526; baseline 0 0"><span class='ocrx_word' id='word_1_280' title='bbox 255 1492 314 1526; x_wconf 89' lang='lat' dir='ltr'><em>lo.</em></span> 
     </span>
    </p>
   </div>
   <div class='ocr_carea' id='block_1_9' title="bbox 898 1374 2032 1420">
    <p class='ocr_par' dir='ltr' id='par_1_10' title="bbox 898 1374 2032 1420">
     <span class='ocr_line' id='line_1_27' title="bbox 898 1374 2032 1420; baseline 0.004 -14"><span class='ocrx_word' id='word_1_281' title='bbox 898 1374 1123 1416; x_wconf 86' lang='lat' dir='ltr'><em>inveniuntur,</em></span> <span class='ocrx_word' id='word_1_282' title='bbox 1150 1375 1278 1419; x_wconf 87' lang='lat' dir='ltr'><em>quippe</em></span> <span class='ocrx_word' id='word_1_283' title='bbox 1306 1386 1325 1407; x_wconf 89' lang='lat' dir='ltr'><em>a</em></span> <span class='ocrx_word' id='word_1_284' title='bbox 1351 1375 1485 1408; x_wconf 89' lang='lat' dir='ltr'><em>nomine</em></span> <span class='ocrx_word' id='word_1_285' title='bbox 1501 1375 1657 1418; x_wconf 78' lang='lat' dir='ltr'><em>derivata,</em></span> <span class='ocrx_word' id='word_1_286' title='bbox 1684 1382 1720 1410; x_wconf 89' lang='lat' dir='ltr'><em>ut</em></span> <span class='ocrx_word' id='word_1_287' title='bbox 1737 1378 1852 1420; x_wconf 77' lang='lat' dir='ltr'><em>rimor,</em></span> <span class='ocrx_word' id='word_1_288' title='bbox 1879 1378 2032 1419; x_wconf 81' lang='lat' dir='ltr'><em>rimaris,</em></span> 
     </span>
    </p>
   </div>
   <div class='ocr_carea' id='block_1_10' title="bbox 368 1494 2032 1541">
    <p class='ocr_par' dir='ltr' id='par_1_11' title="bbox 368 1494 2032 1541">
     <span class='ocr_line' id='line_1_28' title="bbox 368 1494 2032 1541; baseline 0.002 -15"><span class='ocrx_word' id='word_1_289' title='bbox 368 1494 403 1526; x_wconf 92' lang='lat' dir='ltr'><em>ln</em></span> <span class='ocrx_word' id='word_1_290' title='bbox 430 1505 474 1527; x_wconf 81' lang='lat' dir='ltr'><em>no</em></span> <span class='ocrx_word' id='word_1_291' title='bbox 495 1494 676 1528; x_wconf 86' lang='lat' dir='ltr'><em>desinentia</em></span> <span class='ocrx_word' id='word_1_292' title='bbox 696 1494 806 1528; x_wconf 83' lang='lat' dir='ltr'><em>vocali</em></span> <span class='ocrx_word' id='word_1_293' title='bbox 834 1504 1033 1537; x_wconf 84' lang='lat' dir='ltr'><em>quacunque</em></span> <span class='ocrx_word' id='word_1_294' title='bbox 1064 1494 1297 1533; x_wconf 86' lang='lat' dir='ltr'><em>antecedente,</em></span> <span class='ocrx_word' id='word_1_295' title='bbox 1331 1495 1424 1528; x_wconf 77' lang='lat' dir='ltr'><em>brevi</em></span> <span class='ocrx_word' id='word_1_296' title='bbox 1451 1497 1502 1528; x_wconf 78' lang='lat' dir='ltr'><em>vel</em></span> <span class='ocrx_word' id='word_1_297' title='bbox 1529 1497 1652 1540; x_wconf 82' lang='lat' dir='ltr'><em>longa,</em></span> <span class='ocrx_word' id='word_1_298' title='bbox 1686 1497 1814 1541; x_wconf 88' lang='lat' dir='ltr'><em>primae</em></span> <span class='ocrx_word' id='word_1_299' title='bbox 1837 1501 1910 1530; x_wconf 85' lang='lat' dir='ltr'><em>sunt</em></span> <span class='ocrx_word' id='word_1_300' title='bbox 1933 1497 2032 1530; x_wconf 78' lang='lat' dir='ltr'><em>solius</em></span> 
     </span>
    </p>
   </div>
   <div class='ocr_carea' id='block_1_11' title="bbox 90 1543 1693 1592">
    <p class='ocr_par' dir='ltr' id='par_1_12' title="bbox 90 1543 1693 1592">
     <span class='ocr_line' id='line_1_29' title="bbox 90 1543 1693 1592; baseline 0.002 -16"><span class='ocrx_word' id='word_1_301' title='bbox 90 1543 352 1589; x_wconf 85' lang='lat' dir='ltr'><em>coniugationis,</em></span> <span class='ocrx_word' id='word_1_302' title='bbox 379 1550 416 1579; x_wconf 87' lang='lat' dir='ltr'><em>ut</em></span> <span class='ocrx_word' id='word_1_303' title='bbox 437 1557 498 1588; x_wconf 83' lang='lat' dir='ltr'><em>no,</em></span> <span class='ocrx_word' id='word_1_304' title='bbox 525 1558 607 1589; x_wconf 81' lang='lat' dir='ltr'><em>nas,</em></span> <span class='ocrx_word' id='word_1_305' title='bbox 634 1550 714 1589; x_wconf 80' lang='lat' dir='ltr'><em>nat,</em></span> <span class='ocrx_word' id='word_1_306' title='bbox 740 1546 1026 1590; x_wconf 77' lang='lat' dir='ltr'><em>monosyllabum3</em></span> <span class='ocrx_word' id='word_1_307' title='bbox 1054 1545 1194 1580; x_wconf 86' lang='lat' dir='ltr'><em>Ovidius</em></span> <span class='ocrx_word' id='word_1_308' title='bbox 1218 1546 1250 1578; x_wconf 92' lang='lat' dir='ltr'><em>in</em></span> <span class='ocrx_word' id='word_1_309' title='bbox 1272 1546 1330 1579; x_wconf 91' lang='lat' dir='ltr'><em>lib.</em></span> <span class='ocrx_word' id='word_1_310' title='bbox 1351 1547 1376 1579; x_wconf 92' lang='grc' dir='ltr'><em>Ι.</em></span> <span class='ocrx_word' id='word_1_311' title='bbox 1405 1543 1693 1592; x_wconf 78' lang='lat' dir='ltr'><em>Metamorpho⁴²:</em></span> 
     </span>
    </p>
   </div>
   <div class='ocr_carea' id='block_1_12' title="bbox 88 1677 1042 1717">
    <p class='ocr_par' dir='ltr' id='par_1_13' title="bbox 88 1677 1042 1717">
     <span class='ocr_line' id='line_1_30' title="bbox 88 1677 1042 1717; baseline 0.002 -11"><span class='ocrx_word' id='word_1_312' title='bbox 88 1694 130 1698; x_wconf 92' lang='lat'><em>—-</em></span> <span class='ocrx_word' id='word_1_313' title='bbox 151 1677 197 1717; x_wconf 72' lang='lat'><em>23)</em></span> <span class='ocrx_word' id='word_1_314' title='bbox 228 1679 266 1707; x_wconf 78' lang='lat' dir='ltr'><em>Ut</em></span> <span class='ocrx_word' id='word_1_315' title='bbox 287 1679 402 1709; x_wconf 87' lang='lat' dir='ltr'><em>addunt</em></span> <span class='ocrx_word' id='word_1_316' title='bbox 421 1681 500 1710; x_wconf 87' lang='lat' dir='ltr'><em>Cam.</em></span> <span class='ocrx_word' id='word_1_317' title='bbox 521 1681 552 1710; x_wconf 93' lang='lat' dir='ltr'><em>P.</em></span> <span class='ocrx_word' id='word_1_318' title='bbox 571 1681 675 1711; x_wconf 87' lang='lat' dir='ltr'><em>Paullo</em></span> <span class='ocrx_word' id='word_1_319' title='bbox 690 1685 756 1710; x_wconf 84' lang='lat' dir='ltr'><em>ante</em></span> <span class='ocrx_word' id='word_1_320' title='bbox 770 1691 820 1710; x_wconf 82' lang='lat' dir='ltr'><em>vv.</em></span> <span class='ocrx_word' id='word_1_321' title='bbox 845 1691 895 1708; x_wconf 72' lang='lat' dir='ltr'><em>seu</em></span> <span class='ocrx_word' id='word_1_322' title='bbox 918 1679 1042 1708; x_wconf 80' lang='lat' dir='ltr'><em>deriva-</em></span> 
     </span>
    </p>
   </div>
   <div class='ocr_carea' id='block_1_13' title="bbox 88 1721 1042 1805">
    <p class='ocr_par' dir='ltr' id='par_1_14' title="bbox 88 1721 1042 1805">
     <span class='ocr_line' id='line_1_31' title="bbox 88 1721 1042 1763; baseline 0.003 -15"><span class='ocrx_word' id='word_1_323' title='bbox 88 1721 154 1748; x_wconf 71' lang='lat' dir='ltr'><em>tiva</em></span> <span class='ocrx_word' id='word_1_324' title='bbox 175 1721 207 1750; x_wconf 87' lang='lat' dir='ltr'><em>in</em></span> <span class='ocrx_word' id='word_1_325' title='bbox 233 1722 305 1751; x_wconf 86' lang='lat' dir='ltr'><em>cod.</em></span> <span class='ocrx_word' id='word_1_326' title='bbox 327 1733 415 1762; x_wconf 90' lang='lat' dir='ltr'><em>supra</em></span> <span class='ocrx_word' id='word_1_327' title='bbox 446 1724 556 1763; x_wconf 85' lang='lat' dir='ltr'><em>scripta</em></span> <span class='ocrx_word' id='word_1_328' title='bbox 586 1729 664 1753; x_wconf 86' lang='lat' dir='ltr'><em>sunt.</em></span> <span class='ocrx_word' id='word_1_329' title='bbox 693 1740 735 1745; x_wconf 92' lang='lat'><em>—-</em></span> <span class='ocrx_word' id='word_1_330' title='bbox 770 1723 816 1762; x_wconf 78' lang='lat'><em>24)</em></span> <span class='ocrx_word' id='word_1_331' title='bbox 854 1724 936 1752; x_wconf 72' lang='lat' dir='ltr'><em>Tunc</em></span> <span class='ocrx_word' id='word_1_332' title='bbox 964 1725 1042 1751; x_wconf 75' lang='lat' dir='ltr'><em>enim</em></span> 
     </span>
     <span class='ocr_line' id='line_1_32' title="bbox 88 1764 1040 1805; baseline 0.005 -15"><span class='ocrx_word' id='word_1_333' title='bbox 88 1764 194 1791; x_wconf 75' lang='lat' dir='ltr'><em>tertiae</em></span> <span class='ocrx_word' id='word_1_334' title='bbox 213 1770 285 1792; x_wconf 71' lang='lat' dir='ltr'><em>sunt</em></span> <span class='ocrx_word' id='word_1_335' title='bbox 309 1765 387 1795; x_wconf 91' lang='lat' dir='ltr'><em>Cam.</em></span> <span class='ocrx_word' id='word_1_336' title='bbox 409 1767 439 1796; x_wconf 89' lang='lat' dir='ltr'><em>P.</em></span> <span class='ocrx_word' id='word_1_337' title='bbox 462 1782 504 1788; x_wconf 92' lang='lat'>—</span> <span class='ocrx_word' id='word_1_338' title='bbox 534 1766 582 1805; x_wconf 76' lang='lat'><em>25)</em></span> <span class='ocrx_word' id='word_1_339' title='bbox 607 1768 712 1795; x_wconf 77' lang='lat' dir='ltr'><em>Fremo</em></span> <span class='ocrx_word' id='word_1_340' title='bbox 736 1766 818 1795; x_wconf 81' lang='lat' dir='ltr'><em>addit</em></span> <span class='ocrx_word' id='word_1_341' title='bbox 841 1767 902 1795; x_wconf 85' lang='lat' dir='ltr'><em>sola</em></span> <span class='ocrx_word' id='word_1_342' title='bbox 937 1766 969 1794; x_wconf 89' lang='lat' dir='ltr'><em>P.</em></span> <span class='ocrx_word' id='word_1_343' title='bbox 999 1782 1040 1787; x_wconf 90' lang='lat'>—</span> 
     </span>
    </p>
   </div>
   <div class='ocr_carea' id='block_1_14' title="bbox 86 1805 1049 2440">
    <p class='ocr_par' dir='ltr' id='par_1_15' title="bbox 86 1805 1049 2440">
     <span class='ocr_line' id='line_1_33' title="bbox 88 1805 1041 1846; baseline 0.004 -14"><span class='ocrx_word' id='word_1_344' title='bbox 88 1805 137 1842; x_wconf 72' lang='lat'><em>26)</em></span> <span class='ocrx_word' id='word_1_345' title='bbox 163 1805 399 1846; x_wconf 71' lang='lat' dir='ltr'><em>Coniugationis</em></span> <span class='ocrx_word' id='word_1_346' title='bbox 423 1809 537 1838; x_wconf 85' lang='lat' dir='ltr'><em>addunt</em></span> <span class='ocrx_word' id='word_1_347' title='bbox 561 1810 641 1838; x_wconf 80' lang='lat' dir='ltr'><em>Cam.</em></span> <span class='ocrx_word' id='word_1_348' title='bbox 664 1810 694 1838; x_wconf 88' lang='lat' dir='ltr'><em>P.</em></span> <span class='ocrx_word' id='word_1_349' title='bbox 738 1825 780 1831; x_wconf 94' lang='lat'><em>—-</em></span> <span class='ocrx_word' id='word_1_350' title='bbox 821 1812 867 1846; x_wconf 75' lang='lat'><em>27)</em></span> <span class='ocrx_word' id='word_1_351' title='bbox 891 1810 984 1836; x_wconf 61' lang='lat' dir='ltr'><em>Brevi</em></span> <span class='ocrx_word' id='word_1_352' title='bbox 1010 1808 1041 1836; x_wconf 84' lang='lat' dir='ltr'><em>in</em></span> 
     </span>
     <span class='ocr_line' id='line_1_34' title="bbox 91 1847 1040 1890; baseline 0.002 -15"><span class='ocrx_word' id='word_1_353' title='bbox 91 1847 163 1877; x_wconf 83' lang='lat' dir='ltr'><em>eod.</em></span> <span class='ocrx_word' id='word_1_354' title='bbox 192 1858 282 1888; x_wconf 90' lang='lat' dir='ltr'><em>supra</em></span> <span class='ocrx_word' id='word_1_355' title='bbox 312 1851 467 1890; x_wconf 86' lang='lat' dir='ltr'><em>scriptum.</em></span> <span class='ocrx_word' id='word_1_356' title='bbox 510 1852 614 1880; x_wconf 83' lang='lat' dir='ltr'><em>Paullo</em></span> <span class='ocrx_word' id='word_1_357' title='bbox 643 1856 711 1890; x_wconf 87' lang='lat' dir='ltr'><em>post</em></span> <span class='ocrx_word' id='word_1_358' title='bbox 744 1862 800 1890; x_wconf 86' lang='lat' dir='ltr'><em>pro</em></span> <span class='ocrx_word' id='word_1_359' title='bbox 828 1862 857 1880; x_wconf 83' lang='lat' dir='ltr'><em>v.</em></span> <span class='ocrx_word' id='word_1_360' title='bbox 886 1851 1040 1886; x_wconf 74' lang='lat' dir='ltr'><em>habentia,</em></span> 
     </span>
     <span class='ocr_line' id='line_1_35' title="bbox 89 1889 1041 1932; baseline 0.001 -14"><span class='ocrx_word' id='word_1_361' title='bbox 89 1889 171 1928; x_wconf 86' lang='lat' dir='ltr'><em>quod</em></span> <span class='ocrx_word' id='word_1_362' title='bbox 193 1896 237 1919; x_wconf 80' lang='lat' dir='ltr'><em>est</em></span> <span class='ocrx_word' id='word_1_363' title='bbox 263 1891 294 1920; x_wconf 89' lang='lat' dir='ltr'><em>in</em></span> <span class='ocrx_word' id='word_1_364' title='bbox 318 1893 407 1931; x_wconf 54' lang='grc' dir='ltr'>(ἶσα,</span> <span class='ocrx_word' id='word_1_365' title='bbox 433 1896 554 1922; x_wconf 63' lang='lat' dir='ltr'><em>inventa</em></span> <span class='ocrx_word' id='word_1_366' title='bbox 579 1895 656 1923; x_wconf 89' lang='lat' dir='ltr'><em>Cam.</em></span> <span class='ocrx_word' id='word_1_367' title='bbox 682 1895 714 1925; x_wconf 89' lang='lat' dir='ltr'><em>P.</em></span> <span class='ocrx_word' id='word_1_368' title='bbox 744 1910 786 1915; x_wconf 91' lang='lat'><strong>—</strong></span> <span class='ocrx_word' id='word_1_369' title='bbox 816 1893 864 1932; x_wconf 75' lang='grc'><em>28)</em></span> <span class='ocrx_word' id='word_1_370' title='bbox 887 1894 1041 1922; x_wconf 54' lang='lat' dir='ltr'><em>Aestima&gt;-</em></span> 
     </span>
     <span class='ocr_line' id='line_1_36' title="bbox 90 1932 1040 1976; baseline 0.001 -16"><span class='ocrx_word' id='word_1_371' title='bbox 90 1932 205 1961; x_wconf 78' lang='lat' dir='ltr'><em>addunt</em></span> <span class='ocrx_word' id='word_1_372' title='bbox 227 1933 306 1963; x_wconf 85' lang='lat' dir='ltr'><em>Cam.</em></span> <span class='ocrx_word' id='word_1_373' title='bbox 331 1936 361 1966; x_wconf 86' lang='lat' dir='ltr'><em>P.</em></span> <span class='ocrx_word' id='word_1_374' title='bbox 387 1953 421 1957; x_wconf 89' lang='lat'>—</span> <span class='ocrx_word' id='word_1_375' title='bbox 454 1936 499 1976; x_wconf 70' lang='lat'><em>29)</em></span> <span class='ocrx_word' id='word_1_376' title='bbox 525 1938 637 1965; x_wconf 84' lang='lat' dir='ltr'><em>Codex:</em></span> <span class='ocrx_word' id='word_1_377' title='bbox 670 1938 832 1964; x_wconf 73' lang='lat' dir='ltr'><em>exanimo</em></span> <span class='ocrx_word' id='word_1_378' title='bbox 863 1938 1040 1969; x_wconf 68' lang='lat' dir='ltr'><em>examino,-</em></span> 
     </span>
     <span class='ocr_line' id='line_1_37' title="bbox 89 1976 1042 2014; baseline 0.003 -12"><span class='ocrx_word' id='word_1_379' title='bbox 89 1976 239 2014; x_wconf 79' lang='lat' dir='ltr'><em>posterius</em></span> <span class='ocrx_word' id='word_1_380' title='bbox 266 1982 370 2005; x_wconf 79' lang='lat' dir='ltr'><em>conlra</em></span> <span class='ocrx_word' id='word_1_381' title='bbox 390 1979 565 2008; x_wconf 79' lang='lat' dir='ltr'><em>sententiam</em></span> <span class='ocrx_word' id='word_1_382' title='bbox 587 1979 781 2008; x_wconf 72' lang='lat' dir='ltr'><em>Grammatici</em></span> <span class='ocrx_word' id='word_1_383' title='bbox 809 1978 938 2006; x_wconf 83' lang='lat' dir='ltr'><em>additur.</em></span> <span class='ocrx_word' id='word_1_384' title='bbox 963 1978 1042 2005; x_wconf 82' lang='lat' dir='ltr'><em>cam.</em></span> 
     </span>
     <span class='ocr_line' id='line_1_38' title="bbox 91 2019 1042 2060; baseline -0.001 -15"><span class='ocrx_word' id='word_1_385' title='bbox 91 2019 227 2045; x_wconf 78' lang='lat' dir='ltr'><em>exanimo</em></span> <span class='ocrx_word' id='word_1_386' title='bbox 254 2021 419 2049; x_wconf 68' lang='lat' dir='ltr'><em>exanimas.</em></span> <span class='ocrx_word' id='word_1_387' title='bbox 443 2022 473 2049; x_wconf 89' lang='lat' dir='ltr'><em>P.</em></span> <span class='ocrx_word' id='word_1_388' title='bbox 496 2024 639 2050; x_wconf 75' lang='lat' dir='ltr'><em>examino.</em></span> <span class='ocrx_word' id='word_1_389' title='bbox 678 2038 716 2043; x_wconf 92' lang='lat'><strong>—</strong></span> <span class='ocrx_word' id='word_1_390' title='bbox 754 2019 801 2060; x_wconf 83' lang='lat'><em>30)</em></span> <span class='ocrx_word' id='word_1_391' title='bbox 833 2020 1001 2048; x_wconf 66' lang='lat' dir='ltr'><em>Mutum-zi</em></span> <span class='ocrx_word' id='word_1_392' title='bbox 1011 2022 1042 2044; x_wconf 86' lang='lat' dir='ltr'><em>nt</em></span> 
     </span>
     <span class='ocr_line' id='line_1_39' title="bbox 91 2060 1044 2099; baseline -0.002 -11"><span class='ocrx_word' id='word_1_393' title='bbox 91 2060 167 2090; x_wconf 89' lang='lat' dir='ltr'><em>Cod.</em></span> <span class='ocrx_word' id='word_1_394' title='bbox 188 2063 383 2090; x_wconf 67' lang='lat' dir='ltr'><em>mutaverint</em></span> <span class='ocrx_word' id='word_1_395' title='bbox 405 2063 483 2093; x_wconf 82' lang='lat' dir='ltr'><em>Cam.</em></span> <span class='ocrx_word' id='word_1_396' title='bbox 502 2065 530 2093; x_wconf 81' lang='lat' dir='ltr'><em>P.</em></span> <span class='ocrx_word' id='word_1_397' title='bbox 552 2065 705 2093; x_wconf 84' lang='lat' dir='ltr'><em>Praeterea</em></span> <span class='ocrx_word' id='word_1_398' title='bbox 724 2064 804 2091; x_wconf 80' lang='lat' dir='ltr'><em>cam.</em></span> <span class='ocrx_word' id='word_1_399' title='bbox 831 2062 1044 2099; x_wconf 61' lang='lat' dir='ltr'><em>compo-sitione</em></span> 
     </span>
     <span class='ocr_line' id='line_1_40' title="bbox 92 2104 1045 2147; baseline 0 -17"><span class='ocrx_word' id='word_1_400' title='bbox 92 2104 198 2139; x_wconf 78' lang='lat' dir='ltr'><em>eiiam,</em></span> <span class='ocrx_word' id='word_1_401' title='bbox 223 2114 249 2139; x_wconf 81' lang='lat' dir='ltr'><em>e,</em></span> <span class='ocrx_word' id='word_1_402' title='bbox 274 2104 306 2131; x_wconf 79' lang='grc' dir='ltr'><em>ιἰι</em></span> <span class='ocrx_word' id='word_1_403' title='bbox 328 2105 356 2141; x_wconf 79' lang='lat' dir='ltr'><em>i,</em></span> <span class='ocrx_word' id='word_1_404' title='bbox 380 2111 454 2134; x_wconf 77' lang='lat' dir='ltr'><em>mut.</em></span> <span class='ocrx_word' id='word_1_405' title='bbox 486 2123 526 2127; x_wconf 97' lang='lat'><strong>—</strong></span> <span class='ocrx_word' id='word_1_406' title='bbox 554 2105 603 2147; x_wconf 81' lang='lat'><em>31)</em></span> <span class='ocrx_word' id='word_1_407' title='bbox 635 2108 714 2134; x_wconf 71' lang='lat' dir='ltr'><em>Tam</em></span> <span class='ocrx_word' id='word_1_408' title='bbox 744 2106 821 2133; x_wconf 80' lang='lat' dir='ltr'><em>enim</em></span> <span class='ocrx_word' id='word_1_409' title='bbox 845 2104 926 2132; x_wconf 83' lang='lat' dir='ltr'><em>Cam.</em></span> <span class='ocrx_word' id='word_1_410' title='bbox 951 2104 980 2131; x_wconf 82' lang='lat' dir='ltr'><em>P.</em></span> <span class='ocrx_word' id='word_1_411' title='bbox 1003 2117 1045 2124; x_wconf 91' lang='lat'><em>—-</em></span> 
     </span>
     <span class='ocr_line' id='line_1_41' title="bbox 91 2144 1043 2184; baseline -0.002 -11"><span class='ocrx_word' id='word_1_412' title='bbox 91 2144 138 2184; x_wconf 69' lang='lat'><em>39)</em></span> <span class='ocrx_word' id='word_1_413' title='bbox 172 2145 359 2184; x_wconf 74' lang='lat' dir='ltr'><em>Comprime,</em></span> <span class='ocrx_word' id='word_1_414' title='bbox 397 2148 552 2184; x_wconf 77' lang='lat' dir='ltr'><em>interimo,</em></span> <span class='ocrx_word' id='word_1_415' title='bbox 588 2148 710 2183; x_wconf 76' lang='lat' dir='ltr'><em>adimo,</em></span> <span class='ocrx_word' id='word_1_416' title='bbox 749 2146 877 2181; x_wconf 81' lang='lat' dir='ltr'><em>dirimo,</em></span> <span class='ocrx_word' id='word_1_417' title='bbox 914 2146 1043 2183; x_wconf 70' lang='lat' dir='ltr'><em>exprimo</em></span> 
     </span>
     <span class='ocr_line' id='line_1_42' title="bbox 92 2186 1044 2229; baseline -0.002 -14"><span class='ocrx_word' id='word_1_418' title='bbox 92 2188 175 2217; x_wconf 85' lang='lat' dir='ltr'><em>Cam.</em></span> <span class='ocrx_word' id='word_1_419' title='bbox 207 2189 239 2218; x_wconf 91' lang='grc' dir='ltr'><em>Ρ.</em></span> <span class='ocrx_word' id='word_1_420' title='bbox 268 2204 310 2209; x_wconf 95' lang='grc'>-</span> <span class='ocrx_word' id='word_1_421' title='bbox 343 2187 389 2227; x_wconf 86' lang='grc'><em>33)</em></span> <span class='ocrx_word' id='word_1_422' title='bbox 421 2190 455 2218; x_wconf 80' lang='lat' dir='ltr'><em>ln</em></span> <span class='ocrx_word' id='word_1_423' title='bbox 482 2191 593 2229; x_wconf 67' lang='lat' dir='ltr'><em>quibus</em></span> <span class='ocrx_word' id='word_1_424' title='bbox 617 2196 759 2218; x_wconf 77' lang='lat' dir='ltr'><em>notatur</em></span> <span class='ocrx_word' id='word_1_425' title='bbox 788 2187 870 2215; x_wconf 68' lang='lat' dir='ltr'><em>demo</em></span> <span class='ocrx_word' id='word_1_426' title='bbox 902 2186 1044 2223; x_wconf 72' lang='lat' dir='ltr'><em>demis,</em></span> 
     </span>
     <span class='ocr_line' id='line_1_43' title="bbox 86 2228 1044 2269; baseline -0.001 -12"><span class='ocrx_word' id='word_1_427' title='bbox 86 2240 195 2268; x_wconf 81' lang='lat' dir='ltr'><em>promo</em></span> <span class='ocrx_word' id='word_1_428' title='bbox 227 2232 286 2258; x_wconf 78' lang='lat' dir='ltr'><em>mis</em></span> <span class='ocrx_word' id='word_1_429' title='bbox 311 2230 413 2269; x_wconf 74' lang='lat' dir='ltr'><em>qnod</em></span> <span class='ocrx_word' id='word_1_430' title='bbox 434 2232 471 2259; x_wconf 82' lang='lat' dir='ltr'><em>ab</em></span> <span class='ocrx_word' id='word_1_431' title='bbox 499 2244 529 2260; x_wconf 84' lang='lat' dir='ltr'><em>co</em></span> <span class='ocrx_word' id='word_1_432' title='bbox 553 2234 623 2262; x_wconf 79' lang='lat' dir='ltr'><em>eod.</em></span> <span class='ocrx_word' id='word_1_433' title='bbox 650 2233 694 2260; x_wconf 80' lang='lat' dir='ltr'><em>In.</em></span> <span class='ocrx_word' id='word_1_434' title='bbox 717 2243 744 2269; x_wconf 79' lang='lat' dir='ltr'><em>q.</em></span> <span class='ocrx_word' id='word_1_435' title='bbox 767 2236 872 2258; x_wconf 78' lang='lat' dir='ltr'><em>notan</em></span> <span class='ocrx_word' id='word_1_436' title='bbox 883 2235 934 2257; x_wconf 81' lang='lat' dir='ltr'><em>tur</em></span> <span class='ocrx_word' id='word_1_437' title='bbox 961 2228 1044 2257; x_wconf 78' lang='lat' dir='ltr'><em>demo</em></span> 
     </span>
     <span class='ocr_line' id='line_1_44' title="bbox 93 2274 1044 2312; baseline 0 -12"><span class='ocrx_word' id='word_1_438' title='bbox 93 2274 135 2308; x_wconf 83' lang='grc' dir='ltr'><em>ιἐ,</em></span> <span class='ocrx_word' id='word_1_439' title='bbox 153 2283 260 2311; x_wconf 80' lang='lat' dir='ltr'><em>promo</em></span> <span class='ocrx_word' id='word_1_440' title='bbox 279 2274 306 2301; x_wconf 68' lang='lat' dir='ltr'><em>is</em></span> <span class='ocrx_word' id='word_1_441' title='bbox 321 2275 415 2311; x_wconf 77' lang='lat' dir='ltr'><em>quia</em></span> <span class='ocrx_word' id='word_1_442' title='bbox 441 2274 479 2301; x_wconf 77' lang='lat' dir='ltr'><em>cib</em></span> <span class='ocrx_word' id='word_1_443' title='bbox 499 2286 529 2302; x_wconf 77' lang='lat' dir='ltr'><em>eo</em></span> <span class='ocrx_word' id='word_1_444' title='bbox 555 2276 584 2304; x_wconf 88' lang='lat' dir='ltr'><em>P.</em></span> <span class='ocrx_word' id='word_1_445' title='bbox 610 2276 643 2303; x_wconf 78' lang='lat' dir='ltr'><em>ln</em></span> <span class='ocrx_word' id='word_1_446' title='bbox 661 2285 688 2312; x_wconf 77' lang='lat' dir='ltr'><em>q.</em></span> <span class='ocrx_word' id='word_1_447' title='bbox 704 2278 752 2301; x_wconf 80' lang='lat' dir='ltr'><em>rwt</em></span> <span class='ocrx_word' id='word_1_448' title='bbox 763 2279 869 2300; x_wconf 71' lang='lat' dir='ltr'><em>centur</em></span> <span class='ocrx_word' id='word_1_449' title='bbox 886 2289 920 2293; x_wconf 90' lang='lat'><em>—-</em></span> <span class='ocrx_word' id='word_1_450' title='bbox 939 2283 986 2310; x_wconf 75' lang='lat' dir='ltr'><em>qu</em></span> <span class='ocrx_word' id='word_1_451' title='bbox 995 2283 1044 2309; x_wconf 77' lang='lat' dir='ltr'><em>cce,</em></span> 
     </span>
     <span class='ocr_line' id='line_1_45' title="bbox 93 2315 1045 2355; baseline -0.001 -11"><span class='ocrx_word' id='word_1_452' title='bbox 93 2319 128 2344; x_wconf 87' lang='lat' dir='ltr'><em>ut</em></span> <span class='ocrx_word' id='word_1_453' title='bbox 147 2316 244 2351; x_wconf 86' lang='lat' dir='ltr'><em>edidi,</em></span> <span class='ocrx_word' id='word_1_454' title='bbox 267 2315 386 2354; x_wconf 87' lang='lat' dir='ltr'><em>praebet</em></span> <span class='ocrx_word' id='word_1_455' title='bbox 405 2317 484 2345; x_wconf 77' lang='lat' dir='ltr'><em>cam.</em></span> <span class='ocrx_word' id='word_1_456' title='bbox 510 2334 550 2339; x_wconf 97' lang='lat'>—</span> <span class='ocrx_word' id='word_1_457' title='bbox 572 2317 618 2355; x_wconf 65' lang='lat'><em>34)</em></span> <span class='ocrx_word' id='word_1_458' title='bbox 643 2318 747 2344; x_wconf 56' lang='lat' dir='ltr'><em>Seu-vat</em></span> <span class='ocrx_word' id='word_1_459' title='bbox 771 2315 886 2344; x_wconf 85' lang='lat' dir='ltr'><em>addunt</em></span> <span class='ocrx_word' id='word_1_460' title='bbox 908 2315 985 2342; x_wconf 87' lang='lat' dir='ltr'><em>Cam.</em></span> <span class='ocrx_word' id='word_1_461' title='bbox 1013 2315 1045 2343; x_wconf 88' lang='lat' dir='ltr'><em>P.</em></span> 
     </span>
     <span class='ocr_line' id='line_1_46' title="bbox 94 2356 1048 2398; baseline -0.001 -12"><span class='ocrx_word' id='word_1_462' title='bbox 94 2374 137 2380; x_wconf 97' lang='lat'>—</span> <span class='ocrx_word' id='word_1_463' title='bbox 160 2356 210 2398; x_wconf 84' lang='lat'><em>35)</em></span> <span class='ocrx_word' id='word_1_464' title='bbox 232 2359 308 2386; x_wconf 68' lang='lat' dir='ltr'><em>Esse</em></span> <span class='ocrx_word' id='word_1_465' title='bbox 331 2357 446 2386; x_wconf 76' lang='lat' dir='ltr'><em>addunt</em></span> <span class='ocrx_word' id='word_1_466' title='bbox 465 2359 543 2387; x_wconf 87' lang='lat' dir='ltr'><em>Cam.</em></span> <span class='ocrx_word' id='word_1_467' title='bbox 568 2359 598 2387; x_wconf 92' lang='lat' dir='ltr'><em>P.</em></span> <span class='ocrx_word' id='word_1_468' title='bbox 623 2360 657 2387; x_wconf 85' lang='lat' dir='ltr'><em>In</em></span> <span class='ocrx_word' id='word_1_469' title='bbox 679 2358 750 2387; x_wconf 86' lang='lat' dir='ltr'><em>cod.</em></span> <span class='ocrx_word' id='word_1_470' title='bbox 771 2368 787 2385; x_wconf 89' lang='lat' dir='ltr'><em>a</em></span> <span class='ocrx_word' id='word_1_471' title='bbox 808 2367 867 2386; x_wconf 84' lang='lat' dir='ltr'><em>rec.</em></span> <span class='ocrx_word' id='word_1_472' title='bbox 888 2367 927 2386; x_wconf 89' lang='lat' dir='ltr'><em>m.</em></span> <span class='ocrx_word' id='word_1_473' title='bbox 943 2356 1048 2386; x_wconf 79' lang='lat' dir='ltr'><em>&#39;ascri-</em></span> 
     </span>
     <span class='ocr_line' id='line_1_47' title="bbox 95 2398 1049 2440; baseline 0 -11"><span class='ocrx_word' id='word_1_474' title='bbox 95 2403 194 2439; x_wconf 79' lang='lat' dir='ltr'><em>ptum.</em></span> <span class='ocrx_word' id='word_1_475' title='bbox 217 2417 259 2422; x_wconf 96' lang='lat'><strong>—</strong></span> <span class='ocrx_word' id='word_1_476' title='bbox 287 2398 338 2440; x_wconf 85' lang='lat'><em>36)</em></span> <span class='ocrx_word' id='word_1_477' title='bbox 367 2401 468 2430; x_wconf 79' lang='lat' dir='ltr'><em>Habet</em></span> <span class='ocrx_word' id='word_1_478' title='bbox 493 2401 564 2431; x_wconf 86' lang='lat' dir='ltr'><em>eod.</em></span> <span class='ocrx_word' id='word_1_479' title='bbox 587 2411 603 2430; x_wconf 79' lang='lat' dir='ltr'><em>a</em></span> <span class='ocrx_word' id='word_1_480' title='bbox 630 2411 676 2440; x_wconf 84' lang='lat' dir='ltr'><em>pr.</em></span> <span class='ocrx_word' id='word_1_481' title='bbox 699 2411 737 2429; x_wconf 83' lang='lat' dir='ltr'><em>m.</em></span> <span class='ocrx_word' id='word_1_482' title='bbox 764 2400 891 2429; x_wconf 74' lang='lat' dir='ltr'><em>habuit</em></span> <span class='ocrx_word' id='word_1_483' title='bbox 917 2400 988 2430; x_wconf 83' lang='lat' dir='ltr'><em>Cod.</em></span> <span class='ocrx_word' id='word_1_484' title='bbox 1014 2400 1049 2429; x_wconf 80' lang='lat' dir='ltr'><em>ab</em></span> 
     </span>
    </p>
   </div>
   <div class='ocr_carea' id='block_1_15' title="bbox 1083 1678 2032 2356">
    <p class='ocr_par' dir='ltr' id='par_1_16' title="bbox 1083 1678 2032 2356">
     <span class='ocr_line' id='line_1_48' title="bbox 1086 1678 2031 1718; baseline 0 -9"><span class='ocrx_word' id='word_1_485' title='bbox 1086 1681 1178 1709; x_wconf 83' lang='lat' dir='ltr'><em>altera</em></span> <span class='ocrx_word' id='word_1_486' title='bbox 1197 1691 1234 1709; x_wconf 67' lang='lat' dir='ltr'><em>m,</em></span> <span class='ocrx_word' id='word_1_487' title='bbox 1260 1685 1288 1708; x_wconf 84' lang='lat' dir='ltr'><em>et</em></span> <span class='ocrx_word' id='word_1_488' title='bbox 1307 1680 1384 1708; x_wconf 77' lang='lat' dir='ltr'><em>Cam.</em></span> <span class='ocrx_word' id='word_1_489' title='bbox 1402 1679 1434 1707; x_wconf 88' lang='lat' dir='ltr'><em>P.</em></span> <span class='ocrx_word' id='word_1_490' title='bbox 1461 1695 1496 1700; x_wconf 92' lang='lat'><strong>—</strong></span> <span class='ocrx_word' id='word_1_491' title='bbox 1521 1678 1566 1718; x_wconf 84' lang='lat'><em>37)</em></span> <span class='ocrx_word' id='word_1_492' title='bbox 1590 1682 1811 1708; x_wconf 73' lang='lat' dir='ltr'><em>Penaltimam</em></span> <span class='ocrx_word' id='word_1_493' title='bbox 1831 1682 1968 1718; x_wconf 76' lang='lat' dir='ltr'><em>longam</em></span> <span class='ocrx_word' id='word_1_494' title='bbox 1992 1689 2031 1709; x_wconf 72' lang='lat' dir='ltr'><em>nt</em></span> 
     </span>
     <span class='ocr_line' id='line_1_49' title="bbox 1085 1723 2032 1761; baseline 0.006 -15"><span class='ocrx_word' id='word_1_495' title='bbox 1085 1735 1105 1751; x_wconf 66' lang='lat' dir='ltr'><em>a</em></span> <span class='ocrx_word' id='word_1_496' title='bbox 1119 1733 1259 1760; x_wconf 65' lang='lat' dir='ltr'><em>compono</em></span> <span class='ocrx_word' id='word_1_497' title='bbox 1274 1727 1300 1748; x_wconf 78' lang='lat' dir='ltr'><em>et</em></span> <span class='ocrx_word' id='word_1_498' title='bbox 1318 1723 1514 1759; x_wconf 73' lang='lat' dir='ltr'><em>compositum</em></span> <span class='ocrx_word' id='word_1_499' title='bbox 1529 1725 1714 1750; x_wconf 69' lang='lat' dir='ltr'><em>conscissum</em></span> <span class='ocrx_word' id='word_1_500' title='bbox 1731 1724 1809 1751; x_wconf 79' lang='lat' dir='ltr'><em>Cam.</em></span> <span class='ocrx_word' id='word_1_501' title='bbox 1827 1724 1856 1753; x_wconf 92' lang='lat' dir='ltr'><em>P.</em></span> <span class='ocrx_word' id='word_1_502' title='bbox 1879 1723 1937 1751; x_wconf 85' lang='lat' dir='ltr'><em>nisi</em></span> <span class='ocrx_word' id='word_1_503' title='bbox 1953 1724 2032 1761; x_wconf 82' lang='lat' dir='ltr'><em>quod</em></span> 
     </span>
     <span class='ocr_line' id='line_1_50' title="bbox 1084 1765 2031 1804; baseline -0.001 -10"><span class='ocrx_word' id='word_1_504' title='bbox 1084 1766 1116 1794; x_wconf 86' lang='lat' dir='ltr'><em>in</em></span> <span class='ocrx_word' id='word_1_505' title='bbox 1141 1767 1216 1793; x_wconf 83' lang='lat' dir='ltr'><em>Cam.</em></span> <span class='ocrx_word' id='word_1_506' title='bbox 1232 1774 1281 1793; x_wconf 83' lang='lat' dir='ltr'><em>vv.</em></span> <span class='ocrx_word' id='word_1_507' title='bbox 1298 1769 1325 1790; x_wconf 79' lang='lat' dir='ltr'><em>et</em></span> <span class='ocrx_word' id='word_1_508' title='bbox 1350 1766 1545 1802; x_wconf 72' lang='lat' dir='ltr'><em>compositum</em></span> <span class='ocrx_word' id='word_1_509' title='bbox 1564 1765 1679 1795; x_wconf 86' lang='lat' dir='ltr'><em>absunt.</em></span> <span class='ocrx_word' id='word_1_510' title='bbox 1705 1765 1735 1793; x_wconf 83' lang='lat' dir='ltr'><em>[n</em></span> <span class='ocrx_word' id='word_1_511' title='bbox 1751 1765 1823 1795; x_wconf 81' lang='lat' dir='ltr'><em>eod.</em></span> <span class='ocrx_word' id='word_1_512' title='bbox 1845 1770 1901 1794; x_wconf 79' lang='lat' dir='ltr'><em>est:</em></span> <span class='ocrx_word' id='word_1_513' title='bbox 1919 1767 2031 1804; x_wconf 71' lang='lat' dir='ltr'><em>penal-</em></span> 
     </span>
     <span class='ocr_line' id='line_1_51' title="bbox 1571 1827 1579 1841; baseline 0 0"><span class='ocrx_word' id='word_1_514' title='bbox 1571 1827 1579 1841; x_wconf 77' lang='grc' dir='ltr'>Ι</span> 
     </span>
     <span class='ocr_line' id='line_1_52' title="bbox 1083 1848 2030 1887; baseline 0.002 -10"><span class='ocrx_word' id='word_1_515' title='bbox 1083 1851 1158 1877; x_wconf 81' lang='lat' dir='ltr'><em>tima</em></span> <span class='ocrx_word' id='word_1_516' title='bbox 1178 1848 1270 1885; x_wconf 78' lang='lat' dir='ltr'><em>longa</em></span> <span class='ocrx_word' id='word_1_517' title='bbox 1288 1858 1308 1875; x_wconf 83' lang='lat' dir='ltr'><em>a</em></span> <span class='ocrx_word' id='word_1_518' title='bbox 1326 1858 1467 1886; x_wconf 80' lang='lat' dir='ltr'><em>compono</em></span> <span class='ocrx_word' id='word_1_519' title='bbox 1494 1858 1681 1886; x_wconf 35' lang='lat' dir='ltr'><em>conces-siim,⁴</em></span> <span class='ocrx_word' id='word_1_520' title='bbox 1704 1849 1724 1877; x_wconf 85' lang='lat' dir='ltr'><em>i.</em></span> <span class='ocrx_word' id='word_1_521' title='bbox 1742 1859 1764 1877; x_wconf 88' lang='lat' dir='ltr'><em>e.</em></span> <span class='ocrx_word' id='word_1_522' title='bbox 1789 1852 1957 1887; x_wconf 71' lang='lat' dir='ltr'><em>concisum,</em></span> <span class='ocrx_word' id='word_1_523' title='bbox 1979 1851 2030 1879; x_wconf 87' lang='lat' dir='ltr'><em>id-</em></span> 
     </span>
     <span class='ocr_line' id='line_1_53' title="bbox 1085 1890 2028 1929; baseline 0.003 -11"><span class='ocrx_word' id='word_1_524' title='bbox 1085 1900 1139 1928; x_wconf 89' lang='lat' dir='ltr'><em>que</em></span> <span class='ocrx_word' id='word_1_525' title='bbox 1161 1890 1238 1918; x_wconf 86' lang='lat' dir='ltr'><em>dedi.</em></span> <span class='ocrx_word' id='word_1_526' title='bbox 1283 1890 1440 1919; x_wconf 84' lang='lat' dir='ltr'><em>Recentior</em></span> <span class='ocrx_word' id='word_1_527' title='bbox 1465 1901 1568 1919; x_wconf 86' lang='lat' dir='ltr'><em>manus</em></span> <span class='ocrx_word' id='word_1_528' title='bbox 1592 1891 1743 1929; x_wconf 79' lang='lat' dir='ltr'><em>ascripsit:</em></span> <span class='ocrx_word' id='word_1_529' title='bbox 1775 1903 1856 1920; x_wconf 74' lang='lat' dir='ltr'><em>como</em></span> <span class='ocrx_word' id='word_1_530' title='bbox 1879 1904 1914 1921; x_wconf 77' lang='lat' dir='ltr'><em>as</em></span> <span class='ocrx_word' id='word_1_531' title='bbox 1940 1899 1974 1920; x_wconf 78' lang='lat' dir='ltr'><em>ut</em></span> <span class='ocrx_word' id='word_1_532' title='bbox 1997 1899 2028 1921; x_wconf 82' lang='lat' dir='ltr'><em>at</em></span> 
     </span>
     <span class='ocr_line' id='line_1_54' title="bbox 1084 1931 2027 1974; baseline 0.004 -15"><span class='ocrx_word' id='word_1_533' title='bbox 1084 1931 1166 1960; x_wconf 78' lang='lat' dir='ltr'><em>illud</em></span> <span class='ocrx_word' id='word_1_534' title='bbox 1184 1933 1287 1960; x_wconf 70' lang='lat' dir='ltr'><em>enm-io</em></span> <span class='ocrx_word' id='word_1_535' title='bbox 1316 1939 1421 1962; x_wconf 80' lang='lat' dir='ltr'><em>comat.</em></span> <span class='ocrx_word' id='word_1_536' title='bbox 1444 1933 1520 1961; x_wconf 89' lang='lat' dir='ltr'><em>Tum</em></span> <span class='ocrx_word' id='word_1_537' title='bbox 1540 1943 1628 1971; x_wconf 85' lang='lat' dir='ltr'><em>supra</em></span> <span class='ocrx_word' id='word_1_538' title='bbox 1652 1944 1679 1962; x_wconf 84' lang='lat' dir='ltr'><em>v.</em></span> <span class='ocrx_word' id='word_1_539' title='bbox 1707 1945 1847 1973; x_wconf 76' lang='lat' dir='ltr'><em>compono</em></span> <span class='ocrx_word' id='word_1_540' title='bbox 1872 1936 2027 1974; x_wconf 82' lang='lat' dir='ltr'><em>scriptum:</em></span> 
     </span>
     <span class='ocr_line' id='line_1_55' title="bbox 1085 1975 2027 2013; baseline 0.005 -11"><span class='ocrx_word' id='word_1_541' title='bbox 1085 1980 1118 2002; x_wconf 78' lang='lat' dir='ltr'><em>ut</em></span> <span class='ocrx_word' id='word_1_542' title='bbox 1139 1979 1181 2002; x_wconf 73' lang='lat' dir='ltr'><em>esc</em></span> <span class='ocrx_word' id='word_1_543' title='bbox 1197 1985 1288 2003; x_wconf 74' lang='lat' dir='ltr'><em>corno.</em></span> <span class='ocrx_word' id='word_1_544' title='bbox 1316 1991 1348 1996; x_wconf 94' lang='lat'><strong>—</strong></span> <span class='ocrx_word' id='word_1_545' title='bbox 1373 1975 1420 2013; x_wconf 79' lang='lat'><em>38)</em></span> <span class='ocrx_word' id='word_1_546' title='bbox 1434 1975 1529 2004; x_wconf 80' lang='lat' dir='ltr'><em>Libro</em></span> <span class='ocrx_word' id='word_1_547' title='bbox 1555 1976 1611 2005; x_wconf 89' lang='lat' dir='ltr'><em>Ill.</em></span> <span class='ocrx_word' id='word_1_548' title='bbox 1633 1977 1713 2007; x_wconf 84' lang='lat' dir='ltr'><em>Cam.</em></span> <span class='ocrx_word' id='word_1_549' title='bbox 1734 1977 1762 2006; x_wconf 89' lang='lat' dir='ltr'><em>P.</em></span> <span class='ocrx_word' id='word_1_550' title='bbox 1781 1978 1833 2006; x_wconf 82' lang='lat' dir='ltr'><em>lib.</em></span> <span class='ocrx_word' id='word_1_551' title='bbox 1861 1977 1933 2007; x_wconf 81' lang='lat' dir='ltr'><em>Illl.</em></span> <span class='ocrx_word' id='word_1_552' title='bbox 1956 1978 2027 2006; x_wconf 84' lang='lat' dir='ltr'><em>eod.</em></span> 
     </span>
     <span class='ocr_line' id='line_1_56' title="bbox 1085 2017 2030 2059; baseline 0.003 -14"><span class='ocrx_word' id='word_1_553' title='bbox 1085 2018 1181 2045; x_wconf 84' lang='lat' dir='ltr'><em>Locus</em></span> <span class='ocrx_word' id='word_1_554' title='bbox 1199 2022 1243 2046; x_wconf 88' lang='lat' dir='ltr'><em>est</em></span> <span class='ocrx_word' id='word_1_555' title='bbox 1263 2018 1334 2047; x_wconf 72' lang='lat' dir='ltr'><em>Stat.</em></span> <span class='ocrx_word' id='word_1_556' title='bbox 1348 2017 1439 2048; x_wconf 85' lang='lat' dir='ltr'><em>Theb.</em></span> <span class='ocrx_word' id='word_1_557' title='bbox 1454 2019 1503 2052; x_wconf 82' lang='grc' dir='ltr'><em>ΠΙ,</em></span> <span class='ocrx_word' id='word_1_558' title='bbox 1526 2019 1597 2050; x_wconf 74' lang='grc'>424.</span> <span class='ocrx_word' id='word_1_559' title='bbox 1617 2035 1658 2040; x_wconf 90' lang='lat'><em>——</em></span> <span class='ocrx_word' id='word_1_560' title='bbox 1680 2018 1725 2058; x_wconf 80' lang='lat'><em>39)</em></span> <span class='ocrx_word' id='word_1_561' title='bbox 1750 2020 1797 2047; x_wconf 65' lang='lat' dir='ltr'><em>,fise</em></span> <span class='ocrx_word' id='word_1_562' title='bbox 1820 2031 1863 2047; x_wconf 72' lang='lat' dir='ltr'><em>me·</em></span> <span class='ocrx_word' id='word_1_563' title='bbox 1886 2020 2030 2059; x_wconf 66' lang='lat' dir='ltr'><em>dignante</em></span> 
     </span>
     <span class='ocr_line' id='line_1_57' title="bbox 1086 2058 2031 2100; baseline 0.004 -12"><span class='ocrx_word' id='word_1_564' title='bbox 1086 2060 1117 2088; x_wconf 87' lang='lat' dir='ltr'><em>P.</em></span> <span class='ocrx_word' id='word_1_565' title='bbox 1144 2070 1189 2087; x_wconf 85' lang='lat' dir='ltr'><em>me</em></span> <span class='ocrx_word' id='word_1_566' title='bbox 1208 2059 1267 2088; x_wconf 70' lang='grc' dir='ltr'><em>ιἐἰ</em></span> <span class='ocrx_word' id='word_1_567' title='bbox 1291 2058 1440 2098; x_wconf 79' lang='lat' dir='ltr'><em>dignata</em></span> <span class='ocrx_word' id='word_1_568' title='bbox 1467 2062 1544 2089; x_wconf 77' lang='lat' dir='ltr'><em>Cain.</em></span> <span class='ocrx_word' id='word_1_569' title='bbox 1569 2072 1613 2088; x_wconf 76' lang='lat' dir='ltr'><em>me</em></span> <span class='ocrx_word' id='word_1_570' title='bbox 1640 2060 1822 2100; x_wconf 56' lang='lat' dir='ltr'><em>dedignante</em></span> <span class='ocrx_word' id='word_1_571' title='bbox 1842 2063 1913 2092; x_wconf 89' lang='lat' dir='ltr'><em>Cod.</em></span> <span class='ocrx_word' id='word_1_572' title='bbox 1937 2064 2031 2091; x_wconf 88' lang='lat' dir='ltr'><em>Locus</em></span> 
     </span>
     <span class='ocr_line' id='line_1_58' title="bbox 1087 2101 2032 2144; baseline 0.003 -14"><span class='ocrx_word' id='word_1_573' title='bbox 1087 2106 1130 2130; x_wconf 84' lang='lat' dir='ltr'><em>est</em></span> <span class='ocrx_word' id='word_1_574' title='bbox 1152 2103 1225 2133; x_wconf 82' lang='lat' dir='ltr'><em>Stat.</em></span> <span class='ocrx_word' id='word_1_575' title='bbox 1249 2101 1340 2132; x_wconf 85' lang='lat' dir='ltr'><em>Theb.</em></span> <span class='ocrx_word' id='word_1_576' title='bbox 1365 2103 1425 2140; x_wconf 89' lang='lat' dir='ltr'><em>IX,</em></span> <span class='ocrx_word' id='word_1_577' title='bbox 1450 2106 1521 2136; x_wconf 78' lang='lat'><strong>901.</strong></span> <span class='ocrx_word' id='word_1_578' title='bbox 1543 2114 1602 2141; x_wconf 88' lang='lat' dir='ltr'><em>seq.</em></span> <span class='ocrx_word' id='word_1_579' title='bbox 1626 2119 1667 2125; x_wconf 93' lang='lat'>—</span> <span class='ocrx_word' id='word_1_580' title='bbox 1695 2105 1742 2141; x_wconf 78' lang='lat'><em>40)</em></span> <span class='ocrx_word' id='word_1_581' title='bbox 1767 2105 1803 2133; x_wconf 78' lang='lat' dir='ltr'><em>ln</em></span> <span class='ocrx_word' id='word_1_582' title='bbox 1827 2116 1905 2133; x_wconf 83' lang='lat' dir='ltr'><em>mor</em></span> <span class='ocrx_word' id='word_1_583' title='bbox 1925 2116 2032 2144; x_wconf 75' lang='lat' dir='ltr'><em>pauca</em></span> 
     </span>
     <span class='ocr_line' id='line_1_59' title="bbox 1087 2143 2032 2185; baseline 0.005 -13"><span class='ocrx_word' id='word_1_584' title='bbox 1087 2143 1207 2183; x_wconf 74' lang='lat' dir='ltr'><em>quidem</em></span> <span class='ocrx_word' id='word_1_585' title='bbox 1236 2143 1479 2182; x_wconf 73' lang='lat' dir='ltr'><em>desinentia,</em></span> <span class='ocrx_word' id='word_1_586' title='bbox 1502 2148 1624 2185; x_wconf 69' lang='lat' dir='ltr'><em>primae</em></span> <span class='ocrx_word' id='word_1_587' title='bbox 1651 2152 1789 2175; x_wconf 69' lang='lat' dir='ltr'><em>tannim</em></span> <span class='ocrx_word' id='word_1_588' title='bbox 1820 2148 1897 2176; x_wconf 81' lang='lat' dir='ltr'><em>cam.</em></span> <span class='ocrx_word' id='word_1_589' title='bbox 1930 2149 1962 2177; x_wconf 89' lang='lat' dir='ltr'><em>P.</em></span> <span class='ocrx_word' id='word_1_590' title='bbox 1991 2163 2032 2170; x_wconf 92' lang='lat'>—</span> 
     </span>
     <span class='ocr_line' id='line_1_60' title="bbox 1086 2186 2032 2225; baseline 0.004 -11"><span class='ocrx_word' id='word_1_591' title='bbox 1086 2186 1131 2225; x_wconf 82' lang='lat'><em>41)</em></span> <span class='ocrx_word' id='word_1_592' title='bbox 1153 2187 1188 2215; x_wconf 88' lang='lat' dir='ltr'><em>A</em></span> <span class='ocrx_word' id='word_1_593' title='bbox 1211 2189 1291 2215; x_wconf 76' lang='lat' dir='ltr'><em>rima</em></span> <span class='ocrx_word' id='word_1_594' title='bbox 1319 2190 1436 2216; x_wconf 73' lang='lat' dir='ltr'><em>nomine</em></span> <span class='ocrx_word' id='word_1_595' title='bbox 1457 2189 1489 2218; x_wconf 89' lang='lat' dir='ltr'><em>P.</em></span> <span class='ocrx_word' id='word_1_596' title='bbox 1515 2189 1595 2220; x_wconf 86' lang='lat' dir='ltr'><em>Cam.</em></span> <span class='ocrx_word' id='word_1_597' title='bbox 1619 2189 1694 2217; x_wconf 86' lang='lat' dir='ltr'><em>Tum</em></span> <span class='ocrx_word' id='word_1_598' title='bbox 1717 2200 1737 2217; x_wconf 85' lang='grc' dir='ltr'><em>α</em></span> <span class='ocrx_word' id='word_1_599' title='bbox 1759 2200 1875 2218; x_wconf 78' lang='lat' dir='ltr'><em>racemo</em></span> <span class='ocrx_word' id='word_1_600' title='bbox 1900 2201 2032 2218; x_wconf 75' lang='lat' dir='ltr'><em>racemor</em></span> 
     </span>
     <span class='ocr_line' id='line_1_61' title="bbox 1088 2229 2032 2266; baseline 0.001 -8"><span class='ocrx_word' id='word_1_601' title='bbox 1088 2229 1454 2259; x_wconf 69' lang='lat' dir='ltr'><em>Ca1n.Arimaracim0r</em></span> <span class='ocrx_word' id='word_1_602' title='bbox 1474 2233 1571 2260; x_wconf 68' lang='lat' dir='ltr'><em>maris</em></span> <span class='ocrx_word' id='word_1_603' title='bbox 1589 2242 1608 2259; x_wconf 84' lang='lat' dir='ltr'><strong><em>a</em></strong></span> <span class='ocrx_word' id='word_1_604' title='bbox 1630 2233 1757 2260; x_wconf 80' lang='lat' dir='ltr'><em>racimo</em></span> <span class='ocrx_word' id='word_1_605' title='bbox 1780 2233 1851 2261; x_wconf 85' lang='lat' dir='ltr'><em>cod.</em></span> <span class='ocrx_word' id='word_1_606' title='bbox 1875 2249 1915 2254; x_wconf 82' lang='lat'>—</span> <span class='ocrx_word' id='word_1_607' title='bbox 1937 2231 1981 2266; x_wconf 72' lang='grc'><em>42)</em></span> <span class='ocrx_word' id='word_1_608' title='bbox 1998 2232 2032 2260; x_wconf 73' lang='lat' dir='ltr'><em>In</em></span> 
     </span>
     <span class='ocr_line' id='line_1_62' title="bbox 1088 2271 2031 2313; baseline 0.002 -13"><span class='ocrx_word' id='word_1_609' title='bbox 1088 2272 1164 2300; x_wconf 76' lang='lat' dir='ltr'><em>libro</em></span> <span class='ocrx_word' id='word_1_610' title='bbox 1196 2271 1220 2302; x_wconf 89' lang='lat' dir='ltr'><em>I.</em></span> <span class='ocrx_word' id='word_1_611' title='bbox 1253 2273 1467 2312; x_wconf 64' lang='lat' dir='ltr'><em>Alletamoiplzo.</em></span> <span class='ocrx_word' id='word_1_612' title='bbox 1504 2274 1575 2305; x_wconf 87' lang='lat' dir='ltr'><em>Cod.</em></span> <span class='ocrx_word' id='word_1_613' title='bbox 1608 2275 1641 2302; x_wconf 78' lang='lat' dir='ltr'><em>in</em></span> <span class='ocrx_word' id='word_1_614' title='bbox 1670 2275 1945 2313; x_wconf 67' lang='lat' dir='ltr'><em>stletamorplioseon</em></span> <span class='ocrx_word' id='word_1_615' title='bbox 1965 2274 2031 2302; x_wconf 72' lang='lat' dir='ltr'><em>libr.</em></span> 
     </span>
     <span class='ocr_line' id='line_1_63' title="bbox 1090 2315 2031 2356; baseline -0.002 -12"><span class='ocrx_word' id='word_1_616' title='bbox 1090 2315 1113 2344; x_wconf 91' lang='grc' dir='ltr'><em>Ι.</em></span> <span class='ocrx_word' id='word_1_617' title='bbox 1133 2315 1164 2344; x_wconf 89' lang='lat' dir='ltr'><em>P.</em></span> <span class='ocrx_word' id='word_1_618' title='bbox 1197 2316 1229 2343; x_wconf 83' lang='lat' dir='ltr'><em>in</em></span> <span class='ocrx_word' id='word_1_619' title='bbox 1251 2316 1529 2355; x_wconf 75' lang='lat' dir='ltr'><em>Metcmzmplzoseon</em></span> <span class='ocrx_word' id='word_1_620' title='bbox 1553 2316 1629 2345; x_wconf 83' lang='lat' dir='ltr'><em>libro</em></span> <span class='ocrx_word' id='word_1_621' title='bbox 1648 2318 1748 2356; x_wconf 78' lang='lat' dir='ltr'><em>primo</em></span> <span class='ocrx_word' id='word_1_622' title='bbox 1772 2318 1851 2348; x_wconf 82' lang='lat' dir='ltr'><em>Cani.</em></span> <span class='ocrx_word' id='word_1_623' title='bbox 1875 2318 1968 2346; x_wconf 86' lang='lat' dir='ltr'><em>Locus</em></span> <span class='ocrx_word' id='word_1_624' title='bbox 1988 2319 2031 2344; x_wconf 88' lang='lat' dir='ltr'><em>est</em></span> 
     </span>
    </p>
   </div>
   <div class='ocr_carea' id='block_1_16' title="bbox 1091 2357 1623 2478">
    <p class='ocr_par' dir='ltr' id='par_1_17' title="bbox 1091 2357 1623 2478">
     <span class='ocr_line' id='line_1_64' title="bbox 1091 2357 1301 2396; baseline 0.005 -9"><span class='ocrx_word' id='word_1_625' title='bbox 1091 2357 1159 2388; x_wconf 78' lang='lat' dir='ltr'><em>Met.</em></span> <span class='ocrx_word' id='word_1_626' title='bbox 1183 2357 1208 2396; x_wconf 90' lang='lat'><em>1,</em></span> <span class='ocrx_word' id='word_1_627' title='bbox 1232 2360 1301 2390; x_wconf 85' lang='lat'><strong>304.</strong></span> 
     </span>
     <span class='ocr_line' id='line_1_65' title="bbox 1520 2444 1623 2478; baseline -0.01 0"><span class='ocrx_word' id='word_1_628' title='bbox 1520 2445 1577 2478; x_wconf 84' lang='lat' dir='ltr'><em>Aa</em></span> <span class='ocrx_word' id='word_1_629' title='bbox 1603 2444 1623 2467; x_wconf 85' lang='lat'>*</span> 
     </span>
    </p>
   </div>
  </div>
 </body>
</html>
