2263 2668
823 156 912 190 LIB.
939 156 966 190 1.
1008 155 1152 193 SEGM.
1180 156 1239 193 ΧΙ.

61 249 186 284 Verum
210 252 322 281 tamen
348 247 381 280 in
406 246 548 292 simplici
574 247 745 282 intellectu
771 250 932 294 repetitae
958 251 1008 285 rei
1033 251 1101 285 sine
1128 250 1232 285 dubio
1259 251 1364 298 longa
1388 254 1496 298 posita
1523 258 1570 289 est
1596 256 1630 288 in
1656 253 1725 291 hoc
1750 267 1864 291 versu:

288 299 395 344 Ergo
421 310 488 332 non
515 299 645 333 hiemes
671 298 816 333 illamfl.

60 350 149 384 Ideo
175 350 361 385 coniunctio
374 348 397 367 ¹³
423 355 550 383 constat
577 358 775 395 anapaesto,
803 357 858 386 ut:

286 402 402 446 Atque
427 402 507 434 ideo
533 405 654 435 tauros
675 404 804 448 procul
815 400 847 436 ¹⁹.

60 452 204 487 Scilicet
229 453 416 488 coniunctio
444 458 575 487 constat
601 454 755 498 dactylo,
782 459 835 488 ut:

288 504 429 538 Scilicet
456 505 486 537 is
511 506 647 549 superis
674 506 778 540 labor
805 502 895 541 est20,

58 556 259 602 Propterea
286 560 414 589 constat
441 555 649 590 choriambo.

287 606 410 653 Quare
437 604 554 652 age²¹.

61 657 159 705 Quid
184 670 316 703 semper
341 658 449 691 blevis
477 663 526 691 est
534 655 578 700 ·²‚
605 663 658 692 ut:

283 709 340 744 Ne
366 710 452 756 quid
478 711 698 756 inexpertum
715 708 905 758 s1··²³ust1a.

442 847 467 881 S
479 859 529 881 EG
540 859 577 882 M.
603 848 663 883 ΧΙ.

728 847 812 882 De
864 846 1609 893 Praepositionibusffl.

707 557 829 604 Quare
855 561 981 592 constat
1006 557 1188 599 trochaeo,
1214 561 1269 591 ut:

1869 849 1998 896 [1427]

222 940 257 976 1,
310 941 580 985 Praepositiones
607 940 739 974 duobus
766 942 945 985 generibus
973 946 1131 977 constant.
1157 941 1278 974 etenim
1305 942 1390 974 aliae
1417 947 1489 974 sunt
1516 942 1720 988 loquelares,
1746 955 1832 988 quae
1859 945 1999 977 ornandi

54 1003 182 1034 sensus,
218 997 274 1026 aut
301 990 480 1037 augendi²³
489 1017 498 1033 ‚
531 993 586 1025 vel
612 993 781 1025 minuendi
808 994 916 1038 gratia
947 995 1085 1028 caeteris
1111 994 1260 1037 partibus
1287 1001 1553 1037 praeponuntu1;

764 1044 970 1088 Loquelares
997 1050 1086 1079 sunt:
1115 1057 1179 1087 αη,
1208 1043 1304 1078 con²⁸¹
1314 1069 1323 1087 ‚
1349 1056 1406 1089 ⁷·‚e
1433 1057 1488 1087 sc,
1516 1047 1573 1090 di,
1607 1048 1671 1081 dis.

161 1096 268 1129 brevis
297 1100 363 1136 est,
391 1095 449 1128 sed
477 1106 610 1139 semper
638 1096 806 1140 positione
831 1097 936 1142 longa
961 1098 1018 1140 fit,
1045 1102 1098 1131 ut:

54 1049 232 1085 vocantur,
268 1044 360 1087 quod
395 1044 523 1077 casibus
551 1045 702 1076 se1viant.

52 1091 134 1128 tio²²

284 1119 416 1180 Obziias
442 1144 696 1192 ambustumffi3

53 1202 104 1231 et:

283 1247 387 1294 Quae
411 1250 564 1294 rapidus
576 1249 742 1296 flammis
769 1246 919 1283 ambitffl.

49 1299 107 1333 Re
130 1300 336 1345 praepositio
364 1312 496 1345 semper
521 1303 630 1335 brevis
658 1306 724 1343 est,
750 1303 783 1334 in
811 1302 1062 1345 quibuscunque
1088 1299 1239 1344 partibus
1263 1300 1420 1333 orationis
1446 1300 1555 1334 fuerit.

274 1351 314 1385 Is
332 1353 495 1397 primam
521 1358 603 1387 ante
629 1354 743 1387 aciem
769 1354 887 1399 digna
913 1357 1019 1398 atque
1048 1352 1202 1397 indigna
1228 1349 1388 1385 relatam.

47 1401 87 1435 In
112 1402 215 1436 verbo
225 1426 235 1445 ‚
261 1408 314 1436 ut:

1587 996 1672 1029 aliae
1705 1001 1817 1030 autem
1852 996 1999 1029 casuales

1731 1048 1789 1081 An
1821 1049 1997 1092 praeposi-

1608 1301 1647 1334 In
1672 1303 1822 1345 nomine,
1850 1306 1900 1336 ut:

280 1454 383 1489 Colla
405 1467 591 1501 armosque
617 1456 760 1498 lavant,
782 1457 920 1503 gemitu
945 1465 1067 1489 nemus
1093 1465 1193 1488 omne
1217 1450 1417 1500 remugitffl.

48 1505 229 1550 Participio
238 1532 248 1550 ,
275 1511 328 1540 ut:

276 1557 380 1593 Nunc
405 1559 558 1604 rapidus
583 1563 679 1592 retro
705 1563 811 1604 alque
838 1563 937 1594 aesta
962 1557 1122 1591 revoluta
1147 1557 1323 1591 resolvens
1335 1553 1368 1588 ³².

48 1605 98 1640 Se
122 1609 327 1653 praepositio
354 1611 619 1656 semperlonga
645 1616 709 1653 est,
736 1617 788 1644 ut:

45 1736 170 1775 peritur.
217 1737 343 1768 Tristes
366 1739 436 1770 Cod.
453 1740 558 1768 tristis
579 1739 646 1768 Asc.
662 1740 784 1769 irisleis
811 1740 842 1769 P.
864 1741 1001 1768 Ceterum

46 1779 118 1808 cod.
138 1779 208 1819 fors
223 1790 281 1810 om.
302 1791 363 1810 non
382 1783 546 1821 perscripto
563 1793 629 1811 voe.
646 1783 752 1812 omnia.
779 1800 816 1805 —
854 1781 899 1821 13)
917 1782 999 1819 Virg.

45 1822 117 1850 Aen.
133 1822 183 1859 VI,
198 1825 267 1854 670.
292 1840 334 1846 —
378 1824 424 1862 14)
451 1824 592 1862 Quamvis
613 1822 840 1865 ἅδιαφορος
865 1832 914 1853 est.
956 1825 999 1852 lta

44 1869 125 1893 recte
146 1865 213 1895 Asc.
257 1866 330 1894 Nam
355 1867 387 1895 in
411 1868 482 1896 Cod.
509 1872 538 1896 et
555 1868 584 1895 P.
603 1878 759 1906 perperam
784 1873 842 1896 est:
866 1867 999 1906 quamvis

46 1903 270 1947 α’διάφορος
291 1907 360 1938 Ῐιοσ
382 1911 630 1939 est.Praete1ea
654 1911 829 1947 mumdum,
855 1911 896 1937 Gn
899 1919 947 1936 ιε(
951 1918 997 1935 1111

44 1958 148 1978 vocem
166 1949 276 1978 Latinis
288 1952 395 1980 litteris
408 1953 549 1991 scriptam
567 1963 595 1979 es
599 1963 629 1981 sc
641 1953 673 1980 iu
691 1953 761 1981 Cod.
778 1970 821 1974 —
858 1954 900 1985 15)
918 1951 997 1987 Virg.

44 1990 182 2027 Aen.1H,
198 1994 267 2023 238.
313 1994 382 2022 Cod.
401 1994 504 2023 habet.
531 1994 606 2034 Emo
628 1994 679 2023 ubi
696 1994 834 2033 delapsae
855 1993 952 2021 sonilu
968 1998 997 2019 ut

45 2046 121 2071 erno.
165 2034 253 2072 Apud
273 2035 350 2073 Virg.
373 2042 416 2065 est
439 2038 575 2066 sonitum.
598 2054 642 2059 —
690 2036 735 2075 16)
763 2037 840 2074 Virg.
864 2036 935 2063 Aen
960 2034 996 2070 ΙΙ,

44 2080 118 2109 707
142 2092 182 2097 *-
227 2077 273 2114 17)
297 2077 428 2107 Hiemes
450 2078 546 2108 illam
570 2080 677 2118 scripsi
692 2089 706 2106 e
722 2079 793 2108 Cod.
813 2078 939 2116 hyemes
957 2075 997 2104 il-

43 2120 105 2151 lam
129 2120 196 2149 Asc.
219 2117 329 2155 hyemes
344 2119 442 2149 illum
467 2122 496 2149 P.
535 2122 578 2149 Cf.
598 2123 675 2159 Virg.
692 2121 798 2157 60013.
817 2120 937 2154 11,293
954 2134 996 2139 —

45 2162 89 2201 18)
113 2162 184 2190 Voc.
208 2162 374 2190 coniunctio
396 2164 497 2192 addidi
520 2173 534 2191 e
550 2164 619 2192 Cod.
643 2168 671 2191 et
687 2163 754 2190 Asc.
774 2178 810 2183 -—
851 2165 895 2195 19)
916 2161 994 2197 Virg.

44 2203 231 2242 Georg.111‚
248 2206 319 2235 212.
342 2220 384 2225 —-
425 2208 472 2243 20)
497 2205 556 2234 His
579 2206 688 2244 superis
712 2204 783 2234 Cod.
815 2203 882 2231 Arm.
910 2213 995 2230 nien—

43 2249 128 2277 dose.
165 2247 259 2274 Locus
277 2250 321 2273 cst
338 2245 417 2284 Virg.
436 2248 508 2276 Aen.
527 2248 574 2286 lv,
592 2250 662 2278 379.
686 2246 737 2274 ubi
755 2250 836 2274 recle
850 2246 890 2281 is,
914 2245 995 2282 qnod

43 2291 119 2320 dedi.
154 2288 218 2317 Hic
239 2288 348 2326 superis
364 2290 439 2317 male
454 2291 484 2318 P.
505 2306 540 2310 —-
586 2288 632 2327 21)
658 2288 738 2325 Virg.
755 2289 827 2317 Aen.
843 2287 905 2324 Vll,
921 2288 993 2319 429.

41 2350 83 2357 —
98 2331 144 2370 22)
159 2330 244 2359 coda
267 2341 376 2369 semper
398 2330 489 2360 brevis
511 2339 577 2361 ecst.
599 2331 678 2359 unde
700 2332 823 2359 sortasse
838 2330 995 2368 legendum

43 2382 151 2406 exstat.
205 2372 262 2401 Sed
285 2373 379 2401 tutius
404 2373 562 2402 videbatur
584 2381 645 2410 est,
675 2384 768 2412 quum
790 2374 820 2401 in
843 2372 900 2402 hoc
923 2373 994 2404 Cod.

43 2417 165 2448 nonnisi
193 2415 397 2454 exemplorum
430 2415 520 2445 verba
555 2416 732 2456 compendio
763 2416 875 2455 scripta
903 2425 995 2455 repe-

1042 1736 1168 1766 riantur.
1190 1751 1236 1757 —-
1274 1733 1321 1773 23)
1353 1735 1441 1765 cod.:
1469 1736 1651 1774 inexpertum
1672 1733 1706 1776 f
1727 1735 1921 1775 praepositio,
1950 1734 1992 1763 sic

1042 1790 1102 1807 non
1128 1777 1293 1816 perscripto
1315 1779 1412 1806 medio
1435 1778 1593 1807 vocabulo.
1636 1778 1732 1806 Locus
1755 1783 1798 1806 est
1815 1778 1895 1815 Virg.
1919 1777 1992 1808 Aen

1042 1821 1091 1855 IV
1110 1821 1180 1851 415
1205 1837 1240 1840 —
1287 1820 1334 1858 24)
1357 1821 1436 1849 Haec
1458 1820 1614 1858 inseliptio
1638 1830 1733 1858 neque
1752 1821 1783 1849 in
1801 1821 1872 1849 Cod
1897 1830 1993 1858 neque

1041 1864 1073 1891 in
1094 1863 1159 1891 Asc.
1183 1867 1343 1900 comparet.
1365 1880 1406 1885 —
1454 1866 1499 1896 25)
1522 1863 1591 1903 Auo
1580 1861 1664 1892 endi
1692 1863 1798 1902 scripsi
1829 1873 1844 1891 e
1867 1863 1939 1891 Cod.
1963 1867 1993 1891 et

1041 1907 1107 1933 Asc.
1131 1903 1237 1943 agendi
1259 1905 1290 1933 Ρ
1320 1922 1363 1926 —
1410 1904 1458 1945 26)
1480 1905 1551 1940 Αη,
1575 1916 1628 1942 co,
1652 1916 1706 1936 con
1730 1906 1761 1935 P.
1815 1905 1873 1934 Sed
1895 1905 1992 1934 inedia

1040 1948 1148 1975 vocula
1164 1947 1244 1974 abest
1261 1957 1276 1975 a
1293 1947 1364 1977 Cod.
1386 1953 1415 1976 et
1429 1949 1495 1978 Asc.
1518 1964 1561 1969 —
1603 1950 1649 1985 27)
1673 1948 1727 1977 Αη
1741 1948 1909 1988 praeposita
1922 1948 1991 1978 Asc.

1043 1991 1089 2027 P.;
1106 1993 1186 2018 recte
1204 1989 1290 2017 Cod.:
1305 1991 1493 2030 praepositio.
1511 2006 1552 2011 -—
1582 1991 1630 2028 28)
1654 1990 1733 2028 Virg.
1749 1991 1822 2020 Aen.
1839 1990 1905 2027 XII,
1920 1993 1990 2022 298.

1039 2049 1082 2054 —
1096 2031 1143 2070 29)
1166 2031 1246 2069 Virg.
1262 2032 1333 2060 Aen.
1351 2033 1400 2069 Vl,
1418 2034 1488 2065 550.
1511 2049 1553 2054 —
1574 2033 1622 2068 30)
1648 2032 1717 2063 cod.
1734 2032 1816 2062 Asc.:
1841 2032 1899 2061 his
1920 2034 1990 2073 pri-

1040 2086 1128 2103 mam.
1153 2074 1200 2102 P.:
1225 2075 1300 2104 Hic
1317 2076 1453 2113 primam.
1501 2075 1642 2104 Nimirum
1660 2076 1692 2105 Is
1707 2075 1899 2104 scribendum
1921 2076 1989 2114 fuit,

1040 2117 1120 2155 quod
1142 2121 1185 2144 est
1208 2117 1288 2156 apud
1312 2118 1391 2156 Vir-g.
1408 2118 1481 2147 Aen.
1497 2118 1549 2153 IX,
1566 2119 1637 2150 595.
1657 2135 1698 2139 -
1747 2118 1793 2158 31)
1818 2118 1898 2155 Virg.
1914 2118 1986 2146 Aen.

1038 2160 1114 2194 XII,
1139 2162 1210 2191 7252.
1256 2159 1327 2187 cod.
1346 2165 1375 2188 et
1396 2160 1464 2189 Asc.
1487 2160 1651 2189 exhibent:
1681 2159 1801 2196 labant,
1826 2160 1914 2188 solito
1937 2170 1987 2189 er-

1037 2212 1112 2231 rore.
1129 2218 1170 2223 -
1213 2201 1261 2239 32)
1285 2201 1449 2231 Resorbens
1471 2203 1502 2232 P.
1522 2207 1556 2231 ut
1580 2207 1623 2231 est
1641 2203 1720 2242 apud
1739 2203 1819 2241 Virg.
1846 2203 1916 2231 Aen.
1934 2203 1986 2238 XI,

1038 2248 1107 2276 627.
1121 2244 1202 2282 quod
1217 2243 1298 2272 haud
1310 2245 1397 2273 dubie
1410 2255 1523 2274 verum.
1553 2245 1625 2273 Nam
1637 2256 1728 2284 quum
1738 2250 1877 2274 consueto
1888 2254 1986 2273 errore

1038 2298 1182 2316 reson-vens
1198 2297 1252 2325 pro
1271 2286 1417 2316 resorbens
1438 2288 1583 2327 scriplum
1599 2288 1633 2316 ab
1657 2288 1757 2326 aliquo
1776 2292 1868 2323 essct,
1891 2286 1984 2315 facilis

1037 2329 1095 2358 suit
1114 2330 1238 2357 mutatio
1255 2329 1285 2357 in
1298 2328 1448 2359 resolvens.
1484 2332 1541 2359 Sed
1555 2331 1584 2358 in
1596 2330 1706 2358 talibus
1718 2334 1820 2358 contra
1838 2329 1983 2357 librorum

1037 2381 1214 2401 consensum
1231 2371 1306 2400 nihil
1322 2373 1513 2410 mutandum3
1528 2373 1614 2402 aliter
1627 2373 1704 2401 enim
1717 2371 1982 2401 Grammaticorum

1037 2414 1106 2444 libri
1122 2414 1237 2443 nullam
1250 2414 1281 2443 iu
1297 2424 1329 2442 re
1346 2414 1448 2444 critica
1463 2416 1550 2445 fidem
1569 2414 1688 2444 habent.
