2263 2668
576 121 641 156 DE
672 118 1060 157 SIGNIFICATIONE
1092 118 1378 157 VERBORUM.
1429 123 1576 158 LIBER
1603 125 1630 161 Ι.
2011 131 2088 166 3οἴ

301 214 533 254 Adgreitus.
584 215 695 244 Eodem
728 215 816 244 modo
850 225 910 253 quo
940 219 1063 252 mertus,
1093 211 1209 252 puhus,
1239 219 1268 242 et
1294 215 1413 245 similia.
1464 217 1531 246 Non
1559 217 1663 254 video,
1700 227 1790 256 quare
1820 218 1899 248 dicat
1926 231 1942 248 a
1974 222 2086 252 Graeco

135 259 228 300 ἄγρει.
273 259 348 287 Sane
370 258 422 286 diu
443 262 516 296 puto
539 268 618 295 esse,
641 268 709 287 cum
733 258 919 287 desideratur
942 256 1049 285 melior
1069 265 1139 294 pars
1164 256 1344 287 Graecarum
1366 263 1476 287 v’ocum
1499 261 1530 288 in
1553 260 1609 289 hac
1632 260 1760 299 epitome
1782 261 1870 291 Festi.
1914 263 1987 292 Nam
2011 276 2086 303 quae

134 302 225 331 hodie
250 306 385 335 exstant,
409 301 470 329 sere
496 311 597 329 omnes
622 301 743 329 arbitrio
770 306 974 330 correctorum
997 297 1057 326 huc
1078 299 1247 328 inculcatae
1270 305 1355 336 sunt,
1386 306 1420 330 ut
1442 302 1524 331 istud
1546 301 1640 344 ἄγρει.
1684 302 1776 338 Quasi
1798 304 1874 333 illud
1896 304 2085 338 Homericum

134 344 219 386 ἄγρει
241 342 302 383 μάν
324 343 431 372 habeat
453 343 569 382 aliquid
591 354 748 372 commuue
771 354 838 372 cum
861 342 1021 382 Adgreius.
1073 341 1129 369 Sed
1152 352 1244 379 quare
1267 343 1390 372 deducit
1412 355 1428 372 a
1453 346 1584 383 Graeco,
1617 347 1641 374 si
1664 346 1776 375 dictum
1802 352 1846 376 est
1867 358 1923 386 pro
1947 348 2087 389 Adgres-

134 387 208 417 sus?
235 387 391 416 Manifesto
414 386 506 414 verba
534 386 608 414 haec
631 387 735 415 ultima
764 386 880 415 intrusa
903 386 1042 413 videntur
1065 384 1100 412 ab
1126 384 1228 422 aliquo
1258 386 1368 422 sciolo,
1403 387 1465 416 sive
1486 388 1550 427 ipse
1578 389 1696 417 Paullus
1727 390 1882 419 mutilatur
1910 390 1983 429 fuit,
2023 394 2085 423 sive

134 431 210 459 alius
234 431 316 469 quis,
338 430 391 457 illo
414 439 475 457 non
500 429 627 459 doctior.
673 427 774 458 Scal.
825 428 993 466 Adgressus
1015 436 1097 455 more
1121 427 1324 461 Graecorum,
1354 429 1405 466 qui
1426 440 1483 468 pro
1512 440 1547 461 σσ
1569 432 1704 460 scribunt
1732 444 1771 461 ττ.
1816 433 1974 462 Dicebatur
1997 436 2085 465 etiam

135 472 272 512 adgreius
295 471 424 510 simplici
446 478 466 500 t.
509 471 590 500 Infra
620 482 675 510 pro
699 470 800 511 ἄγρει,
830 471 911 509 quod
933 474 1108 508 corruptum
1138 475 1182 498 est
1210 476 1239 499 et
1261 471 1413 508 mutilum,
1454 473 1610 508 legendum
1635 479 1677 503 est
1699 474 1863 514 ἐγείρομαι,
1893 476 1912 504 i.
1936 487 1958 504 e.
1981 489 2084 517 surgo,-

135 526 173 545 ex
196 517 324 555 ipsomet
348 515 433 543 Festo
456 514 487 542 in
507 524 582 543 voce
606 521 729 554 egreius,
753 514 823 543 ubi:
855 520 965 552 egreius
987 519 1013 541 et
1035 511 1173 552 adgreius
1201 524 1220 541 a
1247 512 1359 543 Graeco
1382 521 1448 542 sunt
1473 514 1580 553 ducta,
1610 528 1628 545 α
1650 516 1793 556 surgendo
1815 526 1841 547 et
1860 519 2083 559 ρνιῃῖσίςοεηᾱο,

136 558 236 594 Quare
259 559 369 586 frustra
392 561 434 585 est
457 557 603 595 Scaliger,
628 566 695 585 eum
717 557 790 585 ista:
814 554 894 596 quod
915 554 1031 584 verbum
1052 556 1129 584 venit
1156 567 1175 583 a
1199 554 1312 585 Graeco
1336 555 1433 596 ἄγρει,
1465 568 1481 585 a
1504 559 1595 588 sciolo
1619 560 1748 599 quodam
1770 559 1830 589 huc
1852 561 1968 590 intrusa
1991 564 2083 602 suspi-

135 606 230 631 catur.
275 599 350 628 Vide
371 598 516 639 Egrettus.
559 599 648 628 Dae.
691 598 865 638 Atlgretius.
908 598 1063 636 Adgretus.
1112 596 1219 627 Goth.

301 642 387 681 Agn
400 654 445 670 us.
474 640 561 680 Quod
578 642 654 670 venit
670 653 710 670 ex
729 640 841 670 Graeco
856 638 950 671 λύκο
963 654 984 677 ς.
1006 640 1088 668 Imo:
1108 638 1188 680 quod
1202 641 1278 669 venit
1294 651 1334 670 ex
1346 639 1487 681 Graecovf
1501 641 1599 679 λύκος.
1623 644 1696 673 Vult
1712 644 1832 673 enimin
1847 655 1880 673 eo
1892 651 2009 675 secutos
2021 657 2083 676 esse

134 689 252 713 veteres
267 685 408 722 Graecos,
424 685 475 723 qui
490 684 511 723 ἦ
522 685 624 720 ἵππος,
642 683 664 723 ἡ
679 682 795 723 ἄρκτος,
819 688 848 712 et
866 684 971 712 similia
986 683 1101 712 dicunt.
1133 683 1198 711 Non
1214 684 1292 712 enim
1305 683 1355 711 hic
1370 686 1485 722 quaerit
1504 691 1624 725 etymon
1649 687 1723 726 lupi,
1745 687 1797 716 sed
1811 687 1968 726 rationem,
1993 699 2083 727 quare

134 727 275 756 feminino
293 738 397 766 genere
417 727 519 756 dicunt
535 732 661 756 veteres.
689 728 781 755 Porro
799 727 880 765 quod
897 728 938 755 ait
955 736 1063 763 agnum
1083 730 1212 764 utroque
1229 736 1334 764 genere
1352 737 1368 754 a
1384 727 1535 757 veteribus
1556 730 1717 767 enunciari,
1739 729 1828 758 habes
1843 730 1874 758 in
1893 731 1956 769 lege
1971 732 2084 760 Numae

135 770 172 798 de
196 771 302 809 opimis
325 770 445 809 spoliis:
468 768 647 799 AGNUM.
670 768 852 799 MAREM.
879 767 1083 799 CAEDITO.
1106 769 1144 796 Et
1166 769 1197 797 in
1211 769 1328 798 Pellex:
1349 768 1521 800 AGNUM.
1544 770 1765 803 FEMINAM.
1800 773 1871 802 Nam
1894 783 1953 802 non
1970 784 2084 812 agnam,

135 813 187 842 sed
210 824 318 852 agnum
340 813 479 842 seminam
502 812 656 849 dicebant,
679 817 714 840 ut
737 822 795 840 non
818 812 936 850 lupam,
965 812 1015 840 sed
1037 812 1141 850 lupum
1163 812 1310 840 feminam.
1354 812 1484 841 Ennius:

669 853 852 883 Endotuetur
875 853 918 883 ibi
939 851 1018 893 lupu'
1034 853 1164 894 femina,
1189 855 1339 894 conspicio
1361 866 1469 884 amens.

136 897 240 927 Scal.
302 899 408 927 Graeci
443 907 511 926 cum
548 897 652 926 dicunt
685 896 707 936 ἦ
737 898 829 932 ἵππος
863 897 1092 935 subintelligunt
1127 894 1245 936 θήλεια.
1305 897 1379 926 Nam
1418 898 1564 926 Pindarus
1599 898 1677 928 dixit
1715 899 1807 935 ἵππος
1841 899 1972 939 θήλεια,
2016 900 2082 930 ἕλα-

135 951 194 978 φος
216 938 334 978 θήλεια.
377 941 524 969 Homerus
547 942 623 979 βοῦν
649 937 768 977 ι’ίρσενα.
813 940 862 968 Sic
884 950 979 968 mares
1002 939 1153 976 homines,
1179 940 1258 968 canis
1281 940 1407 977 femina,
1430 941 1504 969 civis
1525 941 1641 970 femina.
1685 940 1746 970 Leo
1766 942 1880 983 femina
1904 943 1981 972 dixit
1998 943 2084 972 Plau-

134 987 192 1012 tus.
236 982 299 1012 Bos
316 983 432 1024 femina
456 983 564 1011 Livius.
609 981 740 1022 Polypus
758 981 873 1021 femina
895 983 1018 1011 Plinius.
1065 985 1174 1012 Porcus
1197 982 1313 1023 femina
1337 984 1407 1011 Cato
1431 988 1460 1012 et
1485 984 1598 1012 Cicero.
1643 983 1761 1022 Anguis
1788 985 1902 1025 femina
1931 991 1958 1014 et
1981 987 2084 1026 anguis·

132 1037 199 1055 mas
221 1026 333 1055 Cicero.
359 1027 416 1065 (Cf.
440 1027 539 1055 Sanct.
559 1026 629 1054 Min.
652 1026 703 1061 lv,
727 1025 769 1064 4.)
812 1026 849 1053 Et
880 1026 936 1054 alia
959 1026 1060 1054 multa.
1104 1025 1137 1054 In
1161 1025 1207 1054 his
1230 1031 1328 1054 autem
1350 1030 1378 1054 et
1404 1026 1548 1055 similibus
1571 1026 1719 1065 epicoenis
1740 1027 1765 1054 si
1788 1027 1968 1056 adiectivum
1984 1028 2084 1056 adiici-

134 1073 186 1097 tur
207 1073 311 1097 contra
333 1069 588 1103 terminationem,
612 1079 673 1096 mas
697 1068 746 1096 vel
768 1067 877 1096 semina
901 1068 989 1096 debet
1010 1068 1152 1106 intelligi,
1176 1073 1208 1097 ut
1230 1079 1326 1107 equus
1349 1069 1554 1105 velocissima,
1580 1069 1634 1097 bos
1658 1075 1793 1105 auratus,
1817 1069 1993 1108 elephantus
2015 1081 2085 1108 gra—

133 1111 211 1140 vida.
256 1112 305 1139 Sic
335 1112 416 1150 apud
447 1112 551 1149 virgil.
579 1111 667 1148 (Aen.
690 1110 746 1147 VI,
776 1109 864 1150 644.)
894 1111 939 1139 Ne
961 1112 1040 1140 saevi
1068 1122 1175 1150 magna
1204 1110 1350 1142 sacerdos,
1401 1112 1451 1140 Et:
1483 1110 1572 1153 (Aen.
1595 1112 1648 1148 VI,
1678 1111 1762 1150 398.)
1792 1112 1968 1152 Amphrisia-
1998 1121 2084 1142 vates.

134 1154 184 1182 Sic
209 1154 299 1184 Ovid.
324 1155 352 1182 in
375 1154 468 1193 Epist.
497 1154 633 1193 (Heroid,
656 1153 716 1190 XI,
739 1152 803 1192 48.)
832 1152 919 1184 Nova
949 1152 1040 1183 miles.
1085 1153 1174 1184 Dac.
1222 1153 1390 1184 Communis
1419 1162 1480 1183 erat
1508 1156 1628 1194 generis.
1673 1154 1747 1183 Vide
1773 1156 1850 1183 infra
1874 1163 1949 1184 recto
1969 1155 2084 1196 fronte,

133 1197 182 1225 Sic
202 1197 235 1225 in
256 1197 369 1225 Numae
391 1197 502 1234 legibus
524 1197 625 1234 Agnus
647 1206 726 1232 mas,
752 1195 850 1233 Agnus
873 1196 994 1226 femina.
1042 1194 1144 1225 Goth.
1193 1196 1276 1226 Sicut
1306 1204 1332 1225 et
1363 1195 1457 1237 lupus.
1502 1197 1579 1226 Vide
1609 1197 1687 1226 infra
1711 1196 1898 1231 Masculino,
1939 1203 1968 1227 et
1990 1197 2084 1227 Recto

127 1237 240 1280 fronte.
284 1240 331 1267 Sic
354 1239 435 1278 apud
456 1239 602 1268 Ennium:
623 1239 713 1277 lupus
733 1238 850 1267 femina.
895 1238 1007 1268 Idem.

299 1282 477 1321 Aegrum.
522 1282 584 1310 lam
608 1282 745 1319 superius
768 1281 954 1317 monuimus,
982 1282 1153 1320 pleramque
1185 1282 1364 1311 Graecarum
1387 1292 1495 1311 vocum
1518 1287 1632 1322 partem
1663 1282 1879 1321 supposititiam
1907 1292 1979 1311 esse.
2023 1282 2084 1311 Ne—

134 1333 192 1361 que
215 1324 308 1361 magis
331 1329 461 1352 erratum
485 1329 546 1361 est,
571 1334 660 1362 quam
684 1323 734 1351 ubi
759 1324 871 1353 Graeca
894 1335 955 1353 vox
978 1324 1217 1361 desiderabatur,
1244 1330 1278 1353 ut
1296 1324 1346 1354 hic
1369 1335 1406 1354 ex
1429 1335 1487 1353 una
1511 1325 1689 1364 etymologia
1715 1325 1791 1353 duae
1814 1326 1966 1353 conflatae.
2010 1325 2085 1353 Sane

131 1365 209 1394 illud
232 1363 374 1405 α’νιγρόν,
397 1366 478 1405 quod
500 1372 542 1395 est
566 1366 736 1405 poeticum,
769 1377 830 1395 non
853 1373 899 1395 est
923 1367 1010 1396 unius
1033 1368 1115 1395 assis.
1169 1367 1228 1395 Sed
1248 1368 1289 1396 ita
1312 1373 1386 1407 puto
1410 1368 1528 1397 Festum
1552 1368 1688 1397 sensisse:
1724 1369 1848 1405 Aegrum
1872 1378 1907 1396 ex
1932 1367 2046 1395 Graeco
2069 1378 2086 1395 a

133 1408 310 1447 quibusdam
341 1414 462 1447 putatur
493 1420 508 1437 a
531 1420 606 1438 voce
628 1409 742 1437 doloris
766 1409 912 1449 appellari
945 1410 992 1443 αἲ,
1022 1410 1062 1440 αϊ.
1115 1410 1215 1449 Neque
1247 1421 1371 1449 prorsus
1396 1416 1476 1440 caret
1504 1411 1627 1440 ratione.
1672 1411 1744 1439 Nam
1774 1415 1886 1439 veteres
1917 1409 2086 1438 scribebant

132 1451 271 1491 Aigrum.
317 1450 419 1481 Scal.
465 1452 611 1488 Quamvis
636 1449 758 1492 α’νιγρόν
781 1463 861 1481 mere
884 1453 1001 1492 poetica
1023 1463 1085 1481 vox
1108 1453 1160 1490 sit,
1183 1463 1243 1481 non
1268 1454 1334 1482 ideo
1357 1459 1453 1482 tamen
1476 1454 1515 1482 ita
1540 1460 1649 1482 temere
1671 1453 1842 1482 reiicienda.
1895 1454 1985 1481 Recte
2007 1452 2084 1481 enim

135 1503 173 1522 ex
202 1505 235 1522 ea
266 1504 394 1532 aegrum.
437 1491 573 1535 Ἀνιγρόν
606 1494 772 1533 Hesychius
800 1496 1016 1534 interpretatur
1041 1498 1178 1534 φαῦλον,
1213 1497 1292 1534 quod
1318 1502 1376 1525 tam
1407 1496 1443 1525 de
1473 1497 1610 1535 improbo
1639 1507 1725 1534 quam
1749 1496 1785 1524 de
1808 1505 1894 1530 aegro
1920 1495 1980 1523 dici
2001 1495 2084 1523 solet.

132 1536 236 1574 Neque
256 1541 352 1565 tamen
375 1542 457 1566 caret
480 1538 610 1570 ratione.
644 1547 761 1575 aegrum
781 1548 844 1567 esse
873 1539 908 1566 ab
932 1540 979 1572 αἲ,
1010 1538 1057 1575 αἶ’,
1087 1544 1120 1567 ut
1151 1538 1254 1567 ultima
1286 1539 1400 1578 syllaba
1428 1539 1468 1568 sit
1489 1539 1573 1568 vocis
1602 1538 1773 1578 productio.
1816 1537 1902 1567 Dae.
1945 1540 2083 1577 Aegrum.

133 1578 212 1607 Hinc
237 1590 340 1617 aegrae
362 1580 492 1608 mulieris
519 1580 659 1609 offensam
683 1581 809 1618 placare.
834 1581 853 1610 l.
876 1582 929 1609 ult.
951 1581 981 1609 ff.
1005 1581 1030 1609 si
1050 1581 1116 1619 quis
1141 1582 1269 1620 aliquem
1291 1583 1403 1611 testari.
1453 1580 1559 1611 Goth.

298 1622 446 1651 Annus.
482 1621 588 1657 ’'Evog*t
613 1623 732 1650 Aeolice
756 1623 856 1659 ἕωλος,-
879 1635 893 1652 e
913 1628 1026 1652 mutato
1050 1624 1080 1652 in
1101 1635 1118 1652 a
1142 1634 1248 1654 annuS.
1295 1625 1350 1653 Da
1361 1636 1385 1654 c.

299 1663 486 1692 Alterum.
532 1665 612 1693 Olim
635 1665 791 1693 dicebatur
814 1665 938 1701 alter-us,
971 1678 986 1695 a
1011 1667 1125 1695 Graeco
1150 1665 1237 1702 ἄλλος
1263 1667 1377 1706 ἕτερος,
1408 1667 1456 1695 vel
1480 1667 1596 1705 potius,
1637 1670 1668 1693 ut
1693 1665 1792 1703 placet
1814 1665 1927 1702 Angelo
1951 1663 2084 1701 Caninio,

136 1704 172 1731 ab
197 1705 317 1733 Aeolico
343 1703 518 1745 α’λλοτέρῤος
539 1717 596 1746 pro
620 1704 782 1747 ἀλλότριος.
828 1709 933 1737 Aeoles
957 1709 1034 1737 enim
1056 1714 1257 1748 transponunt
1284 1714 1312 1737 et
1333 1710 1484 1748 geminant
1507 1721 1523 1748 ρ
1544 1714 1571 1737 et
1594 1713 1709 1736 mutant
1732 1720 1740 1737 1
1764 1707 1794 1735 in
1819 1719 1846 1743 ε,
1872 1712 1904 1735 ut
1926 1706 2085 1745 Πέρᾴαμος

136 1757 191 1785 pro
215 1749 359 1785 Πρίαμος.
402 1749 493 1778 Dac.
539 1749 626 1778 Alter
648 1751 804 1779 descendit
827 1762 841 1779 a
870 1752 1019 1780 Sanscrito
1046 1759 1186 1788 amaras,
1219 1759 1342 1787 antara,
1373 1759 1531 1787 antarum,
1556 1751 1634 1789 quod
1666 1750 1783 1778 transiit
1807 1750 1837 1777 in
1861 1748 1950 1783 alter,
1977 1759 2084 1787 quem-

137 1789 296 1817 admodum
319 1792 404 1829 anjas
426 1792 457 1819 in
480 1790 573 1827 alius,
597 1804 615 1820 n
640 1798 749 1821 mutata
773 1794 803 1822 in
829 1792 848 1822 Z.
897 1794 981 1823 Unde
1003 1795 1090 1823 simul
1114 1794 1304 1832 intelligitur,
1329 1804 1420 1832 quare
1442 1792 1542 1828 aliud,
1565 1799 1722 1828 neutrum,
1745 1792 1776 1821 in
1800 1791 1820 1820 d
1842 1792 1969 1828 desinat,
1993 1800 2082 1830 quum

136 1833 220 1871 anjat
250 1833 432 1861 Sanscritum
461 1834 499 1861 sit
528 1839 685 1872 neutrum3
730 1843 866 1865 antarum
901 1842 997 1866 autem
1030 1842 1058 1866 et
1095 1836 1218 1865 alterum
1249 1837 1334 1864 etiam
1364 1837 1395 1864 in
1426 1837 1561 1864 neutrius
1598 1836 1774 1864 formatione
1809 1835 1865 1863 sibi
1893 1832 2082 1873 respondent.

136 1875 292 1902 Masculini
321 1875 522 1903 nominativus
544 1876 575 1904 in
607 1880 781 1915 pronomine
811 1878 885 1907 alter
914 1880 1153 1908 terminationem
1182 1879 1279 1908 amisit
1302 1884 1330 1907 et
1359 1879 1456 1906 thema
1486 1879 1580 1908 solum
1604 1878 1735 1907 retinuit.
1782 1879 1961 1906 Graecorum
1985 1873 2083 1913 ἕτερος

137 1928 153 1945 a
176 1917 325 1946 Sans-:rito
351 1918 454 1955 irat-as,
476 1919 563 1956 itura,
586 1919 677 1948 imrat
700 1920 915 1958 deformatum,
939 1933 975 1950 ex
999 1933 1060 1960 quo
1084 1922 1162 1960 apud
1186 1922 1307 1950 Latinos
1330 1922 1432 1949 iterum
1454 1921 1605 1950 remansit.
1654 1918 1808 1960 Ἑκάτερος
1836 1917 2016 1946 sanseritum
2040 1921 2083 1945 est

136 1958 290 1997 ekataras,
314 1960 350 1989 ab
371 1959 423 1988 eka
446 1971 553 1995 uuum,
577 1971 644 1990 cum
667 1964 875 1992 terminatione
898 1965 1111 2004 comparativi;
1145 1965 1221 1993 unde
1245 1961 1381 2002 ἑκάτερος
1403 1973 1493 1992 unum
1517 1974 1532 1992 e
1555 1964 1689 2001 duobus,
1719 1963 1814 2002 ἕτερος
1834 1964 1933 1989 autem
1954 1959 2081 1988 alterum

135 2012 151 2031 e
173 2002 290 2031 duobus
321 2003 472 2041 significat.

300 2045 425 2075 Alter.
468 2045 503 2073 In
526 2048 656 2084 auguriis
682 2053 754 2086 puto
783 2049 906 2077 alterum
930 2049 1106 2086 significasse
1135 2059 1196 2076 non
1218 2048 1347 2084 bonum,
1378 2059 1445 2077 cum
1469 2048 1559 2076 alteru
1581 2047 1643 2074 avis
1664 2046 1743 2074 felici
1765 2045 1860 2085 priori
1883 2044 2013 2083 auspicio
2036 2044 2080 2072 vi-

137 2087 209 2116 tium
234 2088 358 2121 faceret,
383 2098 449 2116 cum
475 2089 585 2117 fulmen
609 2090 772 2119 secundum
796 2092 879 2129 prius
903 2093 1075 2129 perimeret,
1111 2091 1191 2128 quod
1216 2091 1372 2120 dicebatur
1393 2095 1552 2130 propterea
1572 2087 1753 2128 peremptale.
1797 2088 1932 2126 Augures
1956 2097 2026 2116 vero
2050 2086 2081 2114 in

136 2130 247 2169 templo
270 2131 404 2159 sedentes
428 2131 464 2159 ad
489 2133 644 2169 augurium
676 2134 856 2172 captandum
882 2134 1070 2162 abstinebunt
1101 2133 1228 2162 vocibus
1256 2135 1331 2162 male
1360 2133 1515 2169 ominans,
1553 2132 1679 2169 ideoque
1711 2130 1812 2169 potius
1844 2129 1967 2159 alteram
1996 2140 2075 2157 avem

136 2182 225 2211 quam
249 2171 401 2202 adversam
425 2174 571 2203 dicebant.
617 2175 717 2204 Scal.
760 2175 868 2205 Altera
890 2177 953 2205 auis
975 2187 1034 2206 non
1059 2175 1145 2205 hona.
1175 2177 1205 2204 Si
1221 2177 1309 2205 modo
1329 2176 1424 2215 priori
1438 2176 1545 2206 vitium
1567 2173 1649 2203 facit.
1681 2173 1730 2202 Sic
1752 2174 1863 2202 fulmen
1885 2171 2077 2212 peremptale,

136 2215 216 2254 quod
237 2215 332 2255 priori
353 2216 459 2245 vitium
483 2216 566 2247 facit.
611 2216 714 2246 Goth.

299 2257 471 2287 Allia-sie
500 2258 588 2288 dies.
632 2260 725 2289 XVll.
748 2260 813 2288 Kal.
836 2260 973 2290 Sextiles.
1017 2260 1109 2289 Dae.

298 2299 466 2330 Adlecti.
510 2302 603 2330 Totus
626 2301 677 2330 hic
699 2303 782 2331 locus
806 2303 842 2330 de
871 2304 1063 2332 Senatoribus
1094 2303 1181 2332 nimis
1204 2305 1354 2342 praecisus
1377 2308 1420 2332 est
1442 2314 1459 2332 a
1481 2302 1596 2331 Paullo.
1650 2302 1724 2331 Sunt
1746 2301 1823 2330 enim
1846 2300 1999 2327 Senatores
2021 2305 2072 2341 pa-

135 2347 211 2379 tres,
233 2344 388 2372 Senatores
411 2344 526 2382 patricii
549 2345 677 2381 generis,
702 2350 730 2374 et
752 2345 947 2383 patriciorum
971 2352 1115 2377 auctores.
1160 2347 1235 2375 Sunt
1257 2347 1413 2376 Senatores
1436 2344 1597 2383 conscripti
1620 2355 1635 2372 a
1660 2345 1693 2373 L.
1716 2344 1799 2372 lunio
1822 2343 1930 2376 Bruto,
1954 2349 1989 2367 ex
2012 2346 2072 2386 psl-

136 2385 268 2414 moribus
290 2387 434 2424 equestris
457 2386 585 2423 ordinis,
609 2392 643 2416 ut
666 2388 767 2416 Livius
789 2388 912 2425 scribit,
935 2387 1052 2419 adlecti.
1101 2389 1139 2418 Hi
1161 2389 1250 2428 igitur
1272 2388 1382 2419 adlecti
1403 2388 1594 2422 dicebantur,
1618 2387 1697 2424 quod
1720 2390 1845 2425 propter
1865 2382 1993 2419 inopiam
2015 2380 2069 2405 Se-

1549 2439 1663 2482 Οτι*
