2263 2668
211 171 286 205 748
636 163 981 197 COMMENTARII
1007 163 1055 195 IN
1082 160 1223 195 PAULI
1250 160 1446 195 DIACONI
1472 161 1727 195 EXCERPTA

211 274 310 293 norem
332 261 492 300 significat3
521 257 564 285 sic
588 266 603 283 a
626 252 740 291 wudu,
774 254 880 291 l'enus,
911 254 991 293 quod
1017 255 1179 290 formatur,
1210 257 1244 281 ut
1266 251 1380 290 handu,
1404 253 1500 281 affinis
1523 264 1538 282 a
1562 253 1642 283 band
1664 255 1764 292 ligare.
1809 253 1852 283 Cf.
1877 253 2007 284 Gramm.
2031 254 2155 292 Linguae

210 307 326 334 Sanscr.
351 305 416 332 crit.
440 302 485 329 ed.
506 300 600 336 Bopp.
625 297 647 336 ξ.
662 298 733 327 645.
757 299 908 335 pag.261.
956 298 1014 325 lam
1043 296 1244 335 'comparanda
1275 306 1335 324 vox
1360 297 1464 334 Anglia
1487 308 1590 336 queen,
1626 298 1746 336 regina,
1781 306 1856 336 quae
1879 296 2010 325 eiusdem
2033 297 2155 335 originis

209 349 239 376 vi
282 353 337 376 tur.

243 349 278 377 de
377 384 573 413 Unciaria.
604 381 660 420 (Ad
684 392 711 419 p.
725 380 808 419 279.)
841 382 902 409 Lex
927 381 998 410 mihi
1022 380 1142 409 omnino
1165 381 1361 420 incomperta.
1386 379 1488 410 Scal.
1533 381 1676 410 Putabam
1698 382 1792 410 infra:
1820 388 1851 409 ut
1875 379 2016 410 debitores
2039 379 2157 410 duode-

211 433 316 461 cimam
336 434 448 467 partem
472 424 663 454 creditoribus
686 422 834 453 solverent.
868 424 921 452 Vel
946 424 1017 462 quid
1042 423 1145 451 simile.
1182 423 1237 452 Sed
1261 423 1335 451 nihil
1359 423 1469 459 audeo,
1493 433 1559 451 culn
1583 424 1672 454 huius
1694 425 1766 463 legis
1787 434 1872 452 nemo
1896 428 2014 463 praeter
2034 423 2155 452 Festum

209 470 384 502 meminerit.
411 468 497 497 Dac.
544 467 616 495 Vide
639 466 728 494 Bach.
753 466 819 494 hist.
843 466 896 494 iur.
922 467 1006 496 Rom.
1030 467 1048 494 l.
1061 466 1095 494 11.
1121 469 1188 497 c.2.
1214 468 1300 503 §.20.
1327 475 1391 504 pag.
1408 467 1476 496 141.

378 510 596 539 Ventabant.
643 509 720 537 Haec
744 513 813 536 suut
831 509 922 537 Pauli.
956 510 1035 537 Festi
1060 508 1148 536 verba
1174 510 1215 537 sic
1237 509 1267 537 in
1287 508 1424 536 schedis:
1452 508 1613 537 Ventabant
1637 507 1750 538 dixisse
1771 509 1907 548 antiquos
1928 505 2083 537 verisimile
2104 513 2156 544 est,

209 567 272 586 cum
296 562 321 583 et
341 554 555 594 praepositione
577 550 692 580 adiecta
716 573 854 580 .....
879 550 1084 580 adventabant.
1121 552 1206 579 Deest
1230 550 1347 580 dicatur
1372 551 1415 578 vel
1439 549 1537 580 adhuc
1562 549 1711 587 dicamus,
1739 551 1786 580 vel
1811 550 1883 589 quid
1907 550 2010 579 simile.
2044 549 2135 580 Dac.

379 594 628 624 Venditiones.
653 594 710 632 (Ad
734 594 857 633 p 279.)
887 593 1008 622 Vendere
1031 604 1087 632 pro
1111 592 1224 630 locare,
1258 594 1334 621 sicut
1356 604 1445 621 emere
1467 597 1496 621 et
1519 592 1656 622 redimere
1677 604 1732 633 pro
1755 592 1917 623 conducere
1938 597 2051 621 veteres
2074 591 2157 621 dice-

206 639 288 669 bant.
317 639 419 667 Cicero
436 638 485 666 ΙΙΙ.
509 639 538 665 in
563 638 642 666 Verr.
668 637 743 673 (Act.
765 636 793 663 in
813 636 894 664 Verr.
912 637 948 665 H.
973 637 1020 664 lib.
1035 637 1055 665 Ι.
1081 635 1190 673 c.54.).
1231 635 1288 664 Ubi
1310 633 1365 664 illa
1389 634 1582 672 consuetudo,
1606 636 1636 665 in
1660 635 1743 665 bonis
1766 634 1936 675 (praedibus
1955 633 2155 674 praediisque)

206 680 368 711 vendundis
390 681 516 710 omnium
541 677 708 715 consulum,
740 689 903 715 censorum,
934 686 1135 719 quaestorum,
1168 685 1199 706 ut
1219 679 1329 718 optima
1353 676 1520 706 conditione
1541 679 1578 706 sit
1601 679 1642 715 is,
1675 679 1742 707 cuia
1766 690 1809 707 res
1832 679 1886 714 sit,
1918 678 2014 706 cuium
2034 678 2157 716 pericu-

207 723 285 759 lum,
323 723 371 751 ubi
394 724 423 751 in
448 722 530 750 bonis
551 720 728 756 vendundis,
767 720 824 749 hoc
850 726 892 749 est
915 723 943 750 in
968 721 1051 750 bonis
1074 719 1219 750 locandis,
1251 720 1305 749 Da
1317 731 1341 749 c.
1389 720 1525 748 Venditio
1555 731 1610 759 pro
1642 721 1798 752 locatione,
1844 720 1912 748 Dixi
1941 719 1980 748 ad
2002 719 2022 749 l.
2048 719 2157 747 Veteres

208 769 257 798 19.
272 766 301 795 ff.
325 766 361 794 de
384 770 473 802 empt,
498 769 526 792 et
550 763 636 793 vend.
683 762 790 792 Goth.

374 805 572 835 viminalis
599 814 718 845 porta.
764 806 858 834 Aliter
880 806 970 844 paulo
995 806 1089 834 Varro
1112 805 1163 834 lib.
1178 805 1226 834 IV.
1250 805 1286 833 de
1311 805 1339 836 L.
1359 805 1390 834 L.
1414 803 1462 843 (V.
1486 815 1550 844 pag.
1565 806 1616 837 57.
1641 805 1721 845 Sp.):
1753 804 1845 835 Collis
1871 801 2025 833 Viminalis
2047 814 2066 831 a
2089 800 2157 831 Jove

215 851 354 887 Vimineo‚
378 848 458 889 quod
480 848 522 878 ibi
544 860 612 877 arae
628 856 693 877 sunt
713 849 788 884 eius,
813 856 863 876 aut
886 847 966 888 quod
989 848 1030 877 ibi
1051 849 1189 877 vimineta
1204 847 1339 889 fuerunt.
1369 848 1425 875 Sed
1444 859 1458 875 a
1475 849 1611 877 vimineto
1627 848 1738 887 potius.
1769 848 1903 877 Iuvenal.
1919 847 1978 877 Sat.
1992 845 2043 883 111,
2066 845 2156 881 (71.):

782 889 931 930 Esquilias
955 889 1121 931 dictumque
1141 897 1241 930 petunt
1264 902 1281 918 a
1307 891 1414 919 vimine
1435 889 1550 919 collem.

205 935 239 964 Et
265 934 333 963 inde
355 944 462 962 nomen
486 933 548 961 Iovi
573 933 723 969 vimineo,
747 934 826 971 quod
850 934 890 961 ibi
914 934 976 962 eius
999 944 1076 963 arae.
1123 933 1210 963 Dae.

374 975 520 1004 Vindeae
549 974 692 1004 dictus.
717 975 774 1014 (Ad
799 987 826 1014 p.
840 976 924 1015 279.)
948 976 1007 1011 Qui
1030 976 1180 1011 vindicat,
1205 975 1325 1009 asserit,
1350 974 1428 1002 unde
1452 980 1480 1003 et
1503 979 1632 1004 assertor
1654 975 1761 1004 dictus.
1806 974 1894 1004 Dac.

373 1019 510 1047 Vineae.
556 1018 580 1046 A
604 1019 700 1046 vinum
725 1023 768 1047 est
788 1019 900 1053 vinens,
925 1019 1003 1046 unde
1026 1020 1123 1055 vinea,
1147 1017 1323 1046 subauditur
1347 1024 1430 1047 terra.
1473 1018 1544 1046 Nam
1568 1018 1652 1046 vinea
1677 1023 1720 1046 est
1742 1018 1837 1046 solum
1861 1015 1972 1045 vitibus
1996 1013 2154 1043 consitum.

205 1060 246 1089 De
271 1060 364 1089 vineis
388 1060 563 1089 militaribus
586 1060 729 1088 machinis
754 1061 822 1088 vide
848 1060 908 1089 Sub
933 1062 1026 1089 vitem.
1052 1061 1137 1090 Dae.
1176 1061 1224 1088 Sic
1248 1060 1342 1088 varro
1363 1060 1409 1088 [V.
1434 1059 1469 1088 de
1492 1061 1522 1088 L.
1542 1061 1572 1089 L.
1595 1060 1642 1099 (V.
1665 1070 1730 1099 pag.
1743 1062 1794 1092 38.
1819 1058 1892 1098 Sp.).
1942 1056 2048 1087 Goth.

375 1104 553 1134 Vivatum.
601 1103 739 1131 Vividum
764 1103 881 1141 quidem
906 1104 1109 1141 agnoscimus,
1144 1103 1194 1131 sed
1217 1112 1323 1131 vereor
1346 1113 1383 1131 ne
1406 1103 1510 1132 Festus
1532 1113 1587 1142 pro
1615 1103 1741 1132 Viriatus
1762 1103 1875 1131 vivatus
1898 1100 2012 1139 legerit.
2056 1097 2156 1127 Lucil-

204 1146 262 1174 lius
285 1145 361 1175 libro
379 1146 484 1174 xxvi.
508 1145 599 1185 (apud
623 1146 697 1173 Non.
721 1156 786 1184 pag.
804 1148 871 1177 186.
899 1146 986 1174 Mero.
1010 1151 1037 1174 et
1060 1156 1124 1184 pag.
1137 1145 1236 1183 437.);

667 1188 703 1216 Ut
725 1187 850 1227 populus
872 1187 1025 1217 Romanus
1046 1189 1139 1216 victus
1160 1189 1189 1215 vi
1210 1195 1236 1216 et
1259 1194 1411 1226 superatus
1431 1186 1551 1226 proeliis

660 1230 751 1269 Saepe
772 1237 812 1258 est
835 1229 953 1269 multis-‚-
984 1229 1058 1260 bello
1080 1241 1145 1258 vero
1169 1241 1332 1269 nunquam,
1359 1230 1388 1257 in
1412 1241 1469 1270 quo
1492 1237 1557 1258 sunt
1581 1230 1697 1260 omnia:

662 1271 768 1301 Contra
782 1273 952 1313 flagitium,
978 1274 1085 1302 nescire
1105 1273 1185 1301 vinci
1207 1271 1297 1309 bello,
1322 1283 1340 1300 a
1365 1271 1490 1301 barbaro

667 1315 775 1343 t'iriato
796 1314 957 1343 Annibale.

204 1356 285 1385 Idem
307 1357 375 1386 libr.
390 1357 440 1385 IL:

659 1399 693 1429 Ῑῆ
716 1401 853 1429 viriatum
877 1399 953 1430 hunc
974 1401 1004 1429 in
1019 1399 1131 1442 fauces
1152 1401 1282 1430 invasse.-
1306 1402 1493 1441 animamque
1515 1399 1624 1429 elisisse
1646 1398 1703 1428 illi.

205 1442 243 1469 At
267 1441 346 1480 quod
368 1442 481 1470 Nonius
505 1440 582 1481 (pag.
598 1445 667 1474 187.
693 1443 794 1482 Mero.)
820 1444 859 1472 ait
888 1444 1027 1472 l‘iratium
1051 1443 1217 1480 significare
1240 1453 1410 1480 magnarum
1435 1444 1543 1471 virium
1567 1442 1715 1471 hominem
1736 1442 1767 1469 in
1789 1439 1889 1468 verbis
1912 1438 2069 1474 Varronis,
2098 1437 2156 1466 sal-

204 1484 286 1512 litur.
327 1484 423 1512 Verba
448 1484 589 1513 Varronis
612 1487 641 1513 in
665 1486 832 1523 Meleagros:
857 1486 892 1515 Si
915 1497 972 1514 non
993 1484 1078 1513 malit
1100 1487 1241 1514 viraciam
1265 1497 1387 1514 uoeorem
1410 1485 1513 1514 habere
1538 1484 1726 1514 Atalantam.
1769 1483 1886 1511 Viracia
1910 1487 1952 1510 est
1975 1477 2155 1519 ἀντιάνειρα.

204 1526 260 1555 Sed
289 1531 317 1555 et
347 1537 449 1555 versus
474 1528 653 1556 Lucillianos
683 1529 911 1564 coniunxiutus,
949 1533 977 1556 et
1004 1528 1165 1556 secundum
1197 1527 1326 1556 eiusdem
1356 1533 1460 1567 poetae
1482 1528 1682 1556 testimonium
1706 1525 1983 1565 depravatissimum
2005 1524 2035 1552 in
2059 1523 2154 1551 Nonio

203 1569 327 1606 legitur:
361 1570 530 1598 iniuriatum
554 1581 607 1609 pro
632 1569 668 1599 In
688 1572 835 1600 viriatum.
879 1571 954 1599 Nolo
978 1575 1075 1598 tannen
1099 1577 1202 1598 contra
1226 1575 1340 1598 veteres
1364 1571 1578 1599 Grammaticos
1602 1570 1759 1608 quicquam
1782 1573 1891 1596 temere
1913 1578 1930 1596 a
1953 1576 1998 1595 me
2019 1575 2156 1605 pronun-

204 1612 280 1639 tiari.
314 1612 386 1639 Nam
411 1612 515 1650 quidni
537 1614 650 1641 vivatus
673 1619 706 1642 ut
729 1619 755 1641 et
771 1613 911 1642 Sensatus
935 1613 1028 1651 possit
1051 1612 1131 1641 dici?
1151 1611 1253 1642 Scal.
1284 1613 1350 1642 Non
1375 1613 1498 1642 dubium
1522 1613 1595 1651 quin
1618 1612 1732 1641 vivatus
1755 1611 1794 1639 sit
1816 1620 1885 1640 vera
1909 1609 2008 1639 lectio.
2037 1609 2154 1638 Lucret.

204 1653 252 1683 lib.
266 1653 322 1690 ΙΙΙ,
346 1655 456 1692 (410.):

664 1697 701 1726 Ut
724 1696 854 1727 lacerato
876 1696 962 1727 oculo
986 1697 1094 1726 circum
1118 1698 1143 1726 si
1162 1695 1276 1737 pupula
1298 1699 1405 1727 mansit

658 1739 819 1769 Incolumis
841 1748 899 1769 stat
922 1739 1057 1769 cernendi
1078 1741 1175 1768 vivata
1196 1747 1334 1779 potestas.

208 1781 262 1809 Sed
284 1782 396 1810 vivatus
420 1786 447 1810 et
468 1780 583 1810 vividus
604 1793 619 1810 a
641 1784 723 1819 vivo,
748 1793 806 1811 non
830 1794 845 1811 a
869 1783 911 1820 vi,
936 1788 968 1811 ut
992 1783 1090 1810 Festus
1114 1788 1208 1821 putat.
1255 1782 1341 1812 Dac.

372 1822 581 1853 l'indiciae.
606 1824 666 1865 (Ad
692 1824 817 1864 p.279.)
844 1826 958 1853 Lucillii
985 1835 1088 1853 versus
1109 1827 1263 1854 inversus:

736 1867 829 1897 Nemo
851 1867 900 1896 liic
921 1866 1083 1903 vindicias,
1113 1879 1234 1903 numen,
1265 1879 1354 1907 neque
1376 1877 1462 1896 sacra
1485 1874 1605 1897 veretur.

210 1905 320 1934 Auctor
344 1908 484 1937 Glossarii
508 1909 624 1937 accedit
649 1909 685 1937 ad
710 1911 835 1948 primani
858 1911 936 1939 Festi
962 1910 1244 1948 interpretationem.
1293 1908 1457 1944 Vindiciae,
1496 1907 1531 1939 τὰ
1560 1909 1591 1940 ἒν
1619 1906 1839 1949 ἀμφισβητήσει
1866 1904 2035 1948 πράγματα.
2079 1905 2155 1944 Lege

208 1952 326 1985 postea:
351 1950 393 1977 At
413 1950 473 1979 Ser.
494 1950 639 1991 Sulpitius
661 1954 776 1981 nomine
797 1954 884 1981 etiam
907 1951 1094 1991 singulariter
1106 1952 1248 1993 formato
1270 1951 1431 1981 vindiciam
1454 1963 1512 1980 esse
1533 1952 1577 1980 ait
1600 1964 1673 1988 rem,
1698 1963 1756 1992 qua.
1778 1949 1813 1979 de
1836 1962 1864 1979 re
1886 1948 2083 1981 controversia
2105 1955 2155 1977 est.

208 1989 269 2017 lam
293 1990 370 2018 docti
394 1993 451 2020 viri
473 1994 563 2031 legem
582 1994 647 2022 XII.
672 1995 880 2023 emendarunt:
914 1994 980 2024 tulit
1003 1996 1044 2023 rei
1065 1995 1123 2023 sive
1145 1994 1213 2024 litis.
1241 1993 1342 2024 Scal.
1388 1995 1463 2032 Lege
1487 2005 1523 2023 ex
1545 1995 1685 2023 Turnebo
1710 1999 1738 2023 et
1760 1994 1866 2022 Fulvio
1889 1992 2009 2021 Ursino:
2046 1989 2155 2019 Vindi-

209 2032 272 2059 ciae
288 2031 472 2070 appellantur
487 2047 529 2064 res
544 2047 608 2073 eae,
633 2035 668 2064 <le
686 2037 789 2077 quibus
806 2038 1003 2067 controversia
1019 2045 1076 2073 est,
1100 2045 1151 2066 aut
1171 2038 1270 2077 potius
1293 2036 1430 2066 dicuntur
1451 2035 1597 2066 vindiciae
1619 2039 1692 2066 inter
1713 2047 1775 2073 eos,
1800 2037 1851 2076 qui
1865 2033 2049 2065 contendunt.
2080 2033 2156 2062 Vin-

210 2073 309 2102 dicare
333 2079 376 2120 est
399 2085 513 2104 manum
536 2089 683 2115 asserere,
723 2080 844 2108 iniicere
868 2081 902 2107 ad
928 2080 1041 2118 aliquid
1065 2091 1079 2108 e
1103 2085 1249 2119 potestate
1273 2080 1395 2108 alterius
1419 2079 1654 2116 extrahendum,
1690 2080 1738 2108 vel
1761 2079 1898 2107 simulata
1922 2078 1951 2106 vi
1973 2076 2104 2105 adhibita
2127 2079 2156 2104 et

210 2120 354 2163 COHSFFUS
378 2126 444 2144 cum
467 2119 633 2148 adversario
658 2123 806 2159 munibus,
840 2124 868 2150 in
892 2123 956 2150 iure
981 2122 1134 2161 quidpiam
1159 2133 1245 2151 suum
1270 2133 1330 2151 esse
1354 2122 1460 2152 dicere.
1507 2122 1590 2151 Unde
1613 2121 1760 2152 vindiciae
1781 2132 1827 2149 res
1850 2130 1967 2157 oannes,
2008 2129 2084 2157 quae
2107 2117 2156 2146 cui

210 2163 376 2205 pertineant
405 2163 432 2186 et
460 2159 661 2205 vindicentur,
696 2165 725 2191 in
755 2165 818 2194 iure
848 2165 953 2202 agitur.
999 2164 1152 2194 Vindiciae
1176 2166 1263 2194 etiam
1284 2166 1379 2193 dictae
1402 2175 1448 2193 res
1472 2165 1635 2203 quaelibet,
1673 2165 1708 2193 de
1731 2164 1839 2202 quibus
1862 2164 1949 2192 aliter
1972 2161 2156 2190 contendunt

210 2205 287 2229 inter
310 2210 349 2228 se.
385 2200 534 2229 vindiciae
557 2205 642 2231 etiam
668 2206 778 2235 dicitur
801 2207 946 2246 possessio
968 2207 1008 2235 rei
1033 2214 1243 2236 controversae
1268 2217 1360 2246 usque
1384 2208 1421 2236 ad
1444 2207 1639 2236 diiudicatum
1663 2207 1760 2242 litem,
1782 2207 1812 2235 in
1835 2206 1886 2234 illo
1911 2204 2045 2233 Catonis:
2070 2202 2156 2232 Prae-

211 2249 286 2271 tores
306 2241 463 2271 secundum
483 2243 622 2283 populum
644 2247 788 2277 vindicias
812 2248 928 2286 dicunt,
957 2249 987 2277 id
1013 2254 1056 2278 est
1075 2249 1186 2289 populo
1207 2249 1354 2280 vindicias
1377 2249 1458 2279 dant.
1494 2251 1546 2278 Rei
1567 2255 1778 2279 controversae
1800 2247 2018 2287 possessionem
2042 2245 2155 2285 populo

212 2284 385 2313 decernunt.
408 2284 498 2315 Dae.
541 2285 632 2314 Nemo
654 2287 721 2318 hinc
744 2290 896 2320 vindicias.
940 2292 1113 2321 Turnebus:

213 2369 237 2397 D
661 2329 753 2358 Nemo
776 2332 824 2361 lzic
845 2332 1004 2371 vindicias,
1033 2346 1122 2375 neque
1143 2345 1230 2363 sacra
1253 2341 1304 2364 aut
1327 2335 1446 2364 numina
1470 2341 1554 2363 retur.

240 2378 331 2398 ouza:

663 2411 756 2441 Nemo
778 2413 826 2442 hic
848 2426 899 2444 nec
921 2427 1041 2453 numen,
1071 2429 1123 2446 nec
1143 2417 1305 2455 vindicias,
1337 2431 1427 2459 neque
1448 2429 1536 2448 sacra
1559 2425 1676 2448 veretur.

213 2452 321 2483 Idem.
361 2451 511 2483 Vindiciae
532 2452 603 2484 olim
625 2452 802 2484 dicebantur.
848 2457 943 2485 Ursin.
966 2464 996 2487 et
1018 2459 1159 2488 Turneb.:
1200 2459 1349 2490 Vindiciae
1374 2459 1447 2490 olim
1469 2459 1640 2490 dicebantur
1657 2458 1776 2499 glebae,
1811 2469 1886 2498 quae
1907 2467 1948 2486 ex
1966 2454 2071 2498 fundo
2094 2459 2150 2484 etc·
