2263 2668
243 162 317 196 146

241 307 419 342 delectare.

405 357 666 402 Amphimacrus
693 362 726 390 et
758 358 969 402 antispastus:
1007 361 1167 395 maxima
1199 362 1409 399 laborares&

236 409 429 453 pudentem
456 409 584 442 exitum
612 409 789 453 quaesisse
813 410 986 445 videatur.

706 164 851 199 PROBI
876 164 1264 202 INSTITUTIONUM
1291 169 1728 208 GRAMMATICARUM

407 255 442 289 6.
495 257 564 291 Has
592 257 730 300 quidem
759 269 779 290 a
811 254 926 291 nobis¹
954 263 1102 303 repertas
1129 270 1386 306 componamus,
1428 275 1515 308 quae
1545 267 1672 310 possint
1702 268 1870 302 auditores
1898 272 1998 304 nostri
2029 274 2188 317 temporis

1463 366 1632 402 Bacchius
1659 381 1678 402 a
1711 369 1816 415 longa
1850 374 1883 404 et
1915 382 2026 416 paeon
2055 374 2187 407 tertius:

406 459 604 493 Trochaeus
620 464 651 493 et
667 460 826 495 bacchius
843 474 862 494 a
876 462 995 507 longa:
1021 463 1138 496 secure·
1153 474 1226 498 esse
1233 476 1464 511 12ercussum3
1489 480 1572 503 suus
1587 470 1651 505 iste
1664 469 1854 512 vexarat³;
1879 477 1979 508 stare
1993 485 2061 507 non
2070 485 2185 519 posse.

404 511 724 545 Proceleusmaticus
752 516 784 546 et
811 512 1041 547 ditrochaeus:
1067 514 1225 560 Populus
1250 517 1433 552 Romanus
1458 521 1607 555 voluerit
1631 524 1822 560 vindicare.

404 562 572 596 Bacchius
600 575 619 595 a
644 563 748 608 longa
775 568 807 597 et
833 565 1015 598 molossus:
1042 576 1255 613 causamque
1281 571 1454 616 cognovit.

406 613 604 647 Trochaeus
633 619 665 647 et
691 615 868 649 molossus:
895 613 994 661 ipsa⁴
1020 617 1166 663 delegit.

405 665 681 710 Amphibrachys
708 671 740 700 et
765 668 942 700 molossus:
962 667 1122 713 probare
1148 669 1324 704 deberent.

404 717 609 761 Antis-pastus
636 722 669 750 et
694 718 854 752 bacchius
881 731 901 751 a
926 720 1046 764 longa:
1072 721 1251 766 voluptate
1277 722 1470 756 concedam
1480 721 1501 757 ⁵.

405 768 628 802 choriambus
655 774 687 802 et
713 769 943 804 ditrochaeus:
969 771 1110 816 ingenio
1136 774 1312 807 sustinere.

406 820 564 863 Dactylns
592 825 624 853 et
651 820 860 865 antispastus:
887 820 1060 867 σοι-μονα(ἰ
1081 825 1326 868 perhorresco.

404 872 520 904 Paeon
546 869 694 916 primus⁷
721 878 753 906 et
779 873 1009 907 ditrochaeus:
1036 875 1203 909 iudicium
1229 875 1420 910 sustinebit.

405 922 574 956 Bacchius
602 935 622 956 a
647 924 751 970 longa
779 930 811 957 et
836 925 1014 959 molossus:
1040 925 1274 973 subscriptore
1302 928 1471 961 addatur.

403 973 575 1006 Diiambus
603 979 636 1008 et
660 975 797 1020 hippius
825 977 1001 1010 secundus:
1027 977 1161 1012 iniuriis
1188 980 1406 1013 commoveri.

405 1025 610 1070 Tribrachys
637 1031 668 1060 et
694 1027 830 1071 hippius
857 1034 1005 1071 quartus:
1033 1030 1129 1063 cuius
1156 1035 1319 1075 quaestor
1336 1030 1456 1077 ficet-is
1483 1042 1662 1064 accusare.

405 1076 565 1121 Dactylus
597 1082 629 1111 et
658 1078 796 1123 hippius
827 1085 975 1123 quartus:
998 1082 1197 1125 procellam
1223 1084 1390 1128 temporis
1417 1083 1585 1116 devitare.

404 1127 538 1161 Iambus
566 1133 598 1161 et
625 1129 853 1164 ditrochaeus:
881 1132 942 1164 dia
968 1133 1201 1167 machinatam

2057 1082 2184 1130 [1493]

404 1178 628 1213 Clloriambus
655 1186 688 1214 et
714 1193 823 1225 paeon
850 1183 981 1216 tertius:
1009 1185 1199 1229 composuit
1226 1186 1407 1221 rationem.

403 1229 437 1265 7.
491 1231 561 1264 Sed
588 1237 624 1265 ut
656 1234 845 1266 brevissime
879 1234 922 1267 de
953 1237 1122 1268 structuris
1156 1236 1396 1270 delectantibus
1430 1236 1628 1277 doceamus,
1662 1235 1905 1268 observandum
1939 1241 2007 1280 est²
2039 1247 2081 1269 ne
2107 1233 2185 1270 aut⁹

240 1291 371 1312 versum
398 1281 525 1316 heroici
551 1283 646 1317 metri
673 1285 851 1325 faciamus,
880 1291 934 1318 aut
960 1286 993 1319 in
1020 1292 1136 1320 natura
1161 1288 1299 1333 longam
1309 1284 1332 1305 ¹⁰
1359 1289 1521 1333 syllabam
1537 1283 1775 1332 paenultimo¹l
1802 1289 1907 1321 verbo
1929 1287 2103 1321 terminato
2123 1288 2182 1320 tri-

242 1331 370 1375 syllabo
401 1333 571 1373 finiamus;
598 1337 733 1370 caeteris
759 1349 867 1382 paene
894 1338 1046 1371 omnibus
1074 1339 1260 1373 auditorem
1286 1352 1461 1385 possumus
1489 1340 1657 1373 delectare
1667 1336 1699 1371 ¹².

891 1506 994 1539 ARS
1035 1507 1208 1544 PROBI
1251 1509 1537 1544 EXPLICIT.

406 1695 439 1727 S.
492 1697 576 1729 Item
609 1697 673 1730 alio
700 1698 813 1732 modo.

245 1742 404 1778 trochaeo
433 1751 465 1778 et
490 1747 705 1790 choriambo,
731 1755 783 1783 ut:
809 1762 964 1797 magnus
989 1751 1196 1788 incutient-9¹³.

330 1892 358 1933 1)
378 1895 412 1923 Α
426 1895 508 1925 nobis
523 1896 614 1925 adieci
629 1907 643 1926 e
660 1898 731 1927 Cod.
761 1899 896 1929 Ceterum
912 1902 983 1930 Cod.
1003 1912 1095 1941 prave
1110 1915 1185 1943 repe-

247 1937 327 1966 ritas.
350 1953 391 1958 —
420 1941 447 1972 Ξ)
461 1939 630 1967 Lzzboraret
647 1940 717 1969 Cod.
730 1941 882 1978 laborare,-
907 1950 938 1971 εἰ
954 1944 1019 1974 Asc.
1038 1946 1067 1974 P.
1080 1961 1116 1967 ·—
1155 1944 1184 1986 3)

246 1980 328 2006 buzas
341 1994 383 2000 -
398 1988 519 2009 rea-arat
536 1982 607 2011 Cod.
629 1993 694 2010 Sus
714 1984 768 2012 iste
784 1991 913 2012 vexaret
931 1987 961 2014 P.
1000 1988 1080 2015 Suus
1099 1988 1187 2016 etiam

245 2020 277 2049 'm
292 2021 359 2052 Asc.
376 2039 413 2043 —
438 2025 465 2057 4)
481 2024 532 2062 [με
540 2035 560 2051 α
578 2025 648 2055 Cod.
667 2027 768 2064 szztm
781 2026 848 2056 Asc.
866 2027 898 2056 P.
913 2044 953 2049 —
976 2027 1004 2067 5)
1020 2030 1188 2058 Concedam

247 2063 319 2092 Cod.
333 2064 398 2094 Asc.
415 2073 585 2105 conceptam
597 2068 628 2096 P.
648 2085 683 2089 —
708 2067 738 2108 6)
753 2068 887 2108 Cmporcz
899 2070 968 2099 Cod.
986 2081 1111 2110 cotpore
1121 2073 1187 2102 Asc.

246 2106 278 2134 P.
293 2122 333 2128 —
362 2106 390 2146 7)
408 2108 478 2137 Cod.
495 2111 597 2138 Paeon
613 2110 634 2139 Ῑ.
673 2110 794 2140 Numeri
808 2112 923 2150 siguum
938 2112 1017 2141 deest
1031 2115 1062 2142 in
1077 2115 1143 2144 Asc.
1163 2121 1191 2144 et

248 2165 278 2193 P.
297 2182 334 2187 -—
363 2166 393 2204 8)
413 2167 483 2198 Cod.
498 2179 513 2195 S
521 2169 706 2200 zos-scribtor.
722 2186 764 2193 —
790 2172 817 2207 9)
837 2171 908 2200 Cod.
925 2182 959 2200 ne
975 2157 1019 2199 αυίί
1034 2173 1064 2208 (i.
1080 2184 1103 2203 e.
1118 2174 1189 2214 aud)

248 2218 371 2240 versum.
390 2225 425 2230 —
452 2210 497 2248 10)
511 2213 622 2250 Longa
637 2213 756 2250 syllaba
766 2213 833 2242 Asc.
846 2215 876 2243 P.
892 2231 927 2235 —
954 2217 996 2251 ll)
1014 2216 1190 2245 Paenula-

246 2261 311 2286 m0;
334 2251 376 2279 ita
393 2252 464 2280 Cod.
479 2254 727 2291 quemadmodum
747 2257 847 2294 paullo
861 2260 929 2295 post
938 2267 1043 2294 paene.
1066 2274 1107 2279 —
1145 2261 1190 2296 12)

246 2292 303 2322 Hic
319 2294 387 2322 finit
405 2295 479 2323 liber
494 2296 591 2325 Probi.
637 2299 775 2335 Sequitur
795 2299 872 2327 enim
892 2298 1070 2337 subscriptio
1087 2300 1118 2328 in
1136 2301 1191 2330 Co-

247 2335 313 2365 dice
328 2336 411 2365 talis:
433 2338 633 2367 FELICITER
651 2340 721 2368 ARS
738 2341 851 2370 PROBI
869 2341 1110 2370 GRAMMATICI
1124 2343 1191 2372 UR-

246 2378 304 2407 BIS
326 2379 501 2410 EXPLICIT
525 2382 749 2412 CATHOLICA.
794 2384 906 2414 Deinde
927 2384 1061 2422 sequitur
1083 2385 1118 2413 ab
1136 2386 1191 2415 alia

867 1699 1074 1745 Compositio
1106 1702 1215 1746 prima
1241 1715 1259 1735 a
1285 1703 1448 1738 trochaeo
1476 1709 1509 1738 et
1543 1704 1705 1744 molosso,
1742 1707 1792 1736 ut:
1828 1702 1928 1736 vadit
1955 1706 2133 1740 a2·m‹1tus;
2161 1713 2181 1733 a

1887 1904 1899 1917 0

1229 1931 1331 1949 manu:
1361 1920 1543 1949 Theodosius
1563 1922 1740 1949 ,Macrobius
1760 1921 1795 1950 (le
1808 1933 1832 1960 g
1850 1925 1918 1959 mgt‘·
1939 1918 2006 1961 (sic)
2029 1920 2179 1957 coniuga-

1230 1963 1363 1991 tionibus
1384 1965 1429 1991 sic
1451 1965 1505 1991 ait.
1549 1964 1610 1992 Iam
1633 1974 1684 1992 sex
1698 1974 1800 1993 versus
1818 1968 2001 2003 sequuntur,
2025 1971 2099 2000 quos
2121 1961 2180 1989 iam

1231 2006 1426 2044 descripserat
1450 2006 1484 2034 V.
1511 2006 1554 2035 Cl.
1577 2006 1799 2036 Eichenfeldius
1825 2012 1853 2036 et
1880 2006 2017 2045 proxime
2045 2003 2180 2032 editurus

1231 2052 1284 2077 est.
1327 2049 1402 2077 Tum
1423 2049 1564 2086 leguntur
1581 2049 1693 2087 aliquot
1709 2050 1823 2087 glossae
1847 2049 1994 2085 Graecae,
2024 2056 2099 2085 quae
2117 2055 2180 2094 ‘ex-

1233 2095 1355 2120 tremam
1369 2091 1438 2120 libri
1454 2101 1535 2119 oram
1551 2091 1694 2120 ambiunt.
1738 2092 1773 2120 In
1786 2091 1923 2121 interiori
1939 2095 2038 2120 autem
2056 2098 2181 2128 paginae

1233 2138 1318 2172 parte
1343 2138 1528 2172 sequuntur,
1558 2144 1632 2172 quae
1652 2134 1732 2173 apud
1756 2134 1929 2163 Putschium
1958 2131 2047 2162 Probi
2069 2130 2180 2178 librum

1233 2176 1409 2213 terminant,
1432 2176 1483 2205 sed
1501 2176 1588 2214 longe
1604 2177 1763 2206 recentiori
1783 2187 1873 2206 manu
1890 2175 2020 2215 scripta,
2040 2178 2075 2202 ut
2090 2173 2180 2202 Probi

1233 2228 1295 2247 esse
1312 2229 1374 2247 non
1393 2219 1529 2256 credam,
1552 2219 1621 2257 sed,
1642 2220 1710 2258 quia
1727 2220 1832 2248 similis
1850 2217 2017 2257 argumenti
2034 2220 2121 2253 sunt,
2142 2225 2179 2244 ex

1233 2261 1292 2289 alio
1324 2261 1523 2290 Grammatico
1552 2266 1689 2300 excerpta
1720 2267 1749 2291 et
1776 2262 1838 2291 huc
1865 2261 2009 2291 translata
2039 2263 2176 2306 statuam.

1234 2303 1333 2338 Quum
1354 2304 1465 2342 optime
1481 2314 1497 2332 e
1513 2304 1584 2333 eod.
1608 2305 1695 2334 etiam
1717 2304 1791 2333 haec
1812 2303 1964 2333 emendari
1982 2311 2067 2342 posse
2091 2299 2177 2329 wde-

1232 2355 1313 2382 rem,
1346 2351 1439 2375 totum
1467 2346 1568 2375 locum
1593 2347 1769 2386 subiungere
1791 2357 1853 2376 non
1879 2345 2022 2375 dubitavi.
2044 2358 2085 2365 --
2130 2342 2177 2379 13)

1234 2388 1369 2427 „Magnus
1389 2390 1538 2418 incutiens
1559 2389 1631 2419 cod.
1659 2390 1810 2420 Itzczctiens
1831 2399 1960 2428 magnos
1977 2388 2007 2416 P.
2037 2394 2178 2422 mag'WS
