2263 2668
222 170 298 205 sss
653 160 998 196 COMMENTARn
1023 162 1072 195 ιΝ
1099 160 1244 196 PAUL1
1271 161 1465 196 macom
1492 161 1745 197 EXGERPTA

224 266 342 291 centnm
366 269 458 289 annos
479 256 542 285 fieri
565 253 654 282 fuisse
678 254 781 282 solitos
804 253 903 284 docet.
948 254 1038 290 Quod
1065 259 1093 283 et
1115 263 1219 284 verum
1242 264 1306 284 esse
1329 255 1457 294 probant
1480 254 1751 294 quindecimvirum
1776 257 1981 286 commentarii
2004 261 2033 286 et
2056 267 2173 286 carmen

224 304 416 343 Sibyllinum,
441 297 520 337 quod
544 296 625 335 apud
648 297 799 325 Zosimum
822 297 880 334 (ΙΙ,
904 297 948 335 5.)
971 298 1096 336 legitur:

775 337 854 369 Ἀλλ’
875 336 987 370 ὁπόταν
1010 337 1152 379 μήκιστος
1173 339 1224 380 ἵκῃ
1245 336 1353 378 χρόνος
1376 336 1590 378 ἀνθρώποισιν

780 385 894 419 Ζωοῖς,
921 383 963 419 εἰς
986 382 1074 413 ἐτέων
1098 379 1203 413 ἑκατὸν
1226 383 1295 412 δέκα
1318 380 1431 412 κύκλον
1456 379 1582 413 ὁδεύων.

224 430 302 459 Idem
325 426 412 456 etiam
435 425 564 464 spatium
587 424 625 452 iis
649 425 775 463 assignat
798 425 900 454 Horat.
925 426 955 454 in
979 436 1032 454 suo
1056 424 1187 453 carmine
1209 424 1337 452 seculari
1360 425 1401 460 (v,
1415 427 1466 456 20.
1480 427 1593 464 seqq.)2

779 465 878 497 Certus
900 466 1029 497 undenos
1052 466 1146 496 decies
1166 478 1217 505 per
1240 476 1334 495 annos

779 508 882 545 Orbis,
914 517 945 538 ut
969 517 1072 539 cantus
1095 508 1202 551 referat
1224 507 1366 548 ludosque

779 550 838 580 Ter
860 550 907 581 die
929 551 1012 582 claro
1037 553 1177 592 totiesque
1194 558 1283 591 grata

1010 594 1105 624 Nocte
1117 594 1299 635 frequentes.

221 639 311 668 Duc.
348 636 500 667 seculares
520 635 586 665 ludi
609 636 699 676 Tar-q.
741 636 824 672 Quae
847 636 897 665 hic
919 636 956 666 de
980 647 1083 675 campo
1106 637 1229 673 Martio,
1260 636 1296 664 de
1318 636 1386 664 loco
1409 637 1440 664 in
1464 646 1514 673 eo,
1546 637 1597 675 qui
1620 637 1780 666 'serentum
1803 637 2027 676 appellabatur,
2053 637 2090 665 de
2111 646 2173 672 ara,

220 691 297 720 quae
319 691 335 709 a
358 680 471 719 populo
496 680 581 707 Rom.
604 679 634 706 in
663 678 743 707 bello
777 684 881 708 contra
903 680 1033 708 Albanos
1058 679 1117 708 Diti
1147 690 1181 708 ac
1204 679 1399 717 Proserpinae
1429 678 1527 708 dicata
1559 679 1612 708 sub
1640 684 1749 708 terram
1778 681 1815 709 ad
1845 680 2033 709 altitudinem
2064 679 2173 718 pedum

219 723 323 762 viginti
348 723 463 751 defossa
486 726 543 757 est,
569 720 606 750 de
629 719 735 750 hostiis
758 721 870 757 furvis,
894 722 931 751 de
954 722 1051 750 tribus
1074 721 1178 751 diebus
1201 731 1235 750 ac
1258 721 1410 757 noctibus,
1435 722 1499 750 suse
1522 722 1713 761 persequitur
1725 723 1876 759 Zosimus,
1901 724 1985 751 cuius
2009 733 2066 761 ope
2082 722 2173 750 rude-

219 777 285 796 rum
314 766 439 793 istorum
467 763 584 802 lapides
614 774 715 792 omnes
743 764 894 793 redivivos
925 765 1097 793 excitarem.
1141 765 1235 793 Varro
1258 764 1306 792 lib.
1320 764 1341 792 I.
1366 764 1403 792 de
1433 764 1557 793 scenicis
1581 765 1663 803 Orig.
1686 766 1782 804 (apud
1807 766 1959 795 censorin.
1983 765 2019 794 de
2043 765 2090 793 die
2112 768 2174 794 nat.

219 808 378 843 c.XVH.):
417 805 488 836 Cum
510 805 605 835 multa
625 814 761 845 portenta
771 808 895 847 fierent,
925 814 952 835 et
973 819 1072 836 murus
1094 817 1132 836 ac
1152 808 1255 839 turris,
1286 817 1360 846 quae
1381 814 1449 835 sunt
1470 807 1548 836 inira
1568 815 1685 846 portam
1710 806 1859 837 Collinam
1881 815 1907 836 et
1929 805 2115 848 Esquilinam
2139 805 2174 835 de

220 848 299 881 coelo
322 856 413 878 essent
435 856 517 878 tacta
540 856 565 877 et
589 847 655 878 ideo
679 848 771 878 libros
792 848 954 889 Sibyllinos
982 848 1205 890 quindecimviri
1232 847 1390 884 adiissent,
1429 850 1646 886 renuntiarunt,
1683 858 1714 878 ut
1739 850 1802 878 Diti
1820 851 1903 889 patri
1924 861 1962 880 ac
1983 849 2175 888 Proserpinae

217 891 301 922 Ludi
326 892 480 920 Tarentini
501 892 532 920 in
559 890 670 930 Campo
693 891 810 920 Martio
828 893 932 930 fierent
954 899 981 921 et
1004 891 1116 921 hostiae
1131 891 1242 932 furvae
1264 890 1493 920 immolarentur.
1528 892 1622 920 Verba
1646 892 1696 920 illa
1719 891 1806 921 ludos
1826 900 1928 931 postea
1950 891 2093 921 seculares
2105 890 2174 932 fa—

218 946 279 964 cere
300 933 343 963 ibi
365 934 459 974 coepit
482 941 508 962 et
530 933 728 973 nonagesimo,
752 934 855 963 mutila
879 945 941 963 esse
964 935 1052 963 docet
1074 935 1121 963 vel
1144 934 1218 962 1llud
1236 941 1271 969 et,
1295 938 1324 961 et
1345 934 1410 973 ipsa
1433 934 1574 963 historiae
1591 934 1672 963 fides.
1703 936 1792 972 Lege:
1819 934 1919 974 Coepit
1935 933 2130 963 ducentesimo
2147 940 2174 962 et

218 977 405 1016 nonagesimo
435 987 548 1016 quoque
576 987 662 1004 anno.
707 977 768 1005 Etsi
798 977 928 1006 scribere
958 977 1118 1006 debuerat:
1157 976 1351 1005 ducentesimo
1379 983 1406 1004 et
1435 977 1622 1016 nonagesimo
1651 978 1782 1016 septimo.
1827 978 1913 1006 Tunc
1940 977 2018 1006 enim
2042 975 2172 1016 Popilius

217 1020 329 1048 Laenas
353 1019 501 1047 Duumvir
529 1018 585 1047 fuit
614 1029 766 1047 sacrorum
797 1020 1013 1049 faciendorum.
1057 1020 1092 1048 In
1120 1019 1177 1048 fine
1207 1029 1274 1047 cuin
1299 1020 1339 1047 ait
1361 1019 1464 1048 Festus
1487 1020 1657 1048 institutum
1680 1020 1770 1048 fuisse
1794 1025 1912 1048 centum
1937 1024 2002 1058 post
2024 1029 2117 1048 annos
2139 1022 2173 1047 ut

216 1062 337 1097 fierent,
361 1072 376 1090 a
393 1061 498 1090 Verrio
521 1062 607 1090 etiem
630 1062 759 1095 recedit,
784 1063 851 1100 qui,
875 1067 908 1091 ut
932 1073 1022 1101 supra
1044 1063 1075 1092 in
1099 1063 1226 1101 epitome
1250 1061 1424 1099 docuimus,
1448 1067 1518 1101 post
1540 1063 1642 1090 decem
1667 1067 1695 1091 et
1717 1067 1834 1091 centum
1858 1063 1955 1092 factos
1978 1062 2058 1090 dicit.
2082 1062 2171 1090 Dae.

217 1105 258 1132 De
280 1104 359 1133 ludis
383 1104 573 1133 Seculan'bus
598 1104 777 1133 conferenda
800 1109 870 1133 sunt
893 1115 967 1143 quae
990 1105 1110 1143 collegit
1125 1104 1334 1133 Mitscherlich.
1358 1105 1389 1132 in
1413 1109 1585 1143 argumento
1607 1105 1644 1134 ad
1662 1105 1777 1134 Horatii
1799 1116 1919 1134 carmen
1941 1105 2075 1134 seculare
2091 1103 2171 1133 Edit.

217 1147 289 1176 Hor.
312 1152 382 1176 tom.
395 1147 430 1175 11.
453 1156 521 1185 pag.
533 1146 715 1185 641.seqq.3
742 1147 913 1176 conserendi
935 1149 1022 1177 etiam
1045 1148 1102 1177 viri
1125 1147 1223 1183 docti,
1247 1147 1297 1184 qui
1321 1147 1432 1176 ibidem
1455 1152 1526 1176 sunt
1549 1148 1632 1176 citati
1655 1157 1720 1187 pag.
1734 1148 1806 1179 643.
1821 1158 1881 1186 seq.

369 1187 566 1218 Scutilum.
610 1190 720 1218 Sensus
744 1194 803 1219 est:
827 1190 952 1218 scutilus
977 1190 1086 1219 dicitur
1108 1189 1197 1218 homo
1221 1199 1335 1227 macer,
1360 1190 1411 1228 qui
1433 1194 1515 1219 totus
1538 1191 1625 1229 pellis
1648 1195 1707 1227 est,
1731 1201 1798 1218 nam
1822 1189 1928 1226 σκύτος
1950 1189 2047 1229 pellis.
2082 1189 2119 1217 At
2140 1189 2172 1217 iu

215 1243 326 1272 pompa
349 1230 524 1271 triumphali
547 1231 662 1260 scilicet
684 1232 848 1261 Manducus
872 1232 961 1262 homo
984 1233 1111 1262 scutilus
1135 1233 1194 1261 dici
1218 1232 1337 1261 videtur
1359 1233 1444 1271 quasi
1475 1233 1632 1270 scrutilus,
1669 1233 1720 1272 qui
1742 1238 1842 1272 potest
1864 1233 2001 1262 scrutari.
2046 1231 2109 1260 Etsi
2131 1231 2172 1260 ibi

216 1276 304 1304 etiam
327 1283 433 1303 nomen
458 1274 603 1303 Graecum
628 1279 671 1303 est
694 1273 832 1311 σκύτιλος
854 1286 869 1304 a
893 1273 1019 1313 σκῦτος,
1051 1276 1118 1314 quia
1142 1275 1232 1303 homo
1255 1275 1307 1303 ille
1330 1275 1404 1303 nihil
1427 1275 1506 1304 aliud
1531 1280 1609 1313 erat,
1640 1286 1729 1314 quam
1751 1276 1846 1315 pellis.
1892 1275 1967 1304 Vide
1990 1273 2172 1310 manducas,

219 1315 329 1346 Citeria
351 1322 380 1346 et
403 1315 524 1346 Peneia.
570 1316 659 1346 Dae.

379 1357 620 1399 Squalidum.
665 1359 841 1398 Squalidum
863 1360 1010 1388 incultum
1032 1365 1062 1389 et
1084 1360 1238 1389 sordidum
1261 1359 1303 1388 sic
1326 1360 1528 1398 appellatum,
1551 1361 1633 1399 quod
1656 1361 1793 1399 proxime
1820 1360 1858 1390 ad
1885 1370 2023 1399 squamas
2045 1359 2172 1399 piscium

217 1401 342 1430 accedit.
386 1401 490 1430 Itidem
517 1401 627 1430 Ennius
649 1402 710 1431 dici
733 1402 881 1440 pallidum
904 1403 1073 1441 squalidum
1098 1408 1203 1431 auctor
1226 1407 1269 1431 est
1292 1403 1322 1431 in
1345 1402 1492 1442 Telepho:
1526 1404 1623 1438 Quam
1646 1404 1772 1432 vestitus
1793 1404 1930 1442 squalida
1952 1403 2038 1433 stola.
2083 1400 2172 1440 Apud

217 1444 344 1473 Nonium
368 1443 446 1484 (pag.
460 1444 533 1476 537.
557 1444 662 1484 Mero.)
683 1445 713 1473 in
736 1444 823 1474 Stola
846 1445 991 1483 integrior
1014 1455 1116 1474 versus
1139 1446 1259 1483 legitur:

776 1486 869 1523 Cedo,
906 1499 943 1516 ac
965 1498 1053 1516 caveo
1075 1489 1193 1516 vestitus
1215 1485 1354 1527 squalida
1376 1494 1473 1526 septus
1494 1486 1584 1516 stola.

217 1526 318 1558 Scal.
346 1528 438 1557 Aliter
460 1528 566 1567 paulo,
590 1529 642 1558 sed
664 1529 695 1556 iu
718 1530 841 1558 eandem
866 1534 992 1558 mentem
1016 1530 1048 1558 A.
1072 1530 1186 1558 Gellius
1209 1530 1260 1557 lib.
1273 1529 1308 1560 11.
1333 1539 1398 1567 cap.
1414 1531 1461 1559 6.:
1486 1527 1645 1569 Squalere,
1669 1529 1781 1568 inquit,
1805 1528 1916 1559 dictum
1939 1541 1958 1557 a
1980 1538 2170 1569 squamarum

216 1569 370 1600 crebritate
392 1571 618 1610 asperilaieque‚
643 1581 717 1611 quae
738 1572 767 1600 in
791 1573 963 1611 serpentium
984 1573 1167 1612 pisciumque
1189 1572 1278 1601 coriis
1299 1572 1440 1602 visuntur.
1486 1572 1565 1600 Idem
1589 1572 1709 1600 Servius
1734 1572 1786 1608 (ad
1810 1572 1883 1600 Aen.
1899 1573 1942 1607 X,
1965 1571 2052 1606 314.)
2076 1571 2115 1599 ita
2137 1575 2172 1599 ut

215 1613 338 1651 proprie
368 1613 398 1641 id
427 1613 575 1650 squallere
604 1614 735 1649 dicatur,
774 1614 855 1652 quod
884 1615 984 1652 aliqua
1013 1624 1044 1643 re
1073 1615 1220 1643 incultum
1245 1618 1275 1642 et
1297 1614 1426 1642 obsitum
1449 1624 1526 1642 nova
1550 1614 1626 1642 facie
1651 1614 1815 1642 visentibus
1838 1613 1992 1643 horrorem
2015 1614 2172 1649 incuteret,

215 1661 247 1683 ut
271 1655 351 1694 apud
375 1655 479 1693 Virgil.
504 1654 590 1694 (Aen.
607 1657 653 1692 X,
676 1654 776 1693 314.):
817 1657 962 1685 Tunicam
986 1655 1175 1697 squallentem
1199 1667 1291 1695 aur-o,-
1320 1656 1427 1684 deinde
1450 1666 1523 1685 vero
1546 1657 1583 1685 de
1605 1656 1642 1684 iis
1665 1662 1780 1685 tantum
1804 1667 1837 1685 ea
1860 1667 1920 1685 vox
1943 1658 2081 1695 usurpari
2103 1666 2171 1685 coe—

215 1703 264 1736 pta
288 1698 344 1734 sit,
385 1707 460 1736 quae
483 1698 616 1726 sordium
641 1699 777 1735 congerie
799 1699 912 1727 inculta
936 1704 1034 1728 essent
1056 1704 1086 1728 et
1108 1709 1275 1738 squamosa.
1320 1699 1377 1728 Sed
1401 1699 1514 1737 optime
1537 1699 1692 1728 Martinius
1716 1710 1730 1727 a
1756 1696 1891 1736 σκελλός,
1927 1699 2044 1734 aridus,
2081 1708 2171 1736 squa-

216 1740 275 1776 lus,
308 1740 464 1778 squalidus
488 1744 544 1771 etc.
573 1740 662 1769 Dae.
708 1741 792 1770 Adde
814 1742 944 1769 Nonium
968 1742 1000 1770 in
1024 1741 1169 1782 Squalam
1193 1741 1387 1781 (pag.172.)‚
1410 1740 1552 1782 Squalere
1574 1742 1653 1781 (pag.
1667 1742 1769 1780 452),
1791 1740 1960 1782 squalidum
1985 1740 2063 1780 (pag.
2075 1740 2170 1780 404),

218 1781 336 1821 squalor
359 1783 438 1821 (pag.
451 1783 546 1819 225.)
596 1781 704 1812 Goth.

381 1824 629 1864 Squarrosos.
675 1824 825 1865 Squarra,
865 1825 928 1862 vel,
964 1830 995 1854 ut
1024 1830 1137 1854 veteres
1166 1825 1351 1862 scribebant,
1388 1825 1500 1862 Scuta,
1534 1836 1643 1865 purum
1675 1831 1780 1865 putum
1805 1827 1951 1855 Graecum
1983 1830 2028 1855 est
2051 1823 2170 1865 ἐσχάρα.

222 1864 309 1898 Quod
333 1866 473 1905 frequens
495 1867 525 1895 in
548 1866 631 1895 libris
655 1867 837 1896 Graecorum
860 1868 1026 1897 medicinis.
1054 1867 1185 1907 Rupices
1207 1873 1275 1896 sunt
1298 1869 1408 1897 rustici.
1442 1869 1618 1898 Tertullian.
1641 1869 1694 1906 (de
1717 1869 1785 1908 pall.
1810 1879 1874 1908 cap.
1887 1869 1948 1906 4.):
1969 1866 2065 1908 Apud
2087 1869 2170 1907 rupi-

223 1915 282 1933 cem
305 1915 330 1935 et
351 1907 514 1938 silvicolam
537 1917 563 1938 et
586 1916 781 1939 monstrorum
805 1909 978 1939 eruditorem
1005 1921 1128 1950 scrupea
1155 1909 1258 1939 schola
1287 1910 1424 1941 eruditus.
1471 1911 1616 1940 Dicuntur
1639 1917 1667 1940 et
1687 1919 1827 1951 petrones.
1874 1910 1910 1940 V
1905 1921 2024 1941 arrones
2046 1910 2133 1939 etiam
2155 1921 2171 1939 a

220 1948 327 1984 verris,
349 1951 401 1987 qui
423 1957 491 1980 sunt
513 1952 629 1991 stipites
651 1963 710 1980 non
732 1952 834 1989 dolati,
857 1953 1007 1992 praeduri,
1031 1963 1066 1981 ac
1089 1953 1211 1990 enodes,
1234 1953 1312 1982 unde
1330 1953 1496 1982 Varronum
1520 1954 1646 1983 familiae
1669 1954 1698 1982 in
1723 1959 1810 1991 gente
1832 1954 1970 1983 Terentia
1990 1964 2024 1982 ac
2039 1953 2171 1983 Visellio,

222 1988 406 2028 Quamquam
430 1993 522 2022 Vario
546 1995 609 2033 ipse
631 1994 668 2023 de
692 2005 745 2023 suo
769 1996 945 2033 cognomine
967 1995 1094 2035 loquens
1116 1996 1203 2025 aliter
1224 1996 1396 2035 scripserit,
1432 2006 1498 2025 eum
1521 2006 1643 2035 nempe,
1674 1997 1725 2035 qui
1748 1997 1862 2036 primus
1886 1997 1982 2026 Varro
2005 1996 2043 2025 sit
2065 1996 2170 2035 appel-

221 2031 317 2068 latus,
344 2032 517 2079 indllyrico
539 2036 656 2066 bostem
683 2037 846 2067 Varronem
869 2038 988 2066 nomine
1012 2038 1092 2076 quod
1113 2043 1256 2076 rapuerat
1278 2044 1307 2067 et
1329 2039 1365 2067 ad
1389 2049 1458 2068 suos
1480 2043 1669 2078 portaverat,
1698 2039 1729 2067 id
1753 2049 1918 2077 cognomen
1941 2049 1977 2068 ex
2000 2038 2105 2077 insigni
2128 2039 2170 2067 sa-

222 2078 270 2102 cto
294 2083 444 2103 meruisse.
477 2078 590 2107 Auctor
612 2079 732 2108 Servius
756 2080 834 2119 (pag.
848 2083 918 2112 682.
944 2081 989 2109 ed.
1007 2080 1090 2119 Dan.)
1115 2081 1165 2119 qui
1188 2085 1231 2109 est
1253 2091 1344 2119 penes
1367 2082 1524 2110 Danielem.
1548 2080 1649 2112 Scal.
1683 2082 1801 2110 Falsum
1824 2087 2000 2121 squarrosos
2022 2082 2058 2109 ab
2081 2091 2171 2120 squa-

222 2115 288 2144 mis·
309 2116 343 2165 *A
365 2127 490 2155 squar-ra
511 2121 603 2156 enim,
626 2123 708 2150 velut
730 2128 846 2151 veteres
869 2123 1052 2159 scribebant,
1076 2134 1176 2159 scara,
1201 2123 1282 2162 quod
1305 2134 1415 2162 purum
1439 2129 1542 2163 putum
1568 2125 1714 2153 Graecum
1738 2130 1781 2153 est
1803 2123 1925 2163 ἐσχάρα,
1954 2125 1984 2152 id
2009 2128 2052 2153 est
2073 2131 2171 2153 crusta

223 2156 368 2205 ulfenbus
390 2159 470 2187 cavis
491 2171 664 2194 accrescens,
706 2166 835 2203 Rupices
858 2170 927 2194 sunt
951 2166 1064 2194 rustici.
1100 2166 1247 2194 varrones
1270 2166 1338 2195 duri
1361 2171 1387 2195 et
1411 2172 1541 2205 agrestes
1561 2167 1696 2196 homines
1719 2178 1736 2196 a
1758 2168 1854 2196 vatris
1875 2168 1938 2196 sive
1958 2167 2054 2203 varis,
2077 2166 2171 2195 infor-

223 2200 320 2228 mlbus
341 2204 372 2229 et
398 2200 556 2230 furcillatis
582 2204 705 2236 baculis.
749 2208 872 2236 Tertull.
894 2208 923 2236 in
946 2209 1023 2236 libro
1045 2208 1082 2237 de
1105 2209 1202 2237 anima
1225 2210 1340 2247 (c.6.):
1376 2208 1525 2249 Rupicum
1546 2221 1584 2239 ae
1607 2208 1793 2247 Van-onum,
1827 2209 1932 2250 quibus
1953 2208 2095 2238 alimento
2114 2219 2170 2237 sa—

222 2242 348 2281 pientiae
370 2240 479 2271 desunt.
504 2243 556 2271 Da
567 2256 590 2274 c.
636 2247 709 2276 Vide
731 2259 818 2287 supra
841 2251 872 2278 in
895 2249 1040 2280 Peirones.
1089 2249 1194 2279 Goth.

261 2326 266 2333 “
389 2282 673 2316 schoeniculas.
716 2290 835 2320 Plautus
864 2292 894 2320 in
924 2293 1098 2321 Ner-volaria
1128 2292 1208 2332 apud
1237 2293 1400 2322 varronem
1428 2293 1479 2322 lib.
1495 2293 1541 2322 Vl.
1564 2293 1602 2322 de
1624 2294 1653 2323 L.
1676 2293 1707 2324 L.
1730 2291 1815 2334 (vll.
1837 2303 1903 2332 pag.
1918 2293 1990 2325 345.
2015 2293 2060 2321 ed.
2083 2290 2167 2333 Sp.):

224 2323 415 2373 Probolares,
451 2326 668 2364 schoeniculae,
701 2333 870 2363 miraculae.
915 2334 1140 2371 schoeniculae,
1177 2336 1290 2374 inquit,
1326 2335 1364 2364 ab
1387 2335 1511 2365 schoeno
1534 2336 1656 2365 nucerio
1677 2344 1830 2375 unguento.
1874 2336 1918 2365 Ita
1940 2335 2018 2364 enim
2040 2335 2168 2364 arbitror

225 2368 287 2396 zlhc
314 2367 516 2417 scribendum·
532 2379 602 2399 esse.
647 2370 816 2401 Miraculas
844 2381 942 2404 antem
964 2388 980 2404 a
1004 2378 1101 2413 miris,
1140 2378 1171 2406 id
1194 2383 1239 2406 est
1260 2380 1399 2407 monstris
1428 2379 1653 2417 interpretatur.
1698 2378 1887 2407 Credendum
1909 2383 1954 2407 est
1976 2377 2049 2406 haec
2074 2377 2166 2405 Plauti

225 2409 317 2439 verba
337 2410 457 2439 Festum
479 2416 565 2440 etiam
587 2413 740 2449 retulisse,
763 2419 793 2443 et
814 2422 917 2453 postea
939 2427 976 2446 ex
994 2419 1127 2448 Poenulo
1150 2420 1282 2449 eiusdem
1302 2421 1343 2459 (1,
1366 2423 1402 2457 2,
1425 2420 1505 2459 55.):
1528 2419 1691 2457 Prosedas,
1711 2421 1856 2459 pistorum
1876 2421 2006 2455 amicas,
2029 2416 2167 2458 reliquias
