2263 2668
822 173 911 207 LIB.
927 173 971 207 Π.
998 172 1142 207 SEGM.
1168 173 1210 207 11.
1229 173 1288 207 111.
1952 176 2025 211 135

82 269 276 309 eerdotem,
313 278 332 300 o
359 266 546 308 sacerdos,
580 265 627 299 ab
654 266 720 299 hoc
744 266 939 301 sacerdote.
998 267 1188 300 Pronomen
1215 267 1280 300 sic:
1314 268 1394 309 iste,
1428 269 1542 307 istius,
1580 270 1651 311 isti,
1686 270 1810 311 istum,
1847 269 1893 302 ab
1921 267 2025 303 tswffl.

81 321 240 362 Quinaria
265 320 374 352 forma
395 320 429 352 in
455 329 592 351 numero
619 318 754 362 plurali,
782 330 844 352 nec
866 330 989 351 nomen
1011 319 1155 352 continet
1182 330 1243 352 nec
1264 330 1461 362 pronomen.
1499 322 1599 354 Sexta
1624 322 1733 354 forma
1754 321 1880 354 senaria
1897 320 2025 366 [1479]

81 379 128 405 est
154 373 186 404 in
212 382 350 404 numero
382 370 553 416 singulari,
578 370 777 415 pronomina
804 371 875 403 sola
900 371 1004 415 regit,
1030 370 1063 402 in
1089 370 1213 415 plurali
1238 366 1377 410 nulla²⁷;
1404 372 1539 414 nullus,
1574 373 1718 415 nullius,
1751 373 1856 414 nulli,
1882 373 2026 414 nullum,

79 420 220 465 nulleffl,
249 434 273 456 a
298 421 402 456 nullo.

407 506 625 542 Smm.111.
664 507 748 542 De
800 507 1208 542 catholicis

244 577 276 610 1.
328 577 367 609 In
392 575 462 609 hoc
486 576 573 608 libro
602 575 700 608 etiam
727 576 771 609 (le
796 576 902 609 verbis
928 576 1095 617 tractabo,
1130 576 1211 609 sicut
1238 581 1312 609 ante
1338 578 1491 621 promisi,
1519 590 1659 621 quorum
1685 578 1845 610 rationem
1872 588 1934 621 per
1959 576 2025 609 sin-

79 629 234 673 gularum
261 629 443 660 litterarum
471 627 615 671 syllabas
642 628 770 671 primae
797 628 889 661 verbi
914 639 1094 671 personae,
1122 628 1256 670 qualem
1283 629 1383 661 faciat
1409 630 1606 669 secundam,
1643 629 1731 662 unde
1758 629 1852 661 morli
1879 629 2026 672 impera—

79 680 138 712 tivi
164 679 309 712 secunda
334 690 477 723 persona
508 676 768 723 cognoscitur³⁰,
796 690 837 712 ex
864 690 930 722 qna
956 679 1148 723 coniugatio
1177 677 1441 723 cognoscetur³¹,
1470 680 1719 725 diligentissime
1746 680 1899 717 doeeb03
1926 685 2026 722 atque

79 731 208 764 interim
235 731 278 763 (le
304 731 474 764 vocalibus
501 734 679 763 tractemus
706 731 819 775 positis
847 736 921 763 ante
946 730 1159 762 novissimam
1185 731 1328 763 litteram
1354 732 1483 775 primae
1510 734 1600 765 verbi
1624 743 1794 777 personae.
1847 731 2026 762 Inveniun-

78 789 131 815 tur
157 787 267 815 autern
294 782 428 815 vocales
451 786 526 814 ante
552 783 762 815 novissimam
790 782 933 814 litteram
959 786 1035 822 tres,
1064 788 1279 815 consonantes
1302 784 1435 823 multae,
1464 783 1507 815 (le
1529 785 1646 826 quibus
1678 789 1794 828 postea
1821 781 2025 815 docebimus.

242 833 276 865 2.
328 834 440 866 Prima
467 833 661 878 coniugatio
687 839 751 867 tres
778 833 882 866 habet:
907 834 1039 867 vocales
1066 838 1141 866 ante
1167 834 1376 867 novissimam
1403 835 1544 867 litteram
1573 836 1698 879 primae
1724 834 1818 866 verbi
1843 844 2026 877 personae:

270 885 404 930 Recipit
429 884 464 917 Ε
491 889 681 929 correptam
692 882 735 925 ³²,
763 896 931 925 commeo,
960 895 1150 924 commects,
1179 897 1353 923 commem
1380 885 1417 926 1,
1446 886 1555 927 lanio,
1585 887 1709 927 lanias,
1736 885 1856 922 Iunia,¹
1888 884 1929 925 U,
1945 883 2025 930 fln—

77 935 370 982 ctno,stuctnas,
393 935 548 982 fluctuo.
602 936 758 969 Secunda
786 936 977 981 coniugatio
1003 936 1039 968 E
1065 936 1173 969 solum
1200 937 1318 980 recipit
1344 937 1556 981 productam,
1584 938 1709 978 docco,
1737 937 1859 977 doces,
1896 932 2024 968 doce³³.

76 988 192 1020 Tertia
220 994 375 1032 correpta
403 988 502 1028 duas,
530 987 568 1027 1,
594 987 715 1031 rapio,
742 988 863 1032 rapis,
888 999 998 1032 ναμε,-
1029 987 1077 1029 U,
1104 999 1187 1028 ruo,
1214 990 1303 1029 ruis,
1331 1000 1403 1021 rue.
1457 989 1574 1023 Tertia
1601 989 1786 1033 producta,
1823 999 1925 1031 quam
1951 987 2026 1030 qui—

77 1039 155 1072 dam
183 1045 335 1083 quartam
363 1039 495 1079 dicunt,
522 1038 574 1079 E,
601 1038 725 1075 rodco.
754 1039 869 1078 redis,
896 1039 997 1076 redi,-
1024 1038 1061 1080 I,
1087 1040 1219 1080 ηιιιηίυ,
1247 1041 1376 1081 munis,
1403 1041 1507 1073 muni.

242 1091 276 1123 3.
329 1091 398 1124 Sed
425 1090 581 1133 quoniam
609 1094 678 1121 tota
713 1090 759 1122 vis
792 1091 971 1123 verborum
1004 1090 1037 1122 in
1073 1095 1226 1135 tempore
1262 1092 1415 1136 perfecto
1450 1091 1554 1124 modo
1589 1092 1765 1124 indicativo
1831 1090 2026 1130 continetur,

76 1143 159 1175 sicut
182 1143 216 1174 in
238 1142 382 1175 secunda
400 1152 543 1185 persona
569 1141 674 1173 modo
700 1138 932 1184 imperativo³³
958 1147 1110 1185 tempore
1136 1144 1301 1186 praesenti
1322 1143 1518 1183 declinatur,
1546 1155 1608 1187 per
1636 1143 1780 1187 singulas
1806 1143 1929 1175 litteras
1954 1141 2027 1186 pri-

75 1206 152 1227 mae
176 1205 338 1238 personae
365 1193 458 1225 verbi
485 1192 665 1226 doceamus
693 1193 872 1225 secundam
899 1204 1077 1237 personam
1105 1194 1253 1226 eiusdem
1286 1196 1447 1239 temporis
1473 1194 1641 1239 praeteriti
1676 1195 1834 1238 perfecti,
1870 1199 1902 1225 et
1933 1192 2027 1226 modi

75 1245 259 1290 imperativi
295 1244 453 1289 temporis
484 1243 665 1287 praesentis
699 1244 880 1277 secundam
916 1255 1110 1288 personam,
1144 1257 1231 1289 quae
1264 1246 1302 1278 fit
1336 1247 1449 1279 litteris
1483 1247 1620 1289 quidem
1653 1247 1773 1286 tribus,
1806 1245 1913 1277 modis
1945 1254 2026 1277 vero

75 1304 249 1339 quattuor,
281 1296 363 1329 sicut
397 1295 557 1338 exemplis
591 1295 692 1338 paulo
728 1300 803 1327 ante
838 1297 1026 1332 monstravi.
1095 1296 1146 1337 A,
1181 1294 1317 1337 ctma³⁶;
1360 1298 1396 1330 E
1430 1299 1615 1342 producta,
1647 1298 1754 1332 doec:
1792 1296 1827 1329 E
1860 1299 2026 1339 correpta,

74 1348 166 1392 lege.
223 1347 267 1386 I,
301 1343 438 1379 mum-37·
500 1347 603 1379 Extra
629 1346 692 1378 hos
720 1347 839 1379 modos
867 1348 892 1379 si
915 1348 1007 1390 quod
1034 1349 1172 1381 verbum
1199 1349 1422 1382 terminaverit
1456 1351 1520 1382 alia
1546 1350 1656 1382 littera
1681 1348 1824 1381 secunda
1852 1343 2027 1391 persona:¹¹2¹

74 1399 167 1431 modi
192 1399 377 1442 imperativi
402 1399 564 1441 temporis
590 1398 791 1442 praesentis,
823 1399 944 1432 nullius
972 1399 1213 1445 coniugationis
1240 1401 1385 1434 continet
1411 1402 1592 1443 rationem,
1620 1406 1656 1434 ut
1682 1408 1745 1433 est:
1780 1399 1855 1437 Sis,
1888 1394 2025 1438 J*'elis³⁹‚

77 1450 192 1492 Cedo,
220 1458 251 1483 et
278 1450 304 1482 si
330 1461 396 1493 qua
421 1450 510 1482 talia.

235 1501 289 1542 E,
316 1501 405 1535 hanc
431 1502 573 1534 litteram
599 1505 675 1533 ante
701 1512 720 1534 o
747 1500 907 1534 habentia
933 1502 1055 1543 verba,
1084 1507 1140 1535 aut
1165 1504 1294 1548 primae
1322 1509 1405 1545 sunt,
1433 1509 1489 1537 aut
1515 1503 1691 1543 secundae,
1718 1508 1773 1535 aut
1799 1507 1865 1534 ter-
1895 1499 2025 1546 [1480]

71 1553 138 1586 tiae
164 1553 361 1597 productae.
414 1553 450 1586 Si
480 1553 609 1597 primae
636 1553 715 1593 sint,
744 1553 802 1585 (ιυὶ
829 1553 951 1586 facient
964 1550 989 1570 ⁴⁰
1020 1556 1179 1599 temporis
1207 1557 1376 1599 praeteriti
1402 1557 1544 1600 primam
1571 1566 1748 1598 personam
1764 1549 1786 1569 ⁴¹
1819 1552 1913 1585 modi
1940 1552 2026 1584 indi—

73 1605 186 1645 cativi,
213 1609 249 1637 ut
276 1616 445 1644 commeo,
473 1615 658 1644 commcas,
687 1605 887 1638 commeavi.
941 1605 978 1637 Si
1004 1607 1180 1646 secundae,
1209 1613 1265 1639 aut
1291 1604 1375 1646 11i⁴²,
1403 1618 1527 1647 arceo,
1555 1607 1666 1645 arcui,
1694 1610 1750 1637 aut
1776 1604 1825 1645 di,
1852 1609 1888 1636 ut
1909 1614 2026 1648 pron-

72 1657 158 1696 deo,
181 1656 336 1700 prandi5
371 1656 536 1688 interdum
565 1661 732 1689 crescente
760 1668 825 1688 una
852 1656 980 1699 syllaba
1008 1657 1039 1688 in
1066 1659 1250 1702 principio,
1288 1664 1323 1691 ut
1349 1658 1510 1698 mordeo,
1547 1657 1740 1693 momordi3
1768 1655 1928 1700 pendeo,
1958 1665 2025 1698 pc-

66 1708 198 1753 pcndi;
224 1713 280 1740 aut
306 1707 362 1748 xi,
388 1708 515 1753 lugeo,
542 1707 634 1745 luxi}
660 1712 718 1740 aut
743 1708 826 1753 gui,
853 1708 1020 1753 langueo,
1047 1709 1175 1755 langui
1182 1724 1194 1754 ‚-
1222 1715 1278 1742 aut
1303 1710 1348 1750 si,
1376 1709 1499 1750 ardeo,
1528 1709 1611 1742 arsi.
1664 1707 1800 1740 Tertiae
1826 1705 2024 1750 productae,

1266 507 1694 543 Verborumffl.

78 896 107 926 e,
134 885 158 928 i,
184 897 217 918 u.

1775 1087 1799 1107 31

73 1809 144 1838 cod.
160 1807 226 1837 Asc.
258 1806 368 1845 Quinta
380 1806 482 1848 forma
495 1806 640 1846 Quinarz'a
655 1818 740 1836 nunc.
755 1808 786 1838 P.
801 1824 844 1829 ·—-
871 1808 919 1846 26)
935 1807 1027 1837 Isium
1072 1822 1099 1839 u.
1131 1808 1247 1847 Recipit
1263 1807 1470 1847 Ecorreptom.
1496 1807 1636 1837 Breviora
1653 1807 1762 1835 habent
1777 1806 1844 1835 Asc.
1858 1811 1884 1834 et
1900 1806 1928 1834 P.
1940 1817 1944 1833 1
1957 1817 2024 1845 per-

72 1861 90 1880 ο
104 1850 141 1879 ab
157 1852 212 1880 isto
228 1850 297 1880 Cod.
311 1866 354 1871 —
396 1849 442 1890 27)
461 1851 517 1880 Vv.
532 1851 562 1879 in
577 1849 690 1891 plurali
706 1849 789 1879 nulla
805 1850 908 1879 addidi
926 1861 940 1879 e
956 1851 1028 1879 Cod.
1071 1863 1167 1880 sonae.
1197 1850 1224 1878 E
1240 1858 1409 1889 correptam.
1427 1866 1469 1872 —-
1511 1849 1558 1889 30)
1577 1851 1651 1879 Male
1668 1851 1756 1878 Cod.:
1772 1861 1786 1877 e
1808 1847 1900 1877 solum
1925 1849 2024 1886 recipit

327 1906 419 1927 nullum
1072 1893 1170 1922 (luceo.
1197 1891 1292 1921 tloces.
1321 1891 1467 1932 producta
1490 1894 1582 1923 tertia,
1603 1908 1645 1914 -—
1694 1892 1739 1931 34)
1764 1890 1852 1921 Mocli
1872 1889 2025 1919 indicativi

74 1932 172 1974 -98)
188 1934 276 1964 Cod.:
292 1933 368 1963 nulli
381 1933 482 1972 nuller'e
505 1946 523 1963 α
541 1933 624 1964 nullo
636 1935 714 1973 (sic).
746 1935 812 1963 Asc.
831 1939 860 1963 et
876 1936 922 1963 P.:
943 1933 1026 1970 nulli,
1072 1936 1100 1964 P.
1131 1935 1165 1962 In
1182 1936 1245 1962 Asc.
1262 1935 1345 1963 locus
1368 1935 1409 1963 sic
1425 1935 1549 1972 legitur:
1582 1934 1640 1963 Secl
1657 1936 1707 1974 (Ῐῆῐ
1727 1942 1789 1963 tola
1809 1934 1853 1961 vis
1873 1932 2024 1961 verborum

71 1977 201 2013 nullum,
226 1987 242 2005 ο
259 1975 351 2013 nulle,
375 1987 393 2004 α
409 1977 499 2008 nullo.
522 1994 564 2000 ·—-
608 1979 656 2016 29)
673 1978 752 2006 Haec
767 1978 924 2016 inscriptio
942 1982 1026 2004 extra
1070 1978 1099 2004 z’tz
1114 1984 1238 2015 tempore
1258 1978 1402 2016 praesenti
1424 1976 1605 2007 declinatm·.·
1626 1989 1678 2016 per
1692 1975 1825 2015 singulas
1838 1980 1893 2004 cet.
1935 1975 2023 2002 Exci-

70 2030 214 2051 versuum
236 2028 404 2056 compagem
421 2019 452 2047 in
469 2020 540 2049 cod.
557 2036 599 2043 —-
641 2021 688 2058 30)
714 2020 767 2048 Vv.
782 2019 858 2048 unde
872 2035 963 2040 --—
977 2029 1025 2046 co·
1068 2019 1112 2046 dit
1131 2020 1242 2057 integer
1262 2029 1375 2049 versus.
1421 2020 1556 2048 Ceterum
1581 2021 1613 2048 iu
1632 2020 1702 2048 cod.
1722 2019 1780 2047 hoc
1799 2028 1888 2055 segni.
1908 2018 1948 2046 ita
1969 2017 2022 2045 in-

68 2064 220 2104 gnoscitur
236 2061 337 2088 addidi
353 2071 368 2088 e
387 2061 508 2099 Codice3
533 2063 640 2091 omissa
658 2067 728 2090 sunt
743 2073 758 2090 a
778 2062 914 2097 librario,
941 2060 1023 2087 cuius

71 2107 173 2136 ocutus
190 2103 344 2132 aberrabat
359 2113 375 2130 a
391 2113 421 2133 v.
445 2107 631 2145 cognoscitur
646 2105 683 2133 ad
700 2115 758 2143 seq.
776 2115 804 2132 v.
826 2109 1023 2142 cognoscetur.

555 2161 649 2182 declina

69 2190 168 2228 -31)
181 2188 268 2219 Cod.:
287 2189 494 2227 coniugatione
510 2196 728 2228 cognosceretur
748 2186 844 2226 adque
859 2185 971 2214 inter-im
989 2183 1025 2214 tle

69 2232 238 2269 vocalibus5
266 2231 317 2259 ubi
345 2231 420 2258 male
443 2232 549 2259 omissa
573 2236 642 2259 sunt
665 2230 771 2259 verba:
804 2227 1023 2267 diligentissime

71 2275 197 2311 docebo,
220 2285 276 2313 pro
300 2272 407 2312 quibus
428 2272 457 2300 in
470 2274 538 2301 Asc.
556 2278 585 2302 et
602 2274 630 2301 P.
653 2272 776 2308 legitur:
804 2269 1024 2309 diligentissime

69 2318 141 2348 hoc
164 2315 282 2346 docebo.
324 2316 429 2344 Ortum
444 2314 501 2345 hoc
518 2325 554 2344 ex
569 2314 675 2343 initiali
695 2313 806 2352 syllaba
822 2312 962 2358 voca-buli
978 2322 1023 2340 se-

70 2385 187 2425 quentis
212 2384 286 2413 male
309 2382 443 2421 repetita.
466 2397 509 2403 —
550 2381 598 2422 32)
618 2381 704 2410 Cod.:
727 2390 867 2420 personae
890 2358 1024 2419 'ri-cipite·

71 2435 231 2469 correptam
251 2425 338 2467 (sic),
356 2425 435 2454 uude
452 2424 641 2453 scribendum
656 2428 735 2461 erat,
760 2423 840 2462 quod
858 2421 943 2451 dedi:
965 2433 989 2459 e,
1004 2422 1024 2458 i,

1436 2068 1482 2089 Sed

1067 2095 1155 2134 cipit:
1201 2094 1283 2124 Scire
1305 2094 1437 2124 debemus
1461 2097 1616 2136 quoniam,
1646 2097 1686 2125 ita
1712 2105 1801 2133 supra
1826 2094 1939 2132 scripto
1963 2089 2020 2121 secl.

1067 2138 1158 2167 Error
1177 2139 1328 2177 profectus
1346 2149 1361 2165 a
1386 2138 1522 2175 librario,
1547 2140 1596 2176 qui
1612 2149 1679 2167 voc.
1704 2137 1754 2167 secl
1773 2148 1825 2176 pro
1846 2134 2021 2174 compendio

1065 2181 1222 2210 verborum
1241 2193 1280 2210 sc.
1295 2179 1322 2208 tl.
1338 2180 1396 2209 hoc
1409 2186 1451 2208 est
1467 2183 1539 2209 scire
1550 2181 1682 2210 debemus
1698 2185 1862 2220 acceperat,
1879 2179 1929 2207 sed
1942 2182 2022 2217 post-

1066 2234 1098 2252 ea
1120 2224 1274 2252 intellexit.
1294 2240 1330 2244 —
1376 2227 1419 2258 35)
1438 2223 1530 2252 modi
1553 2225 1717 2263 imperativi
1733 2224 1764 2253 P.
1780 2239 1821 2245 —
1865 2221 1912 2261 36)
1935 2221 2020 2249 (jod-2

1065 2266 1233 2296 monstravi.
1259 2269 1341 2294 a‘ma.
1368 2268 1392 2295 ἓ.
1416 2265 1569 2304 producto
1593 2266 1676 2296 doce.
1701 2283 1740 2288 --
1783 2267 1828 2299 37)
1846 2265 1911 2293 Asc.
1937 2265 1982 2292 R:
2006 2260 2026 2289 Ῑ

1066 2308 1166 2338 ancli.
1183 2324 1224 2329 --
1261 2312 1308 2343 ὃὸ)
1325 2307 1496 2336 Secundam
1520 2320 1679 2347 personam
1697 2309 1763 2337 Asc.
1779 2308 1861 2336 P.—
1892 2307 1938 2344 39)
1951 2305 2018 2333 cod.

1067 2355 1224 2389 corrupte:
1249 2358 1279 2379 ui
1298 2357 1337 2377 est
1360 2349 1441 2379 dici
1464 2349 1540 2379 velis.
1557 2368 1600 2373 ·—-
1634 2352 1681 2389 40)
1698 2350 1855 2391 Siprimae
1868 2349 1938 2377 sint
1961 2348 2020 2375 avi

1062 2395 1155 2437 fient
1171 2393 1241 2422 Cod.
1273 2392 1302 2421 S.
1317 2403 1362 2430 pr.
1378 2400 1459 2430 sunt,
1483 2394 1519 2420 vi
1532 2392 1653 2434 facient
1673 2395 1738 2423 Asc.
1757 2395 1787 2421 Ρ.
1804 2407 1846 2413 —
1888 2393 1931 2421 41)
1948 2388 2015 2416 Pri-

1066 2448 1120 2467 ma
1136 2446 1266 2477 persona
1283 2435 1354 2462 Cod.
1374 2451 1412 2458 —
1447 2434 1493 2474 (Η)
1511 2435 1545 2464 δί
1560 2435 1703 2465 secundae
1716 2436 1783 2465 acui
1799 2443 1882 2461 arceo
1897 2430 1964 2458 cod.
1977 2446 2017 2450 —
