2263 2668
239 159 305 180 uu
683 136 1416 173 PRAEFATIOTOMI
1476 137 1728 171 PRlMl.

240 241 472 286 simorum,
508 247 694 289 quorum
723 230 905 273 nomina
934 229 981 269 in
1011 230 1284 286 praefatione
1318 231 1375 272 ad
1404 229 1599 272 Tomum
1629 230 1874 272 secundum
1907 246 2174 289 expromen-

241 317 321 348 tur.
390 304 533 358 Atque
563 302 624 342 ita
653 301 739 341 hoc
773 311 900 340 omne
932 294 1336 339 Grammaticorum
1363 297 1623 339 Latinorum
1653 305 1849 339 veterum
1880 313 2039 355 corpus
2071 300 2174 341 satis

244 375 373 430 digne
406 377 668 411 exornatum
698 363 907 424 prodibit,
963 364 1087 406 cuius
1117 365 1184 405 rei
1216 379 1267 406 ea
1297 378 1420 422 pars,
1479 378 1592 419 quae
1623 366 1793 406 externi
1824 374 1886 406 est
1916 366 2174 422 splendoris,

245 441 303 482 ad
333 437 593 494 bibliopolas
626 434 829 491 pertinet,
869 432 1028 487 quibus
1059 432 1244 488 gratiam
1272 431 1490 487 insignem
1522 431 1682 473 debent
1712 432 1796 473 viri
1822 432 1957 484 docti,
1990 433 2066 489 qui
2089 433 2175 474 hac

245 517 393 549 nostra
433 517 567 561 opera
605 511 705 543 sunt
739 499 872 541 usuri.
943 499 1016 541 Ad
1051 499 1246 541 internas
1279 507 1427 540 autem
1459 499 1606 556 copias
1639 499 1756 554 quod
1788 499 1959 548 attinet,
2011 500 2178 555 aliquot

246 582 347 616 sunt
380 570 689 620 Grammatici‚
740 568 787 608 in
817 567 979 623 quibus
1010 566 1138 608 nobis
1170 567 1367 608 nondum
1398 574 1638 624 suppetunt
1669 566 1854 619 auxilia,
1906 567 1955 607 in
1987 581 2177 623 quorum

247 653 430 683 numero
470 635 849 679 vehementissime
890 634 1091 675 desidero
1129 633 1265 675 libros
1302 647 1441 675 manu
1477 633 1660 690 scriptos
1692 633 1847 674 Attila*
1876 634 2178 675 Fortunatiani

248 717 379 763 atque
410 706 556 748 Plotii.
627 702 723 756 Oua
761 702 814 744 de
854 715 1012 743 caussa
1041 701 1371 743 humanissimis
1402 700 1608 759 precibus
1641 709 1784 742 oratos
1814 700 1948 741 velim
1977 700 2178 742 homines

249 776 419 825 doctos,
450 772 735 831 inprimisque
766 769 1139 811 bibliothecarum
1169 770 1434 826 praefectos,
1465 776 1513 809 ut
1545 767 1905 825 circumspiciant
1936 767 2179 825 diligenter,

251 857 302 884 ac
335 842 373 883 si
413 840 520 896 quid
560 839 615 881 ad
650 839 731 880 hos
771 837 968 892 aliosque
1003 835 1325 878 Grammaticos
1366 835 1634 886 invenerint,
1695 835 1815 890 quod
1854 835 2045 876 salutare
2085 849 2178 876 esse

250 908 405 966 possit,
437 907 484 948 id
509 920 684 949 mecum
710 904 1061 955 communicent,
1094 917 1361 961 operamque
1392 903 1506 945 mihi
1535 916 1662 944 suam
1691 902 1930 943 liberaliter
1956 911 2179 960 praestare

252 991 305 1017 ne
338 975 585 1017 detrectent.
649 972 814 1030 Scripsi
844 972 890 1013 in
922 970 1164 1028 Gymnasio
1196 970 1447 1013 Zittaviensi
1481 968 1572 1013 Cal.
1598 968 1704 1011 Mai.
1734 968 2050 1012 clolocccxxm.
