2263 2668
224 190 298 224 394
648 184 992 220 COMMENTARII
1016 185 1065 218 IN
1090 184 1233 220 PAULI
1259 188 1453 223 DIACONI
1480 189 1735 223 EXCERPTA

386 275 675 310 Commetacula.
729 275 978 307 Commentaculu.
1020 276 1129 307 Verior
1155 279 1244 310 lectio
1274 281 1489 311 nonnullorum
1521 292 1699 311 excusorum
1729 287 1758 311 et
1787 282 1982 322 scriptorum,
2021 287 2071 325 qui
2101 297 2163 316 non

222 320 450 355 commentacula
476 319 598 357 habent,
636 319 688 349 sed
716 318 943 349 commotacula.
987 320 1060 349 Nam
1090 321 1218 352 viatores
1248 324 1360 362 virgam
1388 324 1563 363 frequenter
1592 324 1799 354 commutando
1826 326 1942 355 turbam
1965 335 2162 360 summovent.

223 367 306 395 Unde
328 371 356 394 et
378 362 457 402 apud
480 361 640 391 Homerum
662 363 767 391 ultimo
791 363 942 402 Odysseae
964 363 1092 400 (XXIV,
1116 365 1146 396 5.
1167 365 1233 394 ubi:
1260 369 1301 409 Τῇ
1323 365 1354 405 ῥ’
1378 365 1433 408 ἄγε
1455 365 1581 406 κινήσας
1600 380 1626 399 κ.
1643 380 1667 399 τ.
1685 367 1736 407 λ.);
1759 364 1811 409 ἥγε
1834 367 1865 399 δὲ
1887 366 2020 409 κινήσας.
2051 373 2162 412 Loqui-

221 414 270 438 tur
293 408 329 437 de
349 407 433 443 virga
456 405 604 434 Mercurii.
648 405 797 435 Iuvenalis
820 407 891 443 (Sat.
908 405 965 443 III,
988 406 1092 443 317.):

833 447 913 488 Ergo
937 455 1084 478 commota
1106 449 1278 480 iamdudum
1301 449 1393 481 mulio
1416 451 1499 491 virga

835 489 947 520 Innuit.

219 531 317 562 Scal.
363 531 445 560 Adde
467 532 545 561 infra
570 530 724 562 Callicula.
772 531 877 562 Goth.

381 573 496 603 Casta
518 573 629 603 mola.
670 572 776 616 ‘Ayvdv
798 578 889 615 θῦμα.
935 575 1010 605 Vide
1032 574 1118 608 mola.
1164 576 1254 608 Dac.

383 615 560 656 Culigna.
604 617 699 655 Lego:
735 617 830 655 Quam
855 617 902 647 illi
925 617 1026 648 dicunt
1047 620 1198 659 κυλίχνην.
1223 618 1318 649 Scal.
1360 619 1418 649 Vas
1435 621 1592 650 vinarium.
1635 621 1771 650 Glossar:
1806 619 1930 662 Culigna
1946 625 2053 659 σκεῦος
2068 623 2161 654 οἴνου.

218 660 290 688 Cato
313 669 378 698 cap.
393 661 480 691 132:
506 657 571 688 Iovi
593 659 708 699 Dapali
732 659 885 700 Gulignam
909 662 985 698 vini,
1009 663 1210 702 quantumvis,
1230 661 1387 702 polluceto.
1431 663 1522 692 Dae.

382 701 518 730 Cincta
539 701 772 732 Flaminica.
816 704 992 732 Flaminicas
1021 705 1078 733 nisi
1107 706 1216 734 velatas
1246 705 1327 734 nefas
1358 710 1421 734 erat
1448 706 1592 745 conspici.
1638 707 1737 742 Quare
1763 706 1880 735 assidue
1901 706 2038 736 ssameum
2062 712 2163 745 gesta-

216 744 296 772 bant.
335 743 407 772 Vide
429 743 560 775 Flameo.
602 745 704 774 Cincta
727 746 817 783 igitur
838 747 1016 784 Flaminica,
1045 757 1120 786 quae
1143 753 1235 787 caput
1258 748 1431 786 cingebatur
1453 749 1577 786 Ilameo,
1607 749 1687 788 quod
1707 749 1846 778 flameum
1869 749 1918 778 hic
1939 756 2041 779 vestem
2063 754 2161 787 vocat,

216 792 249 815 ut
271 786 347 814 infra
369 786 526 825 inflameo
549 788 754 816 vestimentum.
777 789 863 818 Dac.
911 788 1012 827 V‘esteg
1041 790 1102 828 lege
1124 789 1236 819 Vestae.
1284 789 1389 819 Goth..

379 826 450 867 Gap
461 828 568 857 ralia.
615 829 747 869 caprilia
769 836 837 860 ante
860 831 971 861 urbem.
996 831 1082 861 Dac.
1126 832 1173 861 Ad
1196 833 1308 872 Caprae
1330 833 1464 872 paludes.
1505 833 1577 862 Vide
1597 834 1712 862 Livium
1728 834 1759 870 Ι,
1785 833 1879 871 (16.)‚
1913 833 2108 863 Plutarchum
2130 835 2162 863 in

217 871 341 898 Romulo
364 871 401 905 (c.
415 873 465 901 27.
479 871 560 910 seq).
609 870 712 902 Goth.

379 911 567 954 Canifera.
614 912 793 953 Canephora.
840 916 952 945 Graece
975 914 1154 954 Κανηφόροι
1179 917 1323 955 virgines,
1353 928 1429 957 quae
1451 918 1480 946 in
1505 917 1717 948 Panathenaeis
1740 918 1843 947 aliisve
1866 917 1946 946 sestis
1969 928 2041 947 cana
2065 919 2163 958 capite

216 955 364 992 ferebant,
388 960 422 984 ut
445 955 572 992 Palladi,
595 956 709 993 Cereri,
733 957 868 996 Baccho,
892 960 1002 988 Dianae
1026 960 1122 988 etiam.
1166 959 1256 989 Dae.

379 996 639 1027 Conauditum.
685 998 877 1038 coauctam,
917 1002 999 1041 quod
1028 1002 1226 1041 undequaque
1257 1002 1391 1031 auditum
1423 1007 1485 1037 est,
1525 1008 1555 1032 et
1583 1010 1821 1042 coangustatum,
1861 1002 1942 1040 quod
1964 1002 2161 1041 undequaque

217 1044 382 1078 angustum.
407 1040 492 1069 Duc.
540 1039 802 1081 Conaugustatum,
834 1043 1070 1084 conaugulatum.
1115 1045 1163 1073 Sic
1187 1044 1376 1073 conadunare
1398 1049 1586 1086 συναγαγεῖν.
1637 1045 1741 1075 Goth.

380 1081 511 1112 Corda.
556 1084 621 1112 Non
644 1084 680 1112 de
702 1085 812 1123 plantis
833 1091 962 1121 tantum,
988 1088 1039 1116 sed
1065 1092 1093 1116 et
1116 1087 1151 1115 de
1174 1087 1348 1116 animalibus
1373 1087 1484 1117 dicitur
1506 1087 1621 1119 eortius.
1666 1088 1760 1117 Varro
1783 1087 1833 1115 lib.
1846 1087 1881 1116 Π.
1904 1087 1940 1115 de
1961 1088 1996 1117 R.
2018 1088 2052 1116 R.
2075 1098 2100 1116 c.
2116 1091 2160 1118 1.;

213 1123 360 1153 Dicuntur
380 1126 452 1164 ogni
474 1124 572 1162 cordi,
608 1127 659 1166 qui
678 1135 745 1166 post
768 1135 877 1168 tempus
898 1137 1059 1159 nascuntur
1080 1141 1118 1159 ac
1139 1137 1335 1158 remanserunt
1357 1131 1387 1159 in
1409 1130 1501 1160 volvis
1524 1132 1652 1169 intimis‚·
1687 1137 1792 1160 vocant
1814 1131 1931 1169 χορίον,
1962 1140 1980 1157 a
1997 1141 2055 1170 quo
2078 1128 2162 1158 cordi

213 1165 373 1205 appellati;
397 1167 448 1195 ubi
472 1179 488 1196 a
510 1170 628 1208 χορίον,
654 1170 733 1207 quod
757 1176 802 1199 est
823 1172 991 1200 membrana
1014 1173 1126 1209 foetus,
1151 1172 1298 1201 chordam
1322 1173 1380 1201 dici
1405 1179 1502 1212 putat:
1533 1174 1585 1202 sed
1608 1174 1712 1202 melius
1736 1172 1908 1208 martinius,
1935 1172 1986 1211 qui
2008 1183 2024 1200 a
2047 1172 2161 1201 Graeco

211 1209 360 1248 κορίδιος,
382 1209 529 1247 iuvenilis,
553 1211 599 1239 vel
622 1211 658 1239 ab
682 1210 753 1250 ὅρος
775 1215 1032 1254 terminus‚finis‚
1055 1215 1122 1252 vel,
1146 1220 1179 1243 ut
1203 1215 1322 1253 quidam
1346 1216 1451 1245 volunt
1474 1227 1489 1244 a
1512 1213 1632 1257 χόρτος,
1656 1215 1753 1246 herba.
1781 1215 1957 1243 Hominibus
1981 1215 2068 1243 etiam
2093 1225 2160 1243 sero

213 1252 289 1280 natis
312 1252 342 1279 id
365 1262 474 1280 nomen
496 1253 651 1282 tributum.
686 1255 730 1284 Ita
751 1255 860 1285 Cordus
885 1257 1050 1286 Cremutius.
1083 1257 1155 1286 Vide
1180 1258 1255 1287 Plin.
1279 1258 1377 1297 (VIII,
1402 1258 1459 1295 47,
1483 1258 1560 1299 72).
1603 1259 1691 1289 Dac.

377 1294 577 1324 Consentia
601 1307 722 1327 sacra.
766 1299 859 1327 Erant
881 1300 1034 1337 gemilium
1057 1300 1134 1329 inter
1157 1310 1187 1328 se
1212 1300 1365 1329 Consentia
1388 1312 1475 1330 sacra
1498 1307 1526 1330 et
1543 1302 1694 1330 Consentes
1716 1301 1784 1337 Dii,
1807 1305 1839 1328 ut
1858 1299 2080 1335 Corneliorum,
2106 1299 2161 1327 Va-

213 1335 356 1364 leriorum
379 1342 433 1366 etc.
458 1336 556 1368 Scal.
590 1339 648 1367 Pro
670 1344 731 1369 tota
755 1346 840 1379 gente
862 1341 986 1380 fiebant,
1010 1343 1215 1371 consentiente
1238 1343 1409 1380 gentilitate.
1432 1344 1522 1373 Duc.
1555 1344 1588 1371 Di
1607 1342 1760 1372 Consentes
1783 1342 1902 1381 proprie
1924 1346 2011 1380 sunt,
2035 1341 2085 1380 qui
2102 1353 2160 1370 una.

210 1385 290 1415 sunt,
320 1377 350 1407 h.
371 1389 396 1408 e.
419 1384 472 1408 aut
494 1380 546 1419 qui
567 1381 598 1410 in
621 1392 680 1411 uno
705 1384 831 1412 concilio
855 1390 941 1421 sunt,
980 1386 1064 1423 quasi
1086 1386 1244 1414 assidentes
1267 1395 1342 1420 una,
1381 1391 1432 1414 aut
1460 1387 1512 1424 qui
1543 1396 1711 1414 communes
1734 1390 1803 1414 sunt
1824 1386 1966 1424 plurium.
2011 1385 2160 1413 Dicuntur

212 1424 308 1450 autem
331 1425 365 1450 ut
387 1420 532 1460 absentes,
553 1433 730 1463 praesentes,
759 1437 774 1455 a
798 1427 959 1466 participio
982 1439 1045 1463 ens,
1072 1429 1134 1458 sive
1157 1440 1235 1465 sens,
1260 1427 1342 1466 quod
1365 1439 1379 1456 a
1402 1438 1432 1458 v.
1455 1440 1535 1465 sum,
1558 1433 1591 1457 ut
1614 1433 1724 1457 notum.

377 1471 520 1502 Culina.
564 1475 653 1505 Poeta
676 1477 892 1507 innominatus:

788 1520 888 1560 Neque
908 1521 938 1549 in
963 1519 1090 1550 culinam
1114 1529 1140 1549 et
1162 1529 1251 1550 uncta
1273 1520 1446 1560 compitalia

830 1563 983 1603 Dapesque
1006 1562 1090 1591 ducis·
1111 1562 1257 1593 sordidas.

212 1596 350 1638 Εὕστρας
372 1610 420 1628 eas
442 1601 543 1629 vocari
564 1601 740 1631 iamdudum
764 1606 941 1634 monuimus.
988 1605 1138 1643 Significat
1161 1610 1189 1634 et
1213 1605 1311 1634 culina
1334 1602 1387 1635 τὸν
1407 1603 1579 1644 ἇφρεδῶνα.
1617 1606 1818 1634 Glossarium:
1848 1602 1968 1641 culina,
1997 1600 2158 1638 ἀπόπατος.

210 1640 297 1669 Item:
329 1641 483 1671 conclavis
505 1651 531 1672 et
555 1643 655 1673 culina
677 1643 821 1685 ἇφεὸρών
843 1645 1006 1683 ἀπόπατος.
1047 1648 1169 1677 Glossae
1194 1647 1315 1676 Isidori:
1356 1645 1479 1684 Cutina,
1511 1647 1637 1685 latrina,
1666 1659 1813 1677 secessum.
1854 1647 2008 1675 Petronius
2034 1643 2159 1684 (c.2.):

214 1681 271 1719 Qui
292 1685 365 1712 inter
384 1684 456 1714 haec
478 1686 661 1724 nutriuntur,
694 1699 752 1717 non
774 1691 868 1728 magis
890 1701 990 1729 sapere
1009 1697 1147 1728 possunt,
1183 1701 1272 1730 quam
1296 1689 1363 1718 bene
1386 1689 1474 1726 olere,
1504 1691 1555 1730 qui
1576 1692 1606 1720 in
1630 1689 1730 1719 culina
1753 1689 1896 1719 habitant.
1922 1687 2021 1718 Scal.
2065 1690 2159 1725 Agge-

213 1734 266 1752 nus
289 1727 414 1755 Urbicus
437 1727 474 1755 de
497 1738 635 1765 agrorum
660 1732 890 1761 controversiis:
917 1731 1039 1761 culinae
1060 1739 1204 1761 vocantur
1225 1734 1256 1761 in
1278 1731 1424 1761 suburbiis
1446 1731 1514 1762 loca
1535 1734 1654 1772 inopum
1667 1732 1829 1774 funeribus
1853 1731 2006 1762 destinata.
2042 1731 2079 1760 Et
2100 1729 2159 1758 hoc

213 1776 298 1796 sensu
320 1769 425 1807 legitur
448 1770 476 1798 in
500 1771 668 1801 Catalectis:

786 1815 886 1855 ZVeque
907 1818 937 1845 in
960 1816 1089 1847 culinam
1113 1824 1138 1845 et
1161 1824 1250 1846 uncta
1272 1815 1445 1856 compitalia

830 1858 984 1900 Dapcsque
1007 1859 1089 1888 ducis
1111 1858 1257 1889 sordidas.

218 1897 276 1927 Has
298 1903 409 1933 culinas
433 1907 647 1947 Aristophanes
670 1905 794 1949 εὕστραις
815 1911 934 1938 vocavit
955 1911 983 1938 in
1008 1911 1107 1949 Equit.
1132 1912 1173 1948 (v.
1188 1912 1279 1941 1241.
1304 1920 1355 1938 seu
1377 1910 1541 1950 v.1236.):

784 1956 835 1990 Ἐν
858 1965 956 1992 ταῖσιν
980 1960 1116 2000 εὕστραις
1138 1960 1296 1996 κονδύλοις
1318 1957 1516 2000 ἡρμοττόμην.

217 1999 303 2036 Apud
319 2002 484 2035 Petronium
508 2007 607 2038 culina
630 2013 676 2038 est
696 2010 839 2049 coquina,
864 2012 945 2050 quod
968 2017 995 2040 et
1019 2013 1140 2041 doctiss.
1155 2011 1365 2042 Bourdelotius
1390 2012 1474 2040 vidit.
1504 2012 1616 2049 Nempe
1640 2022 1676 2040 ex
1698 2013 1862 2041 imitatione
1874 2011 2010 2041 Plautina
2030 2011 2059 2039 in
2076 2010 2154 2038 Mos-

216 2042 277 2071 tefl·
300 2042 376 2079 (Ε-’Βὶ
397 2058 411 2073 ε
433 2048 529 2078 culina
554 2057 610 2081 cet.
628 2052 658 2088 l,
683 2055 716 2088 l,
741 2051 793 2091 1.).
814 2053 905 2083 Dae.
938 2055 1011 2083 Vide
1027 2056 1155 2084 Nonium
1179 2056 1221 2093 (p.
1235 2055 1287 2087 55.
1311 2055 1400 2083 Mero.
1423 2054 1473 2083 ubi
1497 2054 1595 2083 editur
1618 2064 1696 2083 nunc
1716 2054 1833 2092 Colina)
1856 2055 1886 2083 in
1906 2052 2018 2083 Culina.
2046 2051 2153 2082 Goth„

382 2094 528 2139 ςαῖραν.
572 2102 773 2131 Glossarium:
797 2102 921 2141 Calcar,
945 2106 1053 2136 θυσίαι,
1075 2102 1218 2145 ἀπαρχῶν
1241 2106 1336 2135 οἴνου.
1384 2105 1472 2133 Vides
1494 2105 1648 2143 legendum
1672 2116 1749 2142 esse,
1776 2110 1808 2134 ut
1828 2105 1879 2133 hic
1902 2103 2022 2144 Calpur.
2064 2105 2151 2133 Item:

218 2132 342 2183 Gflll'flss
365 2140 448 2172 Οῑνῠς
470 2138 501 2168 ἕν
519 2145 620 2184 θυσίᾳ.
650 2144 723 2173 Vide
736 2145 900 2175 Arnobium
925 2148 998 2182 (Vll.
1023 2159 1050 2187 p.
1066 2151 1136 2180 236.
1161 2148 1206 2177 ed.
1221 2147 1370 2186 Elmenh.)
1395 2153 1422 2176 et
1446 2148 1642 2176 Coniectanea
1665 2153 1763 2177 nostra
1789 2147 1829 2188 (p.
1842 2146 1918 2187 75.).
1940 2147 2085 2176 Graecum
2108 2151 2152 2174 est

215 2186 232 2204 a
255 2180 370 2215 καλπη,
405 2184 440 2208 ut
462 2181 496 2208 ab
519 2184 583 2211 aula
606 2185 700 2215 aular.
745 2188 818 2216 Nam
849 2188 955 2229 culpat·
976 2201 1036 2218 non
1058 2192 1161 2218 vinum
1184 2191 1305 2229 proprie
1327 2196 1385 2227 est,
1423 2191 1473 2219 sed
1496 2201 1550 2219 vas
1572 2191 1670 2229 ipsum
1691 2190 1764 2218 vini.
1808 2191 1904 2219 Varro
1925 2189 2005 2229 apud
2026 2189 2150 2218 Nonium

215 2219 377 2257 (pag-546·
401 2221 511 2261 Mete)-
536 2224 635 2256 Scal.
679 2228 772 2257 Varro
796 2231 877 2261 lib.i.
901 2232 938 2260 de
961 2233 1021 2261 vita
1044 2243 1113 2272 pop.
1139 2234 1208 2262 Ro.=
1239 2232 1327 2271 Quod
1348 2241 1504 2273 antequam
1528 2232 1603 2262 clolii
1624 2244 1727 2262 nomen
1745 2231 1895 2272 prolatum
1918 2239 2003 2268 esset,
2032 2243 2097 2261 cum
2119 2229 2151 2259 id

213 2271 303 2299 genus
317 2273 451 2292 vasorum
468 2264 574 2305 culpor
588 2266 741 2306 diceretur,
765 2271 798 2299 id
819 2274 917 2302 vinum
940 2274 1044 2314 calpar
1066 2274 1254 2315 appellatum.
1290 2276 1395 2314 Calpur
1417 2281 1513 2304 autem
1536 2276 1601 2304 Iovi
1622 2275 1754 2304 libabant
1777 2275 1856 2304 sesu's
1870 2275 2032 2310 vinalibm,
2048 2273 2147 2312 ¹prius-

217 2312 304 2340 quam
325 2311 487 2352 'gustarenh
533 2309 653 2347 Quippe
676 2312 704 2338 ni
726 2312 766 2339 iia
789 2314 941 2353 fecissent,
970 2318 1119 2355 reliquum
1145 2328 1232 2346 omne
1251 2318 1354 2346 vinum
1376 2329 1491 2347 sacrum
1515 2318 1604 2346 fiebat
1626 2323 1655 2346 et
1676 2318 1777 2346 usibus
1800 2317 1936 2347 humanis
1959 2315 2146 2355 eripiebatur,

217 2350 250 2373 ut
271 2350 379 2394 ⁰Pt¹f¹¹e
401 2350 516 2378 '’¹⁰5⁰st
536 2351 666 2388 scaliger
686 2352 715 2379 i¹¹
740 2354 940 2386 Coniectaneis
963 2359 1000 2387 ad
1024 2360 1149 2389 vorren.
1192 2361 1295 2398 Itaque
1319 2371 1384 2389 rum
1409 2362 1510 2399 calpar
1533 2361 1681 2396 libabant,
1712 2361 1850 2389 infel-ium
1873 2360 2036 2394 vocabant,
2067 2357 2145 2395 quod

216 2387 312 2416 solum
334 2390 493 2420 inferretur
520 2391 567 2421 his
596 2393 708 2422 verbis:
744 2394 900 2427 MAGTE
929 2400 1073 2430 HOCCE
1102 2402 1215 2431 VINO
1239 2402 1419 2432 INFERIO
1445 2402 1566 2432 ESTO.
1610 2404 1647 2432 Et
1670 2403 1729 2431 hoc
1754 2403 1912 2441 praecipue
1935 2400 2088 2430 dicebatur
2110 2398 2146 2427 de

217 2430 288 2459 vino
310 2431 417 2461 diffuso
439 2439 468 2462 et
490 2434 613 2471 doliari3
642 2445 709 2464 uam
732 2437 843 2475 alioqui
866 2441 901 2469 de
923 2443 1025 2471 eodem
1048 2449 1145 2473 musto
1167 2445 1316 2482 libabant,
1347 2447 1398 2476 sed
1422 2446 1452 2474 id
1475 2446 1603 2475 sam-ima
1627 2445 1805 2481 vocabatur,
1833 2449 2024 2482 posteaquam
2045 2441 2144 2480 pollu-
