2263 2668
231 200 307 236 45⁰
654 196 1001 233 COMMENTARII
1024 196 1073 230 IN
1097 196 1241 232 PAULI
1266 198 1462 234 mACONI
1487 199 1742 234 EXCERPTA

232 300 266 325 ut
287 294 457 328 Tumebus‚
485 291 520 320 ab
544 288 613 325 ὅλος
634 295 716 319 totus
738 295 767 319 et
790 289 971 328 φαίνεσθαι,
1003 289 1087 327 quasi
1112 290 1164 328 qui
1184 291 1223 320 sit
1246 294 1324 320 totus
1347 292 1376 320 in
1400 293 1608 322 ostentatione.
1651 292 1758 322 Mirum
1780 292 1810 321 in
1834 293 1925 322 tantis
1947 294 2026 325 viris.
2070 296 2168 326 Halo-

232 337 360 377 phantae
383 336 401 363 ii
424 333 612 368 dicebantur,
645 333 694 370 qui
718 343 785 367 eos,
821 331 900 370 apud
924 341 997 369 quos
1020 332 1064 360 sal
1086 333 1235 371 privatum
1259 339 1363 362 contra
1386 334 1463 372 leges
1485 341 1634 374 repertum
1658 336 1770 373 suerat,
1803 335 1988 373 deferebant,
2020 343 2054 367 ut
2075 349 2169 378 syco-

231 379 376 419 phantae,
403 377 449 414 qui
473 385 539 409 eos,
568 375 648 412 apud
672 385 746 413 quos
770 374 852 403 ficus.
896 373 970 402 Nam
992 374 1074 412 quod
1095 374 1242 415 hodieque
1263 377 1342 415 apud
1366 386 1421 404 nos
1444 376 1506 406 fieri
1529 378 1680 415 videmus,
1710 383 1744 407 ut
1767 379 1875 407 nemini
1899 389 1914 407 e
1937 379 2026 408 certis
2050 382 2170 419 quibus-

232 423 299 451 dam
322 420 394 449 locis
417 420 446 447 in
469 418 527 446 alia
550 418 592 445 sai
616 417 731 446 auferre
752 418 869 446 licitum
891 416 944 452 sit,
973 416 1007 445 id
1029 417 1102 447 olim
1123 423 1152 448 et
1176 419 1255 458 apud
1279 420 1409 448 Graecos
1432 419 1624 450 observatum
1646 420 1738 450 fuisse
1760 421 1808 450 vel
1832 421 1936 450 unicus
1962 422 2168 461 Aristophanis

232 464 315 492 locus
339 461 426 490 fidem
449 460 539 490 saciet
562 470 599 490 ox
621 459 809 493 Acharn.11,
831 461 862 491 5,
884 457 1041 498 (v-517.):

630 509 632 511 ·
797 497 877 531 Ἀλλ’
900 498 1048 541 ἀνδράρια
1070 501 1208 542 μοχθηρὰ
1230 502 1478 542 παρακεκομμένα

794 542 902 583 ’Ἀτιμα
924 544 974 574 καὶ
997 542 1163 584 παράσημα
1184 547 1233 577 καὶ
1255 544 1410 585 παράξενα

798 584 1015 624 Ἑσυκοφᾶντει
1038 588 1206 628 Μεγαρέων
1227 587 1261 618 τὰ
1283 588 1438 628 χλανίσκια

806 630 919 660 Κεῖπου
943 629 1048 660 σίκυον
1070 630 1179 669 ἴδοιεν,
1217 629 1238 670 ἢ
1259 630 1409 672 λαγῴδιον

795 669 838 702 ’Ἡ
856 672 1017 711 χοιρίδιον,
1042 669 1064 711 ἢ
1085 671 1245 713 σκόροδον,
1276 671 1296 712 ἢ
1319 670 1466 713 χόνδρους
1488 670 1560 710 ἆλός

230 756 260 785 D
807 711 898 745 Ταῦτ’
922 709 962 753 ἧν
986 713 1163 756 Μεγαρικοὶ,
1198 712 1364 756 κάπέπρατ’
1388 713 1574 756 αὐθημέρον.

268 766 319 786 ac.

394 796 589 828 Habitior.
633 798 765 837 Respicit
787 799 888 827 locum
911 799 1028 829 Terent.
1050 800 1125 830 Eun.
1143 801 1187 837 11,
1209 803 1238 832 3.
1264 799 1360 840 (34.):

641 840 676 870 Si
698 853 756 881 qua
778 849 818 871 est
841 840 970 871 habitior
987 841 1096 882 paulo,
1124 841 1252 883 pugilem
1275 855 1334 872 esse
1355 844 1456 882 aiunt,
1486 842 1633 873 deducunt
1655 842 1761 874 cibum.

232 882 285 911 Da
296 893 319 911 c.

394 922 582 953 Hostiliis
605 923 767 955 laribus.
810 926 950 964 Singulae
972 926 1094 963 domus,
1125 927 1213 955 urbes
1237 927 1384 966 singulae,
1415 928 1480 956 viae
1503 927 1592 957 etiam
1615 938 1683 956 suos
1706 928 1781 956 lares
1805 926 1967 964 habebant,
1998 927 2049 966 qui
2072 927 2171 965 viales,

230 965 402 1003 domestici,
431 966 537 995 urbani
560 967 630 996 dicti
654 973 729 996 sunt.
776 968 932 997 Domestici
956 969 1073 1007 quidem
1098 970 1167 998 satis
1191 969 1262 998 noti.
1307 970 1404 999 Viales
1427 970 1529 1000 laudat
1551 971 1647 1000 Plaut.
1671 970 1760 999 Mero.
1778 970 1820 1007 V,
1841 972 1871 1001 2,
1896 971 1987 1008 (24.):

725 1009 788 1039 Vos
810 1009 886 1040 lares
907 1009 996 1040 viales
1018 1019 1050 1040 ut
1070 1023 1114 1041 me
1136 1010 1204 1040 bene
1225 1012 1336 1042 iuvetis.

232 1050 272 1078 De
296 1050 415 1079 urbanis
440 1051 526 1080 Ovid.
544 1052 578 1081 V.
600 1053 676 1081 Fast.
700 1053 810 1090 (135.):

721 1094 810 1124 Stant
832 1106 944 1136 quoque
963 1107 1018 1136 pro
1041 1094 1124 1124 nobis
1146 1103 1172 1124 et
1191 1103 1332 1135 praesunt
1354 1095 1504 1126 moenibus
1527 1095 1607 1126 urbis

766 1137 802 1166 Et
824 1145 889 1166 sunt
910 1146 1071 1177 praesentes
1094 1136 1299 1179 auxiliumque
1310 1138 1425 1180 ferunt.

232 1177 343 1206 Urbani
366 1177 454 1206 iidem
478 1183 507 1206 et
528 1177 639 1208 hostilii
662 1179 751 1212 dicti,
775 1180 856 1218 quod
878 1180 913 1208 ab
936 1181 1027 1216 urbe,
1051 1190 1137 1218 quam
1160 1181 1371 1219 protegebant,
1398 1181 1496 1210 hostes
1519 1185 1749 1210 summoverent.
1791 1180 1924 1220 Propert.
1948 1181 2029 1220 Eleg.
2044 1181 2102 1219 III,
2124 1184 2186 1214 2.:‘

232 1260 262 1289 D
722 1221 978 1263 Hannibalemque
999 1222 1076 1265 lares
1097 1222 1238 1252 Romana
1259 1222 1325 1252 sede
1338 1222 1495 1265 fugantes.

269 1272 320 1291 ac.

395 1301 546 1333 Hallus.
594 1305 668 1334 Vide
690 1305 798 1335 Allex.
819 1307 907 1337 Ant.
927 1306 1019 1347 Aug.
1060 1304 1096 1338 ‘0
1115 1305 1211 1343 ποδὸς
1230 1307 1319 1348 με’γας
1340 1304 1492 1343 δᾶκτυλος.
1526 1308 1659 1336 Glossae.
1704 1305 1805 1336 Scal.

396 1344 563 1376 Hammo.
607 1346 718 1377 Hamo.
756 1349 879 1378 Mutilus
903 1359 964 1378 esse
987 1350 1105 1379 xidetur
1126 1349 1175 1378 ln'c
1198 1350 1299 1387 locus,
1323 1353 1372 1388 qui
1396 1351 1497 1378 forsan
1518 1349 1559 1378 ita
1582 1350 1768 1388 supplendus
1790 1349 1842 1377 sit:
1869 1347 2002 1378 Hammo
2024 1351 2173 1389 cognomi-

232 1394 318 1416 natus
340 1394 380 1415 est
405 1386 530 1427 Iupiter,
560 1390 637 1429 quia.
684 1391 758 1420 Nam
780 1392 815 1420 de
838 1391 908 1420 Iove
931 1391 980 1420 hic
1004 1393 1117 1429 agitur,
1149 1402 1253 1430 quem,
1285 1402 1352 1420 cum
1377 1392 1481 1421 Libero
1506 1393 1582 1430 patri
1607 1402 1660 1430 per
1683 1391 1790 1429 Libyae
1813 1391 1928 1419 deserta
1951 1392 2007 1420 iter
2029 1402 2096 1421 cum
2119 1402 2172 1421 ex-

233 1430 326 1458 ercitu
343 1430 463 1458 facienti
478 1431 584 1470 sitique
602 1432 702 1469 arido,
725 1433 825 1462 arietis
848 1434 973 1463 formam
996 1434 1117 1463 indutus
1141 1435 1251 1462 fontem
1275 1435 1350 1473 pede
1373 1435 1421 1464 vel
1444 1444 1537 1463 cornu
1560 1433 1697 1462 effossum
1720 1431 1893 1469 ostenderit,
1915 1433 1951 1461 ab
1973 1444 2073 1471 arena,
2096 1444 2173 1472 quae

234 1472 344 1501 Graece
368 1469 465 1510 ἅμμος
488 1474 618 1510 dicitur,
652 1474 804 1504 hamonem
833 1477 1072 1514 cognominatum
1103 1482 1133 1505 et
1162 1477 1216 1505 sub
1246 1477 1377 1506 eiusdem
1400 1478 1499 1506 arietis
1521 1487 1646 1516 persona
1668 1475 1780 1504 cultum
1806 1475 1897 1503 fuisse
1919 1480 2026 1514 poetae
2047 1475 2173 1505 fabulati

232 1519 316 1551 sunt,
349 1515 427 1543 unde
453 1516 572 1545 Graecis
595 1515 838 1555 κριοπρόσωπος,
875 1520 1028 1547 arietinum
1052 1526 1155 1558 caput,
1194 1520 1304 1547 Latinis
1329 1520 1468 1559 corniger.
1514 1518 1570 1548 Sed
1599 1528 1704 1547 verum
1734 1522 1776 1546 est
1796 1517 1914 1546 hammo
1937 1528 1995 1546 non
2018 1529 2033 1547 a
2057 1519 2173 1548 Graeco

232 1555 328 1596 ἅμμος
349 1568 452 1594 arena,
484 1559 534 1587 sed
558 1559 593 1587 ab
617 1560 799 1599 Aegyptiace
822 1557 933 1599 ἆμοῦς,
970 1566 1003 1590 ut
1025 1561 1195 1590 Herodotus
1218 1566 1247 1589 et
1269 1560 1439 1590 Eustathius
1463 1561 1541 1600 apud
1567 1561 1686 1599 Dionys
1705 1559 1838 1591 tradunt.
1884 1560 1976 1588 Docet
1998 1565 2096 1590 autem
2119 1561 2174 1590 do-

234 1601 380 1629 ctissimus
404 1599 567 1631 Bochartus
591 1601 692 1630 Iovem
715 1612 776 1631 esse
800 1601 883 1631 clzam
907 1604 970 1631 sive
993 1602 1060 1632 ham
1084 1603 1178 1631 filium
1203 1604 1301 1640 Noae,
1340 1603 1392 1642 qui
1421 1604 1452 1631 in
1483 1603 1596 1632 steriles
1623 1603 1739 1631 Africae
1762 1611 1866 1631 arenas
1888 1601 2035 1640 ablegatus
2056 1603 2097 1633 ibi
2142 1614 2172 1632 er

233 1643 324 1671 multa
347 1643 445 1671 secula
470 1644 567 1672 cultus
591 1649 634 1672 est
656 1644 709 1672 sub
732 1644 852 1673 nomine
873 1644 954 1673 Iovis
976 1643 1044 1674 liam
1068 1655 1120 1674 seu
1142 1644 1315 1675 hammonis.
1359 1645 1496 1685 Aegyptii
1524 1645 1641 1674 mollito
1671 1654 1745 1673 sono
1773 1644 1879 1673 densae
1907 1644 2090 1683 aspirationis
2115 1658 2172 1687 αμ-

234 1688 307 1722 μοῦν
331 1686 378 1714 vel
401 1682 500 1724 ἀμοῦν
522 1686 678 1722 dicebant,
715 1691 744 1715 et
766 1687 802 1716 ab
826 1697 861 1716 eo
884 1691 945 1716 tota
969 1687 1069 1716 Africa
1095 1687 1247 1717 Ammonia
1277 1687 1347 1717 olim
1371 1688 1534 1728 appellata,
1568 1692 1600 1716 ut
1623 1697 1660 1717 ex
1682 1686 1852 1715 Alexandro
1876 1685 2062 1726 Poiyhistore
2083 1693 2174 1718 testa-

234 1731 285 1756 tur
306 1727 479 1767 Stephanus,
525 1728 612 1758 Dae.

394 1769 588 1800 Horreum.
633 1770 659 1799 A
682 1771 759 1800 farre
782 1770 923 1800 horreum
944 1771 1048 1800 Festus
1070 1772 1207 1809 deducit,
1224 1771 1257 1814 f
1271 1777 1384 1801 mutato
1407 1773 1435 1801 in
1458 1772 1494 1810 Ιι,
1523 1771 1673 1808 Izarreum,
1698 1770 1847 1808 horreum,
1873 1775 1902 1800 et
1922 1771 1954 1800 id
1975 1771 2072 1801 multo
2093 1772 2175 1801 veri-

236 1812 374 1847 similius,
410 1823 498 1851 quam
528 1813 607 1851 quod
637 1813 687 1841 alii
710 1814 869 1843 commenti
891 1818 978 1851 sunt,
1015 1814 1070 1843 nisi
1100 1826 1167 1844 cum
1189 1815 1333 1844 Salmasio
1363 1815 1443 1843 dicas
1466 1814 1598 1844 horreum
1621 1824 1682 1843 esse
1705 1825 1720 1842 a
1744 1814 1860 1842 Graeco
1884 1810 1994 1853 αῗριον,
2029 1812 2174 1852 custodia,

238 1853 438 1885 conditorium.
483 1856 556 1884 Nam
585 1856 661 1885 idem
691 1856 778 1895 plane
808 1855 899 1896 ᾰίριον
923 1857 1062 1894 Graecis,
1099 1857 1181 1896 quod
1204 1857 1313 1886 Latinis
1341 1856 1474 1886 horreum
1504 1863 1532 1886 et
1559 1857 1588 1885 in
1618 1856 1734 1886 horreis
1763 1866 1823 1884 non
1845 1855 2027 1885 frumentum
2047 1860 2173 1894 tantum,

239 1894 289 1920 sed
311 1896 364 1923 alia
387 1898 484 1926 omnia
506 1898 738 1937 reponebantur,
760 1909 807 1928 res
831 1909 949 1938 quoque
973 1900 1211 1938 pretiosissimae,
1235 1905 1268 1928 ut
1290 1900 1320 1928 in
1343 1900 1405 1938 Iege
1428 1899 1514 1928 tertia
1540 1900 1572 1927 D.
1596 1899 1631 1927 de
1654 1899 1701 1928 off.
1719 1898 1810 1937 praes.
1832 1898 1891 1936 vig.
1914 1903 1944 1927 et
1964 1899 2020 1937 leg.
2033 1901 2063 1930 6.
2083 1898 2116 1928 Ι).
2137 1899 2174 1928 de

240 1934 359 1965 edendo.
383 1938 468 1969 Duc.
504 1941 536 1969 ln
558 1941 699 1970 feminino
723 1943 811 1971 etiam
833 1941 942 1971 dicitur
964 1942 1061 1971 Nonio
1085 1943 1126 1982 (p.
1139 1945 1210 1975 208.
1233 1941 1334 1981 Mero.)
1357 1942 1389 1970 in
1411 1940 1539 1972 Horrea.
1571 1940 1675 1971 Goth.
1710 1941 1753 1970 Cf.
1778 1939 1944 1970 Doederliu.
1967 1942 2038 1981 Syn.
2062 1940 2175 1978 Lanu,

240 1980 383 2014 pag-197.

399 2021 543 2054 Hostis.
587 2025 652 2054 vid.
676 2026 779 2054 Cicero
802 2026 889 2056 lib.1.
913 2026 1000 2057 offic.
1024 2027 1102 2065 (cap.
1119 2028 1166 2057 12.
1190 2026 1264 2056 Vide
1288 2026 1384 2055 Beieri
1407 2027 1570 2055 Excursum
1595 2025 1632 2054 ad
1658 2025 1686 2054 h.
1706 2026 1747 2064 L).
1775 2024 1871 2054 Varro
1893 2025 1944 2054 lib.
1958 2025 2007 2055 IV.
2030 2025 2067 2054 de
2089 2026 2120 2056 L.
2143 2026 2172 2055 L.

241 2060 325 2098 (Ρὸἕῖ-
343 2061 391 2091 14·
415 2062 467 2090 Ed.
488 2066 563 2103 Sp.).
599 2068 685 2096 Caius
713 2078 779 2107 cap.
791 2071 864 2102 234.
894 2069 931 2097 de
958 2069 1118 2098 verborum
1147 2069 1242 2107 signif.
1266 2069 1359 2098 lib.L.
1385 2069 1490 2106 Digest.
1519 2068 1607 2097 Ant.
1628 2068 1723 2107 Aug.
1765 2068 1884 2096 Servius
1910 2068 2036 2096 Danielis
2064 2067 2172 2096 nostri:

240 2101 358 2137 Persas,
381 2104 430 2141 qui
452 2114 531 2133 erant
558 2107 732 2139 Graecorum
756 2110 865 2147 hostes,
889 2111 994 2148 ξένους
1015 2122 1033 2140 α
1056 2110 1302 2141 Lacedaemoniis
1323 2111 1487 2150 appellatos
1510 2109 1596 2151 nferi
1620 2108 1798 2139 Herodotus.
1841 2108 1914 2138 Inde
1935 2109 2045 2146 hostes,
2067 2109 2171 2149 inquit,

238 2155 292 2183 pro
314 2143 476 2191 hospitibus
496 2145 642 2181 dixerunt.
682 2152 761 2182 Nam
784 2154 897 2183 inimici
916 2152 1078 2193 perduelles
1106 2152 1285 2184 dicebantur.
1331 2154 1427 2182 Locus
1451 2153 1591 2182 Herodoti
1614 2157 1657 2181 est
1680 2152 1711 2183 ἐν
1733 2148 1859 2192 ου’ρανίᾳ
1881 2151 1953 2192 (IX,
1979 2152 2041 2192 11.)
2063 2151 2113 2181 ubi
2135 2151 2172 2180 de

240 2186 508 2215 Lacedaemombus
530 2189 676 2227 loquitur:
707 2194 891 2234 ΟἷἜφοροι
914 2195 1000 2227 εἶπαν
1023 2193 1072 2226 ἔπ’
1096 2193 1176 2237 ὅρκῳ
1198 2196 1248 2226 καὶ
1271 2194 1308 2235 δή
1332 2196 1446 2227 δοκέειν
1469 2194 1545 2226 εἶναι
1567 2195 1599 2226 ἐν
1622 2193 1748 2234 ὄρεστίῳ
1771 2195 1938 2234 στείχοντας
1958 2194 2007 2226 ἐπὶ
2028 2194 2097 2230 τούς
2118 2194 2172 2230 ξεί-

240 2239 322 2263 νῠυς·
345 2229 460 2263 ξείνους
482 2227 537 2278 γᾴρ
559 2230 676 2264 ἐκάλεον
699 2235 769 2272 τούς
791 2236 970 2277 βαρβάρους.
995 2236 1096 2267 Scal.
1142 2239 1205 2276 Leg.
1222 2239 1286 2268 XII.
1309 2238 1384 2268 tab.:
1413 2237 1473 2267 Sei
1494 2245 1614 2267 status
1638 2236 1845 2267 condictas
1866 2235 1943 2266 dies
1964 2234 2172 2267 intercedit

241 2280 320 2299 ‘nm
342 2270 463 2307 bone,
493 2279 559 2300 ²1⁰·
603 2274 685 2309 Quae
707 2279 796 2307 verba
819 2280 884 2308 ΧΠ.
901 2281 958 2310 tab.
982 2281 1105 2310 Plautus
1127 2281 1286 2320 usurpavit
1307 2282 1337 2309 in
1361 2281 1479 2311 Cureul.
1504 2281 1548 2316 (Ι,
1574 2282 1609 2316 1,
1630 2281 1689 2318 5.);

810 2321 846 2349 Si
865 2324 953 2351 statu'
977 2321 1133 2352 condictus
1152 2335 1218 2353 cum
1239 2322 1320 2352 hoste
1341 2322 1492 2353 intercedit
1515 2321 1576 2351 clies

812 2362 924 2392 Tamen.
944 2372 985 2393 est
1006 2363 1140 2394 eundum.

241 2394 284 2424 Ab
307 2394 362 2424 hac
383 2395 481 2444 priori
506 2396 601 2427 hostis
630 2398 838 2436 significatione
861 2406 940 2434 Galli
967 2407 1133 2435 etiamnunc
1155 2406 1281 2446 hospites
1301 2412 1410 2437 vocant
1431 2407 1534 2437 hostes.
1577 2406 1677 2444 Neque
1700 2406 1779 2434 enim
1801 2404 1950 2434 Gallicum
1969 2402 2049 2432 hom
2069 2407 2114 2433 est
2134 2404 2172 2432 ab

240 2436 355 2476 71⁰⁸Pf⁸2
377 2442 411 2467 ¹¹¹*-
432 2438 551 2476 ‘lffldam
574 2441 766 2469 somniarunt-
792 2443 875 2473 Dac-
915 2446 1020 2476 Hostis
1041 2448 1078 2476 ab
1099 2448 1266 2485 hostiemlo,
1290 2450 1372 2488 quod
1394 2461 1431 2479 ex
1454 2459 1547 2487 aequa
1571 2458 1661 2478 causa.
1681 2458 1810 2486 pugnam
1831 2447 1916 2476 ineat.
1947 2445 2020 2474 Vide
2043 2445 2169 2475 Nonium

2261 2493 2263 2524 Ι

2259 2551 2261 2574 i
