2263 2668
508 142 573 176 DE
599 139 985 176 SIGNIFICATIONE
1011 142 1296 180 VERBORUM.
1348 143 1493 178 LIBER
1518 143 1627 178 XVII.
1963 146 2041 182 859

95 237 189 275 cium3
211 243 262 265 aut
283 236 387 271 etiam,
408 234 434 263 si
454 233 538 272 velit,
561 235 639 263 intra
660 234 836 274 pomerium:
865 233 912 261 sin
934 241 1045 271 autem,
1067 236 1098 264 in
1121 235 1226 276 templo
1250 236 1390 266 consistit.
1434 237 1566 266 Primum
1590 236 1671 276 quod
1694 235 1743 265 hic
1764 236 1891 275 dicitur,
1914 249 2042 279 augures

95 280 198 309 adesse
214 279 336 308 Consuli
359 278 522 306 exercitum
545 277 722 315 imperanti,
746 282 774 305 et
796 276 915 304 comitia
938 280 1099 306 centuriata
1121 278 1256 316 habenti,
1279 280 1365 318 plane
1390 279 1422 307 id
1444 280 1637 309 confirmatur
1658 279 1703 309 his
1720 280 1862 310 Varronis
1883 283 1982 312 verbis
2002 294 2040 313 ex

95 322 200 361 quinto
223 322 259 350 de
281 330 415 350 sermone
437 320 539 348 Latino
564 320 633 359 (VI.
658 331 683 358 p.
697 321 769 351 273.
794 317 880 358 Sp.):
905 317 977 348 Hoc
999 331 1076 349 nunc
1096 320 1182 350 aliter
1193 323 1236 361 fit
1258 329 1345 361 atque
1367 320 1446 351 olim.
1488 321 1576 360 Quod
1597 323 1707 362 Augur
1728 322 1842 352 consuli
1863 323 1947 354 adest
1969 333 2040 364 ium¹

96 375 162 394 cum
185 365 330 393 exercitus
351 364 509 402 imperatur
531 373 568 391 ac
588 363 698 400 praeit,
722 360 802 401 quod
823 372 884 390 eum
909 369 1040 400 oporteat
1063 361 1165 392 dicere.
1200 363 1310 393 Consul
1328 364 1448 404 Auguri
1468 365 1609 404 imperare
1629 364 1718 402 solet,
1738 372 1770 393 ut
1793 364 1926 396 inlicium
1947 375 2040 406 vocet,

96 417 155 435 non
177 416 299 435 accenso
323 412 372 434 aut
392 406 539 444 praeconi.
583 402 621 432 Id
643 405 787 444 inceptum
810 401 912 440 credo,
944 415 1009 432 cum
1032 404 1142 434 abesset
1164 417 1317 444 accensus,
1347 414 1373 434 et
1394 405 1470 435 nihil
1489 407 1640 444 intererat,
1662 408 1710 436 cui
1732 407 1893 446 imperaret.
1915 417 1942 438 et
1965 408 2043 441 dicis

95 459 201 478 caussa
218 448 333 487 fiebant
362 445 506 488 quaedam
535 458 624 486 neque
652 448 718 475 item
737 446 846 488 facia,
884 456 973 485 neque
993 447 1059 475 irem
1083 447 1163 477 dicta
1185 460 1303 488 semper.
1347 449 1383 478 Et
1404 449 1434 478 in
1457 449 1507 478 lib.
1519 450 1569 479 111.
1593 451 1697 486 (c.2.)
1721 449 1758 478 de
1779 460 1811 478 re
1833 452 1956 481 rustica:
1992 451 2041 482 Ibi

95 490 228 530 Appium
246 489 400 519 Claudium
416 489 566 528 Augurem
591 487 730 517 sedentem
754 489 912 517 invenimus
934 489 963 516 in
987 488 1146 526 subselliis,
1169 499 1200 519 ut
1217 490 1352 527 Consuli,
1375 492 1401 520 si
1422 490 1495 531 quid
1517 503 1584 520 usus
1603 492 1797 530 poposcisset,
1822 501 1892 522 esset
1912 502 2039 534 praesto.

95 534 188 562 Porro
211 533 251 560 ita
276 533 461 568 magistratus
485 532 599 569 Auguri
621 531 855 560 denunciabant:
880 529 915 569 Q.
936 529 1044 560 FABI
1069 531 1123 560 TE
1146 532 1268 562 VOLO
1290 532 1403 562 MIHI
1422 533 1472 562 IN
1489 532 1696 563 AUSPICIO
1718 533 1829 564 ESSE.
1866 536 1970 572 Augur
1991 546 2041 566 re-

95 575 275 614 spondebat:
314 573 443 603 VOLO.
488 574 599 602 Consul
622 579 735 610 autem,
764 579 798 602 ut
820 574 876 608 ait,
907 574 1121 612 auspicabatur
1144 580 1195 604 aut
1216 576 1293 604 intra
1317 577 1498 614 pomerium,
1530 581 1582 605 aut
1604 576 1633 604 in
1656 577 1767 614 templo
1792 571 1972 613 consistens3
2007 580 2040 607 in

97 618 205 656 quibus
233 617 308 646 loeis
337 626 452 654 semper
481 618 508 645 ei
536 616 703 655 auspicanti
732 616 866 655 praeibat
888 615 1005 654 Augur,
1041 622 1072 645 ut
1100 623 1203 646 notum
1233 623 1276 646 est
1305 629 1343 646 ex
1365 619 1476 655 verbis,
1513 629 1590 657 quae
1612 619 1701 657 paulo
1724 623 1791 647 ante
1814 629 1851 647 ex
1874 621 1980 658 quinto
2002 621 2040 650 de

95 670 231 689 sermone
254 660 357 688 Latino
379 659 479 688 retuli.
523 659 602 687 Idem
627 660 681 694 ait,
708 670 767 687 non
790 658 922 687 dubitari
944 658 1072 697 priorem
1096 670 1157 688 esse
1180 661 1356 698 Consulem,
1380 662 1431 699 qui
1453 661 1537 700 prior
1559 661 1651 690 fasces
1674 660 1798 698 habeat,
1822 660 1882 690 hoc
1903 668 1963 699 est,
1987 663 2040 701 qui

95 713 128 731 ea
150 703 213 741 lege
236 702 320 741 prior
342 702 438 730 sactus
460 702 497 730 sit
521 702 641 738 consul,
667 706 701 729 ut·
722 712 810 740 supra
834 702 951 729 locutus
975 706 1019 729 est
1040 701 1070 730 in
1094 702 1184 731 verbo
1206 714 1331 741 parare5
1353 704 1432 741 quod
1455 704 1660 742 reponendum
1678 708 1720 732 est
1737 709 1807 742 post
1824 704 1928 744 Pappi.
1962 705 2040 733 Ean-

96 746 163 774 dem
187 750 282 774 autem
306 745 398 781 legem
421 744 663 782 interpretatione
686 745 722 772 ad
746 744 879 783 auspicia
903 754 1021 782 quoque
1043 744 1214 781 trahebant3
1253 746 1296 773 uti
1319 746 1433 774 scilicet
1456 747 1537 774 cuius
1559 746 1675 785 priores
1698 751 1792 774 essent
1814 746 1922 783 fasces,
1958 747 2040 776 eius-

96 788 162 816 dem
184 788 293 827 prioris
317 792 410 815 essent
437 792 465 815 et
487 787 628 825 auspicia.
675 788 718 815 Ex
742 787 806 815 istis
829 792 857 815 et
880 797 916 814 ex
939 787 1003 815 aliis
1027 797 1115 825 quam
1138 788 1276 826 plurimis
1302 789 1408 826 passim
1438 799 1597 827 possumus
1627 789 1797 825 advertere,
1834 798 1921 827 quam
1952 790 2040 828 aequi

95 830 165 859 boni
188 829 363 858 beneficium
387 830 473 857 Pauli
495 829 686 868 interpretari
711 830 885 865 debeamus,
924 829 973 867 qui
997 829 1154 858 maximam
1177 841 1192 859 a
1216 830 1386 869 posteritate
1409 831 1532 867 gratiam
1554 842 1584 859 se
1607 831 1750 860 initurum
1773 832 1921 870 speravit,
1956 832 1980 860 si
2003 831 2040 860 de

96 873 176 902 bono
205 877 308 901 autore
339 872 413 900 male
443 877 643 911 promereret,
682 882 767 910 quem
794 872 915 901 meliore
939 871 985 899 sui
1008 877 1089 910 parte
1112 873 1311 909 mutilaverit,
1347 873 1388 902 ita
1411 878 1444 901 ut
1467 883 1533 901 cum
1557 884 1594 902 ex
1618 874 1735 902 Atlante
1758 883 1866 902 nanum
1889 884 1920 902 se
1942 874 2040 903 facere

97 926 182 955 posse
206 914 375 951 contendit,
400 925 434 942 ex
457 914 576 943 homine
598 915 714 951 integro
737 924 874 942 mancum
898 919 927 942 et
947 915 1085 943 mutilum
1108 916 1194 944 nobis
1216 920 1373 954 proponat.
1419 914 1518 945 Scal.

260 956 473 996 Reperiam.
519 958 591 994 Lege
609 962 643 985 ut
657 958 686 985 in
703 957 854 995 Epitome:
879 957 966 996 quasi
981 965 1145 997 repartum,·
1167 959 1274 996 reperio
1294 958 1369 986 enim
1387 962 1432 986 est
1447 969 1462 986 a
1478 969 1523 995 re,
1545 957 1574 986 id
1591 962 1635 986 est
1651 967 1770 986 rursum
1788 963 1815 986 et
1830 959 1926 996 pario.
1950 957 2039 987 Dae.

260 998 410 1029 Rictus.
455 1000 582 1028 Pessime
606 1000 707 1028 Festus
730 1000 834 1035 ricius,
858 1001 945 1036 rixa,
968 1000 1102 1035 rixosus,
1125 1001 1203 1040 ringi
1225 1000 1306 1029 ducit
1328 1012 1344 1029 a
1368 999 1544 1040 rumpendo,
1568 1000 1629 1028 sive
1651 1000 1752 1039 potius
1775 1011 1791 1028 a
1814 999 1945 1040 regendo.
1981 999 2041 1029 Ri-

95 1051 159 1074 cius
180 1043 258 1071 enim
281 1046 325 1070 est
348 1052 363 1070 a
386 1043 491 1081 ringo5
527 1043 610 1081 ringo
634 1047 732 1070 autem
755 1053 768 1070 a
794 1042 908 1070 Graeco
930 1041 1023 1081 ῥῖνες,
1057 1053 1155 1078 nares,
1191 1043 1259 1081 quia
1289 1043 1449 1071 irascentes
1472 1043 1567 1071 solent
1590 1053 1638 1070 eas
1661 1052 1831 1081 corrugare.
1875 1043 1938 1072 Nisi
1960 1042 2041 1081 apud

96 1087 215 1115 Festum
240 1095 293 1123 pro
323 1084 446 1123 regendo
474 1085 698 1113 rescribendum
726 1085 765 1113 sit
787 1083 923 1124 rigentia,
961 1088 993 1113 ut
1015 1085 1098 1124 ringo
1122 1085 1159 1113 sit
1182 1096 1198 1113 a
1221 1086 1299 1124 rigeo
1322 1086 1424 1114 addito
1448 1097 1467 1114 n
1488 1090 1518 1113 et
1540 1085 1750 1122 coniugatione
1772 1090 1894 1114 mutata.
1938 1085 2042 1123 Neque

96 1130 126 1158 id
150 1137 273 1167 prorsus
296 1127 410 1155 ratione
435 1132 530 1164 caret,
554 1138 621 1155 cum
644 1138 658 1154 a
682 1127 773 1155 nimio
797 1127 857 1155 sere
880 1127 990 1164 frigore
1013 1127 1158 1155 soleamus
1181 1128 1298 1166 ringere.
1336 1128 1416 1156 Unde
1440 1133 1469 1156 et
1492 1128 1572 1166 apud
1594 1128 1758 1156 Varronem
1781 1127 1819 1156 de
1840 1128 1873 1156 R.
1895 1127 1928 1157 R.
1952 1126 2039 1157 lib.1.

96 1171 203 1208 c.45.,
226 1169 277 1198 ubi
300 1169 336 1197 de
358 1170 520 1207 segetibus:
545 1181 634 1208 supra
658 1177 781 1206 terram,
803 1169 915 1208 inquit,
939 1180 1003 1197 aere
1013 1168 1179 1211 frigidiore
1199 1170 1359 1209 ringuniur.
1405 1170 1452 1198 Sic
1475 1171 1551 1199 enim
1575 1170 1729 1208 legendum
1754 1175 1813 1205 est,
1837 1180 1897 1198 non
1919 1170 2040 1208 tingun-

97 1222 158 1251 tur,
189 1218 224 1242 ut
246 1212 365 1251 quidam
389 1213 460 1241 libb.
484 1213 565 1241 editt.
588 1213 635 1240 vel
659 1213 887 1251 restinguuntur,
925 1216 958 1239 ut
979 1212 1095 1249 legebat
1116 1212 1257 1250 Scaliger.
1301 1214 1348 1241 Sic
1371 1213 1449 1241 idem
1472 1214 1566 1241 Varro
1589 1223 1605 1240 a
1628 1211 1748 1252 rigentia
1771 1212 1842 1241 fecit
1864 1212 1964 1240 rixari
1983 1220 2040 1250 pro

96 1257 188 1295 ringi,
212 1266 274 1293 cap.
287 1255 338 1285 47.
363 1255 492 1283 eiusdem
516 1255 602 1283 libri:
624 1256 706 1294 prius
728 1255 802 1282 enim
826 1252 928 1282 aridae
940 1252 1052 1295 factae
1073 1255 1228 1290 rixantur,
1253 1266 1290 1284 ac
1311 1253 1429 1284 celerius
1452 1263 1631 1294 rumpuntur.
1674 1254 1844 1291 Rixamar,
1868 1253 1898 1282 id
1922 1258 1965 1282 est
1987 1252 2041 1282 de-

96 1298 257 1334 ducuntur,
290 1297 457 1335 ringantur,
496 1307 593 1335 neque
617 1298 692 1324 enim
716 1296 756 1324 ibi
779 1296 879 1324 rixari
900 1301 943 1324 est
966 1306 981 1323 a
1004 1297 1091 1331 rixa,
1127 1297 1207 1334 quod
1230 1296 1290 1325 hue
1313 1307 1406 1335 usque
1428 1298 1602 1336 interpretes
1625 1297 1738 1326 fefellit.
1781 1295 1870 1325 Rima
1892 1301 1990 1324 autem
2012 1300 2042 1324 et

96 1342 216 1370 rixosus
238 1349 298 1368 non
322 1349 337 1366 a
361 1339 518 1378 rumpendo
541 1339 589 1366 vel
613 1337 748 1378 rigendo,
772 1338 824 1366 sed
849 1349 864 1365 a
888 1339 1002 1366 Graeco
1026 1339 1127 1377 ἔρίζω,
1152 1339 1220 1377 ἔρις.
1245 1339 1332 1369 Dac.
1373 1340 1446 1368 Vide
1468 1340 1595 1368 Nonium
1620 1340 1697 1379 (pag.
1711 1339 1783 1371 455.
1808 1338 1909 1376 Mero.)
1930 1338 1961 1366 in
1983 1336 2041 1366 Ri-

95 1390 173 1413 cium
192 1387 221 1411 et
235 1381 351 1410 Ricius.
381 1381 492 1410 Rioeae.
523 1381 597 1409 Vide
619 1381 639 1410 l.
653 1384 682 1411 4.
697 1380 727 1409 ss'.
753 1380 789 1408 de
812 1380 842 1408 vi
864 1380 1026 1416 bonoruur,
1051 1382 1071 1410 l.
1094 1382 1148 1410 ult.
1171 1381 1201 1412 ff.
1226 1383 1262 1411 de
1284 1382 1407 1411 sicariis.
1433 1384 1461 1411 L.
1476 1385 1526 1414 52.
1551 1385 1574 1420 §.
1591 1386 1616 1413 1.
1631 1382 1660 1410 ss'.
1685 1382 1722 1410 ad
1745 1382 1764 1412 l.
1788 1382 1883 1419 Aquil.
1914 1380 2040 1408 Glossis:

95 1424 198 1461 Βία-α,
222 1422 308 1463 μάχη.
345 1421 500 1451 Rixiome.
534 1424 669 1453 Rixosae.
700 1422 848 1462 Ringiiur.
885 1423 998 1451 Glossis
1021 1424 1223 1463 πικραίνεται,
1247 1422 1398 1465 ὀργίζεται.
1440 1425 1524 1454 Adde
1548 1425 1674 1453 Nonium
1698 1424 1776 1463 (pag.
1791 1425 1859 1455 165.
1883 1421 1988 1463 Mero.)
2010 1422 2039 1451 in

95 1466 245 1507 Bingiiur.
282 1465 388 1494 Iisdem
412 1464 549 1502 Ricium,
576 1466 711 1494 Mensura
735 1466 804 1494 oris.
851 1463 954 1494 Goth.

636 1559 1504 1596 ADLIBRUMXVII.

261 1634 436 1673 Sesopia.
460 1633 518 1673 (Ad
543 1644 571 1672 p.
585 1633 668 1672 237.)
693 1633 786 1672 Sopia
808 1633 857 1662 vel
879 1633 993 1673 sesopia
1015 1644 1071 1673 pro
1094 1634 1236 1664 sedilibus
1259 1645 1337 1671 vox,
1362 1636 1390 1664 ni
1414 1636 1504 1664 fallor
1525 1635 1666 1665 inaudita.
1702 1634 1788 1664 Solia
1811 1634 1911 1673 potius
1933 1632 2044 1662 scribe-

96 1689 168 1707 rem.
199 1678 293 1706 Plaut.
317 1678 347 1705 in
367 1677 486 1705 Trucul.
511 1677 567 1715 (ll,
590 1679 625 1711 8,
648 1676 690 1715 5.)
714 1676 868 1715 empitius,
889 1676 946 1704 nisi
969 1677 1108 1705 mendum
1131 1677 1178 1706 sit.
1200 1678 1286 1707 Ant,
1305 1678 1402 1718 Aug.
1436 1679 1545 1717 Esopia
1569 1679 1658 1715 vulgo
1681 1677 1741 1706 dici
1764 1679 1804 1706 ait
1826 1676 1944 1713 sedilia,
1967 1684 2044 1714 quae

95 1722 127 1750 in
148 1721 255 1749 Saliari
278 1724 308 1748 et
329 1719 473 1756 Augurali
495 1719 622 1747 carmine
644 1719 768 1756 sesopia.
814 1719 872 1746 Sed
902 1723 1027 1756 utraque
1057 1729 1118 1748 vox
1144 1719 1217 1748 mihi
1239 1731 1332 1758 aeque
1353 1720 1471 1757 ignota3
1507 1731 1568 1749 eam
1592 1721 1747 1749 redonavit
1770 1720 1875 1748 Plauto
1899 1718 2044 1747 Meursiuu

94 1765 124 1792 in
148 1763 326 1792 Truculento
351 1773 366 1790 e
389 1767 459 1789 vett.
482 1762 585 1790 codd:
609 1772 666 1801 quo
687 1768 777 1800 pacto
800 1760 953 1797 excludis,
975 1773 1098 1800 quaeso,
1121 1763 1240 1802 esopiis‚
1262 1761 1389 1801 planius.
1410 1763 1498 1793 Dac.
1532 1764 1628 1791 Locus
1644 1763 1723 1792 Festi
1745 1762 1824 1791 haud
1847 1761 1937 1790 dubie
1959 1761 2046 1800 plane

95 1817 132 1835 ex
154 1816 231 1834 vano
257 1804 402 1833 confictus
425 1804 460 1832 ab
476 1805 583 1832 Ursino
606 1809 658 1832 est.
691 1804 731 1832 De
746 1803 842 1831 Plauti
866 1804 933 1832 loco
957 1804 995 1831 cs.
1012 1804 1168 1833 Goeller-us
1191 1805 1228 1833 ad
1248 1805 1267 1833 I.
1287 1815 1327 1841 c.,
1351 1806 1402 1843 qui
1425 1806 1510 1844 legit:
1536 1804 1601 1844 Quo
1621 1813 1712 1844 pacto
1735 1803 1895 1835 excludis?
1919 1803 2043 1842 Quaeso,

92 1849 191 1888 potine
207 1845 354 1888 planius?

262 1889 408 1929 Susque
430 1887 554 1929 deque.
600 1888 695 1917 Plaut.
720 1888 751 1915 in
777 1886 896 1926 Amphit
925 1886 992 1926 (111,
1017 1891 1052 1923 2,
1075 1887 1134 1927 5.):

631 1930 731 1970 Atque
752 1928 786 1958 id
806 1941 851 1958 me
871 1941 974 1970 susque
997 1929 1086 1970 deque
1107 1942 1165 1959 esse
1185 1929 1350 1960 habituram
1371 1939 1466 1970 putat.

97 1974 172 2003 Vide
195 1973 271 2002 Gen.
293 1974 344 2003 tib.
356 1974 435 2003 XVI.
459 1976 567 2012 cap.9.
614 1973 679 2000 Non
709 1973 809 2010 placet
835 1973 1058 2011 interpretatio,
1092 1978 1126 2001 ut.
1152 1973 1191 2001 sit
1218 1974 1314 2010 idem,
1353 1974 1435 2012 quod
1458 1971 1527 2014 plus
1550 1973 1694 2010 minusve,
1730 1981 1828 2011 neque
1848 1972 1933 2000 etiam
1955 1970 2043 2006 idem,

96 2016 176 2055 quod
199 2027 297 2056 usque.
333 2017 432 2046 Malim
451 2027 507 2055 pro
530 2013 622 2044 nihilo
646 2015 765 2044 aliudve
787 2015 889 2045 simile.
918 2015 1005 2044 Ant.
1027 2015 1123 2054 Aug.
1167 2015 1294 2045 Fallitur
1316 2016 1436 2052 Festus;
1471 2027 1576 2056 susque
1606 2014 1695 2056 deque
1723 2013 1840 2055 aliquid
1866 2011 1972 2042 habere
1999 2016 2045 2041 est

96 2058 181 2098 parvi
205 2058 319 2095 facere,
343 2070 379 2088 an
402 2068 519 2087 sursum
543 2058 591 2086 vel
615 2057 753 2085 deorsum
776 2058 898 2088 seratur.
931 2057 1001 2085 Nam
1024 2069 1073 2086 sus
1096 2057 1234 2087 dicebant
1256 2069 1311 2097 pro
1333 2070 1446 2088 sursum
1470 2063 1498 2087 et
1523 2057 1557 2086 de
1579 2068 1635 2096 pro
1659 2057 1801 2086 deorsum.
1824 2056 1913 2086 Duc.
1947 2055 2042 2084 Nolim

96 2103 267 2140 vituperare
288 2101 416 2132 Festum,
462 2100 575 2141 Susque
598 2098 688 2139 deque
709 2099 812 2128 habere
833 2099 908 2128 nihil
931 2105 976 2128 est
998 2100 1080 2129 aliud
1105 2100 1160 2129 nisi
1181 2099 1255 2130 hoc:
1286 2101 1399 2140 pariter
1421 2100 1515 2130 altum
1537 2105 1626 2138 atque
1648 2101 1736 2129 imum
1759 2098 1879 2136 habere,
1904 2098 1920 2126 i.
1942 2108 1966 2126 e.
1990 2107 2043 2136 pa-

96 2145 168 2172 riter
191 2143 287 2180 magni
311 2149 400 2182 atque
423 2143 510 2182 parvi
533 2143 700 2177 aestimare,
738 2142 768 2170 id
799 2142 879 2181 quod
901 2143 1002 2171 Festus
1031 2141 1112 2171 haud
1137 2143 1227 2172 dubie
1249 2144 1383 2180 volebat,
1421 2153 1513 2183 quum
1536 2143 1614 2172 dixit
1633 2141 1702 2182 plus
1722 2142 1860 2171 minusve.
1905 2141 2039 2168 Ceterum

95 2198 145 2216 sue
166 2196 226 2214 non
250 2190 349 2215 ortum
374 2196 412 2214 ex
433 2184 502 2220 sub,
524 2185 576 2213 sed
600 2194 636 2212 ex
659 2184 806 2213 Sanscrita
830 2185 1052 2223 praepositione
1075 2192 1121 2222 ut,
1147 2195 1275 2215 sursum.

260 2227 433 2257 Sonivio.
480 2228 579 2256 Utitur
608 2226 665 2255 hoc
693 2227 785 2255 verbo
809 2228 913 2256 Cicero
936 2228 965 2255 in
989 2227 1076 2266 epist.
1098 2227 1136 2256 ad
1159 2229 1334 2257 Caecinnam
1356 2228 1407 2257 lib.
1421 2228 1468 2257 VI.
1492 2228 1578 2267 epist,
1602 2228 1666 2264 (6.).
1687 2226 1775 2256 Ant.
1799 2225 1893 2263 Aug.
1937 2223 2038 2250 Cicero

96 2270 275 2299 Caecinnae:
300 2270 401 2310 Neque
421 2281 462 2298 ex
484 2268 621 2308 tripudiis
642 2267 808 2305 solistimis,
832 2277 883 2298 aut
905 2270 1026 2298 soniviis
1048 2268 1103 2299 tibi
1123 2281 1259 2310 auguror.
1295 2271 1406 2300 Plinius
1429 2271 1466 2299 de
1488 2270 1614 2299 nucibus
1635 2268 1825 2308 iuglandibus
1849 2265 1933 2302 (XV,
1957 2263 2037 2300 22-):

98 2311 182 2351 Quae
204 2323 292 2342 causa
314 2324 363 2340 eas
385 2313 493 2350 nuptiis
506 2312 588 2352 jecit
610 2310 778 2350 religiosas,
801 2318 843 2340 iot
864 2311 961 2341 modis
973 2311 1065 2354 f⁰²¹¹⁴
1087 2315 1216 2350 muni103
1243 2312 1324 2354 quod
1345 2321 1386 2342 est
1405 2311 1606 2348 verisimilius,
1628 2323 1715 2353 quam
1739 2312 1809 2352 quia
1832 2304 1960 2337 cadendo
1982 2306 2038 2335 iri-

94 2353 217 2394 pudium
246 2356 389 2384 sonivium
409 2354 544 2396 faciant.
590 2354 746 2382 Manifesto
775 2364 875 2383 errore
902 2355 1011 2391 legitur
1038 2355 1069 2383 in
1101 2355 1227 2393 vulgatis
1258 2356 1399 2384 Plinianis
1428 2366 1564 2384 senumve
1581 2353 1715 2395 faciunt.
1760 2351 1888 2396 Servius·
1909 2348 2037 2377 Danielis

98 2398 178 2436 (pag.
192 2400 263 2428 277.
288 2398 333 2426 ed.
357 2398 444 2434 Dan.)
469 2397 497 2424 in
520 2396 612 2425 illud:
643 2413 683 2418 —
713 2403 830 2425 tremere
857 2398 956 2426 omnia
981 2398 1043 2426 visa
1067 2405 1185 2436 repente.
1221 2398 1306 2437 (Aen.
1323 2399 1380 2436 111,
1403 2397 1484 2436 90.):
1517 2396 1588 2426 Hoc
1609 2397 1777 2437 augurium,
1808 2393 1918 2429 inqfflt,
1947 2391 2037 2420 iuxffl

1449 2448 1637 2482 0000*
