2263 2668
545 133 609 166 DE
636 130 1023 167 SIGNIFICATIONE
1054 129 1338 166 VERBORUM.
1397 133 1542 167 LIBER
1569 134 1628 168 111.
1985 137 2060 173 383

277 224 471 265 cognitor,
518 225 542 254 Δ
564 226 717 256 veteribus
736 225 857 254 Graecis
880 224 1006 259 ἔκδικος.
1039 222 1081 252 De
1103 233 1137 252 eo
1156 223 1311 256 Asconius.
1335 224 1436 255 Scal.
1468 226 1527 262 Qui
1550 226 1724 256 defendebat
1746 227 1871 257 alterum
1894 229 1924 257 in
1947 229 2059 259 iudicio

111 274 161 297 aut
181 276 325 309 patronus
350 269 519 306 dicebatur,
550 271 575 297 si
599 274 701 298 orator
723 273 814 305 esset,
845 272 896 296 aut
917 265 1094 302 advocatus,
1123 267 1148 294 si
1171 272 1221 296 aut
1243 268 1288 296 ius
1310 269 1498 307 suggerebat,
1530 273 1582 298 aut
1603 270 1801 309 praesentiam
1822 281 1906 300 suam
1928 281 2059 302 commo·

110 312 199 341 dabat
220 311 330 347 amico,
363 316 414 339 aut
434 319 625 350 procurator,
659 313 683 340 si
706 311 855 349 negotium
877 308 1060 347 suscipiebat
1082 308 1225 346 absentis,
1261 316 1311 339 aut
1332 312 1483 351 cognitor,
1511 312 1538 341 si
1560 313 1722 351 praesentis
1744 320 1859 342 causam
1884 321 2008 344 noverat
2028 321 2059 345 et

109 355 153 383 sic
174 354 314 382 tuebatur
336 359 370 382 ut
393 364 485 383 suam.
511 354 614 383 Cicero
636 365 682 393 pr.
704 353 744 389 Q.
764 353 870 382 Roscio
891 350 1047 391 (Comoed.
1064 350 1145 388 18.):
1181 351 1261 391 Quid
1283 354 1399 382 interest
1419 355 1494 383 inter
1515 365 1595 391 eum,
1618 357 1670 396 qui
1688 366 1743 395 pro
1765 367 1794 384 se
1816 355 1915 395 litiga
1935 363 1963 386 ei
1984 368 2057 395 eum,

110 397 162 437 qui
185 397 320 436 cognitor
342 403 383 425 est
406 394 518 426 datus?
555 398 606 437 qui
625 408 679 437 pro
701 407 732 424 se
753 395 833 424 litem
856 401 1049 429 contestatur,
1087 393 1145 422 sibi
1161 394 1220 424 soli
1239 396 1327 435 perit,
1360 395 1446 425 alteri
1467 408 1550 426 nemo
1570 405 1679 436 polest,
1713 398 1770 427 nisi
1790 399 1841 438 qui
1863 400 1996 438 cognitor
2017 408 2058 428 est

106 438 218 480 fuctus.
249 439 390 476 Cognitor
413 449 428 466 a
452 443 588 477 praetore
611 439 749 467 dabatur.
780 437 932 467 Interdum
954 436 1044 464 etiam
1067 437 1202 475 cognitor
1225 448 1279 476 pro
1303 443 1439 476 praetore
1463 440 1509 468 vel
1530 440 1646 477 iudice,
1669 441 1720 479 qui
1737 451 1839 469 causas
1855 441 1947 470 audit.
1969 442 2056 472 Duc.

109 481 243 510 Anianus
266 482 296 509 in
319 482 337 510 l.
357 481 381 509 si
406 481 464 509 lite.
488 482 559 510 cod.
574 481 719 510 Theodos.
741 480 777 509 de
798 479 1000 518 cognitoribus
1024 482 1054 507 et
1075 480 1332 517 procuratoribus,
1364 481 1488 520 Proprie
1509 487 1607 511 tamen
1629 482 1743 512 dicitur
1763 483 1899 521 cognitor
1917 484 1949 512 in
1967 492 2057 513 eausa

109 528 221 559 status,
252 528 326 552 teste
351 523 479 552 Asconio
502 524 554 552 ΙΙΙ.
578 524 661 553 verr.
684 523 770 562 (pag.
785 525 834 554 72.
858 522 911 551 Ed.
934 521 1044 559 Lugd.)
1076 522 1208 550 Donatus
1230 523 1260 551 in
1284 523 1426 562 Adelphis
1446 524 1499 562 (ad
1521 525 1595 556 Eun.
1609 525 1664 562 IV,
1687 528 1722 562 7,
1746 525 1824 562 35.);
1857 524 1894 554 In
1917 527 1989 562 iria,
2011 527 2057 555 in-

109 567 188 604 quit,
212 565 311 594 divisit
333 566 463 607 officium
487 567 628 595 orationis
650 577 735 595 suae:
762 566 792 594 in
815 565 965 593 assertoris
986 563 1148 602 (Principio
1173 575 1235 593 eam
1259 565 1333 594 dicit
1357 576 1418 594 esse
1442 566 1596 605 liberam):
1627 568 1658 596 in
1679 568 1857 607 cognitoris,
1882 569 1970 597 civem
1993 568 2056 598 At-

109 609 217 638 ticam.-
253 609 282 636 in
309 607 435 648 fratris:
474 619 566 637 meam
596 620 731 639 sororem.
776 608 861 636 Adde
886 607 968 636 Paul.
988 607 1010 636 Ι.
1033 611 1158 636 sentent.
1175 608 1204 638 2.
1227 608 1318 637 Titul.
1341 607 1380 637 de
1409 610 1613 648 cognitoribus
1637 612 1666 642 5.
1690 611 1747 639 Tit.
1762 612 1812 642 25.
1835 610 1910 639 adde
1934 611 2056 639 Cicero-

108 661 173 679 nem
196 651 232 679 ΙΙ.
255 650 293 679 ad
318 650 443 679 Herenn.
468 649 505 688 (e.
521 651 596 689 30.).
644 650 747 680 Goth.

276 691 496 721 Claudiana
519 694 701 723 tonitrua.
748 692 873 721 Phaedr.
896 691 946 720 lib.
961 691 994 721 V.
1017 691 1133 722 fab.8.:

770 734 888 765 Aulaeo
911 734 1015 770 misso,
1049 733 1192 763 devolutis
1214 734 1378 764 tonitrubus

772 777 825 806 Dii
846 784 912 806 sunt
934 776 1028 806 locun·
1047 787 1128 805 more
1150 775 1340 807 translatitio.

107 819 198 849 Duc.
237 817 384 849 Collectus
405 819 567 848 coniectus.
613 817 718 848 Goth.

274 862 464 891 Caesones.
507 861 621 890 Plinius
644 862 692 897 (ll.
711 862 745 891 N.
763 860 833 898 VII,
855 864 892 898 9,
912 863 970 899 7.):
993 861 1189 900 Auspicatius
1210 869 1309 890 enecta
1330 868 1450 901 parente
1469 863 1638 902 gignuntur.
1668 862 1749 891 Sicut
1772 862 1873 901 Scipio
1894 862 2055 892 Africanus

107 904 192 944 prior
215 910 301 933 natus
324 905 496 943 primusque
520 905 678 933 Caesarum
702 916 716 934 a
741 915 826 933 caeso
849 904 952 932 matris
975 908 1060 932 utero
1083 904 1198 941 dictus;
1234 914 1291 943 qua
1315 905 1351 933 de
1375 914 1463 932 causa
1486 915 1623 933 caesones
1647 904 1798 944 appellati.
1843 905 1931 941 Quod
1954 906 1996 934 ait
2017 906 2054 934 de

105 947 244 985 Scipione
269 952 298 975 et
321 948 402 985 apud
425 947 642 976 Tertullianum
666 947 773 986 legitur
795 947 871 975 libro
894 947 932 975 de
954 947 1067 975 anima:
1102 946 1260 976 Possumus
1288 945 1357 976 illos
1384 957 1498 988 quoque
1526 948 1700 986 recogitare,
1722 943 1792 987 'qui
1812 946 1930 977 exsecto
1953 949 2055 977 matris

105 997 185 1018 utero
217 990 276 1018 vivi
303 1000 395 1018 aerem
424 989 596 1027 hauserunt,
627 989 730 1018 Liberi
752 989 847 1030 aliqui
869 997 894 1017 et
918 988 1079 1029 Scipiones.
1103 987 1204 1019 Scal.
1241 987 1382 1018 Caesones
1404 999 1420 1017 a
1443 989 1605 1018 caedendo.
1627 989 1713 1019 Duc.
1751 989 1826 1018 Vide
1849 990 1950 1021 1-141.
1965 990 1995 1020 ff.
2018 990 2054 1025 de

104 1042 133 1061 v.
154 1032 229 1071 sign.
274 1029 379 1061 Goth.

270 1072 413 1104 Caesar.
461 1073 519 1103 Vel
543 1073 582 1102 ab
609 1073 778 1114 eleph-anio,
812 1074 863 1114 qui
885 1072 1006 1103 IUauris
1040 1084 1145 1103 caesar
1172 1072 1296 1110 dicitur,
1328 1072 1376 1102 vel
1395 1085 1415 1102 α
1439 1085 1522 1104 caeso
1551 1075 1655 1103 matris
1676 1079 1774 1112 utero,
1810 1073 1856 1103 vel
1875 1084 1895 1102 a
1918 1074 2053 1112 caesa-trit„

102 1115 149 1146 vel
170 1115 250 1157 quod
272 1115 365 1145 oculis
388 1117 499 1146 caesiis.
534 1117 681 1156 Spartian.
705 1117 734 1145 in
759 1117 842 1145 Aelio
866 1116 943 1144 Vero
966 1116 1002 1152 (c.
1016 1117 1073 1153 2.).
1107 1117 1294 1145 Postremum
1317 1121 1437 1155 etymon
1461 1126 1585 1156 prorsus
1609 1117 1760 1155 ineptum;
1782 1116 1945 1146 secundum
1968 1114 2053 1146 multi

103 1160 334 1198 amplectuntur.
379 1158 471 1195 Quod
493 1159 517 1187 si
540 1169 660 1195 verum,
697 1159 863 1198 putandum
887 1163 948 1194 est,
985 1158 1016 1187 id
1038 1169 1147 1188 nomen
1169 1159 1320 1198 accepisse
1343 1160 1490 1198 quendam
1514 1170 1551 1188 ex
1575 1159 1738 1188 maioribus
1760 1159 1961 1198 imperatoris,
1991 1169 2053 1187 non

102 1201 200 1240 ipsum
230 1201 455 1240 imperatorem,
496 1211 584 1240 quem
613 1202 669 1230 iam
699 1202 840 1240 puberem
877 1207 905 1230 et
936 1201 1047 1230 Gallias
1075 1201 1257 1240 subigentem
1288 1207 1411 1232 matrem
1440 1203 1570 1231 amisisse
1599 1202 1670 1231 satis
1700 1206 1825 1231 constat.
1880 1202 1939 1230 Sed
1969 1201 2052 1230 aliud

103 1244 225 1272 omnino
248 1244 448 1282 quaerendum
472 1248 524 1273 est.
556 1244 629 1272 Nam
654 1244 888 1273 vetustissimum
913 1243 1044 1273 Caesaris
1067 1253 1174 1272 nomen
1198 1245 1310 1285 quippe
1333 1249 1361 1273 et
1384 1250 1450 1274 ante
1471 1245 1582 1273 bellum
1604 1244 1796 1273 Samniticum
1820 1244 1938 1282 quidam
1961 1244 2052 1273 Glau-

101 1286 169 1315 dius
193 1287 298 1315 Caesar
321 1287 428 1316 extitit.
473 1288 546 1314 Sane
570 1287 692 1321 Caesar,
729 1292 761 1317 ut
784 1286 894 1325 optime
917 1288 1032 1315 notavit
1054 1287 1231 1325 Salmasius,
1265 1288 1387 1326 antiqua
1410 1299 1470 1316 vox
1493 1288 1612 1323 Latina,
1647 1297 1722 1325 quae
1745 1284 1797 1317 τὸν
1819 1289 1988 1324 κουριῶντα
2009 1287 2047 1314 si-

102 1329 239 1367 gnificat,
261 1328 340 1357 unde
364 1329 506 1357 caesaries
528 1328 576 1356 vel
599 1328 731 1358 caesaria
753 1326 775 1367 ἦ
797 1327 875 1367 κόμη
899 1325 919 1366 ἦ
941 1331 1104 1367 κουριῶσα.
1129 1329 1220 1360 Duc.
1253 1329 1289 1359 A
1311 1331 1447 1360 caesarie.
1478 1331 1526 1359 Sic
1550 1330 1682 1358 Isidorus
1699 1330 1748 1357 lx.
1771 1331 1834 1360 c.3.
1859 1329 1908 1356 alii
1933 1328 1968 1356 ab
1992 1328 2050 1356 ele-

98 1371 229 1410 phanto,
253 1371 303 1409 qui
320 1371 429 1400 Punica
453 1371 554 1408 lingua
578 1382 686 1401 caesar.
710 1369 815 1400 Goth.
849 1371 923 1400 Vide
946 1381 1019 1409 quae
1042 1381 1132 1411 supra
1154 1372 1286 1401 diximus
1308 1373 1341 1401 in
1364 1373 1441 1401 notis
1464 1373 1499 1401 ad
1523 1383 1551 1401 v.
1570 1372 1739 1401 Caesariati.
1767 1370 1871 1412 Kaeca
1890 1371 1952 1399 sive
1967 1369 2050 1412 ,Ke‘qa

100 1414 260 1443 caesariem
277 1413 430 1451 significat.
464 1414 536 1441 Cum
554 1413 662 1442 suffixo
678 1426 726 1450 ra,
750 1411 853 1454 keicara
871 1416 964 1451 (nom.
981 1413 1112 1456 hecar-as)
1128 1414 1274 1453 significat
1292 1423 1447 1445 comatum.
1475 1416 1586 1444 Iterum
1611 1414 1750 1443 adiuncto
1773 1414 1882 1442 suffixo
1899 1414 1946 1450 ia,
1969 1413 2049 1452 quod

102 1467 189 1496 saepe
212 1461 319 1485 statum
343 1457 386 1485 rei
409 1455 568 1494 significat,
591 1455 706 1498 ktsscarja
729 1456 747 1486 i.
772 1466 797 1485 e.
819 1456 981 1493 caesaries,
1004 1458 1125 1496 proprie
1146 1463 1258 1487 statum
1279 1456 1409 1487 hominis
1431 1458 1539 1487 comati
1562 1457 1725 1488 denotabit.

266 1497 406 1539 Capsit.
450 1499 545 1527 Plaut.
569 1498 775 1533 Pseudol.lv,
798 1500 828 1530 8.
853 1500 900 1536 (3,
924 1498 985 1538 6.):

719 1540 754 1569 Si
775 1542 959 1570 occasionem
982 1542 1094 1581 capsit‚
1123 1544 1175 1582 qui
1184 1543 1243 1583 fiet
1265 1541 1369 1572 malus.

99 1582 185 1613 Dac-
265 1624 338 1664 Gap
348 1623 453 1655 reoli.
498 1625 593 1654 Varro
616 1624 667 1653 lib.
680 1625 702 1653 Ι.
724 1624 760 1653 de
782 1635 815 1653 re
835 1630 909 1654 rust.
932 1627 1077 1664 cap.31.:
1106 1625 1265 1666 Capreolus
1286 1628 1357 1657 vites
1379 1635 1410 1656 ut
1433 1634 1541 1665 teneat,
1571 1628 1659 1667 serpit
1682 1624 1723 1654 αᾶ
1744 1623 1843 1654 locum
1865 1622 2047 1663 capiendum,

98 1677 138 1696 ex
160 1678 216 1708 quo
239 1678 257 1695 a
279 1666 422 1707 cupiendo
446 1666 606 1707 capreolus.
652 1666 711 1695 Sed
733 1668 839 1696 melius
861 1679 876 1696 a
901 1668 1047 1707 capreolis
1070 1668 1247 1698 animalibus
1275 1670 1423 1708 deducas,
1460 1671 1529 1709 quia
1559 1668 1690 1710 capreoli
1709 1668 1755 1696 illi
1776 1667 1899 1702 vitium,
1936 1671 1970 1695 ut
1991 1676 2047 1694 ca—

98 1710 272 1747 preolorum
296 1719 425 1746 cornua,
450 1710 498 1738 vel
523 1710 622 1749 potius
646 1710 778 1748 capreoli
802 1715 926 1750 propter
950 1710 1179 1740 teneritudinem
1203 1722 1284 1740 suam
1307 1712 1349 1741 sic
1372 1713 1461 1750 dicti,
1492 1713 1640 1752 quomodo
1663 1717 1693 1740 et
1717 1709 1821 1739 Graeci
1842 1709 1976 1738 novellos
1998 1719 2047 1737 ra-

97 1762 161 1780 mos
184 1756 293 1780 vocant
315 1750 454 1791 μόσχους.
487 1751 575 1781 Duc.
619 1752 755 1780 Fortasse
784 1753 861 1783 idem
884 1754 1041 1792 Capreoli,
1079 1754 1160 1792 quod
1185 1755 1339 1794 Capronae
1361 1756 1457 1784 Nonio
1481 1756 1531 1795 (p.
1544 1757 1595 1787 22.
1620 1752 1746 1792 Mera),
1786 1752 1844 1781 nisi
1866 1751 1946 1791 quod
1966 1751 2045 1780 iufra

97 1794 303 1834 Capronarum
323 1794 355 1822 fit
378 1795 496 1823 mentio.
542 1793 647 1824 Goth.

262 1835 503 1876 capillatum.
548 1836 754 1876 Supplendum
778 1846 815 1865 ex
837 1837 934 1866 Plinio
956 1837 993 1866 de
1014 1837 1181 1867 Vestalibus
1203 1838 1278 1868 libro
1296 1839 1375 1869 XVI.
1398 1850 1464 1879 cap.
1475 1840 1526 1872 44.
1552 1838 1649 1869 Scal.
1684 1837 1802 1868 Iuvenis
1823 1836 1967 1876 capillum
1988 1835 2044 1864 (liin

96 1884 304 1908 consecrantes
332 1889 396 1908 eum
426 1880 474 1908 vel
501 1880 620 1919 templis
648 1880 695 1908 vel
724 1879 883 1908 arboribus
907 1880 1133 1919 suspendebant.
1179 1882 1229 1909 Sic
1252 1882 1390 1910 Berenice
1413 1883 1523 1911 crinem
1546 1891 1632 1910 suum
1653 1881 1684 1910 in
1707 1880 1830 1911 Veneris
1853 1879 1962 1918 templo
1984 1887 2042 1916 po·

95 1923 172 1959 suit,
205 1926 234 1950 et
259 1922 405 1959 Vestales,
436 1928 592 1960 antequam
615 1921 644 1950 in
670 1922 825 1960 collegium
849 1927 1052 1959 sacrarentur,
1082 1923 1239 1952 detonsum
1264 1925 1374 1953 crinem
1397 1925 1434 1953 ad
1460 1930 1569 1954 certam
1592 1924 1729 1953 arborem
1750 1922 1937 1958 deferebant,
1965 1926 2042 1958 quae

95 1966 162 1994 ideo
185 1963 330 2003 copillata
352 1965 399 1993 vel
421 1963 576 2004 capillaris
598 1964 692 2001 dicta,
729 1965 764 1993 de
789 1975 846 2002 qua
870 1966 946 1995 Pliu.
970 1965 1021 1994 lib.
1035 1965 1084 1993 VI.
1107 1976 1162 2004 cap
1184 1969 1253 1997 44.:
1294 1966 1461 2007 Antiquior
1487 1966 1544 1996 illa
1570 1974 1611 1996 est
1632 1966 1743 2001 Lotos,
1778 1963 1829 1994 sed
1850 1964 1960 1993 incerta
1981 1963 2041 1991 eius

94 2015 191 2043 aetus,
215 2018 288 2046 quae
306 2005 451 2046 capillata
470 2006 593 2044 dicitur,
617 2008 755 2047 quoniam
777 2006 940 2036 Vestalium
963 2008 1107 2046 virginum
1132 2007 1258 2048 capillus
1279 2008 1320 2037 ad
1341 2021 1403 2038 eam
1427 2008 1564 2051 defertur.
1601 2010 1702 2048 Neque
1725 2008 1782 2037 diis
1802 2011 1915 2036 tantum
1940 2015 2037 2034 comas

96 2060 162 2078 suas
186 2054 298 2078 veteres
320 2049 548 2087 consecrabant,
581 2050 630 2078 sed
654 2049 826 2077 fluminibus
849 2050 953 2086 etiam,
983 2050 1132 2078 interdum
1157 2056 1187 2079 et
1208 2052 1325 2089 amicis,
1355 2056 1388 2080 ut
1409 2052 1439 2080 in
1462 2052 1558 2081 insula
1583 2051 1653 2081 Delo
1674 2055 1801 2080 testatur
1823 2047 2036 2078 Callimachus:

615 2089 704 2122 ’Ἡτοι
728 2089 874 2130 Δηλιάδες
896 2092 963 2131 μὲν,
991 2089 1037 2122 ὅτ’
1061 2090 1169 2132 εὐήχης
1189 2091 1331 2131 ὑμέναιος

617 2133 716 2164 'Hasce
736 2131 879 2172 κουράων
901 2134 1116 2172 μορμύσσιται,
1156 2132 1247 2174 ἡλίκα
1268 2138 1371 2175 χαίτην

626 2177 830 2216 Παρθενικαὶ,
864 2180 967 2212 παῖδες
989 2176 1022 2207 δὲ
1042 2176 1134 2217 θέρος
1155 2176 1189 2209 τὸ
1211 2180 1332 2218 πρῶτον
1355 2177 1446 2210 Ζούλω

612 2216 752 2258 ’Ἀρσενες
773 2216 924 2255 ἧῖθέοισιν
947 2216 1150 2258 ἀπαρχόμενοι
1173 2221 1347 2260 φορέουσιν.

90 2264 186 2300 Quem
209 2262 306 2290 locum
329 2261 376 2290 vel
401 2261 528 2290 levicula
550 2261 654 2290 menda
678 2261 753 2290 male
776 2261 931 2290 deformat.
967 2261 1133 2299 Legendum
1157 2268 1365 2303 παρθενικαῖς.
1399 2261 1552 2303 Δηλιάδες
1569 2264 1781 2300 παρθενικαῖς.
1802 2262 1906 2297 παῖδες
1928 2260 1958 2292 δὲ
1980 2257 2030 2297 ἅρ-

88 2317 169 2341 σενες
191 2302 350 2343 ἠϊθὲοισιν.
395 2304 468 2332 Nam
491 2301 523 2334 τὸ
547 2302 695 2342 Δηλιάδες
723 2304 904 2342 παρθενικαὶ
934 2303 1169 2343 comprehendit.
1214 2306 1251 2335 Et
1279 2307 1318 2336 ita
1348 2307 1418 2336 olim
1442 2306 1545 2345 legisse
1568 2305 1688 2334 videtur
1711 2303 1906 2339 Scholiastes,
1947 2302 2028 2330 cuius

89 2347 195 2378 verba:
220 2347 419 2383 παρθενικαὶ,
443 2342 503 2376 vind
526 2349 634 2377 κοινοῦ
654 2345 685 2376 τὸ
709 2346 882 2384 φορέουσιν.
929 2346 983 2375 Da
994 2357 1016 2376 c.

256 2388 469 2419 Contestari
497 2387 607 2418 litem.
654 2389 727 2418 Vide
750 2389 786 2418 ad
812 2388 979 2420 Contestan·
999 2396 1039 2418 est
1061 2400 1127 2419 cum
1150 2395 1207 2420 etc.
