2263 2668
504 177 569 211 DE
596 151 984 211 SIGNIFIGATIONE
1012 176 1296 214 VERBORUM.
1349 177 1494 212 LIBER
1520 176 1629 211 XVII.
1969 181 2042 216 715

92 270 182 299 docet
205 269 390 308 Onuplirius.
412 269 499 299 Dae.
544 270 671 309 Supple:
708 269 845 298 Sabatina
868 268 964 298 tribus
987 281 1002 298 a
1026 270 1093 299 lacu
1117 271 1221 300 Sabate
1244 272 1325 300 dicta
1348 276 1401 300 est.
1447 270 1527 300 Nihil
1550 268 1677 310 amplius
1702 269 1792 299 deest.
1816 268 1923 301 Idem.
1969 274 2043 304 Vide

92 313 216 342 Florum
242 312 334 352 (Epit.
357 312 434 352 Liv.)
458 313 508 341 lib.
522 312 570 342 VI.
618 311 721 342 Goth.

258 354 402 384 Sabini.
443 355 721 393 Interpretationem
744 354 902 383 desiderat.
922 353 1007 383 Ant.
1025 355 1119 395 Aug.
1155 356 1255 384 Sabini
1278 357 1367 393 dicti,
1392 361 1426 385 ut
1449 355 1489 384 ait
1506 355 1600 384 Varro
1618 355 1787 391 Terentius,
1812 356 1894 394 quod
1916 367 1950 386 ea
1972 368 2043 396 gens

91 398 125 427 P.
149 397 180 426 P.
204 397 284 425 colat
307 397 394 434 dem,
420 395 480 428 ἀπὸ
502 401 557 428 τοῦ
580 398 729 437 σέβεσθαι.
760 397 836 426 lllud
861 397 911 426 PP.
936 396 1080 434 significat
1100 400 1271 438 praecipue,
1295 409 1386 438 quare
1409 403 1438 428 et
1461 399 1604 435 glossema
1628 398 1797 436 appositum
1822 404 1895 430 erat.
1929 401 2042 430 Plinius

92 439 163 479 (III,
192 439 267 477 12.):
306 439 427 476 Sabini,
465 447 495 468 ut
522 438 644 480 quidam
675 440 891 475 existimavere,
928 450 946 466 α
974 439 1112 479 religione
1141 449 1166 469 ct
1190 441 1316 470 Deorum
1340 440 1419 471 cultu
1443 440 1543 469 Sebini
1564 439 1714 479 appellati.
1743 440 1845 470 Scal.
1890 443 1990 472 Sabini
2011 445 2043 472 in

92 482 214 520 longum
237 492 290 521 per
307 482 366 511 CK)
383 481 476 511 stadia
499 482 632 521 porrecti
649 493 665 511 a
681 482 781 511 Tiberi
804 487 833 511 et
846 483 1010 518 Nomento,
1034 483 1144 521 oppido
1167 494 1262 522 usque
1285 485 1322 513 ad
1339 485 1483 513 Vestinos.
1517 483 1728 521 Antiquissima
1751 494 1828 521 gens.
1861 485 1904 513 Ab
1927 485 1973 514 his
1995 486 2043 515 Pi-

92 525 220 595 centini&
245 525 407 561 samniiae,
439 524 474 552 ab
498 524 544 553 his
568 525 696 561 Lucani,
728 526 762 553 ab
786 525 831 554 his
853 525 959 553 Brutii.
984 524 1038 553 Da
1050 537 1073 554 c.
1118 527 1153 554 In
1176 528 1321 565 argenteis
1345 527 1472 556 denariis
1497 526 1529 554 D.
1554 526 1582 556 P.
1606 526 1636 554 P.
1660 525 1824 563 significant
1847 526 1925 557 Deos
1944 540 2043 567 pena-

91 575 143 596 tes.
224 567 293 596 otlz.

259 608 382 638 Silere
406 617 565 648 tangere.
591 609 669 648 (Vid.
690 620 718 648 p.
732 608 815 649 264.)
839 610 927 646 Lege:
951 607 1058 647 Silere,
1082 618 1177 640 tacere
1198 612 1457 652 significat‚ficto
1479 609 1622 641 vocabulo
1646 609 1684 638 ab
1709 609 1739 638 S.
1763 609 1863 648 litera,
1887 623 1962 652 quae
1983 613 2043 642 ini-

91 652 165 680 tium
186 658 227 680 est
249 653 309 680 eius
330 652 419 681 vocis.
455 652 532 680 llaec
554 652 665 681 Festus.
703 652 786 681 Hanc
810 652 1005 680 differentiam
1029 653 1108 681 inter
1130 654 1215 683 silere
1239 659 1268 682 et
1293 659 1389 683 tacere
1413 659 1547 683 statuunt
1570 653 1778 689 Grammatici,
1805 658 1839 682 ut
1861 655 1981 693 proprie
2005 656 2042 683 si-

91 694 153 723 lere
176 694 331 728 dicautur,
356 694 406 732 qui
430 695 486 722 iam
511 695 591 733 loqui
616 700 794 733 coeperunt,
818 700 917 724 tacere
939 705 1025 731 vero,
1051 697 1100 734 qui
1125 707 1181 725 non
1205 703 1289 726 antea
1314 697 1519 736 loquebantur.
1543 696 1630 726 Dae.
1666 696 1709 724 Cf.
1730 695 1896 725 Doederlin.
1919 698 1989 736 Syn.
2015 703 2044 726 et

93 737 188 776 Etym.
214 737 241 766 L.
265 737 292 764 L.
317 736 420 765 tourl.
445 747 508 776 pag.
522 739 572 768 84.
587 747 668 776 seqq.

258 777 460 819 Sanqualis
480 786 602 819 porta.
647 780 749 808 Potius
773 779 808 807 ab
832 780 901 809 aede
925 780 1011 808 sanci
1035 780 1095 808 sive
1119 782 1206 818 Sangi
1231 782 1308 810 dicta
1330 781 1498 822 sanqualis,
1531 780 1681 819 quomodo
1705 781 1740 808 ab
1765 781 1895 809 eiusdem
1919 782 1971 809 Dei
1993 786 2043 810 tu-

92 821 151 850 tela
174 821 315 858 ossifraga
338 822 401 849 avis
424 822 527 851 eodem
550 821 669 850 nomine
694 823 772 851 dicta
797 829 847 852 est.
883 824 922 852 De
938 822 1038 862 Sango
1062 823 1130 852 vide
1154 825 1182 851 in
1204 823 1412 863 Propterviam.
1433 824 1488 852 Da
1499 835 1522 853 c.
1562 823 1646 852 Adde
1666 823 1828 852 Varronem
1843 823 1892 852 IV.
1910 824 1947 852 de
1964 824 1994 853 L.
2011 825 2043 854 L.

106 864 140 893 V.
185 874 227 902 ag.
240 867 290 895 72.
313 863 385 902 Sp.).

91 864 103 903 <
161 875 181 903 P
258 905 367 935 Sella
391 905 543 936 curulis.
568 905 627 946 (Ad
652 906 777 947 p.264.)
802 908 880 937 Haec
903 908 1081 946 ignoramus.
1107 907 1196 936 Ant.
1219 909 1312 948 Aug.
1357 910 1431 937 Puto
1457 906 1553 937 Sellae
1576 907 1670 937 curuli
1692 907 1775 937 locus
1797 910 1826 937 in
1851 908 1944 944 circo,
1975 909 2043 937 item

90 950 233 987 proximo
256 948 371 985 lictori,
392 948 658 989 posterioribusque
681 948 834 979 lictoribus
853 951 991 990 prom-ime
1011 948 1153 978 sacellum
1169 950 1307 980 Murciae
1319 950 1405 992 fuit,
1431 949 1466 979 de
1486 961 1544 990 quo
1566 949 1632 979 loco
1657 950 1855 990 despiciebant
1874 949 2044 989 spectacula.

91 992 291 1030 magistratus.
335 992 437 1029 Neque
459 991 490 1020 id
514 991 654 1020 abhorret
677 1003 691 1020 a
715 994 925 1022 consuetudine
949 994 1096 1027 Romana,
1132 997 1162 1020 ut
1189 994 1373 1030 magistratus
1397 994 1426 1022 in
1449 994 1520 1022 sella
1544 994 1640 1022 curuli
1665 995 1713 1031 qui
1736 993 1824 1022 ludos
1848 992 1964 1030 ederet,
1993 998 2044 1022 aut

92 1033 169 1062 alius
199 1035 314 1073 quivis,
352 1034 389 1062 ad
418 1035 529 1073 primas
557 1040 648 1063 metas
677 1040 777 1065 staret.
822 1036 895 1065 Nam
922 1036 960 1064 ad
982 1046 1029 1065 eas
1054 1036 1128 1063 Deae
1152 1036 1282 1064 Murciae
1305 1037 1445 1065 sacellum
1469 1036 1558 1064 fuisse
1581 1037 1621 1064 ait
1641 1036 1851 1066 Tertullianus.
1897 1035 1961 1064 Non
1983 1036 2043 1064 im-

91 1076 188 1115 probo
218 1082 331 1113 tumen,
371 1077 407 1105 ad
437 1077 577 1106 sacellum
601 1078 748 1107 Mercurii.
793 1079 865 1107 Nam
895 1083 924 1107 et
947 1078 983 1106 ad
1007 1079 1124 1106 Circum
1147 1079 1306 1107 maximum
1332 1080 1388 1107 fuit
1411 1079 1495 1108 aedes
1520 1078 1581 1106 eius
1608 1079 1666 1106 Dei.
1697 1077 1795 1108 Scal.
1838 1078 1920 1106 Idem
1943 1078 2043 1107 Livius

91 1118 143 1146 lib.
159 1119 200 1156 ll,
223 1122 302 1155 (31.)
329 1119 459 1156 Valerio,
497 1120 610 1158 inquit,
645 1120 786 1149 dictatori
814 1132 904 1160 super
931 1121 1034 1150 solitos
1064 1119 1192 1149 honores
1216 1122 1299 1149 locus
1322 1122 1351 1150 in
1376 1122 1463 1150 Circo
1487 1121 1544 1159 ipsi
1567 1121 1755 1159 posterisque
1779 1120 1816 1149 ad
1839 1121 2044 1159 spectaculum

92 1161 189 1191 datus.
222 1162 294 1191 Ideo
318 1167 414 1190 autem
438 1163 574 1201 proxime
597 1163 739 1191 sacellum
760 1165 901 1201 Murfiae,
925 1164 993 1201 quia
1010 1163 1086 1192 illud
1103 1164 1209 1192 eratin
1227 1164 1328 1198 Circo,
1353 1164 1402 1192 ubi
1421 1165 1530 1197 Metae,
1554 1165 1616 1191 sive
1633 1163 1788 1202 oppidum.
1820 1163 1915 1192 Varro
1932 1163 1981 1192 lib.
1994 1163 2042 1191 IV.

92 1205 171 1242 (pag.
186 1206 256 1236 153.
279 1204 361 1243 Sp.):
398 1203 434 1233 ln
460 1203 545 1234 Circo
573 1206 686 1243 primo,
721 1205 798 1235 unde
825 1208 979 1235 mittuntur
1008 1206 1088 1246 equi,
1126 1216 1202 1234 nunc
1231 1205 1368 1235 dicuntur
1393 1205 1536 1236 Carceres.
1582 1205 1708 1234 Naevius
1737 1204 1876 1245 oppidum
1904 1204 2042 1245 appellat.

94 1245 231 1276 Carceres
249 1246 337 1283 dicti,
363 1246 442 1287 quod
464 1255 630 1276 coercentur
652 1249 733 1288 equi,
758 1260 792 1277 ne
814 1248 881 1277 inde
903 1257 1027 1284 exeant,
1050 1256 1205 1288 antequam
1228 1250 1418 1288 magistratus
1441 1249 1535 1277 misit:
1559 1247 1716 1287 oppidum,
1739 1246 1819 1287 quod
1835 1259 1852 1276 a
1869 1249 1946 1276 mari
1959 1255 2043 1287 parte

89 1290 189 1328 pinnis
212 1288 395 1329 turribusque
418 1301 547 1318 carceres
569 1289 640 1319 olim
656 1290 793 1331 fuerunt.
831 1290 956 1330 Scripsit
976 1299 1080 1328 poeta:
1107 1290 1250 1327 dictator,
1274 1291 1323 1320 ubi
1346 1303 1461 1320 currum
1484 1289 1607 1326 insidet,
1628 1290 1791 1330 pervehitur
1812 1301 1902 1330 usque
1923 1290 1963 1319 ad
1987 1301 2043 1329 op-

89 1331 202 1370 pidum.
247 1330 372 1360 Imimus
397 1330 498 1360 Circus
519 1331 560 1360 ad
582 1332 730 1361 Murtium
752 1341 887 1369 vocatus,
917 1340 948 1361 ut
972 1332 1116 1362 Procilius
1137 1333 1249 1370 aiebat,
1283 1333 1320 1362 ab
1344 1334 1452 1369 urceis,
1485 1332 1565 1373 quod
1587 1334 1611 1360 is
1634 1332 1716 1362 locus
1738 1340 1809 1361 esset
1830 1333 1905 1361 inter
1916 1331 2043 1372 figulos,

90 1373 161 1403 Alii
182 1386 240 1402 esse
263 1372 365 1403 dicunt
388 1385 406 1402 a
429 1381 551 1402 mur-teto
575 1373 769 1411 declinatum,
800 1374 880 1415 quod
901 1374 944 1403 ibi
956 1375 1062 1416 fuerit.
1110 1373 1197 1404 Cuius
1219 1377 1369 1415 vestigium
1393 1383 1505 1413 manet,
1537 1371 1681 1415 quodibi
1704 1373 1853 1404 Sacellum
1877 1376 2044 1403 etiamnunc

91 1415 225 1445 Murtiae
248 1415 378 1445 Veneris.
424 1416 477 1444 Ubi
502 1417 682 1453 notandum,
714 1427 832 1446 versum
855 1418 956 1454 illum,
989 1428 1075 1456 quen]
1101 1418 1194 1446 Varro
1218 1418 1342 1447 adducit
1363 1428 1400 1446 ex
1423 1419 1530 1453 Poeta,
1561 1418 1624 1446 sive
1648 1418 1699 1446 ille
1723 1418 1868 1454 Naevius,
1898 1417 1962 1446 sive
1984 1417 2044 1445 Eu-

89 1458 158 1487 nius
180 1459 234 1494 sit,
259 1469 295 1487 ex
319 1458 413 1487 hocce
433 1459 511 1488 Festi
534 1460 602 1488 loco
625 1460 750 1489 fortasse
773 1460 870 1489 lucem
893 1470 1014 1499 capere:
1038 1471 1091 1499 per
1115 1461 1293 1490 Dictatorem
1319 1461 1395 1490 enim
1414 1461 1562 1489 Valerium
1586 1460 1740 1498 intelligit,
1765 1470 1820 1499 Per
1843 1470 1964 1489 currum
1987 1459 2042 1488 sel-

90 1501 147 1530 lam
171 1502 320 1531 Cur-ulem.
367 1501 451 1530 Duc.

257 1543 416 1572 Sontica
439 1555 562 1573 causa.
586 1543 644 1582 (Ad
669 1555 697 1582 p.
709 1544 794 1583 264.)
821 1544 863 1573 De
886 1557 922 1575 re.
961 1545 997 1574 M.
1024 1545 1093 1572 Cato
1119 1545 1156 1573 de
1179 1556 1211 1574 re
1234 1546 1327 1574 ssoria.
1364 1546 1406 1574 lta
1431 1546 1541 1574 citatur
1564 1545 1599 1573 ab
1627 1545 1736 1583 Agellio
1755 1545 1791 1572 X.
1816 1555 1840 1572 c.
1857 1547 1904 1575 13.
1938 1542 2040 1573 Goth.

92 1585 164 1614 Vide
189 1584 351 1615 Santicum.

257 1626 510 1656 Stiricidium.
555 1628 676 1657 servius
700 1628 730 1656 iu
754 1629 830 1657 illud
848 1629 896 1657 111.
921 1630 1028 1667 Georg.
1052 1630 1162 1667 (366.):

693 1670 843 1711 Stiriaque
865 1672 991 1711 impertis
1015 1671 1147 1700 induruit
1169 1670 1292 1701 horrida
1315 1671 1423 1700 barbis.

92 1712 201 1748 Stiria,
232 1712 347 1750 inquit,
378 1719 419 1740 est
436 1719 539 1750 gutta:
569 1711 692 1752 indefit
715 1712 936 1751 diminutivum,
968 1722 998 1742 ut
1022 1713 1156 1743 dicamus
1177 1713 1269 1743 stilla.
1294 1714 1383 1743 Dac.
1425 1715 1538 1742 Glossis
1559 1711 1767 1753 ὖὸρυστάσιον.
1796 1711 1900 1742 Goth.
1941 1709 2042 1740 Stilla-

91 1755 204 1784 Glossis
229 1753 361 1794 σταγών,
388 1754 565 1794 σταλαγμός.
609 1754 721 1785 Idem.

255 1797 454 1826 Servorum
479 1796 557 1826 dies
570 1797 710 1837 festus,
758 1798 831 1826 Vide
854 1809 954 1837 supra.

255 1839 514 1868 Sacramenta.
557 1841 748 1869 sacramento
773 1841 902 1877 dicitur,
939 1841 1018 1878 quod
1044 1847 1179 1870 sacratur
1201 1841 1259 1870 fide
1282 1841 1474 1880 interposita,
1511 1851 1544 1868 ac
1568 1846 1629 1868 tum
1655 1843 1839 1868 sacramento
1862 1838 1973 1866 dicitur
1996 1838 2043 1864 in-

90 1883 234 1920 terrogari
265 1882 391 1921 quidam.
438 1883 509 1910 Cato
538 1882 568 1911 in
592 1883 627 1918 Q.
652 1882 811 1911 Thermum
835 1883 871 1911 de
895 1884 930 1912 X.
956 1883 1140 1912 hominibus:
1179 1885 1326 1917 Aderant,
1363 1894 1398 1912 ne
1421 1884 1496 1911 mala
1520 1883 1577 1911 fide
1602 1883 1775 1911 viderentur
1798 1881 1907 1909 scelera
1932 1879 2044 1907 nefaria

90 1927 170 1963 fieri,
195 1926 245 1964 qui
269 1926 401 1954 dicerent
423 1930 625 1961 sacramen103
651 1926 840 1954 traderentur
863 1926 940 1963 lege3
970 1927 1205 1957 aestimarentur.
1230 1925 1330 1956 Scal.
1376 1927 1425 1954 Sic
1448 1931 1630 1954 sacramento
1655 1925 1752 1953 dicere
1775 1925 1881 1952 milites
1904 1922 2044 1950 diceban-

89 1976 154 2006 tur,
186 1978 253 1996 cum
277 1968 314 1996 ad
337 1968 543 1996 iusiurandum
567 1968 778 2006 adigebantur,
808 1979 838 1997 se
863 1969 964 2007 llennp.
989 1979 1047 1997 non
1072 1969 1250 1998 deserturos,
1294 1970 1355 1997 Liv.
1380 1969 1430 1997 lib.
1444 1969 1476 1997 V.
1502 1968 1617 2006 (XXV,
1642 1968 1702 2005 5.):
1735 1966 1859 1996 Tribuni
1880 1963 1988 2003 plebis,
2018 1964 2044 1992 si

88 2013 130 2041 eis
151 2010 310 2047 videretur,
333 2009 374 2039 ad
393 2009 535 2049 populum
548 2009 681 2050 ferrent,
715 2018 745 2039 ut
768 2012 820 2051 qui
841 2012 965 2039 minores
988 2010 1084 2040 decem
1109 2019 1134 2040 et
1157 2019 1261 2052 septem
1283 2012 1369 2040 annis
1391 2018 1575 2040 sacramento
1599 2009 1758 2046 dixissent,
1790 2010 1826 2037 iis
1844 2005 1963 2046 perinde
1984 2006 2043 2056 seti-

88 2054 196 2094 paendia
215 2052 419 2092 procederent,
444 2064 480 2081 ac
502 2053 528 2081 si
548 2053 652 2091 viginti
674 2064 837 2091 annorum,
860 2061 910 2082 aut
933 2054 1058 2082 maiores
1080 2053 1187 2083 milites
1199 2053 1286 2095 facti
1308 2061 1407 2082 essent.
1442 2053 1515 2082 Inde
1537 2054 1566 2082 in
1592 2053 1720 2081 Glossis:
1746 2050 1969 2080 Sacramentum
1993 2046 2042 2086 0¹9-

88 2110 142 2133 κος
165 2093 374 2135 στρατιωρκός.
407 2096 630 2124 Sacramentum
653 2100 750 2125 tamen
773 2107 788 2124 a
812 2096 1004 2125 iureiurando
1028 2097 1181 2126 diversum
1206 2097 1279 2125 facit
1302 2096 1364 2125 Liv.
1386 2096 1435 2125 lib.
1448 2096 1551 2133 XXII,
1575 2098 1625 2127 38.
1646 2095 1735 2124 Dae.
1770 2093 1843 2122 Vide
1863 2101 1952 2130 supra
1978 2089 2040 2118 Ob-

87 2141 205 2169 stinato.
251 2137 355 2167 Gotli.

255 2180 429 2218 siremps.
474 2178 586 2208 Charis·
609 2179 695 2208 lib-1.
717 2180 887 2218 (pagno.
912 2181 962 2217 P.)
986 2181 1094 2217 tradit,
1124 2180 1253 2220 Siremps
1276 2181 1458 2210 nominativo
1480 2184 1596 2209 tantum
1621 2188 1692 2207 casu
1715 2178 1774 2206 dici
1798 2182 1826 2206 et
1849 2174 1978 2204 ablativo
2002 2171 2040 2201 ab

88 2222 145 2252 Izac
168 2221 321 2260 Sirempse.
345 2221 517 2259 Significnre
541 2226 654 2250 autem:
686 2221 829 2251 Similiter
851 2221 903 2252 lex
925 2230 993 2252 esto.
1018 2224 1127 2252 Extant
1150 2224 1263 2261 aliquot
1288 2224 1405 2252 tabulae
1429 2224 1544 2259 legum,
1567 2223 1598 2250 in
1622 2221 1730 2259 quibus
1753 2221 1794 2248 ita
1817 2219 1958 2255 scriptum
1983 2220 2039 2243 est:

89 2264 148 2294 DE
169 2263 224 2293 EO
246 2262 373 2293 AGRO
395 2263 590 2293 SIREMPS
612 2263 706 2292 LEX
726 2263 852 2301 ESTO,
876 2266 953 2293 etin
976 2266 1084 2294 altera:
1110 2265 1393 2304 SIREMPSQUE
1415 2264 1484 2294 EIS
1508 2262 1788 2293 VIATORIBUS
1810 2257 1955 2296 DEQUE
1973 2255 2043 2286 EIS

90 2305 373 2337 VIATORIBUS
393 2305 428 2344 Q.
449 2305 638 2336 OMNIUM
659 2305 825 2336 RERUM
844 2306 919 2336 IUS
939 2307 1122 2346 LEXQUE
1144 2307 1263 2344 ESTO,
1290 2307 1457 2347 QUASEI
1475 2305 1546 2336 SEI
1563 2305 1611 2335 EI
1632 2301 1858 2335 VIATORES
1876 2299 1923 2350 {N
1940 2298 2044 2328 EAM

87 2348 331 2378 DECURJAM
365 2347 416 2376 IN
450 2348 614 2377 TRIBUS
652 2348 933 2379 VIATORIBUS
960 2349 1117 2379 ΛΝΤΕΑ
1149 2349 1310 2380 LEGTEI
1336 2348 1579 2380 SUBLEGTEI
1608 2347 1782 2380 ESSENT‚
1830 2342 1965 2380 QUAM
1994 2339 2045 2369 ΙΝ

91 2390 285 2429 QUISQUE
311 2389 553 2420 DECURIAM
579 2389 743 2420 EORUM
769 2391 829 2420 EX
856 2390 953 2422 HAG
978 2391 1096 2421 LEGE
1124 2392 1300 2422 VIATOR
1329 2391 1499 2422 LEGTUS
1525 2390 1636 2421 ERIT
1663 2383 1941 2432 SlREMPSQUE
1971 2381 2041 2431 1⁴:155

89 2432 402 2464 PRAECONIBUS
425 2431 685 2472 QUAESTORI
706 2432 898 2464 OMNIUM
919 2434 1083 2465 VERUM
1103 2434 1177 2464 IUS
1196 2434 1379 2474 LEXQUE
1398 2433 1518 2464 ESTO.
1564 2435 1594 2461 ln
1623 2433 1668 2461 his
1691 2429 1826 2459 omnibus
1848 2427 1974 2455 similem
1998 2436 2038 2453 sr—

1455 2486 1632 2518 Xxxx*
