2263 2668
494 155 558 189 DE
584 153 972 189 SIGNIFICATIONE
1000 154 1284 189 VERBORUM.
1338 154 1484 188 LIBER
1503 153 1595 189 XIX.
1939 157 2013 191 749

63 247 137 277 Nam
160 247 246 284 olim,
285 246 336 285 qui
364 247 488 276 fundum
519 248 646 288 aliquem
670 258 754 276 suum
779 256 840 274 esse
863 245 997 283 dicebat,
1037 258 1073 276 ex
1096 258 1130 277 eo
1153 248 1251 286 glebas
1275 248 1388 287 aliquas
1410 248 1442 276 in
1464 248 1511 276 ius
1534 247 1662 283 ferebat,
1696 253 1730 277 ut
1753 247 1791 277 de
1813 249 1907 278 fundo
1930 250 2012 279 litem

64 295 200 319 moveret
222 295 251 318 et
273 289 420 318 vindicias
443 296 566 328 peteret.
589 289 697 320 Idem.
730 290 776 319 At
799 288 880 327 Ser-g.
905 289 991 329 Sulpi
1014 312 1021 319 .
1048 313 1054 320 .
1081 312 1087 319 .
1112 291 1180 321 iam.
1216 292 1302 328 Lege:
1327 291 1372 319 At
1396 290 1510 320 Servius
1534 289 1678 329 Sulpitius
1701 291 1815 320 nomine
1836 293 1922 321 eiiam
1945 294 2014 321 sin-

63 332 207 373 gulariter
219 331 360 373 formato
382 332 544 362 vindiciam
567 334 609 362 ait
633 344 691 362 esse
712 344 792 368 eam,
815 342 872 371 qua
897 330 932 359 cle
955 344 983 360 re
1006 338 1060 361 etc.
1103 332 1233 362 t‘inclicia
1256 344 1310 372 pro
1334 332 1480 362 vindiciae
1501 333 1532 361 in
1555 333 1636 363 XH.:
1662 331 1696 361 Si
1717 331 1877 363 vindiciam
1891 333 2014 375 falsam

65 373 148 411 tulit,
179 375 219 402 rei
240 375 299 402 sive
322 373 382 402 litis
402 383 520 414 praetor
543 375 671 404 arbitros
694 382 749 403 ires
773 373 860 410 dato,
891 385 987 402 eornm
1011 374 1134 404 arbitrio
1147 375 1272 417 fructus
1296 374 1432 413 duplione
1454 374 1593 404 damnum
1617 373 1755 406 decidito.
1798 375 1847 404 Sic
1869 377 1945 405 enim
1968 377 2014 406 le-

65 416 203 455 gendum.
247 417 319 444 Nam
343 417 373 444 in
397 416 521 446 Schedis
545 423 623 446 erat:
647 417 682 446 Si
702 415 861 446 vindiciam
875 415 997 456 falsam
1021 417 1089 445 tulit
1112 440 1118 446 .
1143 440 1149 447 .
1174 440 1180 446 .
1204 440 1210 446 .
1233 419 1259 446 si
1280 416 1347 446 velit
1370 419 1394 446 is
1419 439 1558 447 .....
1582 425 1642 454 ior,
1666 417 1794 447 arbitros
1816 423 1871 448 etc.
1911 419 2015 448 Vindi-

66 460 141 487 ciam
162 460 240 487 serre
264 464 308 487 est
331 460 449 487 decreto
472 471 534 489 rem
559 461 708 495 obtinere,
731 459 891 487 vindiciam
916 459 1034 487 dicebat
1058 460 1161 495 iudex,
1185 460 1297 488 serebat
1320 461 1357 495 is,
1382 461 1431 498 qui
1454 470 1517 489 rem
1540 460 1699 489 obtinebat.
1729 461 1785 489 Sed
1808 461 1833 489 si
1853 461 2015 490 vindiciam

65 502 118 530 ille
140 501 266 536 tulerat,
291 502 342 539 qui
365 512 425 530 non
448 502 607 539 debuerat,
631 507 752 541 praetor
775 507 834 530 tres
857 501 985 529 arbitros
1009 502 1112 538 dabat,
1137 513 1261 540 quorum
1285 502 1407 531 arbitrio
1431 503 1572 541 duplione
1596 502 1735 531 damnum
1759 503 1866 532 luebat.
1904 504 1990 533 Dac-

236 543 405 573 Umbrae.
449 546 516 574 Non
540 545 635 574 solum
658 546 689 573 in
711 544 943 582 Neptunalibus,
967 545 1017 572 sed
1041 545 1129 573 etiam
1152 546 1217 574 aliis
1240 546 1420 574 solemnibus
1443 545 1679 580 celebritatibus,
1703 550 1736 574 ut
1759 545 1789 573 in
1812 546 1935 574 solemni
1956 547 2016 574 An-

66 596 122 616 nae
144 586 304 615 Perennae.
350 586 477 616 Ovidius
501 588 569 626 (111,
594 589 695 626 529.):

602 628 688 658 Plebs
709 630 785 658 venit
808 640 845 658 ac
867 627 972 657 virides
992 631 1101 668 passim
1126 629 1247 659 disiecta
1267 642 1320 670 per
1342 630 1445 660 herbas

642 671 745 708 Potui,
778 679 804 699 et
827 671 974 700 accumbit
997 683 1061 701 cum
1081 684 1153 712 pare
1174 674 1294 713 quisque
1315 684 1369 702 sua

603 713 664 743 Sub
686 713 753 743 Iove
772 725 844 754 pars
866 712 971 751 durem
998 717 1089 752 pauci
1111 716 1234 744 tentoria
1253 723 1375 755 ponunt.

647 755 723 785 Sunt
746 755 850 796 quibus
872 768 886 784 e
908 757 998 785 ramis
1010 756 1146 796 frondea
1160 757 1255 798 facta
1277 768 1349 787 casa
1372 765 1422 786 esi.

603 797 678 827 Pars
701 798 757 827 sibi
776 809 831 838 pro
855 797 958 838 rigidis
982 798 1113 828 calamos
1134 807 1258 828 statuere
1280 799 1433 836 columnis,

644 840 773 880 Desuper
795 848 929 869 extentas
950 843 1109 880 imposuere
1131 850 1223 880 togas.

67 885 151 921 Quae
174 884 270 912 sactae
291 887 358 911 sunt
383 893 398 911 e
421 882 594 918 frondibus,
630 883 767 912 trichilae
792 884 973 912 vocabantur
996 895 1011 912 a
1036 885 1200 919 veteribus,
1238 889 1270 912 ut
1293 884 1362 912 alibi
1384 883 1569 920 notavimus,
1603 889 1631 912 et
1654 883 1782 921 amplius
1805 883 1843 911 ad
1865 883 2018 911 Caesarem

66 929 215 963 dicemus,
252 925 332 964 apud
356 935 443 962 quem
466 928 496 954 in
520 925 657 954 omnibus
680 927 908 964 manuscriptis,
945 931 1093 964 quotquot
1116 932 1218 955 extant
1241 928 1355 963 (extant
1378 932 1474 955 autem
1495 926 1615 963 infiniti)
1639 925 1806 963 codicibus,
1843 930 1907 954 tum
1930 925 2019 954 etiam

65 971 97 999 in
119 969 272 998 veteribus
296 967 475 997 editionibus
499 967 666 1005 Trichilae,
692 979 750 997 non
774 969 902 997 triclinia
924 969 1033 1006 legitur
1055 970 1150 1007 (Caes.
1174 970 1210 998 de
1231 970 1304 998 Bell.
1327 970 1407 1000 civil.
1425 969 1483 1006 ΙΙΙ,
1506 969 1581 1006 96.).
1626 969 1722 1003 Quam
1744 968 1845 1007 inepta
1868 967 1958 997 lectio
1981 967 2019 996 sit

64 1013 202 1050 vulgata,
226 1010 418 1040 ostendemus
440 1011 472 1039 in
494 1011 546 1048 iis,
577 1021 652 1049 quae
675 1011 713 1040 ad
736 1011 834 1050 ipsum
857 1012 1026 1047 Caesarem,
1056 1022 1142 1049 quem
1166 1012 1388 1049 diligentissime
1413 1022 1479 1040 cum
1504 1011 1597 1040 veteri
1620 1010 1724 1039 codice
1747 1010 1941 1046 contulimus,
1965 1020 2019 1038 an·

66 1061 220 1091 notamus,
245 1054 314 1092 quia
337 1054 422 1082 video
447 1053 624 1092 quibusdan]
649 1054 744 1082 doctis
768 1054 840 1082 viris
864 1055 1092 1082 commentitiam
1116 1055 1272 1083 lectionem
1294 1054 1451 1093 placuisse.
1486 1054 1603 1082 Primus
1628 1053 1704 1082 enim
1719 1053 1881 1082 Beroaldus
1904 1053 2020 1081 censuit

74 1096 224 1127 Thericlea
247 1107 302 1135 pro
332 1095 480 1125 Trichilae
501 1097 657 1134 legendum
682 1107 754 1125 esse.
789 1097 894 1124 Postea
918 1098 1080 1126 extiterunt
1101 1097 1262 1135 ineptiores
1285 1097 1337 1125 illo
1361 1096 1416 1125 hac
1440 1097 1558 1135 quidem
1578 1097 1610 1124 in
1632 1106 1682 1132 re,
1706 1096 1758 1135 qui
1783 1094 1926 1125 Triclinia
1949 1095 2020 1123 sub-

66 1141 237 1169 stituerunt.
276 1138 334 1166 Sed
359 1138 394 1166 de
418 1139 462 1167 his
485 1149 537 1167 suo
561 1139 638 1167 loco.
663 1138 766 1168 Scal.
800 1139 1006 1168 Tabernacula
1030 1140 1091 1168 sive
1112 1140 1239 1168 tentoria
1263 1139 1299 1167 ad
1323 1140 1512 1178 excipiendos
1535 1139 1723 1178 peregrinos,
1746 1139 1798 1177 qui
1820 1138 1857 1167 ad
1880 1142 2019 1176 spectan-

66 1183 120 1212 dos
143 1183 231 1211 ludos
255 1182 459 1212 convenirent,
501 1182 585 1217 Quae
607 1182 744 1210 similiter
767 1182 889 1210 Graecis
913 1181 1032 1218 σκιάδες
1055 1182 1162 1211 dictae.
1202 1181 1372 1210 Athenaeus
1395 1182 1445 1210 lib.
1458 1182 1507 1211 IV.
1550 1181 1641 1211 Dac.

236 1222 431 1255 Vallescit.
477 1224 554 1252 Hinc
577 1223 770 1266 evallefacere
793 1230 835 1253 est
860 1225 974 1255 eiicere.
1022 1225 1114 1253 Varro
1135 1224 1311 1253 Prometheo
1334 1225 1385 1255 lib.
1399 1225 1435 1255 11.
1460 1224 1552 1264 (apud
1572 1224 1648 1252 Non.
1670 1234 1699 1262 p.
1712 1225 1784 1255 217.
1808 1223 1924 1260 Merc.):
1953 1220 2020 1250 Re-

65 1268 203 1296 trimenia
227 1266 302 1302 cibi,
339 1277 412 1306 quae
434 1267 567 1295 exierant
588 1279 640 1306 per
659 1267 823 1306 posticum,
858 1266 1091 1309 evallficerunt.
1116 1266 1218 1297 Scal.
1263 1267 1383 1306 Optime
1407 1268 1530 1296 Doctiss.
1554 1266 1714 1295 Salmasius
1735 1266 1892 1303 legendum
1915 1264 2021 1293 docuit

65 1308 194 1350 vallfit,
224 1313 252 1337 et
275 1319 375 1338 errare
396 1309 531 1345 Festum,
562 1309 613 1348 qui
637 1320 651 1337 a
676 1309 754 1336 vallo
779 1314 943 1338 castrorum
968 1309 1099 1338 deducit.
1145 1310 1166 1338 A
1193 1321 1302 1338 vannus
1329 1311 1436 1338 sactum
1461 1308 1572 1345 vallus,
1599 1314 1630 1337 ut
1653 1319 1667 1336 a
1691 1309 1793 1337 cintius
1817 1306 1923 1346 cillus5
1953 1307 2021 1335 vin-

66 1363 120 1381 ητις
141 1350 239 1382 villus.
285 1351 310 1379 A
333 1350 429 1380 vallus
452 1352 563 1380 factum
584 1350 712 1386 vallare,
743 1350 813 1379 hinc.
836 1351 1028 1393 evallefaeere
1051 1353 1172 1387 eiicere,
1197 1357 1225 1380 et
1248 1351 1383 1380 evallare.
1428 1353 1553 1380 Titinius
1577 1352 1606 1379 in
1632 1352 1737 1379 Prilia:
1772 1350 1838 1388 Qua
1862 1360 1913 1388 ego
1935 1347 2021 1378 hodie

65 1401 212 1423 extorrem
235 1393 313 1423 hanc
336 1393 423 1423 domo
442 1393 567 1434 faciam
588 1392 755 1432 pilatricem
777 1393 873 1431 pallia
895 1393 1052 1430 mallavit,
1089 1406 1106 1423 ο
1126 1402 1232 1434 putere.
1280 1396 1374 1429 Quem
1399 1395 1498 1423 locum
1522 1395 1590 1432 quia
1614 1393 1857 1431 corruptissimus
1880 1396 1941 1428 est,
1977 1392 2020 1419 sic

64 1437 161 1475 legere
183 1447 241 1465 non
265 1436 386 1464 dubito:
427 1435 554 1473 Quando
585 1447 636 1475 ego
665 1434 752 1464 hodie
780 1444 926 1464 extorrem
956 1436 1033 1466 hanc
1063 1435 1151 1466 domo
1169 1436 1309 1477 faciam,
1343 1435 1509 1476 pilotricem
1533 1435 1622 1476 pallii
1643 1434 1772 1465 evallaro
1792 1433 1902 1474 pulcre.
1933 1433 2020 1463 Dac.

65 1479 269 1510 Evallefacere
293 1478 386 1507 Varro
411 1479 490 1517 apud
513 1479 642 1507 Nonium
668 1480 831 1516 (ως-217.
857 1478 960 1516 Mero.)
984 1479 1013 1507 in
1037 1478 1203 1515 Posticam,
1227 1479 1276 1507 ubi
1301 1485 1442 1518 corrupte
1465 1478 1571 1508 vallem
1584 1478 1735 1521 jecerunt.
1783 1476 1887 1507 Goth.

236 1519 395 1550 Vexillu
405 1533 443 1550 m.
488 1521 568 1549 Idem
592 1521 762 1549 Priscianus
787 1521 858 1559 (ΙΙΙ,
882 1524 915 1554 6,
941 1524 991 1553 36.
1016 1526 1086 1550 tom.
1099 1522 1120 1551 Ι.
1145 1532 1210 1559 pag.
1225 1524 1295 1553 132.
1319 1520 1386 1562 Kr.)
1416 1527 1445 1551 et
1467 1522 1587 1550 Servius
1617 1521 1666 1557 (ad
1691 1521 1770 1558 Virg.
1792 1520 1864 1548 Aen.
1882 1518 1966 1554 VIII,
1990 1521 2020 1550 1.

65 1575 133 1605 pag.
147 1563 219 1596 504.
246 1564 348 1600 Dan),
377 1563 429 1591 sed
453 1564 573 1591 omnino
596 1561 690 1591 velum
714 1568 755 1590 est
781 1574 795 1590 a
820 1562 979 1599 vexillum,
1005 1568 1037 1591 ut
1059 1562 1110 1592 ala
1135 1564 1170 1591 ab
1195 1562 1313 1599 axilla,
1338 1564 1456 1603 dempta
1479 1565 1564 1593 litera
1586 1575 1620 1593 α’.
1654 1563 1758 1591 Cicero
1779 1562 1810 1590 in
1833 1563 1961 1590 Oratore
1983 1560 2022 1589 ad

64 1609 192 1637 Brutum
217 1607 263 1641 (c.
277 1606 363 1641 45.):
402 1604 480 1643 Quin
504 1606 590 1633 etiam
613 1604 699 1633 verba
721 1616 805 1644 saepe
827 1605 1054 1642 contrahuntur,
1086 1616 1145 1634 non
1168 1616 1236 1634 usus
1258 1616 1379 1643 caussa,
1412 1606 1463 1635 sed
1483 1607 1610 1636 aurium.
1656 1603 1812 1643 Quomodo
1834 1604 1910 1632 enim
1932 1610 2022 1632 vester

65 1649 168 1680 axilla
190 1647 241 1677 ala
260 1647 354 1688 facia
377 1655 434 1683 est,
472 1648 529 1676 nisi
549 1647 634 1688 fiiga
656 1646 758 1676 literae
779 1646 940 1677 vastioris?
977 1659 1064 1687 quam
1087 1647 1202 1677 literam
1226 1648 1313 1677 etiam
1336 1660 1351 1677 e
1373 1647 1512 1678 maxillis
1534 1656 1561 1677 et
1582 1647 1703 1678 taxillis
1725 1654 1751 1676 et
1773 1644 1894 1676 vexillis
1917 1653 1943 1674 et
1962 1655 2022 1685 pa-

65 1691 146 1723 xilla
168 1688 346 1721 consuetudo
369 1688 485 1729 elegans
508 1688 614 1718 Latini
634 1690 774 1718 sermonis
795 1688 899 1719 evellit.
944 1690 1034 1719 Dae.

238 1731 407 1761 Vinulus.
453 1732 546 1761 Plaut.
569 1732 598 1760 in
622 1732 704 1760 Asin.
727 1731 769 1770 (l,
793 1734 828 1768 3,
852 1730 929 1770 70.):
956 1731 1096 1761 Oratione
1123 1731 1240 1769 I‘inula,
1264 1731 1423 1763 venustula.
1447 1733 1533 1762 Ant.
1556 1733 1648 1773 Aug.
1694 1731 1893 1761 Glossarium:
1920 1731 2022 1759 Vinni-

66 1788 118 1807 cus
140 1773 281 1815 νωχελής.
317 1774 407 1813 Lege:
440 1773 563 1804 Vinulus.
589 1773 686 1803 Scal.
723 1775 836 1811 Mollis,
861 1786 876 1802 a
899 1775 961 1803 vini
985 1775 1193 1811 diminutione,
1217 1785 1285 1804 nam
1308 1776 1410 1804 vinum
1435 1776 1517 1814 quod
1539 1785 1716 1814 generosum
1739 1784 1799 1803 nou
1823 1777 1913 1810 esset,
1936 1772 2022 1801 vinu-

67 1819 128 1848 lum
151 1823 181 1848 et
202 1817 305 1847 villum
329 1817 529 1856 appellabant.
575 1816 664 1856 Apud
686 1817 782 1845 Plani.
806 1818 915 1845 Asinar.
942 1817 1006 1845 Act.
1023 1818 1044 1846 1.
1068 1820 1156 1853 se.3‚
1182 1818 1279 1855 (70.):
1857 1816 1859 1818 ’

693 1858 879 1895 Οςοιιῖαιιᾶο,
913 1861 1046 1888 oratione
1066 1858 1184 1895 vinula,
1215 1858 1375 1889 venustula.

69 1903 125 1932 Ubi
148 1903 263 1932 Nonius
287 1901 366 1941 (pag.
383 1904 453 1933 186.
478 1901 580 1941 Mero.)
604 1900 754 1930 vinnulum
779 1902 904 1941 exponit
925 1901 1101 1931 illecebram.
1143 1902 1251 1931 Verum
1274 1902 1362 1931 Ianus
1386 1903 1486 1931 Douza
1509 1912 1611 1931 vocem
1634 1902 1786 1931 vinnulam
1809 1902 2023 1939 interpretatur

67 1946 248 1981 flexuosam,
272 1945 365 1973 instar
389 1945 486 1981 vinni,
512 1944 569 1973 hoc
592 1949 636 1973 est
659 1944 798 1973 cincinni.
843 1946 890 1974 Ex
911 1945 1025 1973 Isidoro
1048 1945 1098 1973 lib.
1111 1945 1146 1973 ll.
1171 1944 1253 1982 Orig.
1277 1955 1340 1982 cap.
1357 1948 1423 1977 19.:
1460 1944 1615 1975 I‘innolata
1637 1956 1701 1974 vox
1721 1951 1761 1973 est
1783 1942 1853 1973 levis
1875 1949 1902 1971 et
1922 1940 2022 1971 mollis

67 1996 156 2030 arque
167 1986 324 2029 flexibilis
346 1994 372 2015 et
394 1985 547 2016 vinnolata
571 1986 650 2015 dicta
674 1998 692 2015 a
714 1987 818 2023 vinno,
844 1986 899 2016 lzoc
922 1994 962 2015 est
984 1988 1119 2017 cincinno
1142 1985 1270 2016 molliter
1281 1988 1381 2027 flexo.
1426 1987 1517 2017 Dac.

238 2030 368 2059 Vietus.
414 2030 518 2058 Teren.
541 2031 571 2058 in
594 2030 667 2058 Eun.
692 2029 757 2068 (IV,
782 2032 817 2065 4,
841 2029 919 2067 21.):
952 2028 1014 2059 Hic
1036 2037 1077 2059 est
1100 2031 1206 2065 vietus,
1238 2036 1331 2066 verua,
1364 2037 1527 2059 veternosus
1549 2041 1647 2058 senex.
1684 2029 1780 2057 Plaut.
1804 2028 1835 2056 in
1856 2026 1945 2056 Merc.
1969 2025 2020 2065 (H,

66 2076 103 2108 2.,
127 2071 208 2113 20.),·
238 2072 472 2109 Acherunticus,
502 2083 607 2108 senex,
634 2073 739 2108 vietus,
765 2071 935 2109 decrepitus.
959 2072 1044 2101 Ant.
1062 2072 1156 2111 Aug.
1202 2072 1324 2110 Proprie
1349 2072 1500 2100 marcidus
1523 2083 1538 2101 a
1562 2073 1640 2108 vieo,
1667 2076 1701 2101 ut
1723 2071 1862 2100 dicebant
1884 2080 1938 2109 pro
1962 2069 2019 2103 vio,

65 2116 107 2145 ita
129 2120 163 2144 ut
185 2116 221 2143 de
243 2115 380 2152 virgultis
410 2115 538 2151 dicatur,
577 2124 651 2152 quae
680 2114 810 2143 marcida
840 2114 914 2142 flunt
944 2120 971 2142 et
999 2115 1141 2152 flaccida,
1178 2119 1338 2153 postquam
1370 2115 1506 2151 vientur,
1545 2119 1576 2143 nt
1603 2114 1717 2142 funium
1747 2123 1835 2142 usum
1858 2113 2017 2152 praestent.

67 2158 167 2194 Quare
190 2157 302 2197 optime
324 2157 355 2185 in
379 2158 506 2186 Glossis:
540 2158 663 2193 I‘ietum,
686 2157 924 2196 μεμαρασμένον.
949 2157 1020 2186 Inde
1041 2157 1176 2186 homines
1199 2157 1304 2186 molles
1326 2157 1506 2196 flaccidique
1529 2157 1597 2187 vieti
1620 2156 1700 2186 dicti.
1744 2156 1861 2185 Terent.
1885 2151 2018 2183 Eunuch.

65 2201 116 2231 IV.
140 2201 230 2236 sc.4‚
252 2200 342 2236 (21.):

687 2240 751 2271 Hic
772 2250 813 2271 est
835 2250 928 2278 vetus,
958 2242 1065 2278 vietus,
1094 2249 1257 2271 veternosus
1278 2253 1378 2271 senex.

67 2285 123 2314 Ubi
144 2285 290 2312 Donatus:
326 2283 420 2312 Victus
441 2282 541 2313 mollis
554 2282 763 2324 flaccidusque
785 2292 810 2313 et
827 2283 976 2324 flexibilis
999 2296 1136 2324 corpore,
1166 2283 1243 2313 uncle
1265 2292 1290 2313 et
1312 2285 1422 2313 vimina
1446 2292 1471 2313 et
1494 2284 1619 2312 nimenta
1641 2291 1667 2312 et
1689 2284 1759 2312 vites
1781 2289 1806 2310 et
1826 2281 1944 2309 victores
1968 2276 2018 2305 di-

67 2335 172 2358 cuntur
188 2333 213 2354 et
230 2327 304 2354 viere
325 2324 449 2365 religare
471 2324 589 2362 dicitur,
612 2327 682 2366 quia
705 2328 787 2356 vietis
808 2328 898 2365 virgis
919 2327 1014 2366 magis
1039 2326 1160 2366 religare
1179 2338 1333 2366 possumus
1356 2325 1430 2366 quid
1451 2325 1530 2355 libet.
1561 2325 1718 2355 Lucretius
1738 2324 1801 2363 (ΙΙΙ,
1824 2320 1925 2359 386.):
1947 2331 2019 2368 ara-

66 2381 137 2399 neae
159 2367 240 2398 clisrit
262 2369 368 2397 vietam
390 2375 511 2405 vestem,
549 2367 604 2398 hoc
632 2376 672 2397 est
690 2371 771 2407 putri
793 2368 921 2399 mollitia
941 2367 1116 2408 praeditam.
1162 2369 1220 2398 Sed
1241 2369 1272 2398 in
1295 2369 1489 2407 originatione
1512 2368 1627 2397 fallitur
1651 2369 1788 2396 Donatus,
1834 2364 1908 2392 Nam
1932 2373 1947 2390 a
1970 2372 2017 2391 υιο

67 2417 112 2441 est
134 2412 249 2447 vimen,
273 2410 456 2447 vimentum,
478 2411 562 2448 vitis,
585 2416 614 2440 et
636 2422 651 2439 a
674 2413 736 2441 vieo
759 2413 872 2448 vietus,
896 2412 1035 2442 vietores.
1056 2412 1147 2442 Dae.
1181 2411 1266 2441 Adde
1289 2411 1398 2443 Gernh.
1425 2412 1462 2441 ad
1486 2411 1545 2440 Cic.
1570 2412 1632 2439 Cat.
1654 2409 1720 2438 Mai.
1736 2408 1780 2444 11,
1803 2409 1832 2438 6.
1852 2411 1880 2434 et
1897 2404 2015 2434 wetzel.

67 2455 99 2484 in
121 2454 186 2484 [nd.
207 2453 242 2482 ad
266 2453 347 2482 hunc
369 2453 530 2493 dialogum.
