2263 2668
222 179 299 214 59⁰
652 175 998 210 COMMENTARII
1023 175 1072 209 IN
1096 175 1242 209 PAULI
1267 176 1463 211 DIACONI
1489 176 1747 211 EXCERPTA

223 284 252 302 n.
280 272 376 301 Gloss.
396 270 521 311 plancus
543 267 728 305 πλατύπους.
753 267 841 297 Dac.
873 266 1012 315 Plancae.
1037 267 1191 315 t'alancae.
1221 269 1266 297 Ob
1292 280 1379 308 quam
1403 280 1521 299 causam
1536 269 1639 299 Planci
1655 269 1854 309 appellantur.
1879 269 1984 300 Goth.
2015 271 2074 311 Qui
2088 285 2177 315 supra

223 313 343 345 modum
362 312 484 354 pedibus
504 309 590 349 plani
610 318 686 340 sunt.
726 310 820 339 Iidem
839 308 918 349 ploti
939 311 1016 339 mfra
1040 320 1071 338 m
1094 310 1183 340 Ploti.
1227 310 1340 342 Idem.

387 362 606 392 Plaustrum
631 360 791 401 perculi.
822 361 882 399 (Ad
906 371 935 400 p.
948 361 1034 399 203.)
1063 361 1213 400 Agebatur
1235 362 1391 391 manifesto
1414 362 1452 392 de
1473 363 1637 402 proverbio
1660 361 1830 392 Plaustrum
1851 363 1974 404 perculi.
2018 365 2064 394 Ad
2086 365 2178 406 idque

225 407 372 436 citabatur
393 415 497 434 versus
520 415 558 434 ex
579 405 707 444 Epidico
730 405 826 433 Plauti
851 404 920 443 (IV,
944 406 979 440 2,
1002 402 1083 442 22.):

676 454 818 496 Epidicus
840 454 914 484 mihi
935 455 1074 494 magister
1086 454 1164 497 fuit.
1210 457 1257 485 Pe.
1278 456 1370 495 perii,
1400 453 1566 494 plaustrum
1586 455 1710 497 perculi.

225 508 263 537 Ut
284 505 360 536 male
381 505 470 536 hodie
493 507 626 545 legatur,
656 514 786 535 austrum
807 505 935 546 perculi,
965 506 1047 545 quod
1070 506 1217 536 maximus
1239 507 1287 536 vir
1310 507 1459 536 Adrianus
1482 508 1638 537 Turnebus
1660 507 1812 537 haustrum
1834 507 2105 547 interpretabatur,
2132 509 2179 539 id-

223 561 282 590 que
305 550 433 589 optime,
461 550 485 578 si
508 550 547 578 ita
570 549 762 589 proverbium
787 549 947 578 efferebant
969 554 1092 577 veteres.
1135 550 1192 578 Sed
1216 560 1282 578 cum
1307 555 1484 588 agnoscatur
1507 550 1556 579 hic
1579 561 1595 579 a
1618 551 1721 586 Festo,
1749 551 1820 579 item
1844 561 1859 580 a
1883 551 2016 587 Donato,
2045 552 2086 580 ita
2107 552 2179 581 reti.

222 593 365 623 nebimus.
409 593 486 622 Male
510 603 581 622 vero
604 592 797 631 proverbium
819 592 895 620 illud
919 592 1132 630 interpretatur
1153 592 1310 628 Erasmus,
1341 597 1374 620 ut
1397 593 1493 621 cuivis
1518 593 1618 630 facile,
1643 593 1693 632 qui
1717 592 1780 622 eius
1802 593 2078 632 interpretationem
2101 595 2180 633 lege-

222 637 280 674 rit,
312 640 415 675 patere
437 640 545 674 potest.
590 635 646 663 Sed
675 635 719 663 illi
749 634 997 672 condonandum,
1034 635 1102 672 quia
1129 634 1165 663 ad
1190 646 1251 663 eam
1276 635 1445 674 opinionem
1471 636 1600 664 Donatus
1622 637 1698 665 male
1720 637 1888 665 intellectus
1913 646 1980 665 eum
2001 637 2120 676 impulit
2143 648 2178 667 ac

222 681 321 720 ipsum
345 679 499 707 Erasmum
522 678 640 716 potius,
666 689 752 716 quam
775 678 942 717 plaustrum
966 678 1112 716 perculit,
1136 688 1203 706 cum
1227 679 1282 706 alia
1307 682 1404 706 mente
1427 679 1507 716 apud
1532 679 1667 708 Plautum
1692 679 1898 717 accipiendum
1920 680 1967 710 sit.
2001 680 2095 709 Porro
2117 690 2178 709 non

222 724 310 760 longe
333 721 369 751 ab
393 720 437 749 his
460 721 559 749 verbis
582 721 737 759 scripsisse
760 721 880 749 videtur
903 720 1024 749 Festus:
1061 718 1228 749 Plaustrum
1253 719 1367 760 perculi
1394 721 1511 760 antiqui
1540 720 1676 750 dicebant
1706 721 1744 750 ab
1768 722 1820 757 iis,
1856 722 1907 761 qui
1925 720 2049 761 pedibus
2071 730 2177 751 onusta

221 764 357 806 plaustra
383 761 594 801 percellebant,
633 762 689 792 hoc
711 771 751 792 est
773 761 933 792 evertebant
958 784 1166 792 .......
1191 762 1239 800 id,
1278 762 1359 803 quod
1382 762 1463 803 apud
1486 762 1625 792 Plautum
1649 762 1759 793 dicitur
1780 763 1923 803 Epidicus
1944 764 2017 792 mihi
2039 765 2178 804 magister

219 807 290 848 fuit.
322 805 418 834 Perii:
437 804 603 845 plaustrum
623 805 745 845 perculi.
782 806 906 834 Videtur
924 806 1062 834 Erasmus
1085 806 1209 842 sentire,
1233 811 1264 834 ut
1288 816 1345 834 non
1371 806 1491 834 dicatur
1513 807 1549 834 de
1573 816 1625 843 eo,
1648 807 1699 845 qui
1722 807 1896 846 imprudens
1919 808 2072 845 negotium
2095 816 2180 835 ever·-

222 850 275 886 tit,
299 847 351 877 sed
368 847 404 876 de
424 858 474 885 eo,
497 849 548 887 qui
570 848 653 887 prius
676 859 737 877 rem
760 853 937 887 praeparat,
962 858 1049 886 quam
1073 858 1136 876 eam
1160 849 1272 888 alioqui
1296 849 1501 886 aggrediatur,
1524 853 1557 877 ut
1580 849 1617 877 de
1640 850 1774 885 rusticis,
1798 851 1849 887 qui
1873 849 1956 888 prius
1980 860 2068 888 quam
2091 849 2176 888 plau-

222 897 317 921 strum
336 895 516 927 exonerent,
541 891 706 930 plaustrum
730 891 827 930 ipsum
851 891 1037 929 percellunt3
1059 897 1219 930 propterea
1243 891 1436 930 proverbium
1461 891 1654 920 efferebatur:
1677 891 1756 920 Bene
1770 890 1934 931 plaustrum
1950 890 2079 932 perculi,
2104 892 2177 921 bene

222 945 284 964 rem
307 932 477 970 conficiam,
516 944 582 962 cum
607 944 669 963 eam
693 936 777 973 prius
800 933 872 962 mihi
896 934 1070 972 subegerim.
1116 936 1154 962 At
1177 934 1326 971 quomodo
1351 934 1431 973 apud
1455 935 1591 963 Plautum
1615 934 1739 972 legitur,
1776 945 1834 962 non
1860 939 1944 973 potes
1966 937 2006 963 ita
2030 934 2176 974 accipere.

221 977 393 1007 Ridiculum
418 976 496 1005 enim
519 976 544 1005 si
566 976 664 1005 dicas:
696 977 790 1006 Perii.-
816 976 884 1005 bene
902 975 1066 1016 plaustrum
1087 975 1209 1015 perculi.
1253 977 1356 1015 Neque
1379 987 1448 1005 sane
1470 977 1621 1016 quomodo
1645 978 1753 1006 Servus
1777 977 1855 1016 apud
1879 977 2052 1006 Terentium
2074 977 2176 1016 loqui-

221 1025 281 1048 tur.
325 1019 540 1057 Accipiendum
565 1019 642 1048 enim
664 1029 781 1058 semper
804 1019 841 1048 de
864 1029 915 1055 eo,
945 1019 997 1058 qui
1019 1020 1125 1047 evertit
1149 1026 1176 1048 et
1199 1020 1357 1058 perturbat
1379 1030 1451 1049 rem.
1497 1020 1596 1056 Quare
1620 1030 1679 1048 non
1705 1018 1773 1048 hene
1792 1019 1920 1059 perculi,
1944 1019 1996 1048 sed
2015 1031 2087 1059 pene
2106 1031 2176 1059 per-

221 1061 282 1092 culi
303 1061 470 1100 legendum.
509 1062 598 1097 Quod
622 1062 772 1090 indicatur
795 1062 886 1090 verbo
907 1060 1073 1100 perculeris.
1097 1062 1147 1090 Est
1171 1064 1265 1099 enim,
1292 1068 1325 1091 ut
1348 1063 1532 1100 grammatici
1554 1063 1731 1101 loquuntur,
1755 1063 1934 1101 potentiale:
1956 1062 2016 1090 hoc
2038 1066 2082 1091 est
2102 1062 2177 1091 Pene

218 1103 388 1144 perculisti,
426 1103 484 1143 ἤδη
514 1106 735 1144 τραχηλίσειας,
772 1103 830 1143 ἤδη
862 1105 1035 1143 πρηνίξειας
1055 1103 1092 1134 ὅν
1113 1116 1155 1143 με.
1201 1105 1273 1134 Vide
1304 1108 1392 1134 unius
1420 1106 1545 1134 voculae
1567 1106 1713 1143 ignoratio
1736 1106 1785 1134 vel
1807 1106 1907 1144 potius
1930 1106 2018 1133 unius
2040 1105 2176 1133 literulae

221 1147 327 1177 menda
350 1157 489 1185 magnum
513 1148 611 1176 virum
634 1158 721 1186 quani
746 1147 873 1176 absurde
895 1148 1089 1186 pronuntiare
1113 1148 1220 1186 coegit.
1265 1148 1338 1177 Nam
1363 1149 1428 1186 quis
1453 1153 1571 1188 putaret
1594 1148 1728 1186 plaustra
1752 1148 1836 1187 prius
1860 1149 1971 1185 everti,
2001 1152 2035 1176 ut
2058 1147 2176 1176 facilius

221 1190 443 1219 exonerentur?
468 1190 524 1219 Sed
546 1189 681 1218 homines
704 1200 821 1226 sumus,
845 1200 940 1228 neque
962 1195 1121 1229 propterea
1144 1190 1241 1228 magni
1263 1191 1320 1220 viri
1343 1192 1479 1220 manibus
1502 1191 1672 1220 iuveniliter
1692 1190 1906 1219 insultandum.
1952 1188 2050 1219 Scal.

385 1231 587 1261 Plebeium.
632 1233 729 1262 Infra:
753 1232 899 1261 Plebeium
923 1233 1126 1271 magistratum
1150 1235 1289 1262 neminem
1313 1232 1380 1263 licet
1404 1245 1521 1273 capere,
1546 1234 1603 1262 nisi
1625 1234 1676 1274 qui
1697 1244 1737 1262 em
1758 1232 1841 1272 plebe
1863 1240 1912 1263 est.
1955 1231 2043 1261 Cuius
2063 1232 2176 1272 generis

221 1282 262 1304 est
283 1275 378 1305 omnis
400 1275 607 1313 magistratus,
630 1276 680 1315 qui
702 1277 757 1304 isto
780 1277 895 1304 nornine
917 1273 1092 1314 appellatur.
1137 1275 1279 1314 Intelligit
1302 1276 1487 1306 tribunatum
1510 1276 1606 1316 plebis
1630 1281 1657 1305 et
1680 1276 1859 1304 aedilitatem
1883 1275 1987 1315 plebis
2030 1273 2133 1304 Scal.

385 1315 519 1346 Plutei.
566 1318 765 1346 Glossarium:
793 1317 912 1346 Pluteus
933 1315 1111 1355 παράθεμα,
1134 1315 1312 1356 ἆνάκλιτον,
1334 1320 1451 1359 θυμὲλη
1475 1320 1594 1356 πλοίου,
1616 1317 1761 1360 ἐγγώνιον
1784 1320 1944 1358 τρικλίνου.
1974 1317 2069 1348 Etiam
2093 1317 2174 1346 Mar—

221 1359 301 1388 tialis
324 1356 356 1390 τὸ
379 1355 542 1390 avolum-rou
563 1362 617 1400 τῆς
639 1362 741 1400 κλίνης
764 1361 805 1389 ita
829 1365 916 1388 vocat
939 1360 1006 1396 (Ill,
1030 1361 1109 1397 49.):

844 1410 981 1451 Namque
1001 1422 1073 1450 puer
1092 1410 1191 1451 pluteo
1214 1410 1330 1441 vindice
1352 1420 1429 1441 tutus
1451 1419 1522 1443 erat.

221 1461 304 1490 Aliae
327 1461 463 1490 Glossae:
500 1461 632 1491 Pluteum
655 1462 858 1503 γυψοπλασία.
888 1461 986 1490 Scal.
1030 1462 1123 1491 Fuere
1152 1463 1221 1492 olim
1247 1473 1261 1492 e
1284 1463 1394 1491 tabulis
1425 1468 1453 1491 et
1479 1463 1641 1500 asseribus,
1677 1467 1778 1502 postea
1805 1471 1878 1490 vero
1901 1461 2018 1500 pluteos
2040 1460 2136 1489 fecere.
2158 1469 2174 1489 e

221 1503 352 1532 cratibus
376 1504 457 1532 corio
481 1505 611 1534 intentis.
655 1506 791 1533 Formam
816 1504 957 1532 describit
982 1505 1080 1542 Veget.
1104 1505 1154 1535 lib.
1170 1506 1216 1536 IV,
1242 1516 1304 1544 cap.
1321 1507 1387 1537 15.:
1420 1503 1516 1534 Plutei
1537 1504 1690 1541 dicuntur,
1720 1506 1770 1545 qui
1790 1502 1832 1532 ad
1852 1502 2073 1532 similitudinem
2095 1503 2174 1541 apsi-

222 1545 269 1574 dis
283 1553 482 1575 contexuntur·
503 1559 517 1576 e
539 1548 645 1576 vimine
667 1555 692 1575 et
715 1547 821 1576 ciliciis
843 1546 890 1575 vel
912 1548 1000 1575 coriis
1019 1555 1211 1586 proteguntur
1232 1549 1376 1587 ternisque
1398 1546 1510 1582 rotulis,
1536 1559 1659 1588 quarum
1681 1558 1739 1576 una
1763 1548 1791 1575 in
1815 1544 1920 1582 medio,
1946 1545 2020 1574 duae
2041 1546 2072 1573 in
2093 1545 2174 1583 capi·

220 1587 298 1617 tibus
320 1596 523 1628 apponuntur,
554 1590 583 1618 in
608 1601 809 1629 quamcunque
829 1596 942 1629 partem
967 1588 1172 1626 admouentur,
1202 1601 1282 1619 more
1303 1591 1443 1629 carpenti.
1487 1590 1583 1619 Plutei
1606 1591 1676 1619 item
1699 1589 1818 1618 tabulae
1842 1598 1958 1625 omnes,
1988 1587 2098 1626 quibus
2121 1587 2175 1615 ali-

222 1631 294 1669 quid
316 1631 512 1670 praesepitur.
556 1632 593 1660 Et
615 1632 688 1661 haec
712 1633 811 1660 forsan
836 1632 930 1670 prima
953 1632 1045 1660 notio.
1090 1632 1202 1671 Nempe
1225 1644 1240 1661 a
1263 1629 1338 1669 πλάξ
1361 1633 1469 1662 tabula.
1517 1633 1678 1671 Utramque
1708 1631 1953 1669 significationem
1977 1630 2089 1669 glossae
2112 1640 2174 1658 am-

222 1673 311 1712 plecti
333 1673 493 1711 videntur,
518 1684 585 1703 cum
608 1675 742 1713 pluteum
767 1679 922 1712 exponunt
945 1671 1117 1713 παράθεμα.
1141 1675 1214 1704 Inde
1237 1677 1323 1704 etiam
1343 1674 1459 1714 pluteus
1482 1675 1612 1704 fulcrum
1636 1675 1712 1712 tori,
1734 1674 1804 1703 lecti
1827 1673 1908 1702 latus
1924 1673 2059 1701 interius.
2081 1671 2172 1702 Dac.

223 1715 376 1745 Dicuntur.
412 1717 628 1755 significantur.
663 1716 766 1746 Gotlz.
814 1717 975 1745 Dicendum
999 1716 1027 1745 h.
1047 1717 1066 1745 l.
1088 1718 1193 1756 paucis
1222 1719 1257 1746 de
1287 1719 1379 1756 stirpe
1410 1718 1626 1746 vocabulorum
1656 1718 1792 1753 illorum,
1830 1726 1905 1754 quae
1933 1715 1994 1744 huc
2016 1714 2174 1753 pertinent.

223 1758 371 1787 Sanscrita
394 1759 481 1788 radix
504 1766 549 1789 est
567 1759 684 1799 pritlzu,
710 1761 758 1788 cui
781 1760 941 1798 respondet
959 1761 1174 1788 Germanorum
1198 1760 1286 1796 breit,
1311 1761 1411 1790 Batav.
1429 1759 1522 1789 breed.
1558 1761 1678 1789 Solenni
1700 1759 1864 1788 mutatione
1887 1757 2072 1787 semivocalis
2094 1756 2177 1796 apud

226 1800 354 1829 Graecos
377 1801 408 1829 fit
430 1802 558 1839 πλατύς,
591 1803 699 1830 omissa
722 1802 822 1831 labiali
845 1803 926 1840 apud
952 1803 1070 1831 Latinos
1093 1802 1186 1840 latus,
1216 1813 1291 1841 quae
1314 1803 1429 1831 labialis
1452 1803 1531 1832 redit
1552 1803 1581 1831 in
1603 1802 1741 1842 plautus,
1767 1800 1883 1841 plotu8‚
1910 1799 2034 1840 planta,
2052 1797 2173 1840 planca.

226 1842 280 1870 Cui
301 1844 325 1871 si
348 1844 441 1873 addas
463 1844 593 1883 pluteus,
631 1846 770 1873 usitatam
799 1845 884 1873 istam
908 1850 936 1873 et
959 1856 1046 1884 saepe
1070 1856 1083 1873 a
1108 1846 1194 1874 nobis
1219 1851 1367 1874 ostensam
1390 1845 1513 1874 habebis
1535 1846 1685 1874 vocalium
1708 1844 1939 1874 demutationem
1962 1854 1998 1880 a,
2028 1854 2059 1880 e,
2089 1841 2115 1878 ι’,
2145 1852 2173 1877 ο,

227 1894 282 1920 au,
312 1897 330 1913 u
352 1896 404 1924 per
426 1888 570 1925 integram
592 1888 752 1916 verborum
778 1888 919 1916 familiam
942 1889 1167 1916 transtinentem
1192 1894 1220 1917 et
1243 1889 1453 1918 continuatam.
1499 1889 1542 1916 Cf.
1567 1898 1641 1927 quae
1670 1889 1761 1927 paulo
1784 1891 1853 1915 ante
1875 1886 1952 1915 dicta
1975 1889 2045 1914 suut
2065 1884 2103 1913 ab
2124 1884 2175 1913 in—

228 1929 323 1973 terpp.
346 1928 381 1955 ad
405 1939 432 1958 v.
448 1928 549 1958 Plauti
571 1941 666 1959 canes.
703 1929 822 1959 Pluteus
843 1930 945 1959 tabula
968 1932 1044 1967 lata,
1066 1932 1129 1959 sive
1150 1931 1182 1959 id
1206 1931 1287 1970 quod
1311 1941 1348 1960 ex
1370 1931 1477 1960 tabulis
1499 1931 1566 1960 latis
1590 1931 1637 1968 fit,
1661 1931 1948 1970 praesepimentum‚
1971 1933 2036 1957 tum
2058 1937 2174 1957 armen-

226 1972 349 2005 tarium,
372 1975 399 1998 et
420 1972 565 2001 eiusmodi
587 1973 652 2003 alia.

391 2012 532 2043 Plebeii
554 2014 702 2044 aediles.
748 2015 837 2050 Quod
862 2016 970 2044 Paulus
993 2016 1022 2043 in
1043 2016 1176 2050 Epitome
1200 2016 1320 2052 scribit,
1344 2026 1449 2045 verum
1472 2026 1534 2045 esse
1557 2021 1672 2045 constat
1694 2026 1731 2044 ex
1750 2014 1892 2053 Dionysio
1915 2013 1966 2042 lib.
1979 2013 2028 2042 VI.
2051 2012 2098 2049 (V,
2123 2014 2174 2044 18.

228 2054 399 2091 pag-292).
439 2056 510 2083 Nam
538 2068 627 2095 quum
654 2058 783 2096 primum
813 2058 919 2086 seditio
945 2059 1022 2087 inter
1045 2058 1160 2097 plebem
1183 2063 1212 2087 et
1237 2064 1336 2098 patres
1359 2059 1458 2087 sedata
1481 2064 1541 2095 est3
1579 2065 1609 2088 et
1631 2058 1779 2087 Tribunos
1802 2057 1899 2096 plebis
1922 2060 1950 2084 et
1972 2055 2088 2085 Aediles
2108 2058 2172 2083 tum

229 2096 357 2134 primum
381 2105 395 2122 a
419 2097 501 2133 plebe
524 2105 638 2128 creatos
663 2099 884 2131 confirmarunt.
916 2101 1038 2129 Nomina
1062 2106 1125 2129 tum
1150 2101 1289 2129 aedilium
1313 2112 1372 2129 non
1397 2101 1513 2140 accepi,
1538 2112 1634 2140 neque
1658 2101 1789 2129 arbitror
1812 2110 1845 2128 ea
1868 2109 1947 2136 esse,
1972 2108 2047 2137 quae
2068 2098 2173 2126 Festus

229 2138 326 2168 refert.
359 2137 439 2165 Haec
462 2141 538 2168 enim
561 2142 662 2170 scribit
685 2153 785 2171 eorum
809 2144 915 2180 fuisse,
940 2145 990 2182 qui
1013 2149 1125 2182 septem
1148 2144 1292 2182 quasdam
1314 2155 1361 2173 res
1384 2144 1537 2172 faciendas
1562 2148 1751 2172 curaverunt.
1781 2145 1932 2178 Quaenam
1955 2151 2029 2170 vero
2050 2139 2106 2168 hae
2128 2149 2173 2168 se-

229 2184 311 2219 ptem
333 2189 380 2208 res
403 2179 527 2217 suerint,
549 2184 679 2212 nondum
703 2185 834 2214 divinare
857 2187 1025 2224 potuimus;
1054 2186 1235 2215 arbitramur
1257 2192 1354 2216 autem
1377 2192 1489 2225 septem
1512 2187 1650 2216 tabernas
1672 2186 1778 2222 fuisse,
1803 2194 1879 2224 quae
1901 2184 1932 2212 in
1954 2183 2020 2212 foro
2041 2183 2174 2219 suerunt,

230 2226 334 2261 postea
357 2222 488 2260 quinque
511 2225 682 2262 appellatae.
721 2228 760 2255 De
784 2229 890 2266 quibus
914 2229 1012 2257 Livius
1036 2229 1086 2259 lib.
1099 2229 1207 2258 XXVI.
1230 2231 1268 2266 (e.
1283 2233 1332 2261 27.
1357 2230 1453 2267 init.):
1478 2227 1635 2269 Interrupit
1657 2228 1709 2257 lzos
1731 2238 1873 2257 sermones
1895 2233 1994 2262 nocte,
2018 2236 2093 2266 quae
2111 2225 2173 2264 prt-

231 2263 279 2293 die
300 2265 493 2313 quinquatrus
506 2265 587 2304 fuit,
609 2266 741 2304 pluribus
762 2270 850 2299 simul
872 2270 947 2300 locis
969 2272 1050 2300 circa
1065 2271 1173 2312 forum
1197 2271 1362 2301 incendium
1386 2279 1490 2301 ortum.
1521 2270 1632 2300 Eodem
1655 2279 1780 2310 tempore
1800 2277 1904 2309 septem
1927 2267 2077 2305 tabernae,
2099 2277 2173 2308 quae

229 2314 330 2346 postea
352 2317 493 2346 qumque,
528 2314 554 2335 et
576 2310 771 2346 argentariae,
809 2324 882 2351 quae
904 2325 981 2342 nunc
1003 2325 1094 2342 novae
1114 2313 1316 2353 appellantur,
1348 2325 1451 2343 arsere.
1496 2314 1536 2343 De
1558 2314 1666 2342 eisdem
1689 2314 1718 2342 in
1740 2313 1818 2341 libro
1841 2312 1878 2341 de
1899 2311 2069 2348 regionibus
2092 2309 2171 2338 urbis

231 2349 313 2377 seXfi
336 2348 402 2377 RUfi
425 2350 533 2378 mentio
555 2349 597 2378 fif·
626 2350 713 2378 ΛΜ-
737 2352 829 2391 Aug,
873 2355 968 2384 Infra:
1008 2355 1106 2384 Plebei
1126 2355 1252 2391 aediles,
1288 2357 1339 2396 qui
1358 2355 1453 2395 plebei
1474 2357 1566 2393 scito,
1597 2368 1669 2397 quae
1692 2354 1727 2384 de
1747 2366 1779 2384 eo
1802 2355 1976 2394 magistratu
1995 2352 2171 2394 suffragium

232 2390 317 2427 tulit,
349 2390 387 2419 ab
410 2389 464 2419 illa
486 2399 550 2420 sunt
574 2393 723 2421 constituti
745 2414 1022 2425 ..........
1046 2406 1111 2434 unt,
1149 2400 1201 2438 qui
1224 2410 1282 2427 una
1306 2410 1370 2427 cum
1396 2398 1535 2427 Tribunis
1554 2397 1649 2438 plebei
1671 2398 1762 2427 creati
1783 2405 1849 2426 sunt
1873 2394 2029 2424 dissidente
2046 2393 2130 2433 plebe
2151 2404 2170 2422 a

230 2433 372 2473 patribus.
416 2432 444 2462 Ii
455 2433 595 2475 fecerunt
618 2433 770 2470 tabernas,
800 2447 873 2474 quas
896 2450 984 2467 novas
1005 2447 1126 2475 vocant,
1152 2451 1204 2469 nos
1227 2448 1322 2469 nutem
1345 2442 1471 2480 quinque
1493 2440 1619 2470 dicimus
1641 2451 1690 2469 eas
1712 2447 1737 2468 et
1760 2447 1863 2478 septem
1877 2438 2034 2479 feruntur,
2060 2443 2085 2464 et
2104 2434 2167 2475 ple·
