2263 2668
538 131 601 164 DE
628 130 1014 166 SIGNIFICATIONE
1042 129 1324 167 VERBORUM.
1376 132 1520 166 LIBER
1547 134 1587 168 X.
1962 102 2055 168 469Δ

257 225 446 264 Insigne-5.
491 223 564 252 Vide
587 221 722 262 Insignis.

254 267 544 297 Internecivum.
590 266 687 294 Scrnbi
710 266 797 294 debet
820 265 1041 301 inter-necimm,
1082 275 1147 293 nam
1171 266 1276 294 Graeci
1296 262 1512 304 'Ivteovs'mvow
1540 267 1642 298 Fulv.
1671 267 1748 296 Urs.
1794 268 1924 306 Utroque
1949 269 2037 297 modo

90 311 243 347 scribitur,
266 315 471 339 testamentum
493 308 664 345 exitiosum,
690 309 769 347 quod
792 313 916 337 mortem
942 308 1061 335 domino
1084 308 1208 345 peperit.
1243 309 1290 336 Sic
1313 309 1516 339 internecivum
1540 309 1645 339 bellum
1669 310 1824 345 Ciceroni,
1849 311 1910 339 Liv.
1933 316 1962 339 et
1985 312 2032 346 al„

90 354 171 392 quod
196 364 253 382 non
278 353 466 388 servitutem,
502 352 553 379 sed
581 356 704 379 mortem
730 351 816 380 victis
838 350 925 389 parit.
970 350 1008 377 At
1031 350 1244 378 interneciuum
1268 355 1477 380 testamentum
1500 354 1529 381 in
1553 353 1616 381 iure
1640 353 1721 381 civili
1745 357 1789 381 est
1811 353 1917 381 salsum
1939 358 2033 382 testa-

89 401 240 431 mentum,
273 400 397 435 propter
420 394 502 433 quod
524 393 614 421 homo
639 395 769 430 occisus,
805 393 882 421 unde
904 393 1077 420 internecini
1101 393 1192 428 actio,
1227 403 1300 431 quae
1323 393 1358 420 ab
1381 394 1496 423 Isidoro
1521 395 1584 431 (lib.
1597 397 1634 425 X.
1659 406 1679 423 s.
1701 405 1728 422 v.
1753 395 1955 428 internecffla.)
1977 406 2034 424 vo—

89 445 175 467 catur
197 436 380 467 interneciclii
401 448 419 466 a
441 447 510 465 voce
530 435 719 466 internecida.
763 434 962 471 Internecida,
987 435 1087 473 inquit
1109 436 1173 470 ille,
1196 443 1235 463 est
1258 436 1309 474 qui
1327 435 1439 475 falsum
1464 445 1661 466 testamentum
1681 436 1754 476 fecit
1777 445 1802 466 et
1826 436 1862 466 ob
1885 436 1917 465 id
1939 437 2035 467 homi-

89 493 152 510 nem
175 479 295 510 occidit.
339 480 414 508 Item
438 478 503 519 (lib.
519 478 558 514 V,
582 477 664 517 26.);
699 477 887 507 Internecidii
910 476 1050 506 iudicium
1074 478 1104 505 in
1126 489 1188 505 eum
1213 476 1357 513 dabatur,
1391 480 1441 518 qui
1460 479 1572 517 falsum
1597 486 1794 508 testamentum
1816 479 1928 517 fecerat
1948 487 1974 508 et
1997 480 2032 509 ob

89 523 122 552 id
143 523 287 553 bominem
313 521 471 551 occiderat.
514 520 728 549 Accusatorem
751 521 810 549 eius
833 520 972 549 bonorum
995 520 1137 558 possessio
1160 519 1338 559 sequebatur.
1384 522 1420 548 Et
1442 521 1490 550 llic
1512 524 1610 551 forsan
1633 523 1736 550 Festus
1758 523 1898 560 respexit.
1944 523 1998 551 Da
2009 534 2032 553 c.

256 563 296 592 In
306 565 499 603 crepitato.
543 563 608 591 Non
630 568 676 591 sat
697 563 786 591 video
810 573 863 591 cur
883 562 973 603 ferito
997 562 1098 591 Festus
1120 562 1351 600 interpretetur,
1384 564 1440 591 nisi
1459 564 1550 605 ferire
1573 565 1718 603 intelligas
1742 565 1912 602 obiurgare,
1937 566 2033 594 verbis

88 613 220 645 tangere.
253 607 362 635 Tamen
386 608 534 645 increpare
555 615 611 644 pro
636 606 741 642 ferire,
766 606 883 643 pulsare
905 604 992 633 Ovid.
1015 605 1095 641 (Her.
1115 605 1170 640 111,
1198 606 1294 641 118.)2

755 647 907 677 Threiciae
930 645 1031 686 digitis
1053 648 1227 686 increpuisse
1250 646 1335 685 lyrae.

89 690 178 720 Dac.
209 689 397 729 Increpitato.
429 685 593 728 liicrepato.
619 690 653 719 V.
692 689 775 718 Adde
798 690 925 718 Nonium
949 693 1027 728 (pag.
1039 692 1111 721 329.
1136 690 1241 724 Mero.)
1263 690 1295 717 in
1318 689 1485 729 Increpinn.
1535 690 1641 722 Goth.

251 731 502 771 Increpitare.
548 733 651 770 virgil.
677 731 758 772 (Aen.
776 733 833 768 IX,
860 730 959 770 504.):

620 776 665 804 At
690 774 758 803 tuba
783 773 937 803 terribilem
960 774 1084 803 sonitum
1106 772 1213 812 procul
1234 784 1298 802 aere
1321 785 1431 803 canoro

621 816 777 856 Increpuit.

87 859 175 889 Dae·
211 857 297 887 Male
321 857 423 887 dicere.
459 858 623 897 Oburgare.
660 860 772 888 Ennius
797 859 846 888 lib.
859 859 880 887 Ι.
906 859 1022 887 Annal:

619 902 678 931 Ast
701 901 764 938 lzic,
795 913 877 941 quem
900 913 977 930 nunc
1000 909 1029 930 tu
1053 909 1112 930 tom
1136 901 1255 929 toruiter
1277 903 1455 941 increpuisti.

86 945 144 973 Sed
172 944 247 973 male
277 945 426 983 increpare
448 955 462 972 a
486 954 608 982 crepero
639 944 762 973 deducit
788 944 818 972 in
845 942 1004 983 Creperum.
1049 944 1099 972 Est
1128 944 1204 972 enim
1227 955 1242 972 a
1266 955 1367 983 crepo,
1407 944 1485 982 quod
1509 955 1523 972 a
1547 944 1628 972 vocis
1658 943 1850 972 similitudine
1879 949 1907 972 et
1932 944 2031 972 souitu

86 987 197 1016 dictum
222 991 275 1015 est.
319 987 413 1014 Varro
438 986 500 1015 Lib.
515 987 546 1015 V.
571 986 608 1015 de
630 988 661 1015 L.
683 987 711 1015 L.
736 986 800 1024 (lib.
814 987 866 1023 VI,
890 989 962 1018 244.
986 984 1060 1026 Sp.).
1106 985 1192 1015 Dac.

251 1027 301 1056 Im
313 1027 478 1057 bellium.
523 1029 636 1058 Gellius
659 1029 708 1059 lib.
725 1029 757 1057 V.
781 1040 843 1068 cap.
857 1031 899 1061 5.:
938 1029 1012 1058 Tum
1036 1027 1147 1057 Poenus
1175 1027 1293 1058 eludens
1321 1029 1470 1068 ignaviam
1496 1027 1710 1068 imbelliamque
1732 1027 1856 1057 militum
1880 1029 1939 1057 eius
1958 1040 2030 1068 pre-

85 1073 158 1101 tiose
179 1078 369 1100 armatorum.
414 1071 502 1101 Dac.

249 1111 487 1142 Iecunanum.
532 1113 566 1141 Iu
589 1114 625 1142 al.
649 1114 835 1143 incumanum
859 1114 907 1143 vel
930 1115 1098 1144 iecinorum.
1146 1113 1190 1142 An
1212 1113 1383 1151 legendum:
1424 1111 1604 1149 Jecinorum,
1639 1113 1838 1148 victimarum,
1868 1118 1901 1141 ut
1927 1113 2028 1141 Festus

85 1157 167 1185 dicat
188 1153 220 1186 τὸ
244 1155 402 1184 iecinorum
425 1155 536 1184 alicubi
559 1157 688 1194 positum
712 1157 768 1193 legi
794 1168 847 1194 pro
869 1158 1070 1192 victimat-um,
1094 1166 1162 1184 cum
1185 1156 1268 1184 iecur
1292 1156 1354 1184 sive
1377 1157 1497 1184 ieceuor
1519 1156 1549 1184 in
1572 1155 1700 1183 victimis
1724 1155 1882 1194 praecipua
1905 1166 1961 1194 par
1983 1156 2029 1184 sit.

83 1198 172 1228 Dae.
196 1197 322 1226 Difficile
345 1197 427 1226 dictu
450 1203 510 1235 est,
535 1199 605 1236 quid
630 1199 665 1227 sit
688 1199 921 1228 rescribendum.
949 1200 1010 1236 Ego
1034 1209 1154 1238 quoque
1177 1198 1288 1237 aliquid
1312 1198 1420 1227 detorti
1444 1209 1481 1226 ex
1504 1208 1530 1228 v.
1546 1199 1624 1227 iecur
1646 1197 1780 1236 suspicor
1802 1203 1830 1226 et
1852 1198 2028 1227 subodoror.

84 1240 144 1269 Sed
168 1239 244 1280 quid
263 1239 340 1268 illud
362 1240 416 1277 sit,
440 1240 545 1278 dicere·
561 1252 618 1269 non
642 1240 745 1272 babeo.
789 1241 911 1269 Interim
935 1242 1061 1270 scribam
1085 1241 1285 1277 Iecunorium,
1309 1241 1523 1279 victimarium3
1547 1246 1578 1269 ut
1601 1240 1779 1268 adiectivum
1803 1240 1851 1270 sit.

247 1280 362 1310 Inori.
408 1282 514 1311 Scribo
537 1284 630 1320 inori,
652 1284 763 1318 imeres,
786 1284 854 1322 quia
878 1284 992 1312 scilicet
1013 1284 1111 1312 inores
1135 1284 1270 1312 usitatius
1294 1289 1383 1320 esset,
1408 1294 1495 1322 quam
1519 1283 1602 1312 inori.
1633 1283 1784 1321 Turpilius
1808 1283 1969 1311 Demetrio:
1994 1281 2028 1311 In

84 1333 153 1355 acta
175 1331 311 1364 cooperta
333 1335 388 1363 age
409 1325 509 1354 inoras
531 1333 649 1355 ostreas.
674 1324 775 1354 Scal.
815 1326 872 1355 Sed
896 1326 1072 1364 legendum,
1102 1332 1134 1354 ut
1155 1327 1227 1355 libb.
1249 1331 1337 1355 vett:
1368 1325 1464 1363 Inori,
1488 1326 1548 1354 sine
1570 1336 1626 1356 ore.
1664 1324 1782 1354 Inorum
1807 1329 1849 1353 est
1872 1324 1953 1363 quod
1977 1334 2028 1353 ore

83 1372 172 1398 caret.
209 1366 323 1395 Gellius
347 1366 430 1406 (VII,
454 1366 512 1407 6.):
534 1366 722 1398 Animalium
745 1368 830 1398 inora
852 1369 1023 1399 inauritave.
1062 1369 1173 1398 Gloss.:
1200 1368 1305 1405 Inora,
1328 1367 1451 1408 ἄστομοι.
1474 1368 1564 1398 Dae.
1601 1368 1676 1396 Hinc
1700 1369 1794 1396 inores
1815 1374 1932 1396 ostreae.
1970 1367 2029 1395 Lu-

83 1410 163 1439 cillio
185 1409 274 1438 satir.
297 1409 378 1448 apud
399 1409 526 1438 Nonium
552 1410 595 1449 (p.
608 1412 681 1442 216.
705 1411 793 1440 Mero.
816 1411 867 1439 ubi
890 1411 975 1440 locus
997 1411 1047 1440 ille
1070 1411 1214 1440 tribuitur
1237 1410 1395 1450 Turpilio.)
1422 1412 1452 1439 in
1478 1409 1589 1439 Ostrea.
1636 1409 1738 1439 Goth.

243 1451 288 1480 In
298 1450 464 1481 calamo.
511 1451 603 1489 Calo,
625 1463 717 1488 voce,
741 1464 757 1481 a
779 1456 873 1491 καλῶ,
897 1454 965 1482 inde
987 1453 1104 1490 incalo,
1127 1453 1337 1490 involutiones,
1361 1452 1519 1482 incalative
1541 1457 1596 1482 cet.
1641 1452 1729 1482 Dae.

246 1491 390 1533 Ingens.
435 1495 479 1523 Ab
502 1495 532 1524 in
555 1495 695 1534 epitatico
718 1500 745 1523 et
764 1507 848 1535 gens,
885 1497 968 1534 quasi
993 1496 1074 1534 quod
1096 1496 1126 1524 in
1150 1501 1264 1534 gentem
1288 1496 1427 1526 sufficiat.
1471 1496 1529 1524 Sed
1557 1495 1658 1534 potius
1687 1496 1787 1533 ingens
1812 1494 1896 1533 quasi
1919 1495 2026 1529 iacens,

81 1536 117 1565 ab
138 1537 170 1565 in
192 1535 342 1575 privativo
366 1541 395 1565 et
418 1547 530 1573 censeo,
566 1537 647 1575 quod
668 1542 784 1566 tantum
807 1540 860 1575 sit,
890 1542 925 1566 ut
947 1538 1062 1567 censeri
1084 1549 1145 1567 non
1168 1539 1272 1577 possit.
1316 1539 1353 1567 Et
1374 1539 1444 1577 plus
1467 1548 1529 1567 esse
1551 1538 1652 1577 ingens
1675 1548 1762 1576 quam
1786 1547 1921 1575 magnum
1946 1535 2024 1564 indi—

82 1584 130 1608 cat
152 1579 238 1607 locus
261 1578 382 1607 Terent.
405 1578 540 1609 Eunncll.
564 1579 632 1617 (Ill,
656 1581 690 1618 1,
713 1581 770 1617 2.):

701 1622 833 1661 Magnas
854 1632 920 1650 vero
943 1632 1027 1661 agere
1045 1622 1162 1662 gratias
1185 1621 1278 1651 Thais
1299 1620 1397 1652 mihi?

701 1662 841 1703 Ingentes-

82 1706 178 1741 Quem
195 1703 299 1732 Cicero
323 1703 474 1733 adducens
496 1705 526 1733 in
543 1705 642 1734 Laelio
666 1705 702 1742 (c,
716 1708 794 1743 26.):
819 1704 901 1734 Satis
922 1713 1000 1743 erat,
1023 1706 1137 1745 inquit,
1161 1705 1330 1745 respondere
1350 1717 1489 1746 magnas,
1513 1709 1639 1745 ingentes
1662 1706 1764 1745 inquit.
1804 1703 1921 1744 Semper
1943 1712 2027 1744 auget

82 1747 240 1776 assentatio
263 1745 312 1783 id,
336 1745 417 1786 quod
439 1748 479 1784 is,
503 1748 585 1777 cuius
607 1746 648 1776 ad
669 1747 846 1776 voluntatem
870 1747 994 1785 (licitur,
1018 1748 1079 1778 vult
1102 1761 1161 1778 esse
1182 1760 1330 1788 magnum.
1356 1749 1411 1778 Da
1422 1760 1444 1778 c.
1472 1747 1622 1788 Augendi.
1647 1748 1720 1776 Vide
1743 1758 1832 1787 supra
1850 1746 1895 1777 In.
1921 1745 2025 1775 Goth.

84 1788 170 1819 Gens.
194 1788 268 1817 Vide
291 1799 380 1827 supra
408 1787 491 1818 Gens.
517 1788 626 1818 Idem.
658 1789 763 1829 Ingens
785 1795 829 1819 est
851 1790 1043 1826 inhumanus,
1067 1793 1213 1820 immanis.
1244 1792 1316 1820 Nam
1337 1803 1409 1831 gens
1432 1797 1474 1820 est
1497 1791 1527 1820 h.
1549 1791 1568 1819 l.
1591 1791 1668 1819 idem
1691 1791 1773 1829 quod
1796 1792 1912 1818 Sanscr.
1936 1787 2024 1818 dcha-

82 1843 154 1868 nas,
176 1831 196 1860 i.
216 1841 240 1861 e.
262 1835 364 1868 natus,
390 1831 468 1860 unde
490 1832 519 1860 in
542 1832 652 1871 plurali
674 1831 808 1861 homines
831 1833 990 1870 significat,
1012 1833 1111 1862 Leute.
1158 1834 1251 1872 Igitur
1274 1834 1376 1872 ingens
1399 1834 1435 1862 ab
1458 1835 1486 1863 in
1512 1833 1659 1873 privativo
1684 1838 1712 1862 et
1730 1845 1801 1873 gens
1824 1837 1868 1861 est
1891 1841 1988 1870 comp.

245 1871 287 1901 In
315 1871 416 1913 pelle
445 1872 590 1904 lanata.
635 1875 771 1911 Servius,
808 1875 858 1913 qui
889 1881 932 1904 est
957 1886 1046 1914 penes
1072 1876 1220 1905 Danielem
1245 1881 1396 1912 nostrum,
1434 1881 1550 1905 tantum
1575 1876 1667 1904 refert
1689 1875 1728 1904 ad
1751 1875 2023 1904 confarreationem.

80 1914 171 1952 Mos,
201 1915 315 1953 inquit,
347 1915 402 1954 [ad
425 1916 443 1944 l.
458 1917 506 1946 IV.
533 1917 652 1946 Aeneid.
675 1918 713 1954 (v.
725 1918 798 1949 374.
822 1928 886 1957 pag.
898 1919 970 1949 348.
996 1919 1042 1946 ed.
1067 1919 1158 1955 l)an.).
1183 1918 1287 1957 Dac.]
1313 1918 1394 1958 apud
1415 1926 1518 1947 veteres
1535 1918 1603 1959 fuit
1625 1916 1758 1946 Flamini
1777 1929 1813 1947 ac
1837 1915 2023 1952 Flaminii-ae,

81 1965 112 1986 ut
131 1969 184 1997 per
197 1957 414 1999 sarmationem
438 1959 467 1987 in
491 1960 599 1998 nuptiis
623 1961 821 1996 convenirent,
851 1959 939 1989 sellas
962 1959 1037 1989 (luas
1060 1962 1177 2000 iugatas
1199 1960 1270 1990 ovili
1288 1961 1365 2000 pelle
1386 1962 1576 2000 superiniecta
1595 1961 1668 2000 poni
1689 1961 1749 1989 eius
1771 1960 1843 1995 ovis,
1871 1968 1945 1997 quae
1967 1956 2022 1986 ἧο-

80 2000 140 2028 stia
151 1999 282 2041 fuisset,
306 2007 332 2028 et
354 1999 397 2028 ihi
418 2000 553 2030 nubentes
574 2000 677 2030 velatis
701 2001 846 2042 capitibus
869 2004 898 2031 in
922 2002 1157 2042 confarreatione
1172 2003 1294 2032 Flamen
1317 2015 1353 2032 ac
1369 2003 1534 2032 Flaminica
1557 2001 1717 2031 residerent.
1743 1999 1842 2030 Scal.
1878 2000 1933 2028 Sed
1958 2000 2022 2039 qui-

80 2042 182 2070 busvis
206 2043 270 2070 aliis
294 2042 476 2071 nubentibus
498 2054 607 2072 morem
632 2043 711 2072 hunc
734 2045 922 2073 observatum
947 2045 1038 2074 fuisse
1062 2046 1147 2074 tidem
1170 2046 1243 2074 facit
1266 2045 1314 2074 bic
1337 2046 1416 2074 Festi
1440 2046 1532 2074 locus.
1565 2045 1599 2073 Id
1623 2049 1720 2073 autem
1744 2054 1775 2071 ea
1799 2052 1886 2071 causa
1911 2043 2022 2071 sactum

79 2094 143 2114 esse
166 2084 313 2121 arbitror,
352 2090 385 2114 ut
407 2095 440 2114 eo
464 2096 494 2114 sc
517 2097 595 2114 nova
618 2092 709 2125 nupta
733 2087 861 2116 lanificio
884 2088 1025 2116 intentam
1050 2088 1113 2116 sore
1139 2088 1327 2126 significaret.
1371 2089 1444 2118 Nam
1467 2087 1548 2128 apud
1571 2088 1706 2125 antiquos
1729 2086 1873 2114 matronis
1894 2085 2021 2114 maxima

78 2136 150 2155 cura
173 2127 250 2156 circa
274 2127 434 2156 lanificium
458 2128 529 2164 suit,
552 2133 586 2157 ut
609 2129 716 2168 passim
740 2130 841 2158 videre
864 2134 926 2167 est,
950 2130 1027 2158 unde
1051 2130 1124 2158 illud
1148 2131 1178 2159 in
1200 2131 1349 2170 epitaphio
1373 2132 1481 2160 veteri:
1509 2131 1636 2159 Domum
1657 2129 1794 2165 servavit,
1817 2127 1918 2157 lanam
1930 2127 2020 2170 fecit,

79 2167 164 2205 dixi,
195 2169 254 2199 abi.
302 2169 360 2198 Sed
383 2170 450 2199 vide
472 2171 606 2210 inprimis
631 2177 721 2210 caput
743 2172 879 2201 ultimum
904 2173 985 2202 aurei
1007 2173 1100 2202 libelli
1121 2174 1303 2211 Salomonis,
1331 2173 1382 2212 qui
1401 2173 1556 2214 proverbia
1576 2171 1760 2200 inscribitur.
1804 2170 1892 2200 Dae.

663 2266 778 2299 AD
881 2266 1441 2302 LIBRUMX.

241 2339 442 2368 Lucerias.
487 2339 687 2369 Glossarium:
715 2340 886 2380 Λουκὲριος
909 2339 993 2377 Ζεύς.
1018 2340 1120 2372 Fulv.
1149 2342 1225 2372 Urs.
1263 2343 1402 2372 Glossae:
1431 2341 1575 2370 Lucerias
1599 2338 1682 2377 Ζεύς.
1721 2339 1823 2369 Utrubi
1847 2347 1943 2371 error,
1967 2344 2015 2363 ne-

79 2379 146 2409 scio.
179 2380 293 2411 Gellius
315 2380 403 2411 habet
426 2382 575 2412 Lucetius.
599 2382 698 2414 Scal.
739 2384 852 2413 Gellius
872 2383 923 2413 lib.
938 2384 976 2421 V,
999 2394 1063 2424 cap.
1079 2387 1145 2417 12.:
1169 2384 1244 2415 Item
1265 2384 1344 2415 Iovis
1366 2385 1510 2424 Diespiter
1531 2383 1708 2424 appellatus,
1731 2384 1751 2413 i.
1772 2393 1794 2410 e.
1817 2379 1874 2408 diei
1894 2385 1919 2406 et
1941 2375 2015 2405 lucis
