2263 2668
532 93 582 131 M.
624 95 828 130 VERRll
873 95 1078 130 FLAcct
1120 96 1498 135 FRAGMENTA.
1832 99 1907 134 297

288 186 417 214 Senonas
442 186 542 215 Gallos
567 187 688 217 verrius
712 189 753 217 ait
781 190 950 218 existimare
974 188 1135 226 appellari,
1167 190 1235 227 quia
1262 191 1331 219 novi
1358 193 1512 229 venerint,
1537 198 1591 222 etc.

287 228 393 256 Serilla
416 229 538 258 verrius
561 231 703 270 appellari
726 236 811 270 putat
841 231 958 269 navigia
983 231 1101 268 Isti-ica,
1133 236 1187 260 etc,
1212 243 1278 261 cum
1305 238 1565 274 περιφραστικῶς,
1605 241 1633 264 et
1656 235 1724 263 fictO
1755 235 1902 264 vocabulo

124 281 193 301 usus
217 271 268 308 sit,
292 275 347 299 etc.

287 314 436 342 Sertorem
460 314 581 353 quidam
600 320 705 355 putant
722 316 833 345 dictum
851 327 867 345 a
881 315 1062 355 prendendo,
1087 320 1143 345 etc.
1167 317 1249 355 quod
1272 322 1369 347 totum
1393 319 1514 349 Verrius
1538 317 1700 356 ἀπιθάνως
1723 320 1901 349 introduxit-

287 356 477 384 Silicernium
500 357 623 386 Vettius
649 359 813 394 existimat,
836 363 892 387 etc.

289 399 394 433 Solea,
419 404 453 428 ut
476 399 516 429 ait
540 400 679 437 Verrius,
714 406 756 430 est
779 412 839 431 non
862 402 958 430 solum
982 411 1035 438 ea,
1069 410 1145 440 quae
1169 400 1233 430 solo
1264 402 1349 440 pedis
1372 402 1543 443 subiicitur,
1570 405 1622 434 sed
1645 404 1732 434 etiam
1755 414 1811 443 pro
1833 415 1898 434 ma—

122 440 196 468 teria
219 440 357 477 robusta,
381 445 438 470 etc.

287 483 387 512 Solida
405 483 484 520 sella,
496 488 551 513 etc.
574 484 762 524 appellabant
774 486 872 525 inquit
881 486 1010 522 Verrius,
1022 485 1103 524 quod
1117 483 1229 514 scilicet
1248 492 1311 514 iota
1327 495 1406 524 esset,
1424 487 1551 518 absurde
1564 494 1598 518 ut
1611 488 1684 517 mihi
1698 489 1829 527 videtur,
1840 495 1894 519 etc.

287 526 355 555 Sola
378 527 569 565 appellantur
591 528 711 565 sedilia,
735 534 790 558 etc.
814 539 904 567 quae,
926 533 960 558 ut
982 528 1023 557 ait
1044 528 1182 565 Verrius,
1213 528 1311 557 omnia
1334 529 1415 559 dicta
1441 536 1509 560 sunt
1531 542 1546 560 a
1570 532 1662 568 sollo,
1686 535 1741 562 etc.

287 568 441 607 Spondere
465 568 586 599 Verrius
612 576 696 609 putat
718 572 847 608 dictum,
878 572 958 610 quod
983 576 1087 610 sponte
1110 580 1180 606 sua,
1209 570 1241 599 id
1264 576 1308 600 est
1330 573 1500 610 voluntate,
1537 575 1740 614 promittatur.
1785 574 1898 604 Deinde

122 609 233 639 oblitus
256 611 397 640 inferiore
420 611 514 650 capite
539 623 682 651 sponsum
705 619 734 643 et
755 625 893 653 sponsam
916 625 953 643 ex
977 615 1089 642 Graeco
1112 613 1221 642 dictam
1245 614 1300 650 ait,
1329 620 1385 644 etc.

285 654 459 683 Stellionem
479 666 570 694 genus
598 654 725 685 lacertae
748 657 868 686 Verrius
891 656 1001 686 dictum
1024 657 1084 693 ait,
1113 661 1169 685 etc.

286 696 448 734 Stipatores
472 698 512 725 ait
542 698 640 727 dictos
663 710 678 727 a
701 700 794 738 stipe,
824 704 878 728 etc.

285 739 432 768 Suburam
456 739 578 769 Verrius
601 741 659 770 alio
687 742 765 771 libro
788 753 804 771 a
826 752 903 781 pago
927 742 1099 770 Succusano
1126 740 1238 769 dictam
1263 740 1316 770 ait:
1340 740 1400 770 hoc
1423 751 1494 771 vero
1512 743 1640 772 maxime
1662 743 1771 782 probat
1794 753 1896 772 eorum

121 780 315 816 auctoritate,
345 787 400 811 etc.

284 825 543 862 Supervacaneum
568 833 598 854 ut
618 824 733 855 videtur
751 826 877 855 secludit
901 825 1022 854 Verrius
1045 823 1082 854 ah
1105 836 1216 862 vacuo,
1240 830 1294 855 etc.

284 866 406 896 Taenias
438 867 580 897 Graecam
603 879 706 898 vocem
732 870 776 898 sic
798 870 1012 908 interpretatur
1035 867 1174 905 Verrius,
1215 872 1248 897 ut
1278 868 1359 898 dicat
1385 875 1592 899 ornamentum
1618 880 1679 899 esse
1702 871 1820 900 laneum
1843 881 1896 900 ca·

119 907 189 946 pitis
219 907 373 947 honorati,
408 914 464 941 etc.

283 952 415 981 Talionis
439 953 615 982 mentionem
638 953 704 983 fieri
725 954 755 982 in
779 953 939 983 duodecim
962 952 1002 981 ait
1027 951 1170 990 Verrius,
1199 957 1254 982 etc.
1287 962 1383 992 neque
1407 953 1457 991 id,
1496 955 1570 994 quid
1604 955 1748 994 significet
1769 955 1895 993 indicat,

119 996 191 1030 puto
215 993 283 1033 quia
306 999 411 1023 notum
443 1001 501 1032 est,
531 1001 585 1024 etc.

283 1037 433 1073 Taminia,
455 1048 513 1067 uva
539 1039 685 1068 silvestris
708 1039 825 1077 generis
847 1038 967 1068 videtur
988 1038 1094 1067 Verrio
1117 1037 1214 1076 dicta,
1244 1047 1321 1077 quae
1343 1042 1403 1067 tam
1426 1039 1501 1068 mira
1524 1040 1563 1069 sit
1586 1050 1676 1079 quam
1699 1040 1831 1069 minium.

283 1080 452 1119 Tarquitias
476 1081 587 1118 scalas,
612 1086 668 1110 etc.
691 1082 854 1121 appellatas
877 1091 939 1110 esse
961 1081 1003 1111 ait
1025 1081 1116 1120 vulgo
1141 1081 1305 1110 existimari
1327 1080 1459 1110 Verrius.

281 1122 438 1153 Tartarino
460 1134 528 1153 cum
553 1123 629 1154 dixit
652 1124 781 1162 Ennius,
804 1124 975 1160 horrendo,
1007 1128 1036 1153 et
1057 1124 1184 1153 terribili
1208 1124 1329 1153 Verrius
1351 1124 1419 1153 vult
1442 1124 1540 1164 accipi
1565 1135 1581 1153 a
1604 1125 1746 1162 Tartaro,
1772 1125 1823 1164 qui
1846 1125 1894 1154 lo-

118 1172 171 1191 cus
195 1173 208 1191 a
234 1164 275 1194 ud
297 1165 422 1195 inferos.

211 1175 230 1204 P
282 1208 492 1247 Tentipellium
526 1208 664 1238 Artorius
694 1214 779 1248 putat
808 1219 872 1239 esse
906 1209 1152 1247 calciamentum,
1181 1214 1237 1239 etc.
1280 1208 1426 1239 Titinium
1454 1209 1495 1239 ait
1520 1209 1644 1239 Verrius
1673 1209 1845 1239 existimare
1866 1209 1897 1238 id

119 1248 364 1279 medicamentum
387 1261 464 1287 esse,
487 1256 544 1279 etc.
569 1262 636 1280 cum
659 1252 709 1281 ille
731 1254 880 1291 τροπικῶς
902 1252 1021 1281 dixerit.

280 1293 443 1322 Tonsillam
464 1304 526 1323 esse
550 1294 673 1323 Verrius
703 1294 744 1324 ait
768 1295 872 1334 palum
903 1295 1053 1331 dolatum,
1086 1299 1143 1324 ete.

281 1336 455 1365 Tumultum
471 1336 531 1364 dici
555 1337 596 1366 ait
619 1337 755 1374 Verrius,
780 1337 831 1376 qui
856 1337 892 1366 ab
915 1337 981 1366 aliis
1007 1337 1130 1373 oriatur,
1154 1347 1242 1376 quam
1265 1335 1301 1365 ab
1325 1336 1446 1373 Italicis,
1470 1341 1498 1365 et
1522 1336 1645 1366 Gallicis
1667 1336 1820 1373 hostibus,
1840 1341 1895 1366 etc.

279 1378 451 1407 Turi-henos
477 1379 619 1408 Etruscos
642 1380 787 1419 appellari
813 1380 917 1409 solitos
940 1381 980 1409 ait
1002 1380 1142 1416 Verrius,
1166 1390 1182 1408 a
1205 1378 1365 1409 Turrheno
1396 1379 1474 1409 duce
1497 1379 1667 1419 Lydorum,
1692 1384 1748 1409 etc.

281 1420 437 1450 Vacerram
451 1421 585 1460 Verrius,
609 1427 637 1452 et
655 1422 703 1451 alii
728 1423 897 1463 complures
920 1424 1022 1452 vocari
1045 1423 1149 1451 dicunt
1173 1422 1321 1462 stipitem,
1344 1422 1382 1452 ad
1405 1432 1491 1462 quem
1507 1433 1601 1462 equos
1614 1422 1748 1452 solebant
1761 1421 1895 1461 religare.

281 1463 408 1501 Vineae,
435 1469 467 1494 ut
489 1464 612 1495 Verrius
635 1466 800 1505 praecipit,
824 1465 906 1504 quod
929 1465 994 1494 vini
1017 1465 1126 1495 feraces
1150 1465 1224 1500 sint,
1256 1469 1313 1494 etc.

468 1660 516 1693 M.
571 1660 803 1695 VERRII
857 1659 1097 1695 FLAccl
1150 1660 1539 1695 EPISTULAE.

280 1741 353 1772 Nam
385 1743 488 1773 erebro
516 1745 545 1773 in
575 1745 705 1784 antiquis
733 1744 912 1775 lectionibus
941 1745 1109 1783 invenitur,
1150 1745 1227 1775 sicut
1256 1745 1287 1774 in
1317 1744 1454 1784 epistulis
1484 1743 1595 1784 probat
1617 1743 1739 1773 Verrius
1771 1743 1894 1772 Flaccus

117 1784 279 1822 exemplis,
311 1786 508 1824 auctoritate,
544 1787 659 1817 ratione
682 1788 785 1817 dicens
807 1788 837 1816 in
860 1787 1010 1816 adverbiis
1035 1799 1092 1828 pro
1128 1788 1165 1825 V,
1188 1788 1213 1817 Ο
1239 1789 1416 1828 plerumque
1440 1787 1566 1816 maiores
1590 1797 1701 1826 ponere
1724 1790 1892 1824 consuetos,

117 1830 146 1855 et
168 1825 210 1855 sic
228 1837 283 1866 pro
307 1828 388 1866 Huc,
412 1829 492 1864 Hoc,
513 1836 627 1860 veteres
651 1831 751 1860 dicere
774 1830 926 1868 solebant,
949 1831 1027 1860 sicut
1049 1841 1104 1871 pro
1126 1831 1219 1869 illuc,
1245 1831 1314 1860 illoc
1337 1830 1474 1860 dicimus.

329 2023 1167 2060 MVER311FLACCI
1235 2023 1654 2058 CARM1NA.

547 2103 828 2133 BLANDITURQUE
850 2104 971 2131 LABOR
992 2104 1107 2130 MOLLI
1128 2102 1335 2129 CURABITUR.
1355 2102 1459 2129 ARTE.

471 2167 822 2199 INCERTA
888 2167 1170 2199 VERRII
1233 2166 1532 2198 FLAGGI.

275 2244 464 2284 saevitiaque
487 2255 587 2274 eorum
611 2246 832 2275 abominaretur
854 2245 890 2274 ab
912 2244 1092 2274 hominibus.

274 2287 407 2317 Festinat
431 2299 447 2317 a
470 2288 559 2317 fando
582 2288 707 2318 dicitur:
742 2288 882 2327 quoniam
904 2288 952 2317 isti
976 2287 1158 2325 ignaviores,
1189 2288 1240 2326 qui
1262 2286 1338 2316 nihil
1361 2287 1503 2327 perficere
1525 2289 1665 2325 possunt,
1691 2285 1760 2324 plus
1782 2283 1891 2313 verbo-

111 2337 194 2364 rum,
226 2339 314 2367 quam
337 2341 446 2370 operae
466 2329 584 2362 habent.
631 2331 688 2359 Sed
711 2331 739 2360 id
763 2331 849 2360 nimis
871 2335 1024 2367 coactum,
1053 2335 1142 2369 atque
1165 2330 1326 2359 absurdum
1349 2330 1486 2366 videtur,
1513 2328 1611 2367 inquit
1631 2327 1755 2358 Gellius.

276 2373 370 2412 Caper
393 2374 522 2403 ostendit
544 2374 580 2403 de
605 2374 701 2403 dubiis
724 2373 880 2413 generibus
904 2373 1039 2403 Verrium
1062 2373 1202 2402 Flaccum
1225 2373 1359 2413 posuisse
1381 2373 1491 2402 alecem
1515 2371 1594 2400 hanc
1617 2370 1727 2401 dicens.

159 2422 324 2452 Gmmun.
345 2433 413 2452 Lar.
437 2423 470 2452 ll.
1569 2423 1597 2456 P
1613 2433 1637 2466 p

1932 195 1971 220 Ex
1986 197 2042 222 eod.

1931 239 1971 264 Es
1984 240 2038 265 eod.

1931 324 1968 349 Er
1984 325 2039 353 cod.

1930 368 1968 392 Ex
1984 368 2038 394 eod.

1928 410 1967 435 Ex
1984 410 2038 436 cod.

1930 496 1969 521 Ex
1982 497 2038 522 eod.

1927 539 1967 564 Ex
1982 540 2037 566 cod.

1927 583 1966 607 Ex
1983 584 2037 610 eod.

1926 663 1965 688 Ex
1980 664 2035 689 eod.

1926 706 1967 730 Ex
1982 707 2038 732 eod.

1929 749 1967 774 Ex
1982 751 2037 775 eod.

1925 827 1965 852 Ex
1981 828 2035 852 eod.

1929 870 1967 895 Et
1981 871 2035 895 eod.

1926 954 1966 979 Ex
1981 955 2035 980 eod.

1924 1039 1964 1064 Ex
1980 1041 2035 1065 eod.

1925 1082 1964 1107 Es
1979 1083 2034 1109 eod.

1927 1126 1964 1151 Ex
1979 1127 2034 1152 eod.

1924 1203 1963 1228 Ex
1979 1203 2034 1229 eod.

1926 1290 1964 1314 Ex
1980 1290 2035 1315 eod.

1925 1333 1964 1357 Ex
1981 1333 2036 1361 eod.

1924 1376 1966 1401 Ex
1979 1376 2035 1402 eod.

1925 1419 1964 1444 Ex
1979 1419 2036 1445 eod.

1926 1459 1964 1484 Ex
1980 1459 2035 1485 eod.

1917 1738 1956 1763 Es
1971 1738 2058 1763 Seruio

1904 1773 1947 1799 lib.
1959 1773 1983 1799 8.
2005 1773 2068 1797 Aen.

1918 2100 1959 2125 Ex
1976 2099 2054 2125 Prisc.

1935 2134 1977 2158 lib.
2003 2135 2027 2160 8.

1916 2235 1958 2260 Ex
1976 2235 2051 2260 Pn'sc.

1934 2269 1977 2294 lib.
1997 2270 2019 2293 8.

1900 2304 1940 2328 Εε-
1948 2301 2057 2328 Gemit.

1898 2338 1938 2364 16.
1952 2333 2055 2367 cap-14.

1908 2371 1948 2394 Ex
1961 2369 2038 2393 Prisc.

1934 2403 1977 2428 tib.
1994 2402 2019 2427 6.
