2263 2668
597 677 1502 733 PRAEFATIO.

76 980 164 1043 Ex
196 1012 283 1052 quo
316 997 511 1054 primum
541 997 654 1037 libro
686 997 991 1054 manuscripto
1011 995 1322 1051 elegantissimi
1342 995 1390 1036 hi
1406 993 1564 1045 libelli,
1598 994 1674 1049 qui
1704 1002 1842 1036 artem
1861 994 2025 1038 Donati

77 1081 415 1138 grammaticam
448 1083 683 1133 continent,
716 1082 801 1123 sint
834 1082 951 1132 editi,
983 1094 1146 1138 parum
1177 1088 1359 1122 constat.
1420 1080 1494 1122 An
1524 1087 1622 1137 post
1654 1079 1900 1136 principem
1933 1081 2026 1121 edi-

76 1165 243 1207 tionem
273 1164 660 1218 Haarlemensem,
711 1166 764 1207 de
799 1179 887 1221 qua
921 1166 975 1206 cf.
1006 1164 1235 1206 Fabricius
1267 1165 1314 1206 in
1346 1164 1615 1206 bibliotheca
1643 1162 1802 1204 Latina
1831 1171 1935 1205 tom.
1951 1163 2025 1216 III,

76 1263 174 1306 pag.
193 1253 293 1292 742.
326 1249 501 1291 codices
521 1264 660 1291 manu
685 1250 855 1291 exarati
873 1249 1063 1291 adhibiti
1084 1248 1193 1300 sint,
1225 1249 1401 1301 nescio;
1434 1248 1643 1290 credibile
1662 1258 1748 1298 est,
1782 1244 2027 1289 Caesarimn

77 1334 125 1373 in
156 1333 303 1374 libello
337 1333 391 1374 de
423 1335 724 1385 barbarismo,
767 1343 806 1374 et
840 1333 1103 1375 Glareccmmz
1135 1332 1183 1374 in
1213 1334 1324 1374 libro
1359 1333 1411 1374 de
1445 1342 1541 1374 octo
1573 1331 1771 1389 partibus
1805 1331 2027 1383 orationis,

79 1417 277 1468 edendis,
310 1418 484 1459 codices
515 1419 840 1475 manuscriptos
862 1419 909 1458 in
928 1418 1147 1459 auxilium
1164 1431 1362 1458 vocasse.
1426 1415 1489 1459 Cf.
1509 1415 1738 1457 Fabricius
1759 1414 1806 1454 in
1827 1415 2027 1456 biblioth.

78 1500 173 1542 Lat.
205 1509 308 1542 tom.
328 1501 365 1552 I,
399 1515 496 1557 pag.
522 1506 622 1546 788.
683 1501 856 1542 Horum
886 1510 1038 1542 tamen
1070 1501 1282 1542 editiones
1316 1501 1373 1542 ad
1403 1509 1549 1559 partes
1581 1512 1737 1540 vocare
1769 1512 1860 1539 non
1890 1499 2030 1555 potui.

82 1582 207 1636 Quas
238 1585 351 1626 mihi
379 1586 601 1642 inspicere
632 1586 760 1627 licuit
793 1586 1030 1636 editiones,
1066 1599 1143 1626 eae
1179 1599 1330 1626 omnes
1365 1598 1468 1625 cum
1498 1582 1746 1623 Basileensi
1775 1582 1915 1638 magis
1946 1582 2032 1622 mi-

79 1682 219 1710 nusve
252 1669 540 1717 concordant,
573 1685 627 1710 ex
658 1684 747 1725 qua
776 1669 891 1710 nihil
923 1669 1079 1710 auxilii
1111 1668 1383 1726 sperandum
1415 1681 1508 1707 esse
1541 1666 1632 1706 iam
1662 1673 1793 1706 antea
1823 1665 2032 1706 sciebam.

79 1751 232 1793 Edidit
263 1760 414 1793 tamen
445 1753 684 1795 Putschius
717 1768 771 1794 ex
802 1754 889 1794 hoc
921 1752 1168 1794 Basilecnsi
1201 1751 1403 1808 exemplo
1436 1764 1569 1791 suum
1600 1748 1851 1799 Donatum,
1901 1762 2032 1788 suum

84 1835 206 1888 dico;
238 1849 344 1878 nam
373 1837 614 1891 Bongarsiz'
642 1838 748 1879 libri
781 1838 930 1892 quales
962 1836 1142 1886 suerint,
1178 1849 1234 1874 ex
1259 1834 1421 1888 quibus
1447 1833 1675 1874 Donatum
1704 1847 1749 1872 se
1776 1831 2031 1872 emendasse

84 1919 264 1972 indicat,
296 1920 519 1962 incertum
543 1930 619 1963 est.
680 1921 877 1962 Pessime
911 1929 1059 1961 autem
1089 1918 1406 1975 interpolatum
1436 1917 1564 1958 nobis
1598 1915 1771 1957 dedisse
1804 1915 2035 1972 eleganti&

84 2002 249 2045 simum
282 2003 654 2057 Grammaticum,
688 2021 744 2046 ex
774 2006 860 2046 hac
892 2017 994 2045 mea
1026 2001 1215 2042 editione
1247 2002 1447 2054 abunde,
1481 2001 1659 2058 opinor,
1692 1999 1935 2057 apparebit.

250 2086 684 2129 Praestantissimum
717 2103 794 2144 ego
829 2087 1029 2128 codicem
1059 2086 1369 2127 Sccnt‘em‘cmmn
1400 2094 1579 2136 nactus,
1637 2084 1828 2124 eundem
1860 2098 1914 2123 ex
1946 2098 2032 2137 quo

87 2170 193 2210 olim
211 2169 411 2227 Pompeii
429 2172 803 2213 commentarium
828 2170 875 2211 in
893 2171 1058 2212 Donati
1088 2171 1288 2212 libellum
1321 2170 1375 2210 de
1408 2168 1685 2210 barbarismo
1718 2167 1858 2218 edidi,
1891 2167 2033 2208 statim

86 2253 304 2305 intellexi,
353 2263 430 2295 aut
467 2255 587 2296 hunc
627 2256 812 2307 librum,
859 2263 931 2296 aut
970 2255 1144 2296 nullum
1178 2254 1316 2295 alium
1346 2267 1497 2294 veram
1532 2261 1572 2293 et
1603 2251 1842 2307 genuinam
1871 2248 2035 2291 Donati

88 2337 334 2378 orationem
367 2337 590 2379 exhibere.
654 2336 757 2390 Oua
790 2339 843 2379 de
878 2352 1057 2390 caussa,
1091 2348 1131 2380 et
1164 2339 1297 2380 simul
1329 2338 1433 2393 quia
1465 2335 1892 2383 animadvertebam,
1923 2345 2035 2388 pau*

90 2420 286 2462 cissimos
318 2429 490 2462 tantum
523 2423 642 2464 locos
675 2423 867 2479 relinqui
898 2423 1080 2474 dubios,
1114 2423 1200 2464 alia
1233 2422 1401 2464 auxilia
1420 2424 1582 2463 frustra
1604 2419 1922 2473 circumspecta
1945 2430 2035 2456 non

1558 2505 1623 2538 A*
