2263 2668
529 134 594 169 DE
620 133 1006 170 SIGNIFlCATIONE
1033 132 1315 171 VERBORUM.
1366 135 1511 169 LIBER
1536 136 1595 170 lll.
1960 137 2035 172 389

92 232 150 260 Pro
173 239 241 259 arca
264 228 392 258 funebri.
436 226 546 257 Lucil.:

549 268 639 306 Quem
663 280 728 299 cum
753 267 890 299 vidissent
911 266 1083 298 Hortensiu'
1106 266 1337 310 Postumiusque,

549 310 641 341 Ceteri
661 313 729 341 item
751 313 781 340 in
805 309 909 351 capulo
932 310 1009 340 hunc
1031 321 1089 339 non
1112 322 1185 347 esse,
1216 311 1364 353 aliumque
1385 312 1500 342 cubare.

93 357 137 387 Ab
160 357 215 387 hac
239 356 339 396 capuli
361 354 576 394 significatione
598 355 696 383 dictus
720 352 869 393 capularis
889 354 978 382 morti
999 353 1165 390 contiguus.
1211 355 1306 385 Plaut.
1332 355 1406 394 (Mil.
1423 356 1481 392 ΠΙ,
1506 359 1541 392 1,
1565 355 1649 397 23.;)

549 395 630 434 Quid
652 397 696 425 ais
718 395 774 426 tu?
810 403 868 425 iam
892 394 946 424 tibi
967 406 1018 435 ego
1041 394 1141 424 videor
1163 396 1271 436 oppido
1294 397 1536 429 Acherunticus?

549 439 624 467 Tam
647 437 821 478 capularis?
848 445 943 467 tamne
965 437 1020 467 tibi
1041 436 1093 466 diu
1115 437 1216 468 videor
1238 440 1327 468 vitam
1349 439 1467 471 vivere?

92 484 184 514 Dae.
228 483 265 512 Et
287 481 334 520 id,
367 492 424 522 quo
446 481 554 510 mortui
575 481 743 522 efferuntur.
787 482 824 510 Et
845 480 993 518 breviter,
1024 480 1168 519 quicquid
1192 482 1269 511 intra
1292 492 1323 511 se
1345 483 1441 521 capit,
1478 487 1511 512 ut
1533 482 1764 523 Sarcophagum.
1810 483 1884 513 Vide
1905 484 2035 513 Nouium

93 525 174 566 (pag.
187 528 217 558 4.
240 524 343 564 Mese.)
366 525 396 552 in
421 522 574 563 Capulum.
622 521 726 552 Goth.

257 565 460 597 Caelassis.
505 565 678 594 Caelaveris.
719 563 871 603 caelasse,
901 563 1066 602 caelavere,
1092 576 1226 602 amasso,
1251 576 1385 595 amavero
1409 571 1437 595 et
1458 567 1579 605 similia,
1602 578 1690 607 quam
1712 568 1917 597 formationem
1938 569 2035 598 Latini

92 623 108 640 a
132 610 254 640 Graecis
277 609 413 638 mutuati.
448 609 491 636 Ex
514 608 630 636 aoristis
653 608 845 637 subjunctivi.
869 608 957 638 Dae.
989 607 1073 636 Adde
1095 618 1186 647 supra
1209 607 1359 640 Ancaesa.
1387 607 1492 639 Goth.
1526 608 1663 640 Caelasso
1686 616 1786 640 ortum
1808 615 1852 640 est
1875 621 1912 640 ex
1935 610 2035 641 caela-

93 664 175 691 vero,
198 651 365 689 melanem,
389 649 522 687 caelaso,
545 649 686 681 caelasso.
731 652 768 680 Et
790 651 833 679 sic
855 650 951 680 omnia
975 650 1039 680 alia.

260 694 393 724 Citior.
435 692 511 722 Vide
527 692 657 722 Macrub.
681 693 730 722 lib.
743 693 793 723 111.
817 704 881 732 cap.
897 695 945 724 19.
969 693 1021 732 qui
1042 691 1187 721 Naevium
1210 692 1298 722 huius
1321 693 1403 722 vocis
1427 693 1529 723 laudat
1552 700 1696 725 autorem.
1718 695 1807 726 Dae.
1837 694 1959 725 Nullam
1983 707 2034 735 ego

91 750 160 769 rem.
191 737 270 767 Haec
294 748 331 766 ex
355 736 467 765 amissis
489 735 585 764 Plauti
613 736 781 764 comoediis.
810 736 956 774 Integram
980 745 1104 774 gnomen
1127 735 1169 763 sic
1192 735 1272 773 Virg.
1293 736 1378 774 (Aen.
1396 736 1453 774 IV,
1479 737 1580 775 174.):

90 805 170 835 Dae
666 777 762 807 Fama
783 777 911 816 malum,
937 789 993 819 quo
1016 789 1074 807 non
1097 776 1182 806 aliud
1203 777 1330 808 velocius
1353 777 1454 810 ullum.

256 845 398 876 Clunes.
443 845 518 874 Vide
540 845 654 875 incerta
678 845 784 876 Verrii.
806 845 893 875 Ant.
915 844 1010 885 Aug.
1052 845 1145 874 Paulo
1168 845 1315 875 diversius
1338 857 1353 875 a
1375 846 1474 875 Nonio
1498 846 1580 885 (pag.
1598 849 1665 880 196.
1689 847 1798 885 Merc.)
1821 847 1928 876 citatur
1950 847 2035 876 locus

90 890 198 920 Plauti.
237 887 341 919 Clunes
363 887 537 918 masculino.
573 889 694 917 Plautus
719 888 863 926 Agroico:

626 930 718 970 Quasi
741 930 825 971 lupus
847 929 885 959 ab
907 929 996 959 armis
1018 928 1116 959 valeo:
1152 928 1250 959 clunes
1273 929 1400 960 desertos
1419 942 1500 970 gero.

91 974 192 1005 Scal.
229 973 415 1003 Vocabulum
438 972 498 1002 hoc
520 973 601 1012 apud
626 974 754 1002 Graecos
778 971 893 1009 κλόνις,
917 973 948 1000 in
973 972 1126 1001 sanserito
1146 974 1229 1014 proni
1251 978 1345 1002 sonat.
1385 973 1428 1004 cf.
1452 974 1547 1012 Bopp.
1571 973 1666 1002 Gloss.
1690 974 1830 1002 Sanscrit.
1853 983 1919 1013 pag.
1935 975 2004 1005 179.

256 1015 472 1056 coquitare.
516 1016 614 1045 Hodie
635 1015 709 1044 haec
733 1026 793 1045 vox
815 1016 894 1055 apud
917 1015 1054 1044 Plautum
1075 1025 1221 1054 nusquam
1244 1016 1370 1055 legitur,
1405 1016 1462 1045 nisi
1486 1016 1584 1045 locum
1606 1016 1750 1055 intelligat
1771 1016 1890 1053 Festus,
1919 1016 1970 1055 qui
1991 1021 2034 1045 est

88 1061 120 1089 in
141 1059 352 1095 Pseud01.11[‚
376 1061 411 1093 2,
436 1057 514 1098 (85.)
539 1058 589 1086 ubi
612 1069 691 1087 nunc
715 1059 873 1099 coquinare
894 1058 1016 1095 legitur:

381 1100 458 1129 Hem
481 1111 582 1138 mane,
613 1102 717 1142 quanti
738 1102 813 1130 istuc
836 1112 923 1130 unum
946 1112 991 1128 me
1014 1100 1171 1140 coquinare
1190 1098 1339 1140 perdoces,

88 1144 139 1173 ubi
161 1144 318 1185 coquinare
341 1148 385 1172 est
407 1154 422 1171 a
444 1144 585 1183 coquina,
617 1149 649 1172 ut
671 1148 700 1172 et
721 1143 799 1172 idem
822 1144 911 1182 paulo
935 1143 1071 1182 superius
1092 1142 1210 1172 dixerat
1233 1141 1370 1183 (v.67.):

379 1185 433 1215 An
456 1193 486 1214 iu
509 1186 697 1226 coquinatum
721 1193 747 1215 ie
768 1187 810 1215 ire
831 1197 977 1227 quoquam
997 1183 1141 1226 postulas.

88 1230 125 1259 Et
146 1228 246 1258 Aulul.
262 1228 321 1266 111,
347 1231 380 1265 1,
403 1227 478 1265 (3.);

88 1296 169 1326 Duc
379 1270 479 1310 Neque
500 1281 551 1309 ego
574 1282 718 1311 unquam,
755 1271 813 1299 nisi
833 1269 936 1308 hodie,
974 1268 1015 1298 ad
1036 1268 1175 1300 Bacchas
1196 1271 1262 1299 veni
1283 1268 1324 1299 ad
1345 1268 1524 1300 Bacchanal
1545 1270 1741 1311 coquinatum.

255 1336 533 1369 Canitudinem.
578 1337 671 1367 Periit
700 1348 733 1367 ea
764 1338 881 1374 sabula,
917 1337 1002 1367 cuius
1031 1339 1130 1367 locum
1160 1338 1300 1368 laudabat
1321 1338 1433 1368 Festus.
1477 1336 1681 1367 Albituclinem
1703 1337 1791 1367 etiam
1814 1337 1891 1366 dixit
1912 1337 2034 1365 Plautus

86 1382 218 1413 Trinum.
236 1381 293 1419 IV,
316 1384 352 1418 2,
374 1382 470 1419 (32.):

541 1422 737 1453 Lesbonicum
761 1421 810 1453 Ῑιὶο
831 1421 1042 1453 adolescentem
1066 1435 1172 1465 quaero
1194 1425 1224 1454 in
1248 1424 1293 1454 his
1315 1422 1478 1464 regionibus

547 1465 606 1496 Ubi
627 1465 752 1504 habitet,
790 1474 817 1495 et
838 1467 904 1494 item
929 1466 1052 1496 alierum
1075 1466 1117 1495 ad
1138 1469 1226 1497 istam
1248 1468 1354 1508 capitis
1377 1464 1577 1496 albitudinem.

87 1511 172 1541 Dac.
215 1509 301 1539 Adde
322 1507 450 1537 Nonium
474 1505 552 1548 (pag.
565 1512 617 1542 82.
641 1508 743 1549 Merc.)
766 1509 796 1537 in
822 1506 975 1538 Canitudo.
1025 1509 1128 1538 Goth.

252 1550 499 1590 Conruspari.
542 1552 670 1590 Ruspari
692 1557 735 1580 est
756 1551 899 1587 scrutari,
925 1551 1059 1580 studiose
1082 1562 1233 1589 quaerere.
1276 1551 1383 1580 Accius
1406 1551 1437 1579 in
1459 1550 1620 1588 Meleagro:

710 1593 826 1632 Vagent
849 1600 999 1631 ruspanies
1020 1592 1126 1629 silvas,
1165 1601 1307 1623 sectantes
1318 1594 1416 1635 feras.

88 1637 163 1666 Vide
190 1636 268 1664 infra
290 1634 431 1673 Ruspari.
475 1635 571 1663 Plauti
600 1635 701 1671 locus,
742 1645 829 1674 quem
858 1634 959 1663 laudat
981 1635 1084 1664 Festus
1112 1636 1143 1664 in
1175 1636 1260 1664 editis
1284 1635 1445 1665 comoediis
1467 1645 1528 1664 non
1551 1638 1642 1664 extat.
1671 1632 1761 1663 Dac.
1806 1632 1881 1661 Vide
1902 1632 2034 1661 Nouium

88 1678 169 1718 (pag.
185 1681 256 1710 166.
273 1675 388 1717 Mem).
421 1677 548 1705 Glossis:
569 1676 718 1716 Ruspina!
740 1679 921 1717 χειροτριβεῖ.
947 1675 1054 1706 Goth.
1083 1678 1179 1706 Plauti
1202 1678 1287 1707 locus
1309 1684 1354 1707 est
1374 1678 1517 1706 iambicus
1537 1677 1685 1712 trimeter,
1709 1675 1814 1704 omissa
1837 1685 1896 1704 una
1919 1675 1954 1704 ab
1975 1675 2034 1703 ini-

88 1721 131 1750 tio
155 1721 278 1760 syllaba.
321 1719 362 1747 De
385 1723 484 1757 etymo
508 1719 556 1747 adi
580 1719 716 1748 Vossium
739 1721 770 1748 in
791 1721 886 1758 lxtym.
911 1720 965 1748 sub
988 1729 1033 1757 v.,
1068 1721 1119 1759 qui
1141 1726 1264 1749 naturae
1287 1731 1392 1749 sonum
1415 1719 1558 1749 imitando
1580 1718 1760 1747 vocabulum
1783 1723 1882 1747 ortum
1903 1722 2011 1747 censet.

256 1759 494 1793 Caecultanr.
539 1762 634 1791 Gloss.
659 1762 798 1791 Caeculto
821 1760 1000 1802 α’μβλυὸττω.
1043 1763 1081 1791 Et
1103 1763 1143 1792 ita
1166 1764 1243 1792 sorte
1266 1768 1382 1792 rectum
1403 1762 1524 1802 putavit
1546 1762 1686 1798 Vossius,
1712 1771 1801 1799 quem
1822 1771 1882 1790 non
1904 1770 2031 1799 sequor3

87 1816 155 1834 nam
179 1816 195 1834 a
219 1815 307 1835 caeco
330 1805 478 1840 caecutio,
508 1809 542 1833 ut
562 1803 669 1841 audio,
699 1803 817 1841 audito,
847 1803 991 1834 ausculto.
1036 1805 1090 1833 Da
1101 1816 1125 1835 c.

253 1845 400 1877 Cadere.
447 1844 578 1875 Caedere.
624 1848 715 1885 Lege:
753 1846 870 1877 caedere
890 1858 908 1876 a
931 1845 1063 1877 cadendo
1087 1846 1214 1884 dictum,
1247 1852 1280 1876 ut
1300 1848 1332 1876 in
1354 1857 1446 1886 marg.
1490 1846 1550 1876 Sed
1572 1851 1693 1885 etymon
1714 1845 1792 1875 illud
1812 1845 1892 1874 Festi
1913 1845 2029 1874 falsum.

87 1891 163 1920 Vide
184 1888 310 1920 caedem.
353 1887 440 1918 Dac.

252 1929 559 1970 Concipilavisti.
604 1931 683 1960 Idem
706 1942 740 1960 ac
758 1931 948 1971 compilasti,
972 1936 1005 1960 ut
1027 1932 1198 1971 reciprocus
1221 1943 1380 1971 reprocus:
1403 1932 1586 1970 reciperare,
1610 1940 1765 1970 reparare:
1787 1930 1961 1968 incitegere,
1983 1929 2028 1958 in-

86 1981 194 2014 tegere.
218 1972 321 2004 scal.
364 1973 459 2002 Locus
481 1974 583 2003 Naevii
607 1985 665 2003 non
689 1979 778 2004 extat.
816 1975 857 2004 Ea
880 1984 954 2003 voce
978 1984 1048 2003 usus
1071 1976 1163 2005 Plaut.
1186 1975 1307 2004 Trucul.
1326 1975 1370 2011 II,
1393 1975 1423 2006 4.
1447 1975 1495 2015 (7,
1518 1973 1603 2015 60.):

820 2034 862 2039 —
906 2033 945 2038 ——
988 2033 1030 2038 —
1071 2033 1113 2039 --
1157 2029 1239 2058 quem
1262 2028 1314 2057 ego

785 2057 914 2088 Ossatim
936 2059 1056 2087 iamiam
1079 2059 1275 2099 concipilabo.

86 2101 271 2141 Concipilare
292 2100 371 2130 idem
395 2100 475 2139 quod
496 2100 663 2139 compilare.
709 2100 783 2130 Vide
806 2100 944 2140 Incitega.
989 2101 1075 2132 Dae.

250 2141 376 2173 Clava.
421 2144 445 2171 A
468 2153 526 2182 qua
549 2143 678 2181 claviger
699 2143 850 2174 Hercules.
886 2144 960 2172 Nota
983 2143 1117 2180 iuterim,
1140 2144 1259 2173 Festum
1283 2144 1394 2173 clavam
1418 2141 1505 2172 telum
1527 2152 1644 2173 vocare.
1679 2141 1752 2170 Nam
1773 2140 1844 2170 inde
1865 2139 1919 2169 tibi
1941 2145 2022 2180 pate-

84 2185 145 2223 bit,
180 2196 238 2215 non
262 2196 294 2214 ea
316 2190 450 2223 tantum,
487 2196 562 2224 quae
584 2195 672 2214 manu
695 2186 899 2222 mitterentur,
932 2185 983 2214 sed
1005 2186 1061 2215 alia
1085 2187 1187 2224 etiam,
1224 2187 1331 2226 quibus
1354 2186 1488 2216 cominus
1509 2189 1690 2226 pugnarent,
1728 2184 1787 2214 tela
1809 2183 1929 2213 dixisse.
1974 2184 2021 2212 Sic

83 2237 181 2258 ensem
204 2227 290 2258 telum
314 2228 434 2258 vocavit
456 2228 556 2267 virgil.
573 2228 620 2257 VI.
644 2227 714 2266 (lx,
738 2230 840 2266 747.):

615 2270 661 2299 At
684 2282 741 2300 non
763 2270 834 2300 haec
856 2269 942 2300 telum
966 2282 1029 2300 mea
1051 2270 1132 2312 quod
1152 2272 1182 2300 vi
1203 2269 1326 2302 dextera
1348 2278 1450 2309 versat,

617 2311 764 2353 Effugies,
804 2325 893 2354 neque
913 2314 987 2342 enim
1010 2315 1035 2343 ι’,ς
1058 2314 1108 2343 teli
1129 2325 1181 2343 nec
1203 2313 1328 2343 vulneris
1350 2321 1461 2344 auctor.

615 2354 667 2384 Sic
689 2357 746 2392 ait,
780 2363 806 2385 et
828 2354 974 2386 sublatum
997 2355 1057 2386 alte
1077 2357 1225 2397 consurgit
1247 2357 1277 2386 in
1300 2367 1402 2386 ensem.

83 2395 170 2426 Duc.
215 2395 301 2427 Adde
324 2394 436 2431 Cacula
459 2402 489 2427 et
511 2395 642 2428 Calones.
690 2397 797 2432 Goth,
