2263 2668
404 150 477 184 22⁴
1028 144 1168 178 SEXTI
1195 144 1297 179 POM
1303 146 1394 179 ΡΕΠ
1422 146 1560 180 FESTI

250 249 278 273 ’ί
291 249 325 287 Α..
336 254 377 271 ro-
403 244 532 289 rogatio
560 248 607 274 est
633 253 737 287 genus
764 241 868 285 legis,
896 250 981 283 quae
1009 240 1062 272 lex
1088 251 1154 273 non
1182 241 1337 274 continuo
1366 252 1405 273 ea
1432 240 1565 285 rogatio
1593 243 1674 275 est*,
1704 250 1769 272 non
1796 245 1906 284 potest
1931 252 1995 274 non
2024 253 2092 274 esse
2118 242 2182 281 lex,

273 286 343 315 ἔδω)
404 298 428 329 si
454 294 557 327 modo
584 294 672 326 iustis
700 292 841 326 comitiis
869 296 988 335 rogata
1016 296 1071 324 est.
1127 292 1348 324 Romulum
1376 292 1512 335 quidam
1541 304 1559 324 a
1586 292 1651 324 ficu
1678 291 1848 332 ruminali,
1884 292 1938 325 alii
1965 293 2056 336 quod
2083 294 2183 338 lupae

410 357 500 379 ruma
527 345 664 377 nutritus
692 349 755 387 est,
781 343 989 387 appellatum
1018 354 1087 375 esse
1112 343 1313 387 ineptissime
1342 343 1505 378 dixerunt.
1534 355 1633 387 quem
1661 343 1821 376 credibile
1848 349 1895 375 est
1922 356 1941 376 a
1966 345 2084 377 virium
2112 357 2184 377 ma-

407 396 595 442 gnitudine,
622 396 700 428 item
729 396 864 428 fratrem
893 394 978 433 eius,
1016 395 1212 438 appellatos.
1267 396 1436 427 Romam
1465 395 1673 439 appellatam
1701 406 1769 426 esse
1793 394 1971 438 Cephalon
1991 396 2186 441 Gergithius

407 449 487 492 (qui
515 448 558 480 de
585 448 728 480 adventu
751 448 885 479 Aeneae
912 446 944 478 in
971 446 1098 478 ltaliam
1125 447 1255 479 videtur
1282 447 1536 490 conscribsisse)
1572 446 1616 478 ait
1650 446 1691 479 ab
1726 446 1863 479 homine
1890 447 2036 488 quodam
2064 449 2187 481 comite

242 513 275 536 ἰζ
289 508 384 535 Palati-
405 503 549 533 Aeneae.
578 510 652 531 eum
682 499 768 531 enim
796 503 942 541 ocupato
971 503 1100 539 monte,
1140 498 1195 541 qui
1224 509 1309 530 nunc
1333 498 1503 530 Palatius*
1529 498 1664 534 dicitur,
1701 498 1816 530 urbem
1845 498 2053 533 condidisse.
2088 505 2185 542 atque

233 544 478 603 ¹¹⁰⁵lhffiegnssa’eam
499 551 657 583 Rhomen
684 550 877 582 nominasse.
932 549 1162 593 Apollodorus
1189 550 1220 581 in
1250 549 1421 582 Euxenide
1447 550 1506 587 ait,
1535 551 1649 582 Aenea
1677 555 1709 581 et
1732 549 1869 581 Lavinia
1897 556 1990 581 natos
2010 549 2185 593 Nlayllem,

407 603 557 643 Muhnn,
591 602 833 645 Rhomumque
861 606 959 643 atque
984 601 1026 633 ab
1051 600 1190 634 Rhomo
1218 601 1291 633 urbi
1318 606 1459 633 tractum
1488 612 1617 633 nomen.
1671 600 1820 634 Alcimus
1844 601 1887 633 ait
1908 600 2096 645 Tyrrhenia
2119 602 2186 635 Ae-

407 667 488 687 neae
516 660 627 686 natum
656 654 762 686 filium
790 653 974 685 Romulum
1001 653 1118 693 fuisse,
1154 659 1252 695 atque
1280 663 1320 684 eo
1349 658 1454 685 ortam
1483 652 1607 685 Albam
1635 652 1769 685 Aeneae
1796 657 1948 696 neptem,
1984 653 2074 686 cuius
2101 653 2186 685 filius

233 706 539 743 ·s.Rhomusnomine
572 705 753 738 Rhodius*
783 704 969 738 condiderit
1003 705 1119 737 urbem
1153 705 1309 738 Romam.
1371 704 1558 748 Antigonus
1599 704 1732 737 Italicae
1767 704 1923 736 historiae
1958 705 2097 737 scribtor
2131 704 2185 739 ait.

408 758 581 790 Rhomum
609 757 776 800 quendam
805 756 956 795 nomine,
984 756 1063 788 love
1091 761 1309 800 conceptum,
1337 756 1454 788 urbem
1483 755 1672 788 condidisse
1697 756 1729 787 in
1756 756 1884 788 Palatio
1912 756 2061 793 Romae,
2090 757 2187 799 eique

408 810 539 842 dedisse
575 820 705 842 nomen.
776 808 942 840 Historiae
977 807 1145 840 Cumanae
1190 808 1396 852 compositor
1431 807 1570 840 Athenis
1605 807 1768 850 quosdam
1803 807 1973 851 profectos
2008 807 2186 851 Sicyonem

251 871 380 897 '1'.'rhes-
408 861 715 904 Thespiadasque*
741 871 779 891 ex
807 860 925 902 quibus
951 871 1054 903 porro
1082 860 1264 892 civitatibus
1292 860 1335 891 ob
1362 860 1510 903 inopiam
1539 859 1805 892 domiciliorum.
1857 858 2037 903 compluris
2072 859 2188 902 profe-

265 906 370 939 piasque
411 919 481 945 ctos
507 913 539 945 in
567 918 692 945 exteras
719 912 891 955 regiones,
937 911 1065 943 delatos
1092 912 1123 943 in
1152 912 1298 948 ltaliam,
1344 922 1467 953 eosque
1495 911 1599 943 multo
1628 922 1738 943 errore
1766 911 1951 943 nominatos
1975 911 2188 955 Aborigines,

412 976 554 1008 quorum
583 964 719 997 subiecti
747 963 803 1006 qui
830 963 950 995 fuerint
974 962 1228 1007 caeximparum
1257 963 1334 1003 w'ri,
1374 963 1611 1006 unicarumque
1638 962 1754 994 virium
1782 961 1923 1006 imperio
1951 968 2098 995 montem
2121 962 2189 994 Pa-

414 1017 546 1053 latium,
574 1017 606 1048 in
634 1026 700 1058 quo
729 1015 984 1057 frequentissimi
1011 1015 1235 1051 consederint,
1264 1015 1486 1058 appellavisse
1513 1027 1532 1046 a
1554 1014 1676 1046 vii-ibus
1697 1014 1840 1058 regentis
1865 1014 2069 1047 Valentiam:
2098 1013 2190 1056 quod

414 1079 456 1100 no
478 1063 498 1115 Η
523 1079 597 1100 men
626 1067 768 1099 adventu
793 1066 957 1103 Evandri,
999 1066 1197 1109 Aeneaeque
1224 1066 1256 1097 in
1284 1066 1410 1099 ltaliam
1440 1077 1515 1098 cum
1540 1077 1661 1109 magna
1687 1066 1818 1099 Graece
1846 1066 2052 1109 loquentium
2107 1063 2188 1110 [Π]

414 1120 513 1163 copia
538 1120 808 1162 interpretatum,
842 1118 909 1151 (lici
938 1125 1095 1161 coeptum
1124 1118 1291 1150 Rhomen.
1344 1118 1554 1161 Agathocles
1583 1117 1822 1160 Cyzicenarnm
1850 1129 1959 1151 rerum
1987 1117 2192 1151 conscribtor

414 1172 476 1210 ait,
513 1171 667 1203 vaticinio
691 1169 813 1202 Heleni
839 1169 1007 1213 inpulsum
1037 1171 1201 1210 Aeneam,
1245 1170 1373 1202 ltaliam
1401 1170 1555 1214 petivisse
1583 1175 1770 1213 portantem
1799 1181 1891 1202 suam
1918 1180 2028 1202 secum
2055 1174 2191 1212 neptem

281 1228 314 1253 ‘11
336 1227 366 1251 iis
411 1223 532 1256 Ascani
561 1223 661 1255 filiam
689 1221 822 1254 nomine
842 1221 1020 1260 Rhomen,
1061 1233 1202 1264 eamque
1230 1228 1265 1253 ut
1292 1222 1387 1253 ltalia
1414 1222 1475 1254 sint
1502 1221 1656 1265 Phryges
1684 1221 1798 1265 potiti,
1845 1227 1877 1254 et
1902 1221 1979 1253 his*
2002 1220 2192 1265 regionibus

237 1284 270 1307 ’πῖ
297 1275 570 1317 primammaxime,
598 1285 684 1317 quae
711 1284 797 1306 nunc
825 1278 898 1305 sunt
925 1273 1049 1305 vicinae
1077 1273 1170 1310 urbi,
1200 1273 1333 1316 prima*
1360 1274 1506 1305 omnium
1536 1284 1747 1306 consecrasse
1774 1273 1804 1304 in
1829 1273 1958 1305 Palatio
1983 1272 2081 1305 Fidei
2106 1276 2193 1304 tem·

412 1327 525 1370 plum.
553 1326 585 1358 in
613 1336 679 1368 quo
709 1330 820 1357 monte
847 1329 964 1368 postea
987 1336 1063 1358 cnm
1088 1325 1288 1358 conderetur
1311 1326 1404 1357 urbs.
1434 1325 1533 1356 visam
1559 1336 1628 1356 esse
1652 1325 1769 1357 iustam
1796 1324 1948 1357 vocabuli
1975 1325 2104 1356 Romae
2131 1334 2192 1354 no-

414 1378 506 1410 minis
533 1389 686 1416 causam,
723 1388 813 1413 eam,
849 1388 934 1418 quae
961 1377 1092 1420 priore,
1125 1376 1212 1409 unde
1241 1388 1279 1409 ea
1307 1377 1418 1410 locum
1448 1376 1667 1408 dedicavisset
1694 1375 1801 1409 Fidei.
1853 1376 1909 1408 Ait
1934 1375 2070 1418 quidem
2097 1376 2194 1419 Aga-

412 1429 544 1462 thocles
571 1429 762 1472 complures
798 1439 867 1460 esse
900 1434 1068 1465 auctores,
1115 1428 1170 1470 qui
1202 1428 1314 1461 dicant
1342 1430 1477 1460 Aenean
1505 1427 1671 1471 sepultum
1699 1427 1731 1460 in
1759 1427 1841 1460 urbe
1864 1426 2087 1470 Berecynthia
2116 1436 2195 1470 pro-

414 1482 500 1514 xime
522 1481 645 1513 flnmen
664 1480 794 1515 Nolon,
823 1484 922 1522 atque
951 1491 990 1512 ex
1018 1481 1085 1512 eius
1114 1480 1276 1524 progenie
1303 1479 1471 1522 quendam
1499 1479 1630 1511 nomine
1653 1478 1824 1511 Rhomum
1850 1479 1974 1511 venisse
2000 1478 2032 1510 in
2056 1477 2195 1517 Italiam,

257 1540 292 1563 ‘tl
311 1538 405 1564 Callias
415 1539 447 1565 et
474 1533 588 1564 urbem
618 1532 762 1564 Romam
776 1529 789 1550 ¹
811 1532 1031 1568 nominatam,
1059 1531 1264 1569 condidisse3
1292 1531 1466 1564 Caltinus*
1488 1530 1687 1575 Agathoclis
1709 1530 1812 1563 Siculi
1835 1530 1891 1573 qui
1911 1541 1962 1562 res
1983 1533 2092 1574 gestas
2114 1539 2196 1561 con-

415 1584 560 1621 scribsit,
596 1584 773 1615 arbitratur
800 1594 818 1614 e
845 1594 943 1614 manu
967 1583 1191 1615 Troianorum
1220 1583 1406 1626 sugentium
1435 1582 1497 1614 Ilio
1525 1587 1644 1625 capto,
1691 1581 1825 1615 cuidam
1853 1581 1953 1614 fuisse
1981 1592 2102 1614 nomen
2128 1580 2197 1613 La-

414 1637 500 1677 tino,
535 1646 679 1678 eumque
706 1634 862 1667 habuisse
889 1634 1068 1678 coniugem
1096 1634 1286 1672 Rhomam,
1320 1646 1339 1666 a
1366 1644 1433 1677 quo
1461 1639 1497 1666 ut
1524 1633 1618 1665 Italia
1646 1633 1686 1665 sit
1713 1634 1852 1677 potitus,
1888 1633 2004 1665 urbem
2033 1631 2198 1666 condide-

415 1688 474 1727 rit,
506 1698 604 1730 quam
634 1686 805 1719 Rhomam
834 1686 1064 1729 appellavisse.
1119 1686 1284 1722 Lembus,
1320 1687 1377 1728 qui
1405 1685 1596 1729 appellatur
1622 1684 1836 1723 Heraclides,
1873 1684 2051 1723 existimat,
2084 1695 2199 1716 rever-

245 1744 271 1767 ·s.
289 1742 406 1776 quosdam
416 1739 559 1772 tentibus
587 1739 630 1770 ab
655 1738 716 1769 llio
741 1737 896 1774 Achivis,
925 1737 1120 1780 quendam*
1144 1743 1339 1781 tempestate
1367 1737 1514 1770 deiectos
1541 1737 1572 1769 in
1595 1737 1709 1769 ltaliae
1736 1737 1890 1781 regiones
1916 1742 2046 1769 secutos
2068 1735 2198 1768 Tiberis

419 1791 593 1823 decursum
623 1789 828 1834 pervenisse,
870 1789 926 1821 ubi
953 1800 1039 1822 nunc
1066 1789 1105 1821 sit
1127 1790 1256 1826 Roma,
1293 1789 1405 1831 ibique
1432 1794 1573 1832 propter
1598 1788 1747 1821 taedium
1775 1788 2011 1832 navigationis,
2041 1787 2199 1831 impulsas

420 1842 565 1885 captivas
603 1842 796 1874 auctoritate
831 1840 965 1885 virginis
1001 1841 1171 1874 cuiusdam
1205 1841 1423 1884 tempestivae
1460 1840 1591 1873 nomine
1620 1840 1789 1877 RhomeS,
1834 1839 2015 1872 incendisse
2051 1839 2199 1878 classem,

422 1898 519 1936 atque
547 1893 589 1925 ab
618 1905 655 1924 ea
683 1892 875 1925 necessitate
901 1892 947 1925 ibi
974 1892 1129 1925 manendi
1156 1893 1272 1925 urbem
1301 1892 1469 1925 conditam
1497 1893 1539 1924 ab
1567 1892 1634 1931 his,
1676 1897 1708 1923 et
1737 1891 1943 1934 potissimum
1972 1892 2041 1923 eius
2067 1890 2200 1922 nomine

423 1956 495 1976 eam
519 1945 742 1989 appellatam,
770 1956 788 1975 a
817 1944 910 1977 cuius
937 1945 1075 1977 consilio
1105 1956 1158 1977 eas
1186 1944 1280 1977 sedes
1307 1944 1365 1976 sibi
1394 1944 1619 1976 firmavissent.
1677 1940 1831 1975 Galitas2
1864 1943 1995 1981 scribit,
2023 1953 2097 1975 eum
2126 1945 2199 1984 post

425 1996 547 2027 obitum
569 1997 704 2028 Aeneae
730 1996 908 2039 imperium
932 1995 1048 2028 ltaliae
1075 1996 1275 2039 pervenisset
1302 1995 1343 2027 ad
1369 1995 1523 2028 Latinum
1548 1994 1748 2027 Telemachi
1771 1994 1952 2037 Circesqne
1980 1994 2103 2031 fllium,
2129 1993 2199 2025 his-

280 2050 308 2073 ’ί
335 2049 405 2081 isque
427 2048 516 2086 que*
542 2058 581 2078 ex
604 2048 714 2080 Rome
740 2047 934 2091 suscepisset
958 2047 1062 2088 filios,
1098 2048 1264 2087 Romum,
1300 2047 1551 2090 Romulumque
1580 2047 1651 2079 urbi
1679 2045 1832 2079 conditae
1859 2046 1890 2078 in
1911 2045 2040 2079 Palatio
2067 2054 2198 2078 causam

518 2171 883 2212 1)R0mam.]Videndus
907 2175 1083 2204 Plutarchus
1099 2176 1129 2203 in
1154 2176 1292 2212 Romulo,
1338 2175 1420 2204 ditur
1451 2175 1538 2203 etiam
1567 2175 1721 2213 proprium
1745 2176 1854 2203 Romae
1883 2183 2005 2207 nomen,
2053 2174 2198 2199 verumta-

434 2220 463 2237 ιη
488 2211 572 2239 cuius
602 2214 660 2241 vita
684 2216 755 2244 citat
785 2218 913 2245 Dioclem
943 2218 1167 2257 Peparethium,
1200 2223 1226 2246 et
1250 2225 1294 2246 to-

434 2258 496 2299 tam
515 2252 590 2300 hanc
615 2255 648 2282 de
668 2257 775 2286 Romae
799 2260 952 2296 vocabulo,
976 2261 1152 2299 Romulique
1174 2262 1296 2289 incuna-

435 2295 512 2322 bulis
528 2294 691 2331 historiam,
704 2308 738 2326 ex
754 2300 854 2329 iisdem
865 2313 959 2341 prope
973 2303 1172 2342 scriptoribus
1188 2304 1295 2342 quibus

435 2337 538 2365 Festus
567 2348 636 2366 usus
666 2344 723 2373 est,
757 2349 865 2372 narrat.
908 2346 985 2373 Urs.
1012 2363 1052 2366 —
1088 2343 1120 2385 ΞΖ)
1162 2347 1295 2374 Galatas

435 2380 509 2408 Ven.
535 2380 580 2409 Sc.
607 2390 672 2409 cum
701 2386 769 2409 nota
791 2386 955 2422 marginali:
989 2388 1113 2414 Gallias
1138 2389 1174 2417 V.
1201 2389 1231 2417 C.
1254 2405 1294 2410 —

433 2419 464 2461 3)
488 2422 617 2450 Romam
632 2428 721 2451 antea
744 2424 927 2465 Romulum]
948 2429 1064 2456 Solinus
1087 2440 1150 2468 cap.
1171 2433 1195 2460 1.
1221 2431 1294 2458 Tra-

1339 2228 1404 2246 men
1429 2218 1552 2246 vetitum
1579 2218 1741 2256 publicari,
1774 2216 2014 2255 quandoquidem
2043 2212 2197 2252 quominus

1339 2260 1564 2297 enunciaretur,
1590 2260 1841 2289 caeremoniarum
1857 2269 1962 2287 arcana
1976 2259 2144 2290 sanxerunt,
2167 2258 2198 2280 ut

1338 2303 1395 2332 hoc
1420 2308 1507 2342 pacto
1528 2303 1664 2332 notitiam
1683 2303 1744 2332 eius
1768 2302 1896 2331 aboleret
1917 2301 1989 2329 fides
2011 2297 2136 2337 placitae
2151 2299 2199 2323 ta-

1339 2345 1527 2374 citurnitatis.
1552 2346 1702 2374 Valerium
1720 2345 1848 2383 denique
1858 2345 2011 2377 Soranum,
2034 2338 2112 2377 quod
2129 2347 2198 2365 con-

1337 2393 1381 2417 tra
1404 2388 1596 2417 interdictum
1626 2389 1725 2426 eloqui
1755 2388 1785 2416 id
1809 2396 1898 2415 ausus
1920 2386 2012 2418 foret,
2045 2380 2082 2409 ob
2112 2381 2196 2408 meri-

1338 2436 1397 2459 tum
1422 2432 1563 2469 profanae
1586 2431 1669 2458 vocis
1693 2430 1757 2458 neci
1783 2429 1894 2457 datum.
1926 2427 2004 2454 Urs.
2029 2439 2061 2444 -—
2086 2424 2113 2457 4)
2137 2424 2197 2450 lfo-
