2263 2668
511 169 576 204 DE
603 167 992 203 SIGNIFICATIONE
1019 168 1303 205 VERBORUM.
1361 170 1507 204 LIBER
1532 171 1606 204 XII.
1959 175 2032 210 521

82 260 203 300 phaturi
226 259 312 291 duces
334 263 364 291 in
390 261 538 302 Capitolio
558 261 712 303 figebant,
750 262 946 301 victoriaeque
973 272 1043 290 suae
1070 261 1186 292 titulum
1211 263 1360 293 Saturniis
1388 262 1516 293 versibus
1541 263 1805 305 prosequebantur,
1843 265 1917 296 talia
1945 269 2036 308 reperi

84 302 237 350 ellsempl‘ff,
260 316 300 333 em
324 304 437 345 Regilli
455 305 581 346 fabula:
605 303 713 333 Duello
736 315 842 342 magno
865 302 1046 341 dirimende,
1073 305 1186 344 regibus
1208 305 1384 346 subigendis.
1408 306 1496 336 Dae.
1531 307 1616 336 Adde
1641 308 1717 337 Gell.
1732 308 1774 346 V,
1798 310 1828 340 6.
1861 307 1912 339 Gn.
1927 309 2033 349 Pomp.

86 346 150 376 vid.
174 346 251 375 le.
270 348 354 385 XVI,
378 349 407 379 4.
433 354 461 377 et
485 349 553 384 VII,
578 351 628 379 30.
678 345 779 376 Goth.

249 397 470 439 Nefrendes.
513 399 557 427 Ex
580 398 657 426 Festi
686 397 784 426 verbis
813 397 957 435 intelliges
986 397 1112 436 primam
1140 399 1309 437 opinionem
1333 400 1422 428 Mucii
1445 400 1552 435 fuisse,
1591 400 1714 428 alteram
1737 400 1848 436 Aterii,
1885 401 1936 440 qui
1957 402 2035 431 Livii

85 440 214 468 carmine
237 451 267 469 se
292 441 439 469 tuebatur.
477 441 579 470 Cetera
603 451 640 468 ex
664 440 754 468 Paulo
778 445 847 468 nota
871 445 949 469 sunt.
984 440 1051 469 vid.
1076 441 1212 479 Fulgent.
1236 441 1276 481 (p.
1290 443 1361 474 559.
1386 442 1487 479 Mese.)
1511 442 1664 470 Placiades
1686 443 1723 471 de
1746 444 1876 482 antiquis
1899 444 2033 481 vocibus,

85 487 114 510 et
136 483 254 512 Festus:
277 483 392 512 Rienes.
415 483 503 513 Ant.
526 482 624 522 Aug.
669 481 843 523 Nefrendes,
874 484 923 521 qui
948 482 1086 511 dentibus
1110 483 1245 513 frendere
1268 495 1326 512 non
1350 489 1490 523 possunt,
1519 484 1578 512 hoc
1601 489 1646 513 est
1667 485 1803 523 frangere
1827 491 1860 514 ut
1882 487 1963 524 apud
1984 488 2035 515 Se-

85 534 207 553 renum:
248 525 357 565 Fruges
375 524 505 567 frendeo
534 525 632 561 solas,
667 536 702 553 ac
725 526 804 553 sice-o
828 524 937 554 robore.
981 525 1053 553 Inde
1083 525 1229 565 nefrendis
1250 538 1338 567 puer,
1375 525 1523 567 nefrendis
1543 538 1660 566 porcus.
1704 527 1798 556 Varro
1822 528 1872 556 lib.
1886 527 1920 556 II.
1943 528 1980 557 de
2001 539 2035 558 re

85 573 159 598 rust.
179 578 242 606 cap.
255 571 285 599 4.
311 570 347 596 de
372 569 485 606 porcis:
509 567 649 603 Amisso,
672 568 786 605 inquit,
810 569 924 596 nomine
947 566 1096 603 lactentis,
1122 567 1259 597 dicuntur
1281 567 1433 608 nefrendes
1456 568 1493 597 ab
1516 580 1547 598 eo
1571 568 1650 609 quod
1672 568 1801 598 nondum
1822 570 1930 611 fabam
1950 570 2035 611 fren-

87 608 152 638 dere
172 618 308 650 possunt,
340 610 371 638 id
393 618 431 638 esi
443 609 597 650 frangere.
635 609 708 638 Vide
723 608 872 651 frendere.
910 612 949 639 At
974 608 1168 639 nebrundines
1191 612 1252 639 sive
1276 610 1481 652 nefrundines,
1513 616 1541 640 et
1563 610 1715 653 nefrendes
1738 612 1866 650 antiquis
1889 613 1960 641 dicti
1983 614 2034 651 qui

86 657 190 690 postea
214 654 319 688 rienes,
344 664 358 680 a
384 654 497 681 Graeco
523 654 632 692 νεφροί
655 653 686 681 id
710 658 753 681 est
776 653 882 689 rienes‚·
912 659 940 681 et
962 653 1029 681 inde
1053 658 1155 690 postea
1178 653 1329 694 nefrendes
1352 658 1380 681 et
1403 652 1590 694 nefrundines
1612 654 1649 682 ad
1671 655 1824 683 testiculos
1846 656 2033 692 translatum,

87 695 167 732 quod
191 696 319 723 testiculi
342 695 461 724 rotundi
484 700 553 723 sunt
577 700 608 724 ut
629 695 732 723 rienes.
776 694 946 732 Fulgentius
976 695 1133 723 nefrendes
1163 706 1270 734 porcos
1302 695 1359 724 dici
1389 697 1506 734 putavit
1535 706 1641 734 porcos
1666 701 1826 733 castratos,
1864 697 1947 736 quasi
1971 698 2034 726 sine

87 737 225 773 renibus,
260 737 310 765 sed
334 738 454 767 frustra.
497 738 614 766 Terent.
639 739 769 765 Scaurus
792 737 829 765 de
853 737 1074 776 Orthographia
1099 737 1176 776 (pag.
1191 740 1283 770 2251.
1309 737 1371 776 P.):
1406 737 1451 766 Ne
1470 749 1524 777 pro
1547 749 1603 766 non
1627 740 1741 778 antiqui
1759 750 1893 778 posuere,
1924 747 1956 768 ut
1978 751 2034 768 ne-

84 779 204 819 frendes
224 790 330 819 porcos
353 781 405 821 qui
426 787 492 808 sunt
515 781 576 808 sine
597 779 745 816 dentibus,
784 778 816 808 id
839 788 896 816 est,
935 781 986 820 qui
1011 779 1117 820 fabam
1147 779 1283 819 frendere
1313 792 1369 810 non
1400 788 1529 818 possunt.
1559 780 1646 809 Dac.
1692 781 1786 810 Verba
1810 782 1885 810 Livii
1907 787 1976 811 sunt
1998 792 2035 810 ex

89 823 180 851 veteri
204 823 352 860 Odyssea:
386 822 475 860 Quem
499 834 552 862 ego
575 822 741 863 nefrendem
765 821 828 851 alui
850 821 974 852 lacteam
997 821 1169 862 immulgens
1191 834 1280 862 opem.
1326 823 1371 851 Ex
1393 823 1460 851 illo:

460 876 559 903 Παῑὸα
582 872 637 913 γὰρ
662 870 773 910 ἀνδρὸς
796 873 866 912 ἑῆος
889 874 932 904 ἐνὶ
953 870 1092 914 μεγάροις
1114 870 1267 904 ἀτιτάλλω.
1310 871 1486 908 Ὀδυσσείας
1509 870 1543 908 o',
1566 873 1662 910 (450.)

87 923 258 955 Ἀτιτάλλειν
281 925 531 963 circumloquitur
554 925 632 953 alere
655 924 827 953 nefrendem
850 925 974 954 lacteam
998 924 1217 963 immulgentem
1248 935 1349 963 opem,
1395 928 1427 952 ut
1462 923 1558 963 possis
1583 923 1735 953 advertere
1757 925 1928 965 περιεργίαν
1951 929 2035 953 vete—

87 978 151 995 rum
175 968 334 996 latinorum
358 968 387 996 in
411 968 572 996 reddendis
596 972 625 996 et
648 967 849 1006 exprimendis
874 968 1059 996 Graecorum
1081 968 1189 997 verbis.
1232 968 1304 995 Cum
1326 972 1424 995 tamen
1447 966 1476 993 in
1500 966 1649 994 sententiis
1672 977 1758 1005 saepe
1782 978 1884 996 eorum
1910 967 2035 1005 diligen-

87 1011 158 1038 tiam
181 1010 350 1048 requiram,
380 1015 412 1038 ut
436 1010 551 1039 ostendi
575 1011 644 1038 olim
668 1011 697 1038 in
722 1010 927 1038 coniectaneis.
952 1009 1053 1039 ScaZ.
1097 1008 1308 1039 Nebrunclines.
1344 1008 1554 1038 Nesrundines.
1593 1008 1658 1036 Vid.
1680 1009 1757 1037 infra
1779 1008 1894 1039 Rienes.
1928 1007 2034 1051 Goglz.

86 1053 152 1081 Non
176 1053 294 1081 videtur
317 1063 352 1081 ex
379 1053 452 1080 Lixii
477 1053 609 1091 Odyssea
633 1053 806 1091 desumptus
829 1063 892 1081 esse
914 1063 1018 1081 versus
1040 1054 1111 1088 iste,
1145 1063 1236 1091 quum
1263 1057 1393 1088 constet,
1423 1051 1587 1090 Odysseam
1609 1051 1760 1080 Livianam
1782 1053 1923 1091 scriptam
1945 1052 2034 1082 fuisse

87 1095 223 1124 versibus
246 1096 432 1131 Saturnum,
455 1104 558 1124 versus
576 1101 688 1131 autem,
713 1105 798 1133 quem
823 1095 872 1123 hic
894 1095 1032 1133 legimus,
1055 1095 1188 1123 senarius
1212 1095 1249 1122 sit
1273 1095 1429 1123 iambicus:

583 1137 674 1176 Quem
697 1149 748 1176 ego
772 1135 936 1177 ntisrendem
963 1137 1026 1166 alui
1048 1137 1172 1167 ldcteam
1197 1135 1369 1176 immulgtssns
1392 1148 1482 1176 opem.

252 1179 454 1220 Nequeunt.
499 1180 604 1208 Melius
634 1187 761 1209 neceunt.
806 1180 902 1209 Verba
926 1181 1000 1208 Livii
1030 1181 1070 1208 ita
1099 1180 1236 1217 legenda:
1273 1178 1385 1208 Partim
1415 1185 1532 1216 ενι-ανῆ,-
1567 1178 1724 1218 nequinum
1752 1176 1906 1207 Graeciam
1936 1176 2034 1206 redire.

89 1222 189 1252 Scal.
225 1223 316 1260 Lege:
339 1223 486 1259 Neceunr,
510 1233 526 1250 a
548 1234 614 1259 nec,
637 1234 710 1259 non,
735 1226 763 1250 et
787 1230 860 1254 eunt.
894 1223 968 1251 Vide
990 1234 1041 1251 nec
1065 1228 1092 1251 et
1115 1234 1246 1262 nepurus.
1269 1221 1357 1252 Dae.
1396 1221 1490 1250 Verba
1514 1221 1654 1258 Scaligeri
1678 1220 1827 1258 pertinent
1849 1221 1885 1249 ad
1908 1221 2034 1260 glossam

87 1275 163 1304 quae
184 1265 262 1293 infra
286 1266 393 1302 legitur
415 1264 592 1304 Nequinont.
637 1266 774 1293 Ceterum
799 1265 856 1293 nisi
880 1266 1034 1303 legendum
1058 1264 1120 1294 Nea
1142 1272 1223 1301 eunt,
1249 1269 1279 1293 at
1302 1265 1341 1292 ita
1365 1263 1574 1302 explicandum
1598 1263 1785 1292 vocabulum.

252 1306 431 1337 Necerirn.
476 1306 608 1336 Necerim
634 1317 689 1345 pro
712 1318 764 1335 nec
786 1308 835 1338 im.
870 1306 985 1336 Suerem
1009 1318 1065 1346 pro
1088 1319 1183 1344 suem,-
1206 1319 1337 1336 nucerem
1360 1318 1415 1345 pro
1440 1317 1557 1340 nucem,
1581 1311 1607 1333 et
1630 1305 1743 1335 similia.
1770 1303 1868 1335 Scal.
1906 1304 2036 1342 Antiquo

88 1350 257 1378 declinandi
280 1350 369 1378 niodo
394 1360 447 1387 pro
470 1360 522 1378 nec
544 1350 598 1385 im,
629 1361 680 1378 nec
703 1361 774 1378 eum.
800 1349 887 1378 Dac.
924 1349 1038 1379 Necim.
1075 1350 1133 1378 Alii
1156 1351 1257 1378 necim.
1283 1348 1386 1378 Goth.
1425 1349 1515 1386 Lege:
1545 1347 1716 1376 Necenim
1736 1358 1790 1387 pro
1813 1358 1865 1375 nec
1887 1358 1958 1375 eum.
1992 1346 2038 1374 Ex

87 1393 180 1430 stirpe
203 1392 400 1431 pronoininali
424 1392 573 1420 Sanscrita
598 1403 656 1428 na,
694 1392 827 1421 nascitur
849 1403 935 1429 nam,
973 1393 1026 1430 qui
1051 1397 1095 1420 est
1116 1392 1237 1431 proprie
1261 1392 1466 1427 accusativus,
1503 1390 1555 1429 qui
1578 1395 1679 1429 postea
1703 1390 1734 1417 in
1757 1389 1931 1418 adverbium
1957 1388 2036 1425 abiit,

87 1445 163 1473 quae
185 1439 249 1463 tuni
275 1435 446 1462 coniunctio
469 1439 512 1462 est
533 1435 625 1471 facta,
650 1439 681 1463 ut
699 1441 774 1472 tam,
799 1433 885 1471 dam,
909 1442 984 1471 ium,
1009 1446 1112 1474 quum,
1135 1435 1319 1474 particulae,
1346 1445 1422 1473 quae
1445 1433 1568 1462 similem
1592 1432 1700 1460 habeut
1724 1432 1959 1470 originationem.
1993 1431 2037 1459 Ex

88 1478 186 1506 eadem
211 1478 317 1516 stirpe,
359 1478 528 1515 praeposita
553 1489 581 1513 e,
620 1477 683 1505 sive
706 1488 743 1506 ex
766 1478 858 1516 stirpe
880 1488 950 1513 ena,
986 1478 1097 1506 factum
1122 1483 1166 1506 est
1190 1479 1281 1515 enim,
1314 1478 1394 1515 quod
1417 1477 1542 1516 propius
1565 1476 1599 1503 ab
1624 1475 1736 1512 origine
1759 1485 1810 1503 sua
1834 1478 1920 1502 sonat
1944 1473 2037 1509 cinam,

87 1531 142 1559 pro
167 1531 226 1558 quo
251 1521 330 1559 apud
354 1521 469 1548 Festum
492 1520 601 1556 legitur
623 1531 745 1556 ennam,
783 1530 850 1547 cum
876 1520 1117 1557 interpretatione
1140 1520 1271 1548 etiamne.
1315 1520 1381 1547 Non
1406 1524 1485 1548 reete
1509 1529 1560 1555 ego
1585 1528 1672 1556 supra
1698 1517 1735 1545 ad
1759 1527 1787 1547 v.
1809 1516 1924 1544 Ennam
1947 1520 2037 1554 puta-

88 1564 154 1591 bam
177 1562 281 1591 Eniam
306 1563 463 1599 legendum
486 1572 564 1598 esse,
603 1562 654 1590 sed
677 1573 760 1589 enam
783 1571 887 1590 verum
911 1562 1038 1589 videtur.
1083 1562 1160 1589 Fieri
1183 1572 1260 1589 enim
1284 1567 1400 1600 potest,
1432 1566 1465 1589 ut
1487 1560 1563 1588 illud
1585 1572 1667 1589 enam
1690 1560 1792 1599 paullo
1816 1559 1918 1594 aliam,
1949 1562 2038 1596 atque

88 1607 181 1637 enim,
212 1604 345 1633 induerit
367 1605 526 1632 notionem.
572 1604 643 1632 Nan]
668 1605 712 1632 uti
735 1614 818 1639 num,
850 1603 1053 1641 interrogandi
1078 1603 1240 1641 particula,
1276 1605 1400 1642 proprie
1423 1604 1481 1631 fuit
1503 1603 1689 1631 accusativus
1712 1601 1895 1640 pronominis
1918 1601 2039 1636 vetusti,

89 1649 136 1676 cui
159 1647 319 1685 respondet
342 1647 526 1675 Graecorum
550 1644 631 1683 νύν,·
669 1646 711 1674 ita
735 1657 816 1673 enam
840 1656 958 1684 quoque
981 1645 1184 1683 interrogandi
1208 1650 1385 1684 potestatem
1410 1646 1544 1683 accipere
1568 1645 1680 1683 potuit,
1710 1655 1797 1682 quam
1824 1644 1921 1672 Festus
1944 1643 2040 1671 inter-

89 1690 252 1728 pretatione
277 1700 329 1716 sua
351 1689 476 1717 reddere
501 1688 628 1716 volebat.
673 1689 716 1717 Cf.
743 1689 835 1726 Bopp.
860 1688 932 1717 'uber
955 1688 1051 1725 einige
1076 1688 1421 1716 Demonstrativsi'zimme
1444 1693 1498 1715 cet.
1522 1697 1586 1725 pag.
1603 1690 1648 1718 17.

255 1730 425 1759 Nemora.
472 1731 623 1768 Reliquiae
646 1730 723 1758 Festi
753 1731 914 1759 ostendunt
942 1731 1024 1759 illum
1049 1730 1192 1767 originem
1218 1731 1363 1758 Graecum
1388 1729 1548 1758 deduxisse
1572 1727 1652 1766 παρὰ
1675 1725 1708 1757 τὸ
1732 1725 1810 1765 νομά
1834 1725 1909 1758 εἶναι
1932 1727 1963 1758 ἒν
1986 1724 2040 1756 αὐ-

90 1777 167 1808 τοῖς,
192 1774 388 1812 exemploque
412 1783 496 1801 usum
522 1773 625 1801 Graeci
650 1778 753 1811 poetae
776 1773 807 1802 ἐν
828 1773 909 1810 νέμεϊ
929 1775 1048 1814 σκιερῷ.
1072 1772 1157 1801 Ant.
1180 1772 1274 1812 Aug.
1314 1772 1451 1801 Nemora.
1483 1772 1578 1799 Prima
1604 1771 1680 1798 linea
1704 1770 1794 1798 deest.
1835 1769 2040 1808 Supplendum

90 1821 186 1844 autem
211 1821 306 1843 totuin
330 1819 384 1844 ita:
408 1815 536 1844 Nemora
558 1814 672 1844 videtur
693 1814 786 1852 idem,
809 1814 889 1855 quod
910 1814 1001 1844 silvas
1025 1825 1162 1843 amoenas
1186 1813 1289 1846 valere,
1326 1813 1414 1844 Cuius
1435 1813 1574 1842 vocabuli
1596 1820 1700 1842 auctor
1721 1811 1868 1840 Homerus
1891 1823 1955 1840 cum
1980 1812 2040 1840 ait.-

86 1857 137 1888 Ἐν
160 1858 240 1895 νέμεϊ
261 1861 367 1898 σκιερῷ
390 1858 437 1888 ἐπί
459 1871 487 1889 τε
509 1861 553 1888 λῖν
577 1858 681 1897 ἔμβαλε
710 1858 834 1897 δαίμων.
877 1857 1006 1886 Dubium
1037 1869 1094 1886 non
1123 1864 1163 1885 est
1194 1855 1345 1896 designare
1373 1856 1485 1891 locum,
1522 1856 1573 1895 qui
1602 1865 1720 1892 campos
1749 1861 1774 1882 et
1800 1865 1913 1892 pascua
1944 1852 2039 1889 habet,

94 1899 142 1931 διὰ
166 1899 197 1930 τὸ
224 1899 318 1938 νομάς
341 1899 416 1930 εἶναι
439 1901 470 1931 ἔν
494 1899 583 1941 αὐτῷ.
629 1901 737 1936 Locus,
768 1911 855 1939 quern
879 1901 967 1936 citat,
997 1904 1040 1928 est
1063 1896 1175 1934 ἰλιάόος
1197 1897 1228 1929 λ’.
1259 1898 1361 1928 Scal.
1408 1900 1497 1927 Recte
1521 1898 1639 1936 quidem
1663 1897 1766 1925 Festus
1790 1907 1890 1924 nemus
1913 1906 1929 1923 a
1952 1895 2041 1931 νέμος

91 1944 171 1982 quod
195 1942 323 1981 Hcsycli.
346 1944 560 1982 interpretatur
583 1939 766 1980 Giivdsvdoov
789 1939 881 1973 τόπον
907 1943 959 1974 καὶ
989 1940 1085 1981 κόμην
1117 1942 1234 1981 ἔχοντα,
1274 1940 1370 1971 locum
1400 1939 1553 1970 arboribus
1580 1940 1721 1968 consilum
1747 1946 1772 1967 et
1791 1948 1906 1977 pascua
1928 1936 2040 1965 liaben-

92 1995 155 2015 1em.
187 1986 284 2014 Locus
307 1986 426 2015 Homer.
450 1991 493 2014 est
515 1985 599 2015 Iliad.
618 1983 648 2015 λ’.
674 1985 746 2023 (XI,
770 1983 863 2022 480.)
884 1984 971 2014 Dac.
1004 1982 1096 2023 ‘Ouo‘c
1121 1983 1216 2014 εἶναι
1239 1981 1319 2013 αὖ-.
1366 1981 1453 2020 Παρὰ
1476 1986 1517 2023 τῷ
1540 1980 1617 2020 νομὰ
1640 1980 1716 2012 εἶναι
1738 1981 1769 2011 ἐν
1792 1977 1903 2015 αὐτοῖς.
1936 1978 2041 2008 Goth.

254 2027 392 2057 Nemut.
435 2029 612 2067 Exemplum
635 2028 735 2056 omisit
757 2028 882 2063 Paulus,
909 2027 1027 2056 Catonis
1052 2027 1193 2064 sortasse,
1220 2027 1269 2064 qui
1293 2026 1350 2054 hoc
1374 2026 1465 2054 verbo
1492 2035 1561 2054 usus
1585 2029 1636 2053 est.
1681 2024 1769 2057 Dac,

254 2069 431 2100 Neminis.
476 2071 508 2099 In
533 2071 632 2099 verbis
657 2070 790 2107 Catonis,
821 2079 895 2108 quae
919 2070 1027 2098 Paulus
1051 2070 1159 2104 refert,
1190 2069 1311 2097 verbum
1337 2067 1423 2098 corde
1446 2067 1520 2096 nihil
1544 2066 1703 2104 significat3
1732 2069 1762 2094 at
1785 2064 1808 2092 si
1831 2062 1939 2099 addas,
1964 2062 2041 2102 lapi—

92 2113 162 2149 deo,
201 2122 305 2141 sensus
328 2114 455 2142 elicitur.
499 2114 557 2142 Sed
580 2114 720 2142 videntur
744 2124 806 2141 esse
830 2117 934 2151 poetae
959 2112 1099 2149 alicuius,
1139 2117 1170 2139 ut
1197 2111 1259 2139 illa:
1298 2119 1323 2139 et
1353 2112 1417 2151 quis
1447 2109 1541 2139 dicere
1563 2121 1627 2138 cum
1650 2109 1697 2137 sit.
1742 2107 1877 2135 Fortasse
1903 2106 1988 2134 Ennii
2012 2106 2042 2133 in

91 2155 275 2192 Erechtheo,
300 2155 336 2184 de
359 2167 416 2194 qua
441 2157 589 2193 tragoedia
616 2156 690 2185 Geli,
714 2156 762 2183 lib.
780 2155 825 2183 Vl.
849 2166 912 2192 cup.
930 2157 978 2185 16.
1003 2161 1030 2182 et
1054 2154 1180 2182 macrob.
1204 2154 1252 2183 lib.
1271 2154 1314 2182 VI.
1340 2154 1459 2183 Satura,
1483 2153 1570 2182 Ant.
1594 2151 1684 2189 Aug.
1723 2149 1797 2178 Mira
1820 2148 1870 2177 hic
1892 2154 1935 2177 est
1960 2148 2042 2177 Pauli

91 2199 252 2237 supinitaS,
283 2199 331 2236 qui
357 2200 459 2227 Catoni
483 2199 601 2234 tribuit,
627 2208 700 2236 quae
724 2202 792 2226 sunt
815 2197 918 2232 Ennii,
943 2203 973 2224 ul
1001 2197 1075 2225 infra
1100 2207 1135 2224 ex
1158 2197 1253 2225 Festo.
1278 2196 1363 2224 Dac.
1408 2195 1540 2223 Neminis
1558 2194 1685 2233 genitivo
1709 2203 1779 2221 casu
1802 2203 1870 2220 usus
1893 2198 1933 2220 est
1958 2189 2040 2226 Caio,

92 2252 156 2269 cum
181 2240 279 2270 discit.-
305 2248 330 2269 ει
353 2243 418 2281 quis
441 2241 563 2276 diceret,
590 2252 653 2269 cum
679 2241 715 2267 sit
739 2238 886 2268 neminis?
919 2237 998 2267 Idem
1023 2238 1058 2267 de
1080 2238 1299 2278 magistratibus
1322 2239 1392 2266 vitio
1416 2237 1536 2266 creatis.-
1560 2235 1736 2275 neminisque
1758 2257 1763 2262 .
1787 2257 1792 2262 .
1817 2257 1822 2262 .
1879 2232 1989 2262 Ennius
2011 2232 2040 2259 in

91 2282 248 2320 Erectheo,
273 2291 325 2312 etc.
351 2283 449 2313 Scal.
495 2285 625 2313 Nemiuis
648 2283 733 2311 etiam
755 2283 864 2320 legitur
888 2282 968 2320 apud
995 2282 1128 2310 Plautum
1153 2281 1341 2320 captiv.11[,
1365 2281 1401 2316 5.,
1426 2279 1536 2317 (106.):

674 2353 710 2356 -
757 2349 792 2354 —-
841 2350 882 2355 —
925 2344 1047 2361 neminis

669 2376 777 2405 Miseri
799 2382 906 2404 certum
928 2383 985 2411 est,
1011 2375 1081 2414 quia
1104 2374 1160 2402 mei
1181 2375 1293 2402 miseret
1315 2373 1464 2402 neminem.

93 2426 179 2456 Duc.
211 2427 342 2456 Neminis
363 2429 489 2467 genitivo
512 2440 590 2458 casu,
627 2428 683 2455 Pro
698 2424 825 2455 Nullius.
858 2424 942 2453 Adde
969 2425 1092 2453 Nonium
1116 2425 1146 2453 in
1169 2423 1320 2453 Neminem
1345 2421 1509 2462 (pag-143·
1528 2419 1647 2458 Mera),
1684 2418 1752 2448 Non
1774 2418 1885 2446 miseret
1907 2412 2038 2441 ”finini—¹⁸·

138 2480 303 2506 Gumxwr.
326 2489 392 2506 uir.
417 2478 449 2506 ΙΙ.
1532 2472 1566 2505 U
1582 2483 1601 2504 u
1616 2482 1637 2503 u
