2263 2668
778 181 866 216 LIB.
890 182 915 216 Ι.
962 181 1105 216 SEGM.
1132 183 1242 218 XVII.
1929 191 1977 226 95

210 274 244 307 4.
296 274 381 307 Item
407 273 537 316 Notas,
563 284 638 308 cum
664 286 728 320 pro
755 276 890 322 cognito
917 277 1068 322 ponitur,
1095 282 1132 312 ut
1158 280 1199 312 sit
1223 280 1455 326 participium,
1481 283 1623 328 primam
1650 285 1812 329 syllabam
1839 287 1977 333 longam

48 325 201 368 habebit,
227 331 279 360 ut:

271 375 368 409 Nota
393 372 505 413 titum,-

48 435 81 463 at
107 441 183 464 cum
208 440 271 474 pro
300 433 396 460 vento
422 428 633 472 intelligitur,
660 429 768 462 brevis
794 430 873 471 erit,
901 434 953 463 ut:

120 484 121 487 ’
277 479 434 512 Tendunt
460 479 539 511 vela
567 476 691 512 Nolim.

47 534 130 566 Item
151 533 289 577 plaga,
317 541 393 563 curn
419 541 482 574 pro
511 528 680 564 verbere²⁰
705 532 813 575 posita
838 532 956 574 fuerit,
984 533 1127 577 primam
1154 535 1316 579 syllabam
1342 537 1478 581 longam
1505 537 1657 581 habebit,
1685 545 1737 573 ut:

271 582 371 614 Dant
398 582 532 615 anJ'mos
552 582 746 627 plagalem,-

46 647 121 670 cum
146 645 225 668 vero
252 644 316 677 pro
343 645 427 666 zona
454 634 558 674 coeli,
585 634 619 666 id
647 639 693 667 est
720 635 862 676 circulo,
890 635 1047 678 brevem,
1074 641 1128 669 ut:

267 684 318 717 Et
343 686 374 717 si
399 695 500 729 quem
528 689 668 718 extenta
688 683 933 731 plagarum'22.

43 737 127 770 Item
155 735 260 769 arbos
286 737 319 768 in
346 737 500 769 omnibus
528 737 655 770 casibus
686 737 728 770 bo
754 739 914 782 syllabam
940 739 1077 772 brevem
1104 739 1223 782 habet,
1252 745 1285 773 et
1310 752 1372 785 per
1399 741 1420 774 b
1447 743 1589 776 litteram
1616 743 1786 785 scribitur,
1812 748 1864 776 ut:

268 787 417 821 Arboris
445 791 507 820 aut
533 785 682 826 ullae²²³3

43 846 91 874 et:

267 890 487 935 Adversique
513 889 676 936 infigitur
703 889 882 930 arbon-(2²⁴,-

41 949 90 978 et:

267 992 464 1025 Arboribus
483 993 608 1037 positis
616 989 641 1009 ²5
651 1005 663 1030 ‚·

40 1046 67 1078 si
93 1049 203 1078 autem
229 1045 271 1077 ab
299 1055 385 1077 arvo
411 1044 529 1077 feceris
555 1044 755 1089 genitivum,
790 1045 928 1090 pluralis
960 1057 1003 1080 vo
1029 1047 1156 1090 syllaba
1191 1047 1296 1093 longa
1323 1048 1402 1091 erit,
1437 1054 1469 1081 et
1496 1059 1558 1092 per
1584 1060 1605 1080 υ
1631 1048 1774 1081 litteram
1802 1046 1976 1081 scribenda

40 1102 106 1139 est,
133 1102 188 1130 ut:

263 1146 444 1179 Hactenus
470 1156 638 1179 arvorum
665 1144 820 1181 cultusff.

200 1196 234 1231 5.
286 1198 370 1231 Sunt
395 1197 459 1229 alia
493 1198 643 1239 nomina,
683 1200 829 1242 quaein
855 1211 922 1233 uno
948 1200 1120 1234 intellectu
1160 1213 1223 1246 per
1258 1213 1350 1235 casus
1385 1201 1530 1245 syllabae
1564 1206 1713 1235 naturam
1748 1205 1895 1242 vertunt,
1929 1204 1974 1238 ut,

31 1261 202 1296 propago
210 1261 222 1288 ,·
248 1250 280 1282 in
306 1249 508 1281 nominativo
535 1250 644 1293 prima
671 1252 797 1294 syllaba
827 1252 935 1284 brevis
963 1258 1028 1293 est,
1054 1258 1105 1286 ut:

259 1300 349 1334 Esse
373 1301 503 1337 sinen&
527 1302 671 1335 nimium
697 1302 793 1336 vobis
819 1303 987 1337 Romana
1009 1300 1223 1350 propagom.

34 1353 81 1387 At
104 1353 138 1385 in
163 1352 309 1386 ablativo
335 1352 439 1397 longa
466 1357 531 1394 est,
559 1358 613 1385 ut:

714 1405 844 1439 Melias
863 1406 1074 1452 propagine
1105 1407 1192 1440 vites

257 1455 483 1500 Respondent
492 1450 527 1489 ²3.

196 1505 231 1541 6.
285 1507 322 1539 In
352 1508 461 1540 verbis
496 1517 632 1551 quoque
659 1507 805 1541 similiter
832 1508 951 1541 eadem
978 1509 1125 1552 syllaba,
1162 1519 1238 1542 cum
1265 1513 1418 1553 tempore
1444 1508 1654 1550 immutatur,
1689 1511 1724 1541 ut
1758 1511 1806 1540 est
1840 1517 1970 1548 moveo,

32 1562 184 1602 tempore
209 1560 374 1603 praesenti
401 1564 433 1592 et
459 1559 571 1591 futuro
598 1559 707 1603 prima
734 1560 863 1602 syllaba
890 1561 1085 1604 corripitur,
1114 1564 1166 1593 ut:

258 1610 351 1643 Hinc
378 1615 490 1643 movet
515 1610 722 1655 Euphrates
730 1608 776 1648 ²⁹3

32 1664 81 1692 et:

256 1712 415 1757 Longius
442 1716 475 1745 et
500 1713 639 1746 volvens
655 1712 822 1758 satorum
850 1724 989 1747 arcana
1014 1709 1209 1749 movebo³⁰,·

29 1765 181 1806 tempore
207 1764 388 1807 praeterito
416 1764 630 1808 producitur,
658 1770 711 1797 ut:

260 1815 359 1848 Venit
385 1827 503 1857 amor,
530 1816 713 1861 subitaque
739 1817 894 1849 animum
921 1815 1108 1848 dulcedine
1135 1809 1281 1846 movitffl.

28 1862 66 1894 ln
95 1864 275 1909 participiis
301 1879 435 1910 quoque
462 1879 615 1912 praesens
643 1873 773 1911 tempus
799 1869 934 1900 brevem
963 1867 1085 1906 habet,
1109 1870 1159 1897 ut:

255 1918 361 1951 Bella
387 1930 526 1952 movens
552 1920 703 1952 immittit
732 1916 877 1963 equos32.

26 1966 244 2000 Praeteritum
269 1974 401 2014 tempus
427 1971 566 2015 longam
593 1971 714 2011 habet,
742 1968 1027 2013 quemadmodum
1054 1977 1192 2007 nomen,
1221 1965 1308 1998 unde
1336 1965 1456 2005 oritur,
1485 1970 1534 1997 ut:
1838 1962 1968 2008 [1436]

28 2053 74 2086 13)
93 2051 172 2089 Virg.
198 2052 301 2090 Georg.
325 2054 362 2090 ΙΙ,
387 2057 456 2086 168,
480 2071 521 2075 -
565 2054 609 2091 14)
633 2055 707 2083 Miro
732 2064 876 2082 consensu
900 2053 970 2080 (jod.
1016 2052 1122 2087 Georg.
1148 2051 1190 2087 Il⁷
1216 2051 1284 2082 124.
1316 2050 1366 2078 ubi
1397 2054 1494 2077 tamen
1523 2050 1632 2087 legitur
1664 2054 1692 2077 et
1723 2048 1879 2086 legendum
1909 2053 1966 2076 est:

27 2097 55 2121 et
76 2093 144 2121 Asc.
168 2093 409 2134 intellegerimus.
433 2113 473 2118 —
517 2097 563 2135 15)
582 2097 663 2135 Virg.
683 2097 743 2126 Ecl.
764 2097 798 2131 ΙΙ,
820 2099 865 2126 11.
895 2094 972 2123 Alta
1014 2093 1142 2122 Arboris
1164 2092 1268 2121 hand
1291 2091 1378 2121 ullae.
1424 2092 1456 2119 In
1477 2092 1627 2130 scriptura
1646 2099 1701 2120 aut
1724 2102 1778 2130 pro
1801 2089 1882 2119 haud
1899 2101 1967 2119 con-

26 2135 96 2166 cod,
129 2136 195 2164 Asc.
225 2137 256 2165 P.
284 2137 373 2175 idque
407 2139 537 2167 voluisse
569 2140 700 2168 Granum.
733 2138 849 2166 abunde
880 2142 970 2175 patet.
1014 2135 1147 2164 sentiunt
1170 2136 1239 2165 cod.
1261 2136 1326 2164 Asc.
1342 2135 1372 2162 P.
1395 2149 1437 2155 —
1480 2136 1527 2167 24)
1552 2135 1629 2172 Virg.
1654 2135 1726 2162 Aen.
1747 2134 1781 2170 V,
1798 2134 1867 2165 504.
1899 2132 1966 2162 Ad-

27 2176 252 2218 Serpillumque
280 2179 344 2208 Asc.
373 2180 404 2209 P.
433 2198 474 2203 —
520 2181 564 2219 16)
589 2182 668 2218 Virg.
700 2181 760 2209 Ecl.
791 2181 830 2214 X,
859 2182 907 2211 23.
931 2196 971 2200 --
1012 2189 1176 2217 versaeque
1200 2179 1229 2206 P.
1252 2177 1434 2216 aslum-sique
1457 2177 1526 2205 Cod.
1549 2178 1615 2205 Asc.
1656 2175 1738 2205 Mali
1760 2177 1790 2204 in
1815 2177 1871 2203 line
1894 2185 1966 2203 ver-

25 2222 68 2257 17)
95 2219 189 2249 Vobis
212 2231 227 2248 a
252 2220 331 2249 bovis
356 2222 481 2252 discerni
504 2225 608 2253 voluit.
653 2224 684 2250 ln
707 2233 788 2260 seqq.
810 2223 924 2250 Codex:
952 2232 970 2248 α
1013 2232 1060 2250 sus
1083 2221 1195 2248 addunt
1212 2223 1278 2249 Asc.
1299 2221 1339 2255 R,
1361 2220 1468 2247 omittit
1488 2220 1559 2248 Cod.
1580 2236 1620 2241 —
1650 2217 1964 2264 95)Virg.Georg.I-1.,

23 2263 139 2291 nomine
158 2270 213 2290 est
235 2270 261 2291 et
285 2263 439 2294 scribtura.
459 2283 495 2288 —
543 2269 586 2302 18)
612 2265 691 2301 Vir-g.
712 2267 781 2292 Aen.
803 2265 823 2300 l,
844 2267 913 2296 669,
928 2279 966 2285 -—
1010 2265 1080 2295 278.
1133 2263 1162 2290 [n
1187 2273 1267 2301 seqq.
1291 2263 1335 2290 sic
1360 2267 1403 2290 est
1432 2262 1461 2290 in
1485 2263 1608 2291 Codice:
1639 2264 1664 2290 si
1686 2269 1778 2289 aulem
1802 2260 1838 2289 ab
1862 2259 1964 2288 arbore

24 2307 70 2340 19)
94 2305 172 2342 Virg.
190 2306 261 2335 Aen.
282 2306 329 2339 lli,
349 2309 418 2337 268.
440 2324 481 2329 -—
523 2312 570 2346 20)
593 2308 665 2336 Cod.
688 2307 809 2335 vitiose:
830 2318 884 2346 pro
904 2318 966 2334 ver·
1012 2305 1078 2346 (sic)
1097 2304 1205 2346 feceris
1224 2306 1383 2345 genetivum
1403 2309 1439 2343 pt
1463 2317 1506 2334 vo.
1528 2322 1567 2326 --
1601 2307 1648 2340 ΒΘ)
1666 2304 1743 2341 Virg.
1764 2306 1868 2339 Geor-g.
1886 2302 1920 2338 ΙΙ,
1939 2305 1961 2331 1.

24 2345 106 2376 bero.
137 2363 178 2368 -
229 2347 275 2387 21)
301 2348 380 2385 Virg.
409 2349 480 2377 Aen.
502 2350 564 2387 vll,
587 2351 657 2381 383.
710 2350 810 2377 Codex
833 2349 966 2377 exhibet:
1010 2366 1051 2370 -—
1067 2349 1112 2383 27)
1126 2348 1205 2385 Virg.
1226 2351 1296 2376 Aen.
1316 2347 1365 2383 VI,
1382 2348 1452 2379 470.
1466 2364 1507 2369 —
1529 2348 1576 2384 ΞΒ)
1598 2347 1678 2384 Vir-g.
1693 2345 1961 2383 Ge01·g.11,63⁴-

24 2387 104 2417 Dant
126 2390 240 2418 animos
259 2389 368 2430 plagae
389 2397 426 2418 at
450 2403 514 2420 cum
531 2404 605 2421 vero.
650 2392 694 2420 Ex
718 2392 919 2431 superioribus
938 2399 969 2419 αι
1011 2395 1055 2425 29)
1079 2391 1159 2427 virg.
1177 2392 1281 2428 Georg.
1301 2391 1327 2425 l,
1346 2391 1416 2421 509.
1438 2406 1479 2412 ——·
1523 2393 1567 2423 30)
1592 2390 1671 2426 Virg.
1690 2389 1760 2416 Aen.
1780 2388 1803 2421 l,
1830 2388 1896 2416 262.
1921 2399 1959 2403 -

23 2431 167 2461 additum.
189 2448 230 2453 —
272 2433 318 2471 ωε)
343 2433 422 2471 virg.
448 2434 517 2464 Aen.
541 2435 606 2473 vu,
629 2437 701 2467 226.
733 2451 773 2458 -
817 2437 864 2470 23)
888 2434 968 2471 Virg.
1011 2434 1058 2471 31)
1081 2433 1160 2470 Virg.
1183 2434 1254 2463 Aen.
1282 2433 1331 2470 xi,
1356 2433 1424 2464 538.
1447 2448 1488 2454 -
1539 2431 1586 2471 32)
1610 2426 1688 2468 νῆ’-ς.
1711 2431 1780 2458 Aen·
1800 2427 1863 2460 Mb
1887 2427 1958 2455 333·
