2263 2668
517 122 581 156 DE
608 117 997 156 SlGNIFICATIONE
1030 118 1315 154 VERBORUM.
1369 119 1515 154 LIBER
1541 118 1633 152 Xlll.
1977 119 2053 154 549

262 214 508 246 Obsidionem
530 215 666 255 potius.
698 214 760 253 (Ad
784 222 849 253 pag.
864 212 949 250 194.)
979 212 1088 240 Tamen
1112 211 1260 242 obsidium
1283 213 1442 252 usurpavit
1464 212 1541 241 idem
1564 211 1694 240 Ennius-2
1719 222 1806 251 quum
1829 209 1913 240 salvo
1936 211 2052 242 obsidio

94 271 231 300 magnum
260 260 369 288 Titana
391 256 547 298 premebat.
580 257 654 285 Vide
677 257 772 294 infra,
796 256 847 284 ubi
870 255 900 283 in
924 254 1024 283 verbis
1045 255 1178 284 Sallustii
1201 256 1358 294 legendum
1382 256 1497 295 magnis
1520 253 1654 295 operibus
1673 253 1823 296 perstetis·
1851 253 1936 284 Dae.
1968 254 2053 285 Adde

93 303 223 332 Nonium
245 303 276 330 in
302 300 425 330 Obsidio
447 298 617 340 (pag.216.
641 298 758 340 Mero).
798 296 877 336 Quid
899 296 987 326 haud.
1025 297 1153 332 Quidem
1176 297 1267 328 haud.
1314 297 1419 328 Goth.

264 342 473 373 obsidium.
504 342 562 381 (Ad
588 352 652 381 pag.
669 342 749 381 192.)
781 341 854 378 Lege
877 341 916 368 ila
940 340 1075 368 Sallustii
1099 341 1204 369 verba:
1234 340 1360 381 Magnis
1383 339 1517 380 operibus
1537 338 1684 380 perfectis.
1709 337 1811 369 Scal.
1857 338 1940 367 Adde
1963 349 2054 378 supra

98 387 153 418 Ob.
184 386 288 427 Apud.
328 387 384 416 Ad.
423 385 460 414 Ut
483 385 522 416 in.
556 385 611 414 Uti.
661 383 766 413 Goth.

264 427 409 458 Obices.
448 425 632 468 Ἀντηρίδες,
656 424 833 463 ἀντιθέσεις.
862 423 963 455 scal.
1008 424 1083 453 Nam
1105 435 1188 454 serae
1211 430 1281 454 sunt
1303 426 1421 465 μοχλοῖς
1448 429 1564 462 vectes,
1588 423 1697 463 quibus
1720 424 1750 452 in
1774 429 1977 453 transversum
2000 424 2056 453 ob—

95 472 195 501 ductis
218 472 297 500 fores
320 470 536 500 claudebantur
559 475 589 498 et
613 470 818 500 firmabantur.
862 468 953 498 Dac.

251 513 437 543 Obrutuit.
481 514 512 541 L.
533 524 570 543 m.
595 511 762 549 obmutuit,
786 517 815 541 et
837 511 877 540 ita
898 510 1020 540 Nonius.
1049 508 1149 539 Fulv.
1178 509 1254 538 Urs.
1296 508 1450 546 Obrutuit,
1476 509 1518 537 sic
1542 509 1660 537 Lueret.
1674 508 1732 544 111,
1755 508 1872 546 (544.):
1900 509 1954 538 An
1978 520 2056 539 con..

95 557 189 586 traria
210 557 270 585 suis
291 568 306 584 e
325 555 460 596 partibus
482 554 677 585 obbrutescat.
713 555 916 590 Obbrutesco,
939 553 1020 582 bruti
1044 552 1135 581 instar
1158 562 1241 587 sum3
1265 551 1366 580 brutus
1390 558 1487 581 autem
1511 551 1634 591 proprie
1656 550 1770 590 graviS,
1795 555 1827 579 ut
1851 549 1937 579 bruta
1961 550 2056 588 tellus,

94 599 199 628 Horat.
223 598 334 638 (Carni.
353 599 381 634 1,
406 600 463 634 34,
487 597 528 637 9.)
553 597 632 626 unde
656 598 786 637 stupidis
809 603 838 626 et
859 606 948 626 sensu
971 595 1141 624 carentibus
1165 595 1419 623 accommodatur.
1463 595 1510 622 Sic
1534 594 1662 633 obstipui
1684 593 1732 622 vel
1755 592 1908 632 obstupui,
1946 594 2057 633 stipitis

95 643 142 670 vel
166 642 263 671 trunci
288 642 379 670 instar
403 641 498 670 sactus
523 651 604 676 sum,
629 650 644 668 a
667 642 772 680 stipite.
809 639 906 680 Stipes
928 639 1006 668 enim
1029 639 1065 667 de
1088 638 1217 676 stupidis
1241 638 1326 666 etiam
1351 637 1410 665 dici
1435 637 1599 665 consuevit.
1626 636 1714 665 Dae.
1752 634 1898 665 Obruruit.
1934 636 1975 665 Ita
1998 636 2057 665 No-

94 685 161 713 nius
183 685 215 713 in
239 683 365 713 Brutum
388 682 459 723 (pag
483 686 534 715 77.
560 683 673 723 Mero).
724 682 832 712 Goth..

263 726 462 766 obrogare.
508 726 679 763 obrogatur
702 726 774 762 legi,
799 735 865 753 cum
890 728 980 763 caput
1004 723 1124 761 aliquod
1149 722 1259 761 prioris
1283 722 1356 761 legis
1379 722 1497 750 irritum
1521 721 1561 751 fit.
1590 721 1696 759 Ulpian
1720 719 1845 748 institut.
1864 729 1928 759 cap.
1942 720 1965 749 Ι.
1989 719 2059 749 Leae

95 768 272 809 obrogatur,
296 769 408 807 inquit,
430 767 464 797 id
486 776 525 797 est
550 776 680 797 mutatur
702 767 819 808 aliquid
842 779 882 797 ex
902 767 1000 807 prima
1023 765 1094 805 lege.
1139 765 1193 793 Da
1204 777 1228 794 c.

260 810 484 840 Obacerare.
530 811 604 839 Vide
627 822 698 839 acus
721 816 749 839 et
771 818 928 840 aceratum.
951 809 1038 838 Ant.
1061 808 1157 847 Aug.
1203 808 1276 836 Mira
1301 806 1383 835 vocis
1405 806 1495 834 huius
1519 805 1704 843 significatio.
1747 804 1854 832 Mirum
1881 809 1979 833 tamen
2002 805 2058 833 nisi

94 855 145 883 hic
168 864 225 894 pro
249 853 420 891 obacerare,
443 852 620 883 obacerbare
642 854 789 892 scriptum
814 853 920 891 suerit,
944 851 1025 890 quod
1048 856 1150 890 postea
1172 851 1283 879 Paulus
1307 850 1337 877 in
1361 848 1517 878 obacerare
1541 848 1751 883 commutavit,
1778 851 1806 875 et
1829 857 1917 885 super
1940 857 1974 876 eo
1998 847 2060 875 ine—

94 903 145 936 pte
169 897 314 925 ariolatus
337 901 397 934 est3
427 901 499 926 vett.
522 896 594 924 libb.
617 895 728 924 habent
750 895 912 925 obacomre
932 900 1012 923 recte
1035 894 1149 928 forsan,
1182 893 1217 921 ab
1242 903 1329 921 acore
1353 892 1468 920 scilicet
1494 891 1604 919 factum
1628 889 1804 925 ebat-orare,
1833 894 1866 917 ut
1889 900 1943 918 nos
1967 889 2058 927 vulgo

95 940 224 968 dicimus
251 940 361 975 αίσνίν,
390 938 512 981 fdclzer.
557 939 621 968 Erit
643 939 734 977 igitur
757 938 936 974 obacomre,
976 936 1056 976 quod
1079 936 1215 964 similiter
1236 935 1340 964 Graeci
1366 935 1473 963 dicunt
1498 929 1633 969 ὄξύνειν,
1669 933 1808 967 incitare,
1846 942 1953 960 acuere
1977 937 2006 961 et
2028 933 2059 960 in

281 961 297 978 ο

95 982 287 1011 acrimoniam
311 982 374 1010 sive
399 992 516 1010 acorem
540 986 666 1011 vertere.
690 981 778 1010 Dae.
812 981 885 1010 Vide
909 990 1000 1019 supra
1019 979 1112 1009 Acus.
1142 978 1300 1008 Aceratus.
1333 977 1407 1007 Vide
1431 986 1523 1016 supra
1541 975 1703 1006 Aceratum
1728 979 1756 1003 et
1780 974 1908 1003 Nonium
1930 975 1960 1003 in
1977 974 2060 1004 Ace-

96 1036 193 1055 rosum
219 1023 409 1064 (pag-445).
458 1023 566 1053 Goth.

264 1065 532 1096 Obliteratum.
580 1067 601 1094 Α
621 1067 733 1106 'supino
758 1065 898 1102 oblitum,
923 1066 1003 1105 quod
1027 1064 1190 1094 oblinendo
1214 1064 1346 1093 deletum
1371 1068 1422 1093 est.
1459 1062 1555 1090 Gloss.
1581 1058 1763 1095 obliterata,
1787 1058 1978 1098 ἕξηλιμμένας
2002 1058 2060 1088 De-

95 1109 162 1139 leta.
191 1109 298 1138 Accius
315 1110 343 1138 in
364 1110 637 1147 Agamemnonidis:
661 1110 834 1138 inimicitias
850 1108 1061 1148 Pelopidarum
1085 1109 1235 1137 extinctas
1258 1108 1317 1136 ium
1341 1114 1429 1145 atque
1447 1103 1620 1133 obliteratus
1637 1103 1776 1131 memoria
1796 1113 1939 1131 renovare.
1964 1101 2058 1131 Dac.

94 1153 153 1182 Alii
175 1151 365 1181 Obliteratur.
397 1153 481 1181 Adde
504 1153 634 1181 Nonium
657 1153 686 1180 in
711 1152 880 1180 oblitterare
901 1152 980 1191 (pag.
996 1154 1066 1183 146.
1084 1150 1198 1190 Mera).
1230 1149 1341 1178 Glossis
1363 1147 1539 1184 Oblinerat‚
1561 1143 1641 1185 λήθῃ
1663 1144 1838 1185 περιτρέπει.
1870 1143 2060 1181 oblitterata,

95 1195 280 1235 ἐξηλιμμένα.
316 1195 365 1223 Sic
389 1196 485 1223 Gellio
503 1196 591 1231 XIX,
616 1197 646 1226 7.
684 1193 817 1223 Oblitera
837 1206 908 1234 gens
930 1205 985 1233 pro
1009 1193 1176 1224 obliterata.
1223 1191 1329 1221 Goth.

264 1236 553 1266 Oblucuviasse.
602 1236 805 1266 Oblucinasse.
850 1237 1006 1266 Manisesto
1032 1236 1162 1266 ostendit
1185 1240 1214 1264 et
1236 1233 1415 1264 allucinasse
1437 1231 1635 1270 compositum
1660 1240 1738 1267 esse,
1773 1234 1800 1258 et
1823 1229 1863 1257 ita
1888 1233 1940 1258 est.
1987 1228 2059 1257 Nam

96 1280 198 1309 Lucini
222 1279 301 1308 iuter
324 1290 374 1308 eos
398 1280 559 1317 numerati,
594 1280 644 1318 qui
669 1279 768 1318 aliquo
792 1280 949 1308 oculorum
972 1280 1045 1308 vitio
1069 1280 1217 1308 laborant.
1263 1278 1392 1307 Plinius:
1432 1274 1552 1304 Ocellae
1573 1282 1598 1303 et
1621 1273 1733 1302 Lucini
1755 1282 1913 1311 cognomen
1936 1271 2061 1299 iniuriae

94 1322 228 1351 habuere.
268 1322 400 1351 Fuerunt
423 1327 536 1359 tamen,
568 1323 617 1361 qui
642 1332 711 1350 cum
733 1334 747 1351 s
770 1322 949 1358 scriberent,
979 1323 1110 1351 Luscini.
1142 1319 1244 1351 Scal.
1290 1322 1314 1348 A
1338 1319 1403 1348 luce
1424 1328 1483 1346 non
1507 1328 1523 1345 a
1547 1315 1631 1353 Zuco‚·
1662 1315 1729 1344 vide
1752 1313 1924 1343 alucinatio.
1963 1314 2020 1341 Alii
2045 1324 2060 1341 a

93 1364 219 1394 Lucinis
243 1364 356 1393 dictum
378 1366 501 1401 volunt,
524 1376 592 1394 nam
616 1365 720 1393 Lucini
745 1364 825 1393 inter
848 1375 898 1393 eos
921 1365 1083 1402 numerati,
1108 1365 1160 1403 qui
1184 1364 1286 1402 aliquo
1311 1362 1466 1391 oculorum
1490 1360 1563 1388 vitio
1588 1360 1733 1387 laborant.
1775 1357 1868 1385 Plin.:
1895 1355 2013 1386 Ocellae
2035 1363 2061 1384 et

92 1407 206 1436 Lucini
228 1418 386 1446 cognomen
410 1408 536 1436 iniuriae
558 1406 689 1437 habuere.
714 1407 767 1435 Da
779 1418 802 1437 c.
841 1406 1044 1437 Oblucz’nasse.
1076 1407 1305 1436 Oblucuviasse.
1337 1404 1421 1433 Adde
1437 1404 1565 1432 Nonium
1589 1402 1620 1430 in
1635 1399 1833 1430 Hallucinan‘
1849 1398 1893 1437 (p.
1910 1402 1978 1431 121.
1997 1399 2059 1437 M.).

96 1448 204 1480 Goth.
252 1448 463 1480 Oblucuviasse
486 1450 677 1479 scribendum
702 1460 780 1487 esse,
818 1450 891 1479 satis
914 1450 1002 1480 docet
1025 1450 1206 1490 etymologia
1229 1450 1362 1485 adiecta,
1392 1457 1428 1476 ex
1453 1457 1511 1485 qua
1534 1450 1674 1484 apparet,
1702 1442 1880 1481 scriptorem
1905 1440 1932 1469 h.
1953 1451 1980 1469 v.
2006 1451 2060 1470 vo-

91 1492 184 1521 luisse
207 1502 245 1521 ex
268 1491 493 1522 ob-lucuviare
516 1494 726 1532 compositumn-

260 1534 456 1564 Oboedire.
504 1534 646 1571 Obedire,
677 1541 711 1564 ut
735 1535 855 1563 Graecis
878 1533 1048 1566 ἐπακούειν.
1096 1531 1373 1570 Gloss.s'nan015m‚
1403 1530 1549 1569 obaudio,
1575 1527 1718 1559 eaeauclio.
1764 1526 1852 1555 Dac.

259 1575 470 1606 Obtrectat.
516 1578 611 1607 Gloss.
636 1576 797 1613 obtrectat,
831 1573 1028 1615 ἆντιπράττει,
1077 1577 1129 1605 Da
1139 1588 1164 1606 c.

259 1617 358 1658 Opis,
406 1619 450 1647 Ab
473 1630 563 1658 opere
586 1619 699 1647 dictum
722 1620 791 1647 vult
815 1620 910 1648 Varro
934 1620 1048 1651 lib.1V‚
1072 1622 1153 1658 (pag.
1168 1621 1219 1650 69.
1245 1619 1326 1658 sp.):
1364 1618 1454 1646 Terra
1479 1627 1546 1656 ops,
1577 1613 1658 1656 quod
1680 1612 1729 1642 hic
1751 1623 1835 1641 omne
1858 1621 1929 1650 opus
1952 1617 1978 1638 et
2000 1609 2058 1639 hac

93 1671 166 1700 opus
187 1658 230 1688 od
251 1660 427 1700 vivendum5
455 1669 480 1689 et
503 1661 569 1690 ideo
592 1661 703 1690 dicitur
727 1660 788 1701 Ops
811 1670 919 1699 mater,
942 1661 1023 1703 quocl
1045 1670 1120 1691 terra
1144 1662 1264 1690 nutriat.
1308 1660 1365 1689 Sed
1389 1659 1482 1696 magis
1506 1659 1602 1697 placet
1626 1662 1659 1686 ut
1680 1661 1758 1685 terra
1786 1652 1847 1693 Ops
1869 1653 1947 1681 dicta
1973 1653 2056 1691 quasi

92 1703 235 1742 opulenta
258 1712 294 1731 ac
316 1703 416 1740 dives3
451 1714 518 1732 nam
542 1715 594 1744 ops
616 1704 732 1743 antiqui
757 1704 911 1742 dicebant,
940 1716 1027 1743 quem
1051 1715 1131 1733 nunc
1155 1704 1329 1743 opulentum
1354 1703 1490 1731 dicimus.
1529 1701 1601 1730 Vide
1625 1710 1686 1739 ops.
1729 1697 1818 1726 Dac-

260 1743 400 1784 Opima.
425 1746 486 1786 (Ad
509 1758 573 1786 pag.
589 1745 672 1788 190.)
696 1748 821 1776 Carolus
836 1749 990 1786 Sigonius,
1016 1759 1031 1776 a
1052 1758 1111 1786 quo
1135 1748 1226 1774 multa
1251 1746 1281 1774 in
1305 1746 1362 1774 hoc
1385 1745 1462 1774 libro
1486 1744 1640 1772 emendata
1665 1745 1750 1777 sunt,
1776 1738 1859 1777 quod
1881 1738 1965 1767 deest
1986 1743 2056 1777 post

92 1788 142 1816 illa
166 1787 258 1815 verba
281 1788 360 1816 intra
382 1799 492 1826 annos,
517 1790 558 1818 ita
582 1800 668 1829 posse
690 1790 793 1818 sarciri
816 1791 981 1819 existimat:
1010 1798 1041 1819 ut
1063 1792 1143 1819 intra
1166 1799 1260 1817 annos
1280 1787 1372 1828 paulo
1395 1788 1491 1816 minus
1514 1784 1657 1815 DXXX.
1679 1790 1792 1812 tantum
1815 1781 1894 1810 trina
1917 1781 2053 1820 contige-

92 1831 151 1859 rint
174 1834 229 1858 etc.
274 1830 409 1859 sumitur
431 1837 528 1860 autem
553 1832 583 1860 id
607 1843 643 1861 ex
667 1833 763 1861 Fastis
787 1833 979 1872 Capitolinis,
1015 1833 1044 1861 in
1069 1833 1179 1872 quibus
1202 1842 1280 1860 anno
1306 1830 1443 1859 DXXXI.
1466 1829 1530 1857 Kal.
1557 1829 1643 1857 Mart.
1667 1826 1705 1854 M.
1729 1823 1870 1853 Claudius
1893 1823 2052 1852 Marcellus

92 1883 152 1901 cos.
176 1873 213 1901 de
236 1872 330 1901 Gallis
357 1873 532 1903 Insubribus
561 1875 778 1914 triumphavit,
814 1881 842 1904 et
871 1876 950 1904 idem
980 1876 1076 1915 spolia
1106 1876 1204 1914 opima
1237 1875 1339 1903 retulit
1362 1874 1437 1901 duce
1461 1871 1591 1901 hostium
1615 1868 1793 1899 virdumaro
1816 1866 1853 1895 ad
1877 1865 2050 1894 Clastidium

90 1915 257 1944 interfecto.
298 1916 386 1951 Quod
410 1927 483 1945 vero
507 1923 576 1956 post
598 1919 647 1946 illa
671 1919 762 1946 verba
786 1916 857 1947 duci
877 1918 1003 1948 hostium
1026 1918 1229 1946 desideratur:
1252 1918 1291 1945 ita
1315 1917 1394 1945 idem
1418 1914 1610 1944 doctissimus
1632 1912 1680 1941 vir
1701 1909 1893 1939 scribendum
1916 1917 1980 1936 esse
2003 1917 2048 1936 ar-

89 1958 234 1986 bitratur:
262 1956 332 1987 duci
353 1958 479 1988 hostium
503 1959 683 1998 detraxerit;
704 1959 785 2001 quod
807 1967 902 1989 autem
926 1962 1026 1989 omnia
1048 1960 1137 1990 solita
1159 1971 1217 1989 non
1240 1961 1298 1988 sint
1319 1958 1360 1988 ad
1382 1957 1481 1987 aedem
1505 1956 1584 1986 Iovis
1607 1960 1662 1985 etc.
1706 1953 1790 1982 Hanc
1812 1950 2048 1980 emendationem

89 2001 189 2038 iuvat,
224 2001 306 2039 quod
329 2005 430 2040 postea
453 2003 566 2031 dicitur
590 2003 720 2031 secunda
747 2003 841 2041 spolia
871 2004 901 2032 in
925 2004 1028 2032 Martis
1058 2014 1155 2039 aram,
1194 2003 1280 2031 tertia
1304 2002 1373 2030 lano
1398 2000 1525 2036 Quirino
1555 1998 1686 2027 serenda.
1731 1994 1789 2023 Sed
1810 1992 1883 2022 mihi
1907 1993 1963 2021 hoe
1989 2004 2047 2022 ¹101]

89 2045 159 2073 satis
181 2043 342 2083 probatur,
379 2054 447 2073 cum
470 2055 529 2074 non
552 2045 582 2073 in
606 2046 690 2074 libi-is
714 2046 907 2084 pontificum,
942 2046 992 2074 sed
1016 2047 1045 2074 in
1069 2046 1132 2084 lege
1157 2046 1268 2073 Numae
1292 2045 1328 2073 de
1350 2043 1488 2072 secundis
1511 2047 1540 2071 et
1562 2040 1657 2070 tertiis
1678 2037 1798 2078 spoliis,
1835 2036 1917 2075 quod
1940 2036 2045 2064 retuli-

88 2096 171 2123 mus,
201 2086 247 2115 sit.
294 2086 392 2114 Eidem
416 2088 515 2127 placet
538 2089 619 2127 quod
643 2088 679 2116 ad
703 2093 870 2117 extremum
894 2090 930 2116 de
953 2089 1069 2126 opima,
1106 2089 1153 2117 vel
1177 2088 1288 2126 optima
1311 2087 1373 2125 lege
1396 2086 1525 2122 dicitur,
1562 2080 1802 2120 coniungendam
1825 2089 1887 2107 esse
1911 2088 1977 2107 Cum
2001 2079 2046 2117 iis,

88 2139 162 2168 quae
185 2129 221 2157 ab
244 2128 302 2157 illis
324 2130 440 2167 verbiS,
463 2131 574 2170 optima
596 2129 662 2167 lex,
686 2130 875 2159 inchoantur.
919 2131 990 2159 Mihi
1014 2141 1085 2159 vero
1107 2131 1137 2159 id
1163 2130 1284 2169 quidem
1307 2130 1346 2158 ita
1370 2129 1534 2168 probatur,
1557 2127 1582 2156 si
1604 2136 1641 2155 ex
1663 2124 1722 2153 hoc
1743 2127 1870 2160 uterque
1893 2122 1977 2150 locus
1999 2131 2045 2150 re-

87 2171 169 2201 stitui
193 2176 310 2211 possem
346 2173 427 2211 quod
451 2183 522 2201 vero
545 2173 581 2201 ad
606 2173 860 2213 interpretationis
885 2175 1030 2202 rationem
1054 2173 1172 2209 attinet,
1204 2171 1395 2201 vehementer
1418 2171 1513 2210 probo
1536 2170 1599 2198 eius
1621 2167 1802 2207 opinionem.
1847 2166 1922 2192 Sunt
1945 2169 2041 2192 tamen

85 2215 158 2244 satis
186 2214 327 2243 mendosa
350 2220 377 2244 et
400 2216 503 2244 mutila
527 2221 556 2244 et
579 2215 653 2244 haec
681 2221 710 2244 et
733 2216 794 2244 itta.
827 2216 914 2245 Ant.
933 2217 1029 2256 Aug.
1076 2216 1233 2254 Pumpelli,
1270 2216 1318 2244 vel
1341 2214 1480 2253 Pompilii
1503 2213 1616 2242 Numae
1642 2210 1720 2248 regis
1747 2209 1841 2246 legem
1871 2207 2039 2245 opimorum

84 2257 247 2296 spoliorum
272 2258 530 2296 corruptissimam
554 2258 639 2286 nobis
661 2258 796 2287 relictam
819 2268 881 2287 esse
904 2269 992 2286 nemo
1015 2269 1074 2287 non
1099 2258 1189 2287 videt.
1234 2258 1306 2286 Nam
1330 2268 1388 2286 non
1410 2257 1506 2286 solum
1528 2255 1620 2283 verba
1641 2253 1823 2292 depravata,
1855 2249 1906 2278 sed
1929 2254 1958 2277 et
1980 2252 2039 2276 tra-

83 2301 209 2330 iectione
231 2301 298 2328 loco
322 2306 399 2328 mota
424 2306 495 2329 sunt
518 2311 552 2329 ac
577 2302 684 2329 luxata.
731 2302 790 2329 Nos
812 2311 861 2336 ea,
885 2307 917 2330 ut
940 2302 1009 2330 olim
1034 2301 1196 2339 reliquerat
1218 2300 1339 2335 Festus,
1364 2300 1441 2328 infra
1466 2307 1626 2337 ponemus:

324 2341 498 2381 QUOIUS.
516 2342 732 2373 AUSPICIO.
754 2342 924 2372 GLASSE.
943 2342 1204 2373 PROCINCTA.
1227 2341 1408 2372 OPEIMA.
1429 2339 1599 2371 SPOLIA.
1620 2332 1885 2368 CAPIUNTUR.
1903 2328 2034 2360 IOVEI.

168 2383 396 2414 FERETRIO.
418 2384 590 2416 BOVEM.
618 2384 819 2417 CAEDITO.
845 2384 958 2425 QUEI.
983 2384 1114 2416 CEPIT.
1136 2384 1281 2416 AERIS.
1305 2383 1522 2415 DUCENTA.
1547 2379 1728 2412 DARIER.
1755 2371 1993 2408 OPORTETO-
