2263 2668
216 168 291 204 366
641 153 985 193 COMMENTARH
1010 154 1058 190 IN
1085 154 1229 189 PAULI
1255 156 1453 191 DIACONI
1478 155 1733 191 EXCERPTA

219 265 284 295 No„
307 268 377 297 ergo
407 256 582 287 obscurum,
618 259 710 288 quare
740 248 771 278 in
798 247 902 276 vitium
928 246 1051 277 verterit
1072 246 1130 275 hoc
1152 248 1293 285 verbum,
1334 258 1401 277 cum
1424 258 1515 286 genus
1538 247 1597 277 hoc
1619 247 1773 279 hominum
1792 251 1870 281 male
1891 262 2007 294 semper
2029 257 2167 288 audierit,

220 302 402 336 Glossarium
425 306 511 325 vero:
537 291 712 327 cavillatio,
735 290 856 329 ἐνέδρα,
880 286 995 327 οἷπάτη,
1020 291 1254 330 παρεγχείρησις.
1301 290 1400 321 Scal.

385 336 591 369 Caudecae.
635 335 725 372 Lege:
756 331 896 362 Caudeae.
920 332 962 359 lta
986 332 1074 360 etiam
1096 333 1219 362 Plautus
1242 333 1377 362 Rudente
1402 332 1471 372 (IV,
1495 333 1530 369 4,
1555 334 1627 371 65.).
1672 333 1774 365 Scal.

709 374 859 405 Cistellam
881 374 948 403 istic
970 374 1061 404 inesse
1082 383 1192 414 oportet
1217 375 1354 405 caudeam
1378 377 1409 405 in
1432 377 1488 405 isto
1510 375 1623 406 vidulo.

219 434 304 463 Dae,
342 421 489 456 Cmnlecae
511 419 673 455 Caudetae3
702 419 766 455 alii,
796 416 912 446 Caudea
937 416 1051 447 cistella
1073 428 1110 447 ex
1132 421 1230 449 iunco.
1270 419 1302 447 ln
1326 419 1441 447 Glossis
1462 418 1674 458 manuscriptis
1698 423 1853 459 corrupte:
1888 418 2004 451 Gaudia
2025 424 2167 462 iunceum,

240 471 298 503 uod
320 467 447 498 vinciam
471 461 582 492 caudae
604 468 744 500 emar-gai.
790 460 906 488 Dicitur
930 464 958 488 ct
980 460 1128 499 scirpeum
1152 466 1180 490 et
1201 462 1370 491 vimineum.
1420 460 1525 491 Goth.

221 488 237 516 q
384 505 531 537 caulae.
575 505 598 533 A
624 505 751 533 cavitate
782 503 875 531 dictas
902 502 969 531 vult
992 503 1110 539 Festus,
1147 504 1241 532 Varro
1268 504 1354 532 etiam
1381 504 1441 540 (De
1466 505 1496 532 L.
1519 504 1551 533 L.
1575 503 1618 541 V,
1641 506 1736 542 p-29.
1760 502 1840 544 Sp.).
1885 505 1935 534 Sic
1957 506 2075 536 Lucret.
2099 507 2167 547 (VI,

219 557 319 592 491‚):
348 551 426 580 dixit
448 547 550 578 caulas
573 546 709 583 aetheris,
741 546 772 575 id
794 551 838 579 est
860 556 933 577 cava
956 544 1039 575 coeli.
1079 546 1138 575 Sed
1159 548 1263 576 melius
1287 547 1335 575 alii
1358 557 1373 574 a
1397 547 1511 578 Graeco
1535 543 1610 585 αὐλή
1634 545 1723 584 aula,
1751 546 1853 575 addito
1877 558 1894 577 c
1916 548 2012 578 caula.
2050 550 2169 583 Servius

219 599 256 628 ad
278 595 353 626 illud
376 594 427 623 lx.
451 592 524 620 Aen.
549 587 647 630 (60.):

839 630 890 660 Ac
912 628 1001 659 veluti
1019 630 1104 670 plano
1128 630 1213 670 lupus
1234 630 1392 660 insidiatus
1415 630 1488 661 ovili

841 672 911 702 Cum
928 672 1038 713 sisinii
1060 673 1101 701 αᾶ
1126 673 1235 703 caula&

221 723 331 757 Gaulae
351 720 530 750 nranimento
552 724 578 746 et
602 724 682 757 sepia
705 717 809 745 ovium.
851 715 903 744 Est
927 716 1001 744 enim
1028 714 1170 746 Graecum
1194 727 1296 745 nomen
1321 727 1344 744 c*
1360 714 1502 745 detracto.
1545 713 1625 743 Nam
1652 713 1760 744 Graeci
1780 714 1903 754 αὐλάς
1923 726 2032 748 vocant
2053 719 2170 748 anima-

221 768 290 798 lium
315 759 505 803 receptacula.
552 760 674 789 Glossae
698 759 818 797 Cyrilli:
857 755 967 795 αὐλὴ,
1000 761 1069 789 τῶν
1094 756 1298 798 προβάτων
1321 757 1477 788 stabulum.
1523 757 1595 787 Inde
1618 758 1650 786 in
1672 759 1763 787 sacris
1787 760 1910 789 aedibus
1933 765 1961 791 et
1982 762 2014 790 in
2035 762 2171 790 tribuna-

219 811 297 840 libus
320 811 417 845 septa,
448 813 524 842 quae
546 803 647 831 turbas
670 801 849 841 prohibent,
879 800 977 829 caulas
1000 811 1156 838 vocamus,
1188 801 1336 839 quomodo
1361 801 1467 829 Graeci
1492 811 1611 839 quoque
1634 798 1734 837 αὐλάς.
1775 803 1858 832 Suid.
1883 800 1959 842 αὐλὴ
1982 801 2015 834 τὸ
2038 806 2095 835 νῦν
2118 802 2170 844 ἆρ-

218 856 296 893 χεῖον
318 845 512 886 καλούμενον.
542 846 616 874 Nam
640 841 743 883 α’ρχεῖα
766 844 860 873 01(10111
885 848 953 872 sunt
976 841 1010 873 τὰ
1033 846 1126 884 χωρία
1148 847 1207 874 τῶν
1229 847 1345 883 κριτῶν.
1377 845 1542 872 Secretaria
1565 844 1679 872 scilicet
1701 843 1842 874 iudicum.
1872 846 1945 875 Inde
1969 846 2093 876 Glossae
2114 846 2172 876 Isi-

220 895 301 924 dori:
336 889 455 926 caules,
479 887 603 918 cancelli
626 886 801 921 tribunalis,
824 885 874 915 ubi
896 893 962 915 sunt
985 885 1133 918 aduocati.
1178 887 1250 915 Nam
1272 892 1432 924 utrumque
1456 887 1595 915 dicebant
1619 887 1716 915 caules
1739 892 1770 916 et
1792 888 1907 926 caulas,
1932 893 1966 918 ut
1980 888 2121 932 fiarcilles
2144 894 2173 919 et

216 934 366 978 ficrcillas.
409 932 464 960 Da
475 943 499 962 c.

387 973 529 1004 Cavum.
573 973 670 1002 Varro
693 972 743 1001 lib.
758 972 806 1000 IV.
830 971 866 1000 (10
889 971 920 1003 L.
944 971 975 1000 L.
998 970 1061 1010 (lib.
1076 972 1115 1007 V,
1139 982 1203 1010 pag.
1218 974 1269 1002 28.
1294 973 1372 1010 Sp.):
1404 971 1468 1011 Ego
1491 973 1587 1012 magis
1606 980 1678 1012 puto
1703 983 1722 1001 a
1744 971 1819 1002 chao
1842 984 1945 1003 cavum
1968 981 1994 1003 et
2016 974 2172 1004 111110000-

221 1021 290 1051 lum.
323 1018 418 1048 Chaos
442 1028 457 1045 3
480 1014 540 1055 χάω
564 1015 621 1044 hio.
659 1014 733 1042 Vide
759 1013 877 1043 Colzum.
904 1014 989 1043 Dac.
1025 1015 1062 1043 Et
1087 1013 1188 1043 Chaos.
1239 1013 1341 1043 Goth.

386 1057 619 1089 Caculatum.
665 1058 702 1085 Ut
725 1057 894 1085 aedilatum.
918 1055 1019 1086 Scal.
1054 1057 1080 1086 A
1102 1055 1216 1087 cucula.
1262 1056 1351 1086 Dae.

387 1100 557 1131 Calones.
601 1100 682 1129 Nihil
713 1100 770 1127 tale
799 1109 921 1138 usquam
948 1098 1037 1128 hodie
1060 1100 1176 1137 legitur.
1221 1099 1254 1128 Id
1278 1100 1302 1127 si
1326 1109 1429 1128 verum
1451 1099 1504 1136 sit,
1542 1099 1661 1128 calones
1685 1110 1701 1127 a
1723 1101 1819 1130 κοῖλον
1840 1100 1890 1129 vel
1911 1101 2016 1130 Latino
2040 1100 2109 1131 cala
2129 1101 2173 1130 li-

221 1157 319 1187 gnum.
364 1144 422 1173 Sed
445 1144 570 1172 multum
593 1154 623 1172 se
646 1146 776 1171 metuere
801 1142 874 1171 dicit
897 1141 1017 1171 doctiss.
1042 1143 1177 1179 vossius,
1201 1153 1238 1170 ne
1263 1142 1373 1170 Paulus
1395 1142 1565 1171 confuderit
1588 1140 1706 1171 calones
1729 1152 1797 1170 cum
1820 1141 1996 1183 calopediis‚
2022 1154 2098 1183 quae
2122 1155 2174 1174 ca-

221 1189 340 1232 loperlia
362 1192 432 1216 sunt
454 1186 542 1226 pedes
565 1186 670 1224 lignei;
690 1184 815 1226 formas
837 1189 926 1213 vocnt
946 1185 1048 1214 Horat.
1074 1186 1235 1222 (Serm.II,
1259 1188 1294 1221 2,
1322 1187 1407 1220 106.)
1432 1190 1461 1213 et
1483 1185 1524 1213 ita
1547 1195 1602 1213 nos
1625 1185 1725 1222 vulgo.
1770 1184 1860 1216 Dac.

390 1227 612 1259 Clacendix,
658 1228 779 1256 Glossae
801 1227 924 1256 Isidori:
961 1225 1145 1264 Cloacinam,
1177 1227 1299 1257 concha.
1343 1229 1433 1266 Lege:
1467 1226 1645 1257 Clacendiae.
1684 1228 1804 1265 Legitur
1827 1233 1855 1257 et
1881 1226 2067 1260 Clam-mdix.
2106 1229 2175 1259 Pri-

222 1276 341 1305 scianus
365 1272 498 1313 (Lib.v‚
521 1274 550 1302 7.
573 1273 683 1310 p.191.
699 1281 758 1308 seq.
786 1271 849 1306 ΚΓ.)
873 1270 995 1308 exponit
1019 1270 1177 1305 concham,
1215 1281 1271 1308 qua
1296 1270 1376 1308 sigua
1401 1281 1469 1306 5113,
1502 1270 1611 1308 quibus
1634 1280 1681 1299 res
1704 1280 1771 1299 suas
1795 1270 2005 1310 obsignabant,
2037 1272 2175 1302 claudere

222 1319 358 1348 solebant
380 1320 512 1349 veteres,
545 1320 574 1343 et
595 1314 632 1342 ad
654 1314 686 1342 id
709 1313 899 1352 probandum
922 1324 937 1342 e
962 1313 1060 1341 Plauti
1082 1313 1238 1342 Vidularia
1260 1312 1341 1341 1111110
1365 1313 1464 1341 10011111
1488 1313 1627 1341 adducit:

722 1355 865 1395 Opposita
887 1363 927 1383 est
951 1354 1119 1385 clacetzclix.
1164 1356 1210 1384 At
1232 1366 1283 1394 ego
1309 1354 1406 1384 dicam
1429 1356 1507 1393 signi
1528 1354 1600 1394 quid
1621 1355 1668 1383 sit.

223 1401 389 1432 Claxendix
412 1410 428 1428 a
448 1400 563 1428 Graeco
585 1399 707 1440 κλᾷξαι,
731 1398 762 1427 id
787 1403 831 1427 est
852 1401 961 1429 κλεῖσαι
984 1398 1130 1429 claudere,
1154 1398 1240 1427 Duc.
1283 1396 1465 1433 Clacendiae,
1498 1397 1668 1426 Calcendix.
1715 1395 1819 1426 Goth.

390 1441 535 1472 Calon.
579 1443 636 1471 Per
665 1441 810 1480 ampullas
841 1441 994 1480 plumbeas
1023 1451 1084 1469 non
1110 1440 1198 1469 video
1223 1440 1293 1478 quid
1316 1440 1462 1478 intelligat
1484 1440 1602 1477 Festus,
1640 1439 1698 1468 nisi
1720 1439 1866 1478 significet
1888 1440 2033 1479 ampullas
2054 1440 2174 1478 lividas,

224 1498 300 1528 quae
321 1487 374 1516 sub
397 1485 523 1524 pedibus
546 1489 719 1513 nascuntur.
743 1483 831 1513 Dac.
875 1484 950 1512 Vide
976 1484 1122 1512 Cancri.
1172 1481 1274 1511 Goth.

390 1526 561 1557 Calbeos.
606 1527 764 1555 Suetonius
789 1526 895 1565 (Galba
912 1528 956 1564 3.)
980 1531 1007 1555 et
1029 1526 1164 1554 historici
1189 1523 1325 1556 Galbeos.
1371 1525 1569 1553 Glossarium:
1607 1523 1717 1554 Galbae
1739 1522 1885 1563 κόσμια.
1915 1523 2016 1554 Scal.
2061 1524 2176 1554 Salma-

225 1573 285 1602 sius
309 1571 423 1600 monuit
447 1580 510 1599 esse
533 1581 549 1599 a
572 1567 704 1610 κὰρπος,
727 1570 866 1598 iunctura
890 1579 1002 1597 manus.
1040 1569 1113 1596 Nam
1136 1573 1249 1596 veteres
1272 1565 1401 1607 κάρπιον
1426 1567 1580 1603 dicebant,
1604 1567 1746 1605 quicquid
1768 1567 1799 1595 in
1821 1567 1945 1595 modum
1967 1566 2098 1596 armillae
2120 1580 2178 1608 χει-

226 1614 278 1655 ρὸς
299 1612 418 1655 utinam!
439 1613 596 1642 vinciebat.
641 1612 786 1650 Carpion,
824 1612 958 1650 calpion,
996 1611 1129 1647 calbion,
1163 1611 1311 1646 calbeum,
1342 1609 1494 1648 gelbaum,
1527 1610 1606 1648 quod
1630 1611 1717 1638 etiam
1742 1609 1844 1638 Festus
1867 1610 1989 1648 exponit
2011 1611 2178 1640 ornamenti

227 1669 325 1695 genus.
361 1657 397 1685 Et
421 1656 558 1684 Glossae:
586 1654 697 1684 Galbae
719 1651 864 1692 κόσμια.
898 1656 986 1691 Lege:
1013 1652 1122 1682 Calbei.
1155 1652 1307 1681 Placidus:
1333 1652 1448 1689 calvam,
1473 1659 1659 1689 ornamenta,
1683 1652 1734 1680 ubi
1758 1653 1844 1680 etiam
1867 1651 2091 1681 rescribendum
2114 1651 2180 1683 cal-

229 1700 289 1737 bei,
311 1700 368 1728 nisi
390 1699 475 1728 malis
499 1697 618 1734 calbea,
641 1697 778 1736 quamvis
801 1696 856 1726 1100
879 1696 1010 1725 calbeum
1035 1696 1145 1724 dixisse
1170 1700 1282 1724 veteres
1306 1695 1375 1723 satis
1398 1706 1456 1723 11011
1481 1700 1611 1732 constat,
1641 1695 1693 1724 sed
1715 1694 1763 1724 hic
1786 1693 1913 1724 calheus.
1958 1695 2030 1723 Cato
2051 1695 2084 1724 in
2107 1695 2179 1725 Ori-

230 1743 330 1780 31117.
356 1742 485 1770 Galbeos
507 1742 617 1776 1111005,
649 1740 755 1778 pelles,
786 1740 970 1768 redimicula.
993 1739 1081 1769 Dac.
1127 1739 1202 1766 Vide
1228 1736 1380 1768 Galheum.
1427 1737 1532 1766 Goth.

394 1782 520 1813 Calix.
564 1784 590 1812 A
610 1784 726 1811 Graeco
748 1780 870 1818 κάλπις,
895 1782 976 1820 quod
998 1792 1103 1810 umam
1127 1781 1287 1819 significat,
1308 1781 1356 1809 vel
1380 1791 1395 1808 a
1418 1781 1504 1809 caldo
1527 1779 1586 1808 hoc
1608 1784 1654 1808 est
1677 1780 1791 1816 calido,
1815 1779 1896 1819 quod
1919 1783 1949 1808 et
1971 1779 2059 1808 sentit
2077 1779 2176 1810 Varro

232 1826 281 1855 lib.
293 1826 341 1855 IV.
367 1827 402 1854 de
424 1827 455 1854 L.
478 1827 509 1855 L.
533 1826 591 1866 (V,
615 1837 643 1864 p.
659 1828 728 1857 130.
753 1826 832 1863 Sp.).
870 1823 962 1853 Caliae
985 1836 1003 1852 α
1027 1823 1132 1860 caldo,
1157 1822 1237 1863 quod
1259 1824 1288 1854 in
1312 1834 1343 1852 eo
1368 1822 1457 1852 calda
1477 1822 1546 1862 puls
1568 1822 1768 1862 apponebatur
1789 1829 1815 1850 et
1838 1823 1868 1851 in
1890 1833 1922 1850 eo
1946 1820 2077 1851 calidum
2101 1822 2181 1852 bibe-

236 1867 312 1896 bant.
349 1869 407 1900 Sed
430 1869 518 1907 magis
540 1869 652 1908 placet,
676 1868 699 1896 si
723 1879 738 1896 a
763 1868 878 1896 Graeco
901 1865 994 1904 κύλιξ.
1018 1867 1072 1895 Da
1084 1879 1106 1896 c.
1152 1864 1238 1904 Quod
1261 1867 1292 1894 in
1315 1877 1346 1894 eo
1370 1864 1490 1894 caldum
1515 1865 1639 1894 bibatur.
1671 1865 1728 1893 Hic
1750 1865 1832 1893 locus
1854 1869 2028 1903 argumento
2051 1869 2109 1903 est,
2131 1875 2182 1894 ve-

236 1913 310 1937 teres
334 1911 454 1938 calidam
478 1912 601 1948 bibisse3
626 1911 661 1939 de
686 1921 745 1949 quo
769 1910 864 1938 dicam
887 1910 924 1937 ad
946 1910 1028 1941 l.18.
1049 1909 1159 1947 §.3.ff.
1183 1908 1218 1937 de
1241 1909 1398 1937 instructo.
1426 1907 1528 1937 Goth.
1567 1906 1693 1937 Caldam
1715 1908 1765 1936 alii
1788 1906 1923 1944 caldam,
1948 1912 1981 1936 ut
2002 1917 2109 1946 aquam
2130 1908 2181 1937 in-

236 1951 348 1988 telligas
371 1957 398 1981 et
422 1954 524 1989 glossis
548 1954 637 1982 Calda
660 1950 784 1992 θερμόν.
828 1951 937 1981 Idem.

400 1994 592 2034 Calpurni.
638 1996 774 2025 Lucanus
796 1996 827 2024 in
852 1994 1033 2033 Panegyrico
1057 1994 1093 2022 ad
1117 1993 1252 2022 Pisonem
1277 1990 1318 2033 (v.
1332 1997 1361 2024 2.
1377 1993 1491 2031 seqq.):

1124 2035 1208 2065 Hinc
1231 2044 1297 2072 fua,
1327 2035 1405 2070 Piso,

810 2078 962 2108 Nobilitas
984 2080 1141 2118 veterisque
1163 2080 1255 2107 citant
1277 2077 1416 2107 sublimia
1442 2075 1529 2116 Calpi

811 2121 962 2157 Nomina,
997 2120 1153 2150 Romanas
1175 2119 1417 2162 interfltlgentia
1437 2127 1543 2159 gemes.

244 2158 341 2190 Scal.
376 2160 401 2187 A
425 2158 516 2196 Calpo
540 2160 650 2189 Numae
672 2162 732 2190 filio
757 2163 897 2201 originem
921 2164 1041 2192 duxisse
1064 2164 1167 2192 scribit
1190 2163 1277 2192 etiam
1301 2162 1443 2191 Plutarch
1466 2163 1497 2190 in
1520 2162 1613 2191 Numa
1637 2160 1677 2202 (c.
1691 2160 1757 2201 21.)
1780 2162 1874 2190 Vetus
1896 2161 2013 2190 Horatii
2035 2161 2182 2202 interpres

243 2202 295 2242 (ad
317 2202 380 2231 Art.
404 2201 434 2229 P·
456 2210 484 2228 V·
499 2202 586 2239 292.)
612 2203 720 2232 Numae
743 2205 834 2234 filium
862 2205 988 2246 Calpur,
1020 2217 1079 2235 non
1105 2205 1215 2246 Calpas
1237 2211 1335 2234 vocat.
1379 2205 1469 2234 Dae.

411 2241 544 2272 Galim.
587 2243 659 2272 Inde
682 2246 774 2275 secere
798 2249 893 2277 Latini
916 2248 1010 2285 clam,
1041 2260 1102 2277 11011
1125 2260 1140 2276 3
1163 2248 1311 2283 clavibus,
1340 2252 1374 2276 ut
1395 2248 1472 2276 infra
1494 2248 1605 2276 Festus.
1631 2246 1723 2276 Dac.
1762 2246 1838 2275 Vide
1863 2244 1957 2275 Clam.
1986 2244 2088 2275 Goth.
2125 2242 2183 2275 Nis

246 2287 369 2315 sortasse
392 2297 407 2314 a
432 2286 544 2314 Graeco
567 2288 652 2315 νῶϊν.
675 2286 760 2318 Dae.
800 2290 871 2319 Sam
895 2302 910 2319 a
934 2292 1040 2320 Dorico
1065 2290 1102 2321 ἕέιι
1124 2302 1180 2330 pro
1201 2289 1250 2329 ἢν.
1288 2290 1361 2319 Vide
1385 2290 1450 2319 Sos.
1474 2289 1584 2318 Idem.
1626 2288 1671 2317 Im
1694 2300 1709 2318 3
1735 2290 1848 2318 Graeco
1870 2289 1928 2319 νίν.
1957 2286 2067 2317 Idem.
2106 2285 2182 2314 Vide

247 2327 301 2359 Im.
335 2327 437 2357 Goth.
485 2327 579 2357 Calim
609 2326 688 2356 haud
718 2330 806 2359 dubie
829 2334 1023 2369 originatione
1046 2345 1097 2362 sua
1122 2334 1314 2362 coniunctum
1339 2338 1383 2362 est
1405 2343 1473 2361 cum
1497 2343 1546 2362 vv.
1571 2331 1684 2372 caligO‚
1725 2331 1833 2369 celare,
1874 2329 2049 2360 Germanico
2071 2326 2183 2364 behlen,

248 2369 362 2407 hiillen,
385 2371 535 2399 Sanscrito
558 2369 618 2399 hul.
642 2371 685 2398 Cf.
707 2371 841 2401 Doederl.
865 2376 1004 2412 Syn.111,
1029 2379 1274 2414 pag.166.seqq‚

415 2412 601 2443 Calicem.
645 2412 765 2442 Veteres
788 2414 926 2446 dicebaut
948 2416 1096 2454 calecam,
1130 2423 1163 2447 ut
1186 2419 1294 2456 legitur
1315 2417 1405 2447 hodie
1426 2418 1457 2446 in
1478 2417 1579 2446 tabula
1601 2415 1801 2445 vetustissima
1828 2415 1934 2451 Aletri,
1962 2421 2049 2452 quam
2071 2410 2183 2441 deseri-
