2263 2668
432 157 495 191 DE
524 156 797 192 VERBORUM
823 154 1210 191 SIGNIFICATIONE
1236 155 1549 193 FRAGMENTA.
1803 158 1880 192 215

359 252 515 298 appellat
548 264 566 284 a
601 263 668 296 quo
730 274 1291 284 ..........
1343 251 1400 284 lus.
1460 250 1730 286 Procincta³
1764 253 1877 286 clas-

104 305 169 338 sis
195 303 382 338 dicebatur
414 304 586 337 exercitus
621 304 673 336 ad
698 303 864 347 proelium
898 303 1091 342 instructus»,
1127 306 1158 334 et
1184 305 1349 345 paratus:
1382 314 1482 347 quem
1512 304 1614 337 Diali
1644 304 1799 337 Flamini
1826 305 1877 338 vi·

105 356 186 389 (lere
213 367 279 390 non
305 356 402 389 licet:
441 355 569 400 antiqui
596 355 685 388 enim
716 355 936 400 procinctum
962 353 1107 386 militem
1133 352 1301 393 dixerunt,
1336 359 1371 386 ut
1393 366 1479 388 nunc
1505 367 1642 399 quoque
1670 366 1747 388 cum
1775 366 1876 389 exer-

104 408 192 441 eitus
217 408 401 441 instructus
429 412 487 441 est.
512 407 685 451 procincta
713 412 824 439 autem
851 406 947 446 ideo,
975 404 1068 449 quod
1094 404 1189 449 togis
1215 404 1353 438 incincti
1379 406 1423 438 ad
1443 418 1591 451 pugnam
1619 408 1666 440 ire
1684 406 1772 440 soliti
1787 406 1876 452 sue-

103 459 183 493 rint.
241 459 343 492 Unde
370 462 401 492 et
437 462 641 492 testamenta
669 458 700 490 in
728 458 901 503 procinctu
937 456 1008 489 fieri
1039 455 1158 496 dicta,
1201 455 1293 499 quod
1323 455 1469 502 faciunt
1502 459 1552 491 ad
1581 469 1748 504 pugnam
1783 459 1875 492 ituri.

103 511 240 544 Prosi
249 511 431 543 murium
447 508 467 530 4
491 521 560 543 esse
588 510 632 542 ait
649 509 805 542 Antistius
832 509 865 542 in
894 507 1142 542 commentario
1168 507 1254 540 iuris
1274 507 1483 554 pontificalis
1509 510 1738 554 pomoerium,
1764 509 1799 542 id
1828 516 1875 544 est

102 562 215 595 locum
249 562 454 607 proximum
487 571 595 594 muro.
659 560 755 594 Cato.
790 560 869 593 olim
898 559 1032 603 quidem
1067 569 1184 592 omnes
1213 559 1490 604 auspicabantur
1522 565 1624 594 extra
1655 561 1872 603 Aventinum,

102 625 189 647 nunc
217 615 313 646 etiam
342 613 424 645 intra
451 611 624 657 aedificia.
649 612 781 645 dictum
809 615 926 645 autem
948 611 1168 657 pomoerium
1195 611 1286 653 quasi
1314 612 1550 655 promoerium.
1579 613 1663 646 solet
1690 616 1803 645 autem
1829 613 1872 646 iis

97 665 315 710 potissimum
345 664 429 697 dari
462 665 546 697 rus*
582 664 746 709 pomoerii
774 663 989 708 proferendi,
1030 663 1089 707 qui
1122 661 1296 707 Populum
1325 663 1525 696 Romanum
1546 660 1567 712 Η
1592 675 1685 709 agro
1712 664 1758 697 de
1786 662 1868 710 [59]

99 715 254 749 hostibus
281 720 386 760 capto
413 719 595 748 auxerunt.
648 716 934 761 Antiquissimum
960 714 1103 747 Romuli
1117 714 1336 759 pomoerium
1364 714 1522 748 Palatini
1542 716 1664 749 montis
1689 714 1872 750 radicibus

99 767 366 801 terminabatur.
415 767 564 812 protulit
600 767 638 799 id
667 766 743 801 Ser.
781 767 912 800 Tullius
945 777 1019 800 rex.
1047 766 1124 799 item
1154 765 1192 799 L.
1225 765 1406 799 Cornelius
1433 766 1536 800 Sulla
1564 767 1727 800 Dictator
1753 767 1872 800 imita«

98 823 170 861 tas,
199 823 234 852 ut
262 819 418 858 videtur,
459 818 610 852 Tullium
644 829 784 863 regem,
813 817 982 864 proferre
1011 817 1210 863 temptavit.-
1254 818 1312 851 sed
1346 818 1565 863 pomoerium
1592 830 1668 851 eum
1696 819 1791 851 locus
1815 818 1870 859 sit,

98 871 157 916 qui
183 870 302 917 finem
332 870 459 903 urbani
494 870 642 916 auspicii
666 869 786 916 faciat
812 871 905 903 intra
940 880 1073 915 agrum
1107 867 1255 916 effatum
1289 870 1392 903 certis
1426 869 1628 915 regionibus
1654 870 1868 910 terminatus,

98 922 142 955 ad
169 922 353 967 captanda
380 922 555 967 auspicia,
583 933 684 966 quem
701 922 806 955 liceat
827 920 1013 967 proferre,
1041 932 1138 954 nemo
1164 924 1280 953 tamen
1297 921 1523 962 Aventinum,
1551 932 1628 955 cum
1649 921 1869 967 pomoerium

91 974 260 1019 protulit,
289 974 383 1007 intra
411 974 548 1006 moenia
574 973 720 1006 inclusit.
750 973 847 1006 euius
872 973 924 1006 rei
945 984 1054 1006 causa
1085 972 1149 1006 illa
1176 971 1371 1017 probatur,
1399 973 1493 1017 quod
1521 973 1647 1006 Remus
1674 973 1707 1005 in
1735 984 1773 1005 eo
1801 984 1867 1005 au-

95 1026 301 1071 spicaverit,
330 1036 480 1070 avesque
506 1025 629 1057 irritas
655 1024 836 1057 habuerit:
863 1024 896 1058 in
911 1024 1063 1069 sequenti
1090 1027 1207 1057 autem
1234 1028 1353 1057 aetate
1374 1024 1543 1058 inclusum
1559 1024 1665 1057 aiunt.
1718 1023 1866 1057 Pomoe-

95 1077 187 1110 rium
213 1077 238 1110 si
266 1080 392 1111 tactum
416 1088 439 1109 a
457 1076 612 1122 privatis
627 1075 778 1121 fuisset,
800 1087 919 1121 poena
935 1079 1068 1109 statuta
1096 1079 1179 1109 erat<
1236 1076 1441 1110 Pontifieale
1461 1076 1681 1121 pomoerium
1704 1075 1866 1120 appella-

95 1128 180 1161 bant
207 1129 321 1162 locum
346 1128 461 1169 illum,
489 1138 675 1173 agrumque
698 1138 790 1172 pone
816 1139 970 1168 murum,
998 1128 1032 1161 in
1053 1138 1119 1172 quo
1146 1126 1337 1174 Pontifices
1353 1138 1414 1161 sua
1438 1127 1677 1161 constituerent
1696 1126 1866 1171 auspicia.

95 1191 174 1213 cum
198 1184 316 1213 autem
339 1180 558 1225 pomoerium
579 1178 814 1224 proferretur,
841 1185 911 1211 tum
941 1179 1108 1224 Augures
1135 1178 1297 1224 publicos
1330 1179 1371 1212 P.
1399 1179 1445 1215 R.
1473 1179 1562 1212 haec
1589 1177 1698 1212 verba
1719 1177 1866 1223 praeire

93 1232 222 1264 solitos:
254 1231 300 1264 Di
314 1232 481 1264 tutelares
501 1230 597 1264 urbis
618 1231 837 1275 pomoerium
864 1231 930 1264 hoc
957 1241 999 1264 ne
1016 1231 1122 1264 minus
1145 1231 1290 1265 maiusve
1306 1230 1460 1276 faxitis:
1485 1230 1550 1264 sed
1573 1230 1615 1264 iis
1645 1228 1768 1275 quibus
1794 1232 1864 1261 ter-

92 1284 262 1316 minatum
289 1286 338 1316 est
364 1283 580 1327 regionibuS‚
609 1281 775 1316 effereatis
789 1280 815 1316 5.
842 1282 976 1315 dictum
1004 1285 1123 1316 autem
1136 1282 1276 1316 videtur
1296 1283 1534 1328 pomoerium,
1557 1281 1657 1316 veluti
1675 1286 1752 1326 post
1769 1291 1864 1313 moe-

92 1346 150 1367 ros
175 1335 215 1367 id
242 1338 307 1375 est,
336 1334 431 1379 quod
454 1337 541 1367 esset
567 1337 662 1367 retro
684 1337 717 1367 et
736 1334 823 1366 intro
850 1345 962 1367 muros
988 1334 1084 1368 urbis.
1136 1334 1396 1380 Promptum
1416 1345 1482 1380 pro
1510 1345 1549 1368 eo
1570 1333 1663 1379 quod
1690 1333 1765 1378 quis
1781 1342 1864 1366 uere

85 1386 233 1432 paravit
259 1397 337 1426 suo,
363 1385 469 1418 videri
496 1385 541 1418 ait
562 1385 714 1430 positam
766 1410 1084 1420 ......
1136 1385 1179 1419 de
1206 1386 1296 1419 cuius
1323 1398 1400 1419 aere
1426 1391 1495 1419 tute
1547 1408 1861 1418 ......

85 1441 286 1483 promptum
313 1437 456 1470 triticum
489 1437 522 1469 in
549 1437 797 1471 commentario
825 1441 883 1470 tuo
910 1437 1068 1471 retulisti.
1096 1441 1133 1470 at
1167 1438 1306 1481 quidam
1338 1437 1508 1482 prolatum
1545 1436 1740 1481 significare
1767 1435 1862 1467 aiunt

89 1490 184 1523 idem
210 1489 304 1534 quod
318 1494 530 1534 promptum.
557 1489 616 1522 sed
644 1488 848 1533 proprium*
884 1490 930 1522 ait
956 1489 994 1522 id
1021 1488 1093 1522 dici
1116 1493 1336 1535 promptum,
1371 1489 1466 1534 quod
1493 1489 1528 1521 in
1552 1487 1711 1534 futurum
1739 1486 1862 1518 factum

89 1541 142 1579 siu
176 1541 230 1576 eui
253 1539 507 1586 significationi
533 1551 649 1585 penus
676 1540 893 1573 contrarium
919 1546 985 1582 est,
1024 1552 1102 1575 eum
1124 1541 1318 1585 praesertim
1345 1540 1435 1574 aliud
1461 1551 1589 1585 penus,
1617 1538 1718 1572 aliud
1741 1548 1861 1583 prom-

82 1592 265 1637 ptuarium
298 1591 532 1636 pantoleium*
560 1591 768 1636 appelletur,
794 1595 831 1625 ut
863 1595 913 1625 est
942 1592 1041 1637 apud
1068 1592 1239 1627 Plautum
1271 1593 1305 1625 in
1338 1591 1513 1625 Trinumo.
1568 1591 1738 1624 Potitus
1766 1599 1857 1621 ser-

88 1644 223 1676 vitute
249 1642 295 1675 ab
315 1643 467 1687 antiquis
492 1642 695 1684 dicebatur,
721 1642 779 1686 qui
806 1649 841 1676 ut
867 1644 913 1676 ait
940 1643 1078 1685 Labeo,
1112 1644 1300 1678 servitutem
1327 1644 1452 1685 servit,
1487 1642 1577 1676 tales
1600 1640 1856 1675 eonsuetudines

87 1695 239 1740 proxime
265 1693 387 1728 Graeci
414 1695 538 1727 noris*
564 1698 651 1729 sunt.
678 1694 802 1727 eodem
827 1694 931 1728 modo
958 1695 1131 1729 dicebatur
1158 1696 1200 1729 ab
1235 1695 1375 1738 antiquis
1401 1694 1535 1740 potitus
1560 1693 1720 1726 hostium.
1773 1690 1858 1724 Pe—

86 1743 195 1779 nus⁶
221 1750 359 1778 vocatur
374 1745 467 1778 locus
494 1745 626 1778 intimus
652 1746 686 1778 iu
712 1741 787 1794 ael}
805 1745 848 1779 de
864 1746 985 1780 Vestae
1011 1746 1180 1791 segetibus
1207 1747 1337 1791 saepius
1349 1747 1376 1788 *‚
1404 1745 1495 1789 quod
1521 1744 1616 1777 certis
1636 1743 1753 1776 diebus
1779 1741 1855 1788 [60]

86 1797 174 1832 circa
202 1797 348 1830 Vestalia
376 1797 531 1841 aperitur.
558 1797 581 1830 ii
605 1796 677 1830 dies
703 1797 853 1842 religiosi
879 1797 1055 1832 habentur.
1109 1798 1260 1832 Planta
1295 1797 1518 1841 oliaginea
1545 1801 1594 1828 est
1620 1795 1714 1840 virga
1739 1794 1857 1826 foliata

86 1860 125 1882 ex
153 1848 226 1881 olea
253 1847 456 1892 deplantata.
510 1849 712 1882 Pomonal
739 1854 788 1882 est
815 1849 848 1881 in
870 1861 953 1894 agro
981 1849 1141 1891 Solonio,
1176 1850 1229 1882 via
1256 1848 1399 1883 Ostiensi
1431 1847 1475 1881 ad
1502 1846 1740 1881 duodecimum
1767 1844 1856 1890 lapi—

84 1901 162 1933 dem
189 1899 458 1933 deverticulum*
484 1913 504 1934 a
530 1901 671 1934 miliario
695 1905 827 1934 octavo.
879 1901 989 1934 Pubes
1011 1907 1044 1933 et
1061 1902 1094 1920 **
1116 1901 1173 1944 qui
1199 1901 1322 1945 pubem
1349 1910 1511 1944 generare
1533 1903 1662 1943 potest;
1688 1897 1774 1940 1ιίεῆ-
1801 1897 1853 1930 in-

84 1952 166 1996 cipit
192 1962 262 1983 esse
288 1962 307 1983 a
332 1952 585 1995 quatuordecim
621 1952 730 1991 annis3
768 1952 892 1985 femina
920 1964 939 1986 a
966 1952 1145 1987 duodecim
1173 1952 1233 1984 viri
1266 1957 1402 1995 potens,
1446 1951 1513 1984 sive
1539 1951 1683 1994 patiens,
1716 1953 1751 1981 ut
1777 1947 1851 1990 qui-

83 2003 161 2036 dam
189 2007 317 2047 putant.
369 2003 629 2037 Prandicula
665 2003 789 2047 antiqui
823 2003 997 2044 dicebant,
1037 2015 1124 2047 quae
1155 2014 1241 2037 nunc
1274 2002 1447 2036 ientacula.
1502 2001 1752 2046 Prodiguae
1785 1998 1851 2031 ho—

81 2055 160 2088 stiae
181 2059 358 2094 vocantur‚
385 2059 420 2086 ut
446 2055 490 2088 ait
517 2054 694 2094 Veranius,
721 2066 809 2097 quae
835 2060 1087 2096 consumuntur,
1116 2054 1204 2088 unde
1230 2053 1385 2088 homines
1405 2064 1541 2097 quoque
1568 2051 1740 2095 luxuriosi,
1766 2060 1848 2095 pro—

80 2106 163 2151 digi.
215 2105 422 2139 Petronia
448 2106 551 2141 amnis
576 2111 626 2140 est
650 2106 683 2138 in
710 2106 862 2140 Tiberim
888 2106 1075 2151 perfluens,
1102 2117 1202 2149 quam
1236 2106 1446 2151 magistratus
1473 2105 1642 2149 auspicato
1672 2106 1849 2140 transeunt,

78 2223 223 2252 moerium
245 2227 380 2261 recepto,
419 2221 488 2251 vide
520 2221 654 2251 Tacitum
685 2221 734 2251 lib.
757 2224 788 2253 2.
818 2222 854 2251 de
877 2223 943 2252 Ser·
985 2223 1099 2253 urbana
1120 2222 1276 2252 finiuntur.
1302 2240 1335 2244 —
1364 2224 1390 2258 5)
1417 2222 1586 2263 Effereatis.
1609 2220 1650 2250 sic
1673 2220 1761 2249 etiam
1775 2218 1848 2248 Ven.

77 2266 128 2294 vio
164 2275 251 2304 rege,
294 2270 323 2294 et
361 2265 426 2293 aliia
467 2265 519 2304 qui
557 2264 743 2303 pomoerium
781 2270 943 2304 auxerunt,
984 2266 1031 2297 Sc.
1053 2283 1094 2288 --
1127 2263 1158 2306 6)
1181 2264 1303 2304 Panae]
1334 2265 1368 2295 In
1391 2276 1442 2296 ora
1465 2265 1592 2304 paginae·
1615 2261 1846 2298 emendavimus,

76 2307 223 2338 videndus
246 2308 347 2336 Livius
368 2307 419 2336 lib.
438 2310 465 2339 1.
495 2312 523 2336 et
551 2307 731 2337 Aurelianus
751 2306 781 2334 in
803 2307 941 2346 Vopiaco.
984 2308 1128 2347 tegetibus
1156 2313 1288 2347 saeptus.
1314 2312 1344 2337 et
1365 2308 1408 2338 ita
1429 2307 1598 2346 legendum,
1631 2304 1731 2335 Ovidii
1755 2313 1846 2334 versu

76 2349 170 2380 Varro
193 2351 242 2380 lib.
258 2354 287 2382 4.
313 2351 349 2378 do
372 2351 485 2388 Lingua
501 2350 564 2380 Lat.
598 2350 689 2386 Quod
709 2354 772 2379 em
793 2354 862 2389 post
877 2360 941 2380 mu·
983 2351 1139 2381 lectionem
1171 2350 1362 2381 confirmante
1391 2351 1422 2381 in
1451 2350 1502 2379 lib.
1525 2352 1554 2383 4.
1598 2349 1764 2378 Fastorum.
1809 2346 1846 2375 Et

76 2402 157 2431 rum,
179 2393 361 2434 pomoerium
378 2393 508 2430 dictum,
532 2393 657 2432 eiusque
672 2392 787 2422 ambitu
808 2392 940 2432 auspicia
983 2394 1081 2433 paries
1101 2394 1181 2424 leuto
1202 2393 1311 2424 vimine
1333 2398 1436 2425 textus
1455 2397 1538 2432 erat,
1568 2393 1606 2423 de
1634 2391 1707 2422 aede
1736 2393 1846 2419 vestae.

1915 665 1922 673 ’
1931 664 1948 691 f.
1967 664 2005 689 ius

1874 1482 1881 1491 ’
1890 1481 1910 1506 f.
1929 1479 2034 1514 proprie

1889 1593 1896 1602 ⁶
1905 1592 1923 1617 s.
1942 1592 2015 1625 panis

1883 1626 1941 1652 olei.
1961 1625 2012 1650 vini

1885 1691 1893 1699 ’
1901 1690 1918 1715 s.
1937 1690 2014 1715 moris

1868 1741 1896 1766 's.
1903 1739 2030 1774 tegetibus

1890 1778 2003 1809 saeptus,

1875 1891 1887 1905 ¹⁸
1896 1891 1913 1917 s.
1924 1891 2008 1915 diver-

1904 1924 1981 1950 ticulo

1871 1960 1892 1971 '⁸
1899 1958 1918 1984 s.
1934 1958 2008 1985 etiam

1894 1994 1911 2026 †
1921 1994 1939 2019 s.
1957 1994 1981 2019 is
