2263 2668
169 194 171 196 .
193 173 267 208 316
619 164 963 203 COMMENTARII
988 164 1038 198 IN
1063 164 1209 199 PAULI
1233 164 1430 201 DIACONI
1456 166 1711 201 EXCERPTA

725 277 761 282 —-
785 275 826 281 --
850 256 956 297 Qualis
978 258 1109 287 coniecta
1131 268 1213 288 cerua
1236 259 1354 297 sagitta,

724 301 820 340 Quam
842 299 950 341 procul
969 301 1116 329 incautam
1141 312 1257 330 nemora
1281 302 1354 329 inter
1379 299 1491 330 Cressia
1508 301 1583 341 fixit

723 345 831 374 Pastor
853 354 940 383 agens
963 341 1045 380 telis,
1067 341 1209 384 liquitque
1230 341 1349 372 volatile
1360 342 1482 385 ferrum

724 386 847 415 Nescius

192 435 246 463 Ubi
270 433 344 461 male
366 431 555 468 interpretes.
600 427 710 456 Verum
742 434 784 457 est
815 433 912 457 autem
938 426 1018 466 quod
1041 427 1082 456 ait
1108 427 1228 465 Festus,
1268 432 1416 456 amentum
1441 438 1503 456 esse
1532 427 1567 455 ab
1595 425 1691 466 ἅμμα,
1722 429 1849 467 simplici
1873 441 1918 467 m,
1949 430 2030 469 ἅμα,
2060 432 2139 461 unde

191 488 287 510 amen,
310 479 471 507 amentum,
501 471 562 500 sive
584 470 686 508 potius
715 471 882 500 immediate
906 470 941 499 ab
965 470 1086 508 antiquo
1111 481 1197 510 apo,
1231 470 1262 498 id
1286 476 1328 498 est
1351 478 1436 510 apto,
1468 471 1601 509 opimen,
1633 481 1737 507 amen,
1761 479 1915 502 amentum.
1960 473 2033 502 Nam
2057 475 2140 512 quod

189 519 265 547 infra
288 516 409 552 legitur:
433 514 502 554 quia
525 519 659 552 aptantes
681 524 714 541 ea
736 512 776 542 ad
801 521 926 542 mentum
950 512 1084 550 trahant,
1107 513 1202 541 Paulli
1224 513 1365 552 putidum
1389 517 1587 541 commentum
1613 517 1664 541 est.
1711 513 1763 542 Da
1775 525 1798 544 c.
1846 515 1959 544 Glossis
1982 524 2139 554 amentum,

189 558 271 599 ἅμμα
293 556 404 598 λόγχης.
451 554 556 584 Goth.

352 601 568 638 Attegrare.
613 598 708 626 Locus
732 597 989 635 mendosissinms,
1013 598 1063 636 qui
1086 603 1182 627 tamen
1206 608 1264 625 non
1290 603 1350 626 erat
1373 598 1485 626 nullius
1509 597 1667 635 momenti,
1692 608 1759 627 cum
1783 599 1982 637 cognitionem
2006 605 2141 629 vetusta-

189 645 224 672 tis
248 642 408 671 contineat.
453 642 525 669 Nam
550 640 621 679 quid
645 646 685 669 est
714 642 811 669 vinum
837 642 867 669 in
897 641 1052 680 sacrificiis
1082 639 1211 679 augere?
1247 641 1351 668 Nescio
1376 652 1411 669 an
1435 641 1531 669 Paulli
1555 649 1638 670 error
1660 641 1713 677 sit,
1750 642 1800 679 qui
1830 647 1957 671 mentem
1980 643 2057 671 Festi
2080 653 2140 671 non

189 690 339 714 assecutus
363 689 420 717 est,
449 684 531 712 cuius
554 684 657 722 culpae
681 684 854 712 manifestae
878 683 947 711 alibi
971 682 1219 723 deprehenditur3
1254 694 1290 711 an
1313 693 1384 711 vero
1409 684 1552 719 aliorum,
1583 693 1657 721 quos
1680 685 1829 722 posterior
1852 690 1930 713 aetas
1953 686 2036 722 tulit,
2067 685 2141 715 bar-

188 729 328 757 barorum
353 727 584 755 emendatorum.
629 726 782 764 Quicquid
807 731 862 762 est,
895 736 945 764 ego
970 726 1044 762 sci0,
1079 726 1198 754 Festum
1223 727 1263 754 ita
1287 725 1458 764 scripsisse:
1502 724 1670 765 Asltegrare
1692 734 1749 764 est,
1780 728 1847 756 vino
1879 727 2057 766 sacrificium
2080 739 2140 757 au-

187 783 253 811 ger-c
307 769 386 804 Quin
410 769 484 798 enim
509 770 549 797 ita
571 769 766 807 loquerentur
789 774 920 805 veteres,
957 769 1103 797 neminem
1126 769 1261 797 dubitare
1284 773 1367 807 puto.
1417 769 1465 796 Sic
1495 769 1619 797 Plautus
1651 768 1742 798 dixit:
1775 781 1877 809 augere
1898 769 2027 798 verbenis
2046 781 2139 800 aram.

189 814 292 851 (Mero.
318 812 368 848 IV,
393 814 420 848 1,
446 812 507 848 10-)
553 811 632 847 Quin
656 812 720 851 ipsa
744 811 825 840 notio
848 811 931 840 verbi
956 811 1041 840 fidem
1068 812 1137 839 facit
1157 811 1226 839 huie
1255 811 1307 839 rei.
1352 809 1485 850 Adteger
1513 816 1554 839 est
1579 809 1762 851 προςθιγής,
1796 812 1846 850 qui
1873 816 1969 840 tactus
1993 817 2022 840 et
2048 812 2141 840 demi-

189 860 277 883 nutus
301 858 357 883 est.
401 853 536 893 Attigere
559 854 634 882 enim
659 860 773 883 veteres
796 864 850 893 pro
875 854 1034 891 attingere3
1059 859 1087 882 nt
1115 859 1218 882 contra
1242 852 1370 893 Integer,
1401 851 1528 894 ἇθιγής,
1553 852 1686 889 ἄθικτος.
1732 854 1832 890 Quare
1856 859 1885 883 et
1908 864 1983 893 quae
2007 864 2142 893 sequun-

188 903 254 933 tur,
279 901 421 935 corrupta
446 907 521 930 esse,
546 897 570 925 si
592 907 648 925 non
673 897 770 934 alind,
798 902 876 925 certe
899 897 1064 925 obscuritas
1084 897 1160 932 loci,
1184 907 1220 924 ex
1245 907 1303 934 quo
1327 896 1443 924 nullum
1467 896 1609 925 idoneum
1633 906 1751 925 sensum
1773 898 1879 926 elicere
1901 907 2071 936 possumuS,
2098 898 2141 927 sa-

189 940 243 968 cile
269 939 442 969 convicerit.
488 939 589 978 Neque
613 940 706 967 sotum
729 939 801 968 haec
825 940 924 968 mendi
946 939 1060 967 indoles
1083 938 1163 967 hunc
1186 939 1284 967 locuni
1309 939 1460 976 foedavit,
1485 939 1536 967 sed
1560 944 1588 967 et
1612 939 1811 978 transpositio.
1856 940 2024 978 Legendum
2047 940 2140 969 euim:

188 981 349 1021 Adtegrum
372 982 446 1009 enim
470 983 564 1010 minus
581 981 709 1021 factum.
759 981 907 1021 Integrare
928 989 969 1010 est
999 983 1029 1010 in
1052 989 1191 1010 statutum
1216 980 1350 1021 redigere.
1396 982 1452 1010 Ubi
1479 987 1508 1010 et:
1531 982 1595 1020 lego
1618 983 1648 1010 in
1671 989 1791 1012 statum.
1835 983 1930 1020 Igitur
1953 982 2055 1011 vinum
2080 983 2141 1011 ad-

189 1030 301 1062 tegrum
325 1024 372 1061 fit,
396 1028 423 1051 et
444 1029 623 1062 attegratur,
657 1034 722 1052 cum
746 1025 865 1053 libatur.
910 1025 994 1053 Tunc
1019 1024 1093 1053 enini
1118 1025 1279 1060 minuitur,
1309 1030 1341 1052 ut
1370 1024 1547 1052 sacrificium
1572 1029 1723 1062 augeatur.
1769 1024 1873 1055 Scal.
1918 1025 1980 1063 Ego
2004 1025 2140 1054 mutilum

187 1068 285 1096 locum
311 1067 352 1094 sic
376 1067 575 1105 supplendum
599 1067 718 1095 indico:
740 1066 907 1106 Adtegrare
929 1068 1042 1103 vinum,
1066 1067 1096 1095 in
1119 1067 1274 1107 sacrificiis
1296 1074 1350 1103 est,
1375 1068 1442 1096 rino
1470 1067 1649 1107 sacrficium
1673 1078 1785 1107 augere.
1831 1066 1979 1106 Integrare
2001 1069 2075 1096 enim
2099 1074 2141 1096 est

188 1109 356 1149 atltegrum‚
382 1108 438 1137 hoc
460 1117 514 1145 est,
537 1110 632 1137 minus
648 1108 790 1149 factum,
814 1111 844 1138 in
870 1117 975 1138 statum
1001 1108 1135 1148 redigere.
1183 1109 1343 1147 Adtegrare
1366 1111 1468 1138 vinum
1492 1110 1522 1138 in
1547 1109 1715 1147 sacrificiis,
1745 1110 1857 1149 inquit,
1889 1114 1932 1139 est
1956 1110 2057 1138 vinum
2081 1110 2141 1138 mi-

189 1162 293 1188 nuere,
316 1151 427 1187 libare,
451 1157 483 1179 ut
507 1162 540 1180 eo
564 1152 746 1180 sacrificium
770 1152 901 1188 adoleat,
926 1157 1089 1189 augeatur,
1114 1152 1193 1190 quod
1219 1151 1401 1180 contrarium
1429 1158 1471 1181 est
1494 1152 1587 1181 verbo
1610 1153 1772 1192 integrare,
1800 1152 1882 1191 quod
1912 1152 2072 1190 significat,
2095 1159 2140 1181 at-

188 1202 306 1234 tegrum.
330 1194 536 1229 imminutum,
561 1194 713 1222 adtactum
734 1199 918 1231 restaurare,
940 1195 971 1222 in
995 1199 1103 1223 statum
1127 1194 1270 1232 redigere.
1315 1195 1372 1222 Da
1386 1206 1410 1224 c.

349 1236 552 1265 Attritum.
600 1238 620 1264 Λ
644 1244 723 1271 tero.
763 1236 882 1273 aduro,
923 1237 1003 1275 quod
1026 1248 1041 1265 a
1065 1238 1172 1276 τρίβω,
1206 1237 1283 1265 unde
1315 1238 1445 1276 τρίβων,
1468 1234 1646 1276 τριβώνιον,
1677 1238 1768 1266 vestis
1791 1238 1877 1275 trita,
1900 1238 2006 1266 lacera.
2050 1236 2139 1267 Dae.

187 1276 417 1318 τριβώνιον.
464 1279 519 1307 Alii
542 1280 708 1318 τρίβωνας,
733 1279 781 1308 alii
805 1277 966 1319 τριβόιιιον.
1012 1281 1126 1308 Glossis
1149 1278 1327 1318 τριβώνιον,
1352 1280 1460 1308 velum.
1507 1278 1614 1308 Goth.

351 1321 565 1351 Atre-stata.
609 1322 755 1360 Fulgura,
786 1332 876 1361 quae,
906 1322 983 1360 qnod
1009 1323 1107 1361 priora
1131 1322 1366 1361 portendebant,
1395 1322 1427 1350 id
1452 1322 1666 1359 significatione
1689 1333 1742 1350 sua
1771 1322 1985 1361 comprobant,
2022 1332 2141 1350 renova-

188 1364 246 1391 tiva
271 1363 356 1391 etiam
382 1364 477 1400 dicta;
515 1369 543 1392 et
566 1365 714 1393 contraria
738 1370 805 1393 sunt
828 1362 1070 1404 peremptalibus‚
1114 1375 1188 1403 quae
1213 1365 1366 1403 superiora
1389 1365 1512 1399 tollunt,
1544 1365 1704 1403 perimunt.
1748 1365 1823 1393 Vide
1846 1375 1899 1393 suo
1923 1364 2002 1393 loco.
2045 1363 2139 1392 Dac.

188 1404 316 1444 Fulgura
338 1413 474 1434 atteetata
497 1412 565 1435 sunt
590 1407 737 1435 contraria
758 1406 991 1446 peremptalibus.
1034 1407 1108 1436 Vide
1131 1407 1160 1434 in
1187 1406 1390 1445 Per-cmptalia.
1437 1405 1539 1435 Scal.

350 1447 624 1478 Attibernalz‘s
671 1448 895 1478 Admbernalis.
940 1449 1070 1478 Isidorus
1093 1449 1183 1478 habet
1206 1448 1400 1479 oniba-natis.
1446 1449 1646 1477 Glossarium:
1668 1447 1906 1478 atturuberrtalis.
1935 1448 1967 1477 L.
1990 1448 2029 1478 Μ.
2051 1446 2140 1477 aclta-

189 1488 322 1518 hernalis.
371 1490 447 1519 Urs.
492 1492 567 1519 Male
600 1492 630 1519 in
663 1492 827 1520 Glossario:
863 1491 1126 1528 Atturubcrnalis,
1160 1493 1389 1531 zctn)],2.oyet'tmt'·
1444 1492 1566 1520 Glossae
1599 1491 1719 1520 Isidori:
1757 1489 1974 1528 Attibernalis,
2016 1491 2138 1520 vicinus.

189 1530 294 1561 Scal.
338 1531 412 1561 Vide
434 1534 464 1561 in
494 1533 622 1562 taberna.
666 1534 755 1563 Dac.
802 1533 883 1562 Adde
913 1534 989 1562 infra
1021 1533 1255 1570 contubernalis,
1290 1539 1318 1562 et
1348 1533 1550 1564 taber-nacula.
1597 1533 1706 1563 Goth.
1754 1532 1914 1570 Continue,
1943 1533 2042 1571 vulgo.
2087 1533 2140 1562 Le·

188 1574 313 1611 gendum
337 1579 410 1613 puto
434 1577 596 1604 continuus.
642 1576 702 1604 Nisi
726 1577 791 1614 quis
815 1577 896 1604 malit
920 1575 998 1604 hanc
1021 1587 1125 1604 vocem
1150 1582 1183 1604 ut
1206 1576 1385 1614 superfluam
1409 1582 1497 1614 atque
1520 1576 1643 1605 otiosam
1668 1576 1856 1614 dispungere.
1902 1574 2013 1605 Idem.

352 1616 479 1646 Attae.
526 1618 711 1647 Glossarius:
742 1619 818 1648 Atta
851 1618 869 1648 6
891 1621 951 1654 τοῖς
974 1618 1064 1648 ποσὶν
1095 1616 1260 1657 ἐρχόμενος
1282 1621 1464 1657 περιπατεῖν.
1518 1619 1562 1647 Ab
1592 1629 1627 1647 eo
1651 1618 1692 1646 ait
1715 1618 1870 1654 Quintium
1894 1623 2011 1656 poetam
2033 1616 2139 1647 Altam

191 1659 434 1695 cognominatum.
479 1660 525 1688 Ad
549 1660 630 1699 quod
653 1666 726 1700 puto
751 1661 883 1689 allusisse
907 1660 1079 1690 Horatium:
1103 1661 1190 1700 (Epp.
1213 1661 1251 1697 II,
1277 1664 1303 1697 1,
1328 1662 1390 1697 79.)

762 1702 855 1732 Recte
878 1714 965 1732 necne
987 1714 1104 1733 crocum
1120 1704 1269 1743 floresque
1288 1701 1470 1743 perambulet
1494 1703 1584 1732 Attae

771 1744 896 1774 Fabula.

193 1783 348 1822 Propterea
372 1788 448 1815 enini
471 1788 561 1815 verbo
582 1787 787 1827 perambulare
809 1788 912 1816 utitur.
958 1786 1059 1817 Scal.
1106 1788 1200 1816 Attae
1223 1787 1259 1815 ab
1282 1787 1472 1826 attingendo,
1508 1787 1604 1825 inquit
1627 1787 1742 1816 Festus.
1794 1787 1846 1815 Est
1875 1791 1971 1816 autem
1999 1786 2141 1825 attingere

192 1825 311 1863 leviter,
336 1830 417 1867 quasi
441 1830 577 1866 summis,
601 1832 648 1860 vel
672 1830 782 1869 pedum
807 1831 852 1859 vel
877 1840 1016 1858 manuum
1041 1830 1138 1868 digitis
1161 1835 1290 1868 tangere.
1334 1831 1455 1860 Terent.
1479 1829 1607 1868 Adelph.
1630 1830 1667 1867 II,
1694 1833 1720 1866 1,
1745 1828 1820 1868 (24.)

603 1874 735 1912 Tetigine
757 1873 800 1901 tui
822 1872 1009 1913 quidquam?
1032 1872 1067 1901 Si
1089 1874 1250 1911 attigisses,
1271 1871 1364 1913 ferres
1386 1872 1590 1913 infortunium.

197 1908 314 1938 Glossae
340 1912 458 1942 Isidori:
483 1914 577 1952 Atta,
601 1917 652 1955 qui
672 1917 776 1954 primis
796 1914 907 1954 plantis
930 1914 1074 1945 ambulat.
1119 1915 1176 1943 Sed
1199 1915 1305 1944 melius
1328 1920 1388 1943 atta
1412 1915 1447 1943 ab
1473 1913 1567 1956 ᾂττω,
1591 1915 1680 1952 salio,
1705 1913 1786 1953 quod
1810 1914 1859 1952 qui
1880 1912 1938 1941 hoc
1963 1913 2035 1942 vitio
2058 1913 2140 1942 labo—

195 1956 277 1985 rant,
297 1962 355 1980 non
378 1956 545 1993 ambulant,
569 1958 618 1985 sed
641 1958 757 1989 saliunt.
804 1957 892 1988 Dae.

357 1996 499 2025 Attum.
544 2000 692 2028 Graecum
716 2005 776 2030 est.
799 1998 872 2029 ἅττα
894 1998 995 2039 πάτερ.
1040 1998 1141 2030 Scal,
1187 1999 1262 2028 Vide
1286 2009 1376 2037 supra
1400 2006 1510 2027 atavus.
1559 1997 1664 2028 Goth.

359 2036 525 2076 Arlagia.
570 2043 643 2079 Lege
666 2041 814 2082 Adagio.
860 2042 953 2070 Varro
984 2042 1034 2071 lib.
1058 2042 1108 2070 VI.
1140 2043 1176 2071 de
1200 2043 1232 2071 L.
1255 2042 1284 2070 L.
1308 2041 1397 2080 (VH,
1419 2045 1445 2073 3.
1477 2052 1544 2080 pag.
1568 2044 1638 2074 319.
1662 2039 1727 2082 Sp)
1749 2039 1874 2079 ,Adagio
1892 2047 1918 2068 et
1939 2038 2035 2069 littera
2059 2050 2139 2069 com-

197 2081 310 2102 mufflfss
333 2075 439 2115 ssbssgio
464 2079 542 2109 (licta
566 2083 602 2111 ab
626 2095 676 2118 eo,
700 2083 781 2124 quod
803 2083 895 2113 ambit
922 2086 1097 2120 orationem,
1128 2097 1218 2125 neque
1240 2085 1270 2112 ia
1292 2083 1393 2124 aliqua
1425 2095 1484 2112 una
1511 2096 1539 2112 re
1562 2085 1694 2114 consistit
1715 2082 1796 2119 sola,
1827 2081 1965 2122 ambagio
1988 2081 2085 2119 dicta,
2106 2088 2138 2110 ut

197 2115 375 2164 αΜόΠ-ῑῗωζῑ»
400 2120 478 2158 711οᾶ
500 2124 607 2153 circum
629 2133 723 2154 ustum
745 2133 794 2155 est.
839 2127 915 2164 Ergo
938 2125 1047 2167 adagio
1073 2137 1128 2166 pro
1153 2126 1304 2164 ambagio,
1330 2126 1410 2164 quod
1433 2127 1471 2154 sit
1492 2137 1588 2155 sermo
1612 2125 1897 2162 circumambulans,
1921 2129 1950 2154 et
1970 2125 2070 2153 multis
2091 2133 2138 2153 re-

196 2157 251 2204 bus
269 2165 363 2206 §²⁰5⁵st
386 2164 552 2193 convenire.
594 2168 642 2195 Sic
665 2169 784 2197 Graecis
808 2169 953 2209 παροιμία
976 2181 989 2198 a
1013 2167 1093 2207 παραὶ
1117 2169 1158 2198 ad
1181 2174 1210 2198 et
1232 2167 1318 2208 οἶμος
1341 2169 1396 2197 via.
1428 2169 1628 2198 Glossarium:
1652 2168 1779 2208 adagio,
1801 2167 1954 2207 παροιμία.
1996 2166 2056 2195 Sed>
2075 2175 2138 2195 vox

197 2200 247 2249 illa
268 2211 326 2250 iani
351 2203 539 2234 obsoleverat
560 2207 652 2245 ipsius
675 2210 816 2239 Varronis
840 2217 950 2247 aetate3
980 2212 1085 2240 scribit
1115 2213 1191 2241 enim
1214 2212 1291 2240 libro
1314 2211 1362 2239 VI.
1387 2211 1452 2251 (lib.
1475 2211 1544 2249 VII,
1568 2214 1598 2244 3.
1623 2222 1690 2250 pag.
1715 2213 1788 2242 318.
1812 2208 1898 2250 Sp.):
1927 2207 2023 2249 Apud
2047 2207 2138 2238 Vale-

198 2253 272 2270 num
296 2243 459 2273 Soranum:
483 2255 589 2276 vetus
620 2250 760 2290 adagio
783 2261 853 2285 est.
876 2266 892 2283 ο
918 2253 1037 2283 Publi
1060 2254 1204 2295 Scipio.
1253 2252 1341 2292 Quod
1361 2252 1478 2282 verbum
1502 2266 1590 2295 usque
1611 2265 1643 2284 eo
1666 2254 1792 2290 evanuit,
1815 2260 1846 2281 ut
1872 2250 2014 2282 Graecum
2037 2262 2137 2290 παρ-

199 2284 326 2323 οιμία,
346 2298 401 2325 pro
423 2299 454 2316 eo
476 2291 603 2327 positum
627 2294 718 2329 magis
739 2295 775 2321 sit
798 2303 926 2333 apertum
972 2296 1062 2326 Dac.

270 2368 275 2373 -
361 2328 521 2359 Adasia.
564 2332 597 2359 In
622 2333 725 2369 glossis
748 2335 870 2366 Isidori:
893 2336 1030 2372 Αιῖσεία,
1055 2340 1116 2367 ovis
1137 2339 1233 2368 maior
1255 2345 1335 2367 natu.
1381 2337 1483 2367 ScaZ.
1528 2338 1585 2367 Sed
1609 2338 1681 2377 quid
1698 2337 1750 2366 fiet
1770 2337 1848 2366 illis:
1872 2336 1991 2365 recentis
2009 2332 2136 2373 partus?

200 2367 361 2416 Dubitabat
381 2370 570 2401 doctissimus
594 2374 732 2411 vossius,
761 2386 830 2404 num
853 2378 959 2407 adasia
984 2380 1022 2408 sit
1044 2380 1179 2418 asinaria,
1211 2386 1329 2419 praeter
1352 2386 1474 2409 aetatem
1497 2381 1602 2409 adacta
1625 2381 1661 2410 ad
1690 2384 1828 2419 partum,
1856 2378 1892 2407 ab
1914 2376 2057 2413 aclas-int,
2080 2387 2134 2415 pro

200 2410 360 2448 adegerint.
401 2415 462 2452 Ego
485 2416 585 2453 potius
609 2417 744 2446 existimo
767 2418 821 2446 ista
844 2422 962 2450 recentis
982 2429 1085 2460 partus
1106 2423 1381 2461 interpretationem
1405 2433 1467 2453 esse
1489 2423 1572 2453 vocis
1600 2421 1801 2462 πρωτότοκος,
1827 2418 2046 2460 primogenitus.
2089 2419 2133 2449 Ita
