<?xml version="1.0" encoding="UTF-8"?>
<!DOCTYPE html PUBLIC "-//W3C//DTD XHTML 1.0 Transitional//EN"
    "http://www.w3.org/TR/xhtml1/DTD/xhtml1-transitional.dtd">
<html xmlns="http://www.w3.org/1999/xhtml" xml:lang="en" lang="en">
 <head>
  <title>
</title>
<meta http-equiv="Content-Type" content="text/html;charset=utf-8" />
  <meta name='ocr-system' content='tesseract 3.04.00' />
  <meta name='ocr-capabilities' content='ocr_page ocr_carea ocr_par ocr_line ocrx_word'/>
</head>
<body>
  <div class='ocr_page' id='page_1' title='image "./corpusgrammatico01linduoft_1004.png"; bbox 0 0 2263 2668; ppageno 0'>
   <div class='ocr_carea' id='block_1_1' title="bbox 224 154 1749 198">
    <p class='ocr_par' dir='ltr' id='par_1_1' title="bbox 224 154 1749 198">
     <span class='ocr_line' id='line_1_1' title="bbox 224 154 1749 198; baseline -0.001 -7"><span class='ocrx_word' id='word_1_1' title='bbox 224 161 300 198; x_wconf 71' lang='lat'><strong>578</strong></span> <span class='ocrx_word' id='word_1_2' title='bbox 657 155 1003 191; x_wconf 81' lang='lat' dir='ltr'><strong>COMMENTARH</strong></span> <span class='ocrx_word' id='word_1_3' title='bbox 1029 155 1077 188; x_wconf 85' lang='lat' dir='ltr'><strong>IN</strong></span> <span class='ocrx_word' id='word_1_4' title='bbox 1102 154 1247 188; x_wconf 86' lang='lat' dir='ltr'>PAULI</span> <span class='ocrx_word' id='word_1_5' title='bbox 1271 155 1468 190; x_wconf 83' lang='lat' dir='ltr'><strong>mAcoNl</strong></span> <span class='ocrx_word' id='word_1_6' title='bbox 1493 156 1749 191; x_wconf 80' lang='lat' dir='ltr'><strong>EXOERPTA</strong></span> 
     </span>
    </p>
   </div>
   <div class='ocr_carea' id='block_1_2' title="bbox 220 248 2184 1181">
    <p class='ocr_par' dir='ltr' id='par_1_2' title="bbox 225 248 2182 334">
     <span class='ocr_line' id='line_1_2' title="bbox 225 248 2182 295; baseline 0.001 -11"><span class='ocrx_word' id='word_1_7' title='bbox 225 255 418 295; x_wconf 88' lang='lat' dir='ltr'><strong>peminosum.</strong></span> <span class='ocrx_word' id='word_1_8' title='bbox 446 250 551 282; x_wconf 78' lang='lat' dir='ltr'><strong>Goth.</strong></span> <span class='ocrx_word' id='word_1_9' title='bbox 590 249 756 278; x_wconf 79' lang='lat' dir='ltr'><strong>Falsissime</strong></span> <span class='ocrx_word' id='word_1_10' title='bbox 771 259 786 277; x_wconf 87' lang='lat' dir='ltr'><strong>a</strong></span> <span class='ocrx_word' id='word_1_11' title='bbox 802 249 917 278; x_wconf 84' lang='lat' dir='ltr'><strong>Graeco</strong></span> <span class='ocrx_word' id='word_1_12' title='bbox 941 249 1042 283; x_wconf 71' lang='grc' dir='ltr'><em>παῖδες</em></span> <span class='ocrx_word' id='word_1_13' title='bbox 1065 248 1181 278; x_wconf 80' lang='lat' dir='ltr'><strong>derivat</strong></span> <span class='ocrx_word' id='word_1_14' title='bbox 1197 248 1310 278; x_wconf 79' lang='lat' dir='ltr'><strong>Festus.</strong></span> <span class='ocrx_word' id='word_1_15' title='bbox 1344 248 1491 278; x_wconf 77' lang='lat' dir='ltr'><strong>Cohaeret</strong></span> <span class='ocrx_word' id='word_1_16' title='bbox 1513 248 1617 289; x_wconf 87' lang='lat' dir='ltr'><strong>potius</strong></span> <span class='ocrx_word' id='word_1_17' title='bbox 1641 259 1710 278; x_wconf 85' lang='lat' dir='ltr'><strong>cum</strong></span> <span class='ocrx_word' id='word_1_18' title='bbox 1734 259 1763 281; x_wconf 73' lang='lat' dir='ltr'><strong>v.</strong></span> <span class='ocrx_word' id='word_1_19' title='bbox 1785 249 1894 290; x_wconf 79' lang='lat' dir='ltr'><strong>pudere</strong></span> <span class='ocrx_word' id='word_1_20' title='bbox 1916 257 1944 280; x_wconf 90' lang='lat' dir='ltr'><strong>et</strong></span> <span class='ocrx_word' id='word_1_21' title='bbox 1967 253 2093 283; x_wconf 87' lang='lat' dir='ltr'><strong>dialecto</strong></span> <span class='ocrx_word' id='word_1_22' title='bbox 2117 261 2182 285; x_wconf 82' lang='lat' dir='ltr'><strong>tan-</strong></span> 
     </span>
     <span class='ocr_line' id='line_1_3' title="bbox 225 290 1020 334; baseline -0.01 -6"><span class='ocrx_word' id='word_1_23' title='bbox 225 304 287 328; x_wconf 85' lang='lat' dir='ltr'><strong>tum</strong></span> <span class='ocrx_word' id='word_1_24' title='bbox 311 297 410 326; x_wconf 69' lang='lat' dir='ltr'><strong>differt</strong></span> <span class='ocrx_word' id='word_1_25' title='bbox 433 307 447 324; x_wconf 79' lang='lat' dir='ltr'><strong>a</strong></span> <span class='ocrx_word' id='word_1_26' title='bbox 468 293 582 334; x_wconf 77' lang='lat' dir='ltr'><strong>foetor,</strong></span> <span class='ocrx_word' id='word_1_27' title='bbox 606 291 677 331; x_wconf 75' lang='lat' dir='ltr'><strong>fin</strong></span> <span class='ocrx_word' id='word_1_28' title='bbox 697 304 734 331; x_wconf 79' lang='lat' dir='ltr'><strong>p,</strong></span> <span class='ocrx_word' id='word_1_29' title='bbox 760 290 780 320; x_wconf 79' lang='lat' dir='ltr'><strong>d</strong></span> <span class='ocrx_word' id='word_1_30' title='bbox 801 292 832 321; x_wconf 88' lang='lat' dir='ltr'><strong>in</strong></span> <span class='ocrx_word' id='word_1_31' title='bbox 855 298 866 319; x_wconf 79' lang='lat'><em>1</em></span> <span class='ocrx_word' id='word_1_32' title='bbox 889 294 1020 321; x_wconf 84' lang='lat' dir='ltr'><strong>mutatis.</strong></span> 
     </span>
    </p>

    <p class='ocr_par' dir='ltr' id='par_1_3' title="bbox 222 333 2184 586">
     <span class='ocr_line' id='line_1_4' title="bbox 388 333 2183 376; baseline 0.003 -13"><span class='ocrx_word' id='word_1_33' title='bbox 388 338 545 366; x_wconf 79' lang='lat' dir='ltr'><strong>Paeana.</strong></span> <span class='ocrx_word' id='word_1_34' title='bbox 593 333 680 371; x_wconf 77' lang='lat' dir='ltr'><strong>Quod</strong></span> <span class='ocrx_word' id='word_1_35' title='bbox 704 333 866 362; x_wconf 78' lang='lat' dir='ltr'><strong><em>remedians</em></strong></span> <span class='ocrx_word' id='word_1_36' title='bbox 888 333 997 362; x_wconf 82' lang='lat' dir='ltr'><strong>morbis</strong></span> <span class='ocrx_word' id='word_1_37' title='bbox 1021 337 1078 362; x_wconf 85' lang='lat' dir='ltr'><strong>etc.</strong></span> <span class='ocrx_word' id='word_1_38' title='bbox 1117 333 1259 363; x_wconf 87' lang='lat' dir='ltr'><strong>Mendosa</strong></span> <span class='ocrx_word' id='word_1_39' title='bbox 1285 335 1373 362; x_wconf 82' lang='lat' dir='ltr'><strong>verba</strong></span> <span class='ocrx_word' id='word_1_40' title='bbox 1400 335 1447 362; x_wconf 89' lang='lat' dir='ltr'><strong>vel</strong></span> <span class='ocrx_word' id='word_1_41' title='bbox 1472 335 1601 363; x_wconf 84' lang='lat' dir='ltr'>maxime</span> <span class='ocrx_word' id='word_1_42' title='bbox 1624 335 1734 373; x_wconf 86' lang='lat' dir='ltr'><strong>inepta.</strong></span> <span class='ocrx_word' id='word_1_43' title='bbox 1763 334 1848 364; x_wconf 73' lang='lat' dir='ltr'><strong>Ant.</strong></span> <span class='ocrx_word' id='word_1_44' title='bbox 1873 335 1970 376; x_wconf 82' lang='lat' dir='ltr'><strong>Aug.</strong></span> <span class='ocrx_word' id='word_1_45' title='bbox 2014 337 2090 367; x_wconf 83' lang='lat' dir='ltr'><strong>Vide</strong></span> <span class='ocrx_word' id='word_1_46' title='bbox 2112 340 2183 368; x_wconf 84' lang='lat' dir='ltr'><strong>Ser—</strong></span> 
     </span>
     <span class='ocr_line' id='line_1_5' title="bbox 224 375 2181 420; baseline -0.003 -8"><span class='ocrx_word' id='word_1_47' title='bbox 224 383 306 412; x_wconf 89' lang='lat' dir='ltr'><strong>vium</strong></span> <span class='ocrx_word' id='word_1_48' title='bbox 329 381 364 408; x_wconf 86' lang='lat' dir='ltr'><strong>ad</strong></span> <span class='ocrx_word' id='word_1_49' title='bbox 385 379 462 408; x_wconf 85' lang='lat' dir='ltr'><strong>illud</strong></span> <span class='ocrx_word' id='word_1_50' title='bbox 481 379 517 405; x_wconf 89' lang='lat' dir='ltr'><strong>X.</strong></span> <span class='ocrx_word' id='word_1_51' title='bbox 542 378 613 405; x_wconf 81' lang='lat' dir='ltr'><strong>Aen.</strong></span> <span class='ocrx_word' id='word_1_52' title='bbox 638 378 758 414; x_wconf 80' lang='lat'><strong>(738.):</strong></span> <span class='ocrx_word' id='word_1_53' title='bbox 795 375 921 406; x_wconf 76' lang='lat' dir='ltr'><strong>Laetum</strong></span> <span class='ocrx_word' id='word_1_54' title='bbox 946 386 1064 415; x_wconf 82' lang='lat' dir='ltr'><strong>paeana</strong></span> <span class='ocrx_word' id='word_1_55' title='bbox 1091 377 1190 406; x_wconf 74' lang='lat' dir='ltr'><strong>secuti.</strong></span> <span class='ocrx_word' id='word_1_56' title='bbox 1235 377 1308 405; x_wconf 85' lang='lat' dir='ltr'><strong>Mihi</strong></span> <span class='ocrx_word' id='word_1_57' title='bbox 1337 378 1463 405; x_wconf 86' lang='lat' dir='ltr'>maxime</span> <span class='ocrx_word' id='word_1_58' title='bbox 1485 378 1587 416; x_wconf 86' lang='lat' dir='ltr'><strong>placet</strong></span> <span class='ocrx_word' id='word_1_59' title='bbox 1606 389 1700 417; x_wconf 80' lang='lat' dir='ltr'><strong>paean</strong></span> <span class='ocrx_word' id='word_1_60' title='bbox 1724 377 1783 406; x_wconf 91' lang='lat' dir='ltr'><strong>dici</strong></span> <span class='ocrx_word' id='word_1_61' title='bbox 1807 389 1822 405; x_wconf 74' lang='lat' dir='ltr'><strong>a</strong></span> <span class='ocrx_word' id='word_1_62' title='bbox 1845 379 1925 408; x_wconf 82' lang='grc' dir='ltr'><em>παίω</em></span> <span class='ocrx_word' id='word_1_63' title='bbox 1947 378 2077 415; x_wconf 74' lang='lat' dir='ltr'><strong>medeor,</strong></span> <span class='ocrx_word' id='word_1_64' title='bbox 2114 383 2181 420; x_wconf 74' lang='lat' dir='ltr'><strong>quia</strong></span> 
     </span>
     <span class='ocr_line' id='line_1_6' title="bbox 224 419 2184 462; baseline -0.001 -9"><span class='ocrx_word' id='word_1_65' title='bbox 224 426 367 453; x_wconf 84' lang='lat' dir='ltr'><strong>malorum</strong></span> <span class='ocrx_word' id='word_1_66' title='bbox 390 419 619 449; x_wconf 76' lang='lat' dir='ltr'><strong>avertendorum</strong></span> <span class='ocrx_word' id='word_1_67' title='bbox 643 425 750 458; x_wconf 86' lang='lat' dir='ltr'><strong>potens</strong></span> <span class='ocrx_word' id='word_1_68' title='bbox 775 424 819 447; x_wconf 84' lang='lat' dir='ltr'><strong>est</strong></span> <span class='ocrx_word' id='word_1_69' title='bbox 841 419 966 457; x_wconf 81' lang='lat' dir='ltr'><strong>Apollo,</strong></span> <span class='ocrx_word' id='word_1_70' title='bbox 988 429 1080 456; x_wconf 86' lang='lat' dir='ltr'><strong>quare</strong></span> <span class='ocrx_word' id='word_1_71' title='bbox 1104 424 1132 446; x_wconf 87' lang='lat' dir='ltr'><strong>et</strong></span> <span class='ocrx_word' id='word_1_72' title='bbox 1156 419 1181 447; x_wconf 87' lang='lat' dir='ltr'><strong>ei</strong></span> <span class='ocrx_word' id='word_1_73' title='bbox 1205 419 1235 447; x_wconf 90' lang='lat' dir='ltr'><strong>in</strong></span> <span class='ocrx_word' id='word_1_74' title='bbox 1259 420 1442 448; x_wconf 82' lang='lat' dir='ltr'><strong>carminibus</strong></span> <span class='ocrx_word' id='word_1_75' title='bbox 1466 420 1649 449; x_wconf 85' lang='lat' dir='ltr'><strong>secularibus</strong></span> <span class='ocrx_word' id='word_1_76' title='bbox 1672 419 1912 459; x_wconf 79' lang='lat' dir='ltr'><strong>supplicabatur.</strong></span> <span class='ocrx_word' id='word_1_77' title='bbox 1958 423 2040 451; x_wconf 88' lang='lat' dir='ltr'>Unde</span> <span class='ocrx_word' id='word_1_78' title='bbox 2064 427 2092 451; x_wconf 86' lang='lat' dir='ltr'><strong>et</strong></span> <span class='ocrx_word' id='word_1_79' title='bbox 2114 434 2184 462; x_wconf 84' lang='lat' dir='ltr'><strong>pre-</strong></span> 
     </span>
     <span class='ocr_line' id='line_1_7' title="bbox 222 460 2183 505; baseline 0.001 -11"><span class='ocrx_word' id='word_1_80' title='bbox 222 477 270 495; x_wconf 86' lang='lat' dir='ltr'><strong>ces</strong></span> <span class='ocrx_word' id='word_1_81' title='bbox 292 466 360 494; x_wconf 75' lang='lat' dir='ltr'><strong>illae</strong></span> <span class='ocrx_word' id='word_1_82' title='bbox 380 474 505 503; x_wconf 70' lang='lat' dir='ltr'><strong>paeones</strong></span> <span class='ocrx_word' id='word_1_83' title='bbox 529 462 634 491; x_wconf 81' lang='lat' dir='ltr'><strong>dictae.</strong></span> <span class='ocrx_word' id='word_1_84' title='bbox 673 463 778 490; x_wconf 85' lang='lat' dir='ltr'><strong>Postea</strong></span> <span class='ocrx_word' id='word_1_85' title='bbox 802 467 901 491; x_wconf 84' lang='lat' dir='ltr'><strong>tamen</strong></span> <span class='ocrx_word' id='word_1_86' title='bbox 924 462 1053 489; x_wconf 84' lang='lat' dir='ltr'><strong>Paeanes</strong></span> <span class='ocrx_word' id='word_1_87' title='bbox 1076 460 1154 491; x_wconf 88' lang='lat' dir='ltr'><strong>dicta</strong></span> <span class='ocrx_word' id='word_1_88' title='bbox 1178 463 1302 499; x_wconf 84' lang='lat' dir='ltr'>quaevis</span> <span class='ocrx_word' id='word_1_89' title='bbox 1325 463 1380 490; x_wconf 83' lang='lat' dir='ltr'><strong>alia</strong></span> <span class='ocrx_word' id='word_1_90' title='bbox 1405 463 1554 499; x_wconf 82' lang='lat' dir='ltr'><strong>carmina,</strong></span> <span class='ocrx_word' id='word_1_91' title='bbox 1581 473 1655 501; x_wconf 86' lang='lat' dir='ltr'><strong>quae</strong></span> <span class='ocrx_word' id='word_1_92' title='bbox 1679 463 1735 491; x_wconf 86' lang='lat' dir='ltr'><strong>diis</strong></span> <span class='ocrx_word' id='word_1_93' title='bbox 1758 463 1947 492; x_wconf 75' lang='lat' dir='ltr'><strong>canebantur.</strong></span> <span class='ocrx_word' id='word_1_94' title='bbox 1985 465 2047 493; x_wconf 61' lang='lat' dir='ltr'><strong>Iulo</strong></span> <span class='ocrx_word' id='word_1_95' title='bbox 2071 471 2099 494; x_wconf 80' lang='lat' dir='ltr'><strong>et</strong></span> <span class='ocrx_word' id='word_1_96' title='bbox 2120 468 2183 505; x_wconf 86' lang='lat' dir='ltr'><strong>ipse</strong></span> 
     </span>
     <span class='ocr_line' id='line_1_8' title="bbox 222 503 2184 547; baseline 0.001 -11"><span class='ocrx_word' id='word_1_97' title='bbox 222 508 337 547; x_wconf 80' lang='lat' dir='ltr'>Iupiter</span> <span class='ocrx_word' id='word_1_98' title='bbox 360 507 440 545; x_wconf 81' lang='lat' dir='ltr'><strong>apud</strong></span> <span class='ocrx_word' id='word_1_99' title='bbox 465 505 590 534; x_wconf 82' lang='lat' dir='ltr'><strong>insulam</strong></span> <span class='ocrx_word' id='word_1_100' title='bbox 614 503 742 533; x_wconf 83' lang='lat' dir='ltr'>Rhodon</span> <span class='ocrx_word' id='word_1_101' title='bbox 766 504 863 533; x_wconf 77' lang='lat' dir='ltr'><strong>cultus</strong></span> <span class='ocrx_word' id='word_1_102' title='bbox 887 504 940 532; x_wconf 81' lang='lat' dir='ltr'><strong>sub</strong></span> <span class='ocrx_word' id='word_1_103' title='bbox 966 503 1086 532; x_wconf 86' lang='lat' dir='ltr'><strong>Paeanis</strong></span> <span class='ocrx_word' id='word_1_104' title='bbox 1107 504 1233 533; x_wconf 87' lang='lat' dir='ltr'><strong>nomine.</strong></span> <span class='ocrx_word' id='word_1_105' title='bbox 1276 505 1446 533; x_wconf 79' lang='lat' dir='ltr'><strong>Notandum</strong></span> <span class='ocrx_word' id='word_1_106' title='bbox 1470 510 1623 543; x_wconf 86' lang='lat' dir='ltr'><strong>praeterea</strong></span> <span class='ocrx_word' id='word_1_107' title='bbox 1647 506 1788 534; x_wconf 80' lang='lat' dir='ltr'><strong>Paeanem</strong></span> <span class='ocrx_word' id='word_1_108' title='bbox 1813 506 1902 534; x_wconf 83' lang='lat' dir='ltr'><strong>etiam</strong></span> <span class='ocrx_word' id='word_1_109' title='bbox 1926 507 1985 534; x_wconf 85' lang='lat' dir='ltr'><strong>dici</strong></span> <span class='ocrx_word' id='word_1_110' title='bbox 2009 507 2046 536; x_wconf 83' lang='lat' dir='ltr'><strong>de</strong></span> <span class='ocrx_word' id='word_1_111' title='bbox 2067 508 2184 538; x_wconf 83' lang='lat' dir='ltr'><strong>funebri</strong></span> 
     </span>
     <span class='ocr_line' id='line_1_9' title="bbox 222 546 1535 586; baseline 0 -11"><span class='ocrx_word' id='word_1_112' title='bbox 222 550 366 586; x_wconf 71' lang='lat' dir='ltr'><strong>carmine,</strong></span> <span class='ocrx_word' id='word_1_113' title='bbox 390 555 424 578; x_wconf 83' lang='lat' dir='ltr'><strong>ut</strong></span> <span class='ocrx_word' id='word_1_114' title='bbox 446 548 515 577; x_wconf 70' lang='lat' dir='ltr'><strong>alibi</strong></span> <span class='ocrx_word' id='word_1_115' title='bbox 541 547 720 576; x_wconf 84' lang='lat' dir='ltr'><strong>monuimus.</strong></span> <span class='ocrx_word' id='word_1_116' title='bbox 757 546 888 585; x_wconf 83' lang='lat' dir='ltr'><strong>Hesych.</strong></span> <span class='ocrx_word' id='word_1_117' title='bbox 913 546 1016 575; x_wconf 79' lang='lat' dir='ltr'><strong>Aesch.</strong></span> <span class='ocrx_word' id='word_1_118' title='bbox 1041 547 1072 574; x_wconf 86' lang='lat' dir='ltr'><strong>in</strong></span> <span class='ocrx_word' id='word_1_119' title='bbox 1097 546 1265 584; x_wconf 86' lang='lat' dir='ltr'><strong>Choephor.</strong></span> <span class='ocrx_word' id='word_1_120' title='bbox 1291 547 1399 586; x_wconf 84' lang='lat'><strong>(149.).</strong></span> <span class='ocrx_word' id='word_1_121' title='bbox 1447 547 1535 577; x_wconf 85' lang='lat' dir='ltr'><strong>Dac.</strong></span> 
     </span>
    </p>

    <p class='ocr_par' dir='ltr' id='par_1_4' title="bbox 222 589 2182 713">
     <span class='ocr_line' id='line_1_10' title="bbox 387 589 2180 630; baseline 0.001 -10"><span class='ocrx_word' id='word_1_122' title='bbox 387 590 547 630; x_wconf 77' lang='lat' dir='ltr'><strong>Peligni.</strong></span> <span class='ocrx_word' id='word_1_123' title='bbox 592 590 735 626; x_wconf 85' lang='lat' dir='ltr'><strong>Pacinus,</strong></span> <span class='ocrx_word' id='word_1_124' title='bbox 770 601 786 618; x_wconf 89' lang='lat' dir='ltr'><strong>a</strong></span> <span class='ocrx_word' id='word_1_125' title='bbox 809 599 869 628; x_wconf 90' lang='lat' dir='ltr'><strong>quo</strong></span> <span class='ocrx_word' id='word_1_126' title='bbox 893 590 1060 618; x_wconf 85' lang='lat' dir='ltr'><strong>Pacinates=</strong></span> <span class='ocrx_word' id='word_1_127' title='bbox 1093 590 1143 618; x_wconf 86' lang='lat' dir='ltr'><strong>alii</strong></span> <span class='ocrx_word' id='word_1_128' title='bbox 1167 591 1308 625; x_wconf 86' lang='lat' dir='ltr'><strong>Pecinus,</strong></span> <span class='ocrx_word' id='word_1_129' title='bbox 1339 601 1355 618; x_wconf 83' lang='lat' dir='ltr'><strong>a</strong></span> <span class='ocrx_word' id='word_1_130' title='bbox 1380 600 1439 628; x_wconf 92' lang='lat' dir='ltr'><strong>quo</strong></span> <span class='ocrx_word' id='word_1_131' title='bbox 1465 591 1631 627; x_wconf 82' lang='lat' dir='ltr'><strong>Pecinates3</strong></span> <span class='ocrx_word' id='word_1_132' title='bbox 1668 600 1723 618; x_wconf 88' lang='lat' dir='ltr'><strong>nos</strong></span> <span class='ocrx_word' id='word_1_133' title='bbox 1746 589 1882 626; x_wconf 76' lang='lat' dir='ltr'><strong>Picinus,</strong></span> <span class='ocrx_word' id='word_1_134' title='bbox 1914 601 1929 619; x_wconf 90' lang='lat' dir='ltr'><strong>a</strong></span> <span class='ocrx_word' id='word_1_135' title='bbox 1954 602 2014 630; x_wconf 91' lang='lat' dir='ltr'><strong>quo</strong></span> <span class='ocrx_word' id='word_1_136' title='bbox 2038 593 2180 625; x_wconf 80' lang='lat' dir='ltr'><strong>Picentes.</strong></span> 
     </span>
     <span class='ocr_line' id='line_1_11' title="bbox 222 630 2182 675; baseline 0 -10"><span class='ocrx_word' id='word_1_137' title='bbox 222 636 280 666; x_wconf 89' lang='lat' dir='ltr'><strong>Sed</strong></span> <span class='ocrx_word' id='word_1_138' title='bbox 302 635 369 665; x_wconf 84' lang='lat' dir='ltr'><strong>vide</strong></span> <span class='ocrx_word' id='word_1_139' title='bbox 392 634 510 663; x_wconf 81' lang='lat' dir='ltr'><strong>Picena.</strong></span> <span class='ocrx_word' id='word_1_140' title='bbox 559 634 679 670; x_wconf 81' lang='lat' dir='ltr'><strong>Dionys.</strong></span> <span class='ocrx_word' id='word_1_141' title='bbox 701 632 751 662; x_wconf 87' lang='lat' dir='ltr'><strong>lib.</strong></span> <span class='ocrx_word' id='word_1_142' title='bbox 766 633 785 662; x_wconf 81' lang='lat' dir='ltr'><strong>l.</strong></span> <span class='ocrx_word' id='word_1_143' title='bbox 810 633 887 670; x_wconf 76' lang='lat' dir='ltr'><strong>(pag.</strong></span> <span class='ocrx_word' id='word_1_144' title='bbox 900 635 929 664; x_wconf 84' lang='lat'><strong>9.</strong></span> <span class='ocrx_word' id='word_1_145' title='bbox 955 637 983 660; x_wconf 88' lang='lat' dir='ltr'><strong>et</strong></span> <span class='ocrx_word' id='word_1_146' title='bbox 1005 630 1069 670; x_wconf 85' lang='lat'><strong>11.)</strong></span> <span class='ocrx_word' id='word_1_147' title='bbox 1092 633 1246 661; x_wconf 81' lang='lat' dir='ltr'><strong>Peucetius</strong></span> <span class='ocrx_word' id='word_1_148' title='bbox 1270 633 1406 661; x_wconf 75' lang='lat' dir='ltr'><strong>Oenotrii</strong></span> <span class='ocrx_word' id='word_1_149' title='bbox 1434 633 1527 662; x_wconf 80' lang='lat' dir='ltr'><strong>frater</strong></span> <span class='ocrx_word' id='word_1_150' title='bbox 1548 633 1717 662; x_wconf 84' lang='lat' dir='ltr'><strong>Peucetiam</strong></span> <span class='ocrx_word' id='word_1_151' title='bbox 1741 633 1887 663; x_wconf 80' lang='lat' dir='ltr'><strong>condidit.</strong></span> <span class='ocrx_word' id='word_1_152' title='bbox 1917 633 2002 664; x_wconf 72' lang='lat' dir='ltr'><strong>Ant.</strong></span> <span class='ocrx_word' id='word_1_153' title='bbox 2024 635 2121 675; x_wconf 77' lang='lat' dir='ltr'><strong>Aug.</strong></span> <span class='ocrx_word' id='word_1_154' title='bbox 2158 637 2182 667; x_wconf 83' lang='grc' dir='ltr'><strong>Ε</strong></span> 
     </span>
     <span class='ocr_line' id='line_1_12' title="bbox 223 673 1056 713; baseline -0.008 -4"><span class='ocrx_word' id='word_1_155' title='bbox 223 679 339 709; x_wconf 81' lang='lat' dir='ltr'><strong>Sabinis</strong></span> <span class='ocrx_word' id='word_1_156' title='bbox 362 683 459 706; x_wconf 84' lang='lat' dir='ltr'><strong>tamen</strong></span> <span class='ocrx_word' id='word_1_157' title='bbox 483 681 565 704; x_wconf 83' lang='lat' dir='ltr'><strong>ortos</strong></span> <span class='ocrx_word' id='word_1_158' title='bbox 588 675 660 704; x_wconf 83' lang='lat' dir='ltr'><strong>dicit</strong></span> <span class='ocrx_word' id='word_1_159' title='bbox 684 675 772 705; x_wconf 82' lang='lat' dir='ltr'><strong>Ovid.</strong></span> <span class='ocrx_word' id='word_1_160' title='bbox 787 675 838 703; x_wconf 84' lang='lat'><strong>111.</strong></span> <span class='ocrx_word' id='word_1_161' title='bbox 862 675 939 703; x_wconf 84' lang='lat' dir='ltr'><strong>Fast.</strong></span> <span class='ocrx_word' id='word_1_162' title='bbox 965 673 1056 713; x_wconf 77' lang='lat'><strong>(96.);</strong></span> 
     </span>
    </p>

    <p class='ocr_par' dir='ltr' id='par_1_5' title="bbox 223 715 2178 838">
     <span class='ocr_line' id='line_1_13' title="bbox 800 715 1580 756; baseline 0 -11"><span class='ocrx_word' id='word_1_163' title='bbox 800 716 837 745; x_wconf 75' lang='lat' dir='ltr'><strong>Et</strong></span> <span class='ocrx_word' id='word_1_164' title='bbox 860 717 914 745; x_wconf 72' lang='lat' dir='ltr'><strong>tibi</strong></span> <span class='ocrx_word' id='word_1_165' title='bbox 937 727 1001 745; x_wconf 89' lang='lat' dir='ltr'><strong>cum</strong></span> <span class='ocrx_word' id='word_1_166' title='bbox 1022 718 1156 756; x_wconf 77' lang='lat' dir='ltr'><strong>proavis,</strong></span> <span class='ocrx_word' id='word_1_167' title='bbox 1185 715 1267 745; x_wconf 84' lang='lat' dir='ltr'><strong>miles</strong></span> <span class='ocrx_word' id='word_1_168' title='bbox 1290 715 1424 756; x_wconf 74' lang='lat' dir='ltr'><strong>Pdigne,</strong></span> <span class='ocrx_word' id='word_1_169' title='bbox 1455 716 1580 746; x_wconf 76' lang='lat' dir='ltr'><strong>Sabinis</strong></span> 
     </span>
     <span class='ocr_line' id='line_1_14' title="bbox 801 758 949 788; baseline -0.007 0"><span class='ocrx_word' id='word_1_170' title='bbox 801 758 949 788; x_wconf 73' lang='lat' dir='ltr'><strong>Convenit.</strong></span> 
     </span>
     <span class='ocr_line' id='line_1_15' title="bbox 223 799 2178 838; baseline -0.001 -6"><span class='ocrx_word' id='word_1_171' title='bbox 223 805 312 833; x_wconf 85' lang='lat' dir='ltr'><strong>Dac.</strong></span> <span class='ocrx_word' id='word_1_172' title='bbox 337 803 436 831; x_wconf 72' lang='lat' dir='ltr'><strong>Ducta</strong></span> <span class='ocrx_word' id='word_1_173' title='bbox 462 801 590 831; x_wconf 76' lang='lat' dir='ltr'><strong>Volsini.</strong></span> <span class='ocrx_word' id='word_1_174' title='bbox 622 802 769 830; x_wconf 84' lang='lat' dir='ltr'><strong>Scribitur</strong></span> <span class='ocrx_word' id='word_1_175' title='bbox 794 800 927 837; x_wconf 73' lang='lat' dir='ltr'><strong>Volsini,</strong></span> <span class='ocrx_word' id='word_1_176' title='bbox 954 799 1091 838; x_wconf 73' lang='lat' dir='ltr'><strong>Volsun‘,</strong></span> <span class='ocrx_word' id='word_1_177' title='bbox 1114 806 1144 830; x_wconf 81' lang='lat' dir='ltr'><strong>et</strong></span> <span class='ocrx_word' id='word_1_178' title='bbox 1168 800 1279 832; x_wconf 74' lang='lat' dir='ltr'><strong>Volsei.</strong></span> <span class='ocrx_word' id='word_1_179' title='bbox 1321 801 1378 829; x_wconf 86' lang='lat' dir='ltr'><strong>Sed</strong></span> <span class='ocrx_word' id='word_1_180' title='bbox 1400 801 1430 830; x_wconf 89' lang='lat' dir='ltr'><strong>in</strong></span> <span class='ocrx_word' id='word_1_181' title='bbox 1453 812 1487 831; x_wconf 85' lang='lat' dir='ltr'><strong>re</strong></span> <span class='ocrx_word' id='word_1_182' title='bbox 1510 802 1584 830; x_wconf 83' lang='lat' dir='ltr'><strong>adeo</strong></span> <span class='ocrx_word' id='word_1_183' title='bbox 1611 800 1736 830; x_wconf 85' lang='lat' dir='ltr'><strong>obscura</strong></span> <span class='ocrx_word' id='word_1_184' title='bbox 1759 802 1892 832; x_wconf 84' lang='lat' dir='ltr'><strong>iudicare</strong></span> <span class='ocrx_word' id='word_1_185' title='bbox 1915 801 2043 832; x_wconf 83' lang='lat' dir='ltr'><strong>difficile.</strong></span> <span class='ocrx_word' id='word_1_186' title='bbox 2067 802 2178 833; x_wconf 75' lang='lat' dir='ltr'><strong>Idem.</strong></span> 
     </span>
    </p>

    <p class='ocr_par' dir='ltr' id='par_1_6' title="bbox 220 843 2180 1002">
     <span class='ocr_line' id='line_1_16' title="bbox 385 843 2180 884; baseline 0.002 -11"><span class='ocrx_word' id='word_1_187' title='bbox 385 844 507 874; x_wconf 82' lang='lat' dir='ltr'><strong>Pales.</strong></span> <span class='ocrx_word' id='word_1_188' title='bbox 552 844 627 873; x_wconf 87' lang='lat' dir='ltr'><strong>Vide</strong></span> <span class='ocrx_word' id='word_1_189' title='bbox 650 843 815 873; x_wconf 82' lang='lat' dir='ltr'><strong>Parilibus.</strong></span> <span class='ocrx_word' id='word_1_190' title='bbox 844 845 934 874; x_wconf 76' lang='lat' dir='ltr'><strong>Ant.</strong></span> <span class='ocrx_word' id='word_1_191' title='bbox 958 844 1050 883; x_wconf 81' lang='lat' dir='ltr'><strong>Aug.</strong></span> <span class='ocrx_word' id='word_1_192' title='bbox 1097 844 1222 879; x_wconf 80' lang='lat' dir='ltr'><strong>Eadem,</strong></span> <span class='ocrx_word' id='word_1_193' title='bbox 1259 854 1334 882; x_wconf 82' lang='lat' dir='ltr'><strong>quae</strong></span> <span class='ocrx_word' id='word_1_194' title='bbox 1360 845 1457 873; x_wconf 78' lang='lat' dir='ltr'><strong>Vesta.</strong></span> <span class='ocrx_word' id='word_1_195' title='bbox 1503 845 1574 873; x_wconf 90' lang='lat' dir='ltr'><strong>Eius</strong></span> <span class='ocrx_word' id='word_1_196' title='bbox 1597 844 1670 872; x_wconf 82' lang='lat' dir='ltr'><strong>festa</strong></span> <span class='ocrx_word' id='word_1_197' title='bbox 1693 843 1804 873; x_wconf 76' lang='lat' dir='ltr'><strong>Palilia</strong></span> <span class='ocrx_word' id='word_1_198' title='bbox 1828 850 1857 873; x_wconf 89' lang='lat' dir='ltr'><strong>et</strong></span> <span class='ocrx_word' id='word_1_199' title='bbox 1879 844 2009 882; x_wconf 80' lang='lat' dir='ltr'><strong>Parilia,</strong></span> <span class='ocrx_word' id='word_1_200' title='bbox 2044 847 2180 884; x_wconf 77' lang='lat' dir='ltr'><strong>quamvis</strong></span> 
     </span>
     <span class='ocr_line' id='line_1_17' title="bbox 221 885 2178 927; baseline 0.001 -10"><span class='ocrx_word' id='word_1_201' title='bbox 221 888 314 918; x_wconf 77' lang='lat' dir='ltr'><strong>Mario</strong></span> <span class='ocrx_word' id='word_1_202' title='bbox 338 887 495 917; x_wconf 73' lang='lat' dir='ltr'><strong>Victorino</strong></span> <span class='ocrx_word' id='word_1_203' title='bbox 518 885 632 916; x_wconf 73' lang='lat' dir='ltr'><strong>Palilia</strong></span> <span class='ocrx_word' id='word_1_204' title='bbox 656 887 848 925; x_wconf 69' lang='lat' dir='ltr'><strong>displiceant,</strong></span> <span class='ocrx_word' id='word_1_205' title='bbox 873 891 900 914; x_wconf 85' lang='lat' dir='ltr'><strong>et</strong></span> <span class='ocrx_word' id='word_1_206' title='bbox 925 887 1041 925; x_wconf 84' lang='lat' dir='ltr'><strong>placeat</strong></span> <span class='ocrx_word' id='word_1_207' title='bbox 1064 887 1170 915; x_wconf 80' lang='lat' dir='ltr'><strong>Parilia</strong></span> <span class='ocrx_word' id='word_1_208' title='bbox 1194 892 1309 915; x_wconf 81' lang='lat' dir='ltr'><strong>tantum</strong></span> <span class='ocrx_word' id='word_1_209' title='bbox 1334 887 1403 915; x_wconf 90' lang='lat' dir='ltr'><strong>dici.</strong></span> <span class='ocrx_word' id='word_1_210' title='bbox 1442 887 1677 916; x_wconf 82' lang='lat' dir='ltr'><strong>Celebrabantur</strong></span> <span class='ocrx_word' id='word_1_211' title='bbox 1698 886 1749 916; x_wconf 82' lang='lat' dir='ltr'><strong>XI.</strong></span> <span class='ocrx_word' id='word_1_212' title='bbox 1769 887 1918 916; x_wconf 80' lang='lat' dir='ltr'><strong>Kalendas</strong></span> <span class='ocrx_word' id='word_1_213' title='bbox 1942 888 2010 916; x_wconf 79' lang='lat' dir='ltr'><strong>Maii</strong></span> <span class='ocrx_word' id='word_1_214' title='bbox 2033 889 2096 917; x_wconf 87' lang='lat' dir='ltr'><strong>sive</strong></span> <span class='ocrx_word' id='word_1_215' title='bbox 2117 892 2178 927; x_wconf 64' lang='lat'><strong>12„</strong></span> 
     </span>
     <span class='ocr_line' id='line_1_18' title="bbox 220 927 2177 968; baseline 0 -9"><span class='ocrx_word' id='word_1_216' title='bbox 220 937 254 959; x_wconf 89' lang='lat' dir='ltr'><strong>ut</strong></span> <span class='ocrx_word' id='word_1_217' title='bbox 277 930 387 958; x_wconf 82' lang='lat' dir='ltr'><strong>Ovidio</strong></span> <span class='ocrx_word' id='word_1_218' title='bbox 413 931 511 968; x_wconf 78' lang='lat' dir='ltr'><strong>placet</strong></span> <span class='ocrx_word' id='word_1_219' title='bbox 532 930 583 959; x_wconf 85' lang='lat' dir='ltr'><strong>lib.</strong></span> <span class='ocrx_word' id='word_1_220' title='bbox 596 930 645 959; x_wconf 86' lang='lat' dir='ltr'><strong>lv.</strong></span> <span class='ocrx_word' id='word_1_221' title='bbox 670 930 743 959; x_wconf 84' lang='lat' dir='ltr'><strong>Fast.</strong></span> <span class='ocrx_word' id='word_1_222' title='bbox 769 927 876 968; x_wconf 68' lang='lat'><strong>(820).</strong></span> <span class='ocrx_word' id='word_1_223' title='bbox 900 928 988 957; x_wconf 78' lang='lat' dir='ltr'><strong>Duc.</strong></span> <span class='ocrx_word' id='word_1_224' title='bbox 1030 928 1115 959; x_wconf 79' lang='lat' dir='ltr'><strong>Adde</strong></span> <span class='ocrx_word' id='word_1_225' title='bbox 1135 928 1294 968; x_wconf 83' lang='lat' dir='ltr'><strong>popularia</strong></span> <span class='ocrx_word' id='word_1_226' title='bbox 1318 940 1415 958; x_wconf 76' lang='lat' dir='ltr'><strong>sacra.</strong></span> <span class='ocrx_word' id='word_1_227' title='bbox 1453 930 1520 958; x_wconf 86' lang='lat' dir='ltr'><strong>Dies</strong></span> <span class='ocrx_word' id='word_1_228' title='bbox 1544 930 1651 959; x_wconf 84' lang='lat' dir='ltr'><strong>natalis</strong></span> <span class='ocrx_word' id='word_1_229' title='bbox 1674 929 1758 958; x_wconf 89' lang='lat' dir='ltr'><strong>urbis</strong></span> <span class='ocrx_word' id='word_1_230' title='bbox 1782 931 1905 966; x_wconf 79' lang='lat' dir='ltr'><strong>Romae3</strong></span> <span class='ocrx_word' id='word_1_231' title='bbox 1931 930 1993 958; x_wconf 73' lang='lat' dir='ltr'><strong>dixi</strong></span> <span class='ocrx_word' id='word_1_232' title='bbox 2018 931 2036 960; x_wconf 90' lang='lat' dir='ltr'><strong>l.</strong></span> <span class='ocrx_word' id='word_1_233' title='bbox 2049 934 2079 962; x_wconf 88' lang='lat'><strong>7.</strong></span> <span class='ocrx_word' id='word_1_234' title='bbox 2104 931 2177 962; x_wconf 77' lang='lat' dir='ltr'><strong>Cnd.</strong></span> 
     </span>
     <span class='ocr_line' id='line_1_19' title="bbox 221 972 498 1002; baseline 0 0"><span class='ocrx_word' id='word_1_235' title='bbox 221 975 256 1002; x_wconf 87' lang='lat' dir='ltr'><strong>de</strong></span> <span class='ocrx_word' id='word_1_236' title='bbox 279 973 344 1002; x_wconf 85' lang='lat' dir='ltr'><strong>Fer.</strong></span> <span class='ocrx_word' id='word_1_237' title='bbox 394 972 498 1002; x_wconf 73' lang='lat' dir='ltr'><strong>Goth.</strong></span> 
     </span>
    </p>

    <p class='ocr_par' dir='ltr' id='par_1_7' title="bbox 221 1012 2178 1131">
     <span class='ocr_line' id='line_1_20' title="bbox 385 1012 2178 1053; baseline 0 -9"><span class='ocrx_word' id='word_1_238' title='bbox 385 1014 528 1044; x_wconf 61' lang='lat' dir='ltr'><strong>Partus</strong></span> <span class='ocrx_word' id='word_1_239' title='bbox 573 1013 631 1043; x_wconf 86' lang='lat' dir='ltr'><strong>Pro</strong></span> <span class='ocrx_word' id='word_1_240' title='bbox 655 1012 800 1043; x_wconf 76' lang='lat' dir='ltr'><strong>nascendo</strong></span> <span class='ocrx_word' id='word_1_241' title='bbox 821 1013 943 1053; x_wconf 78' lang='lat' dir='ltr'><strong>ponitur</strong></span> <span class='ocrx_word' id='word_1_242' title='bbox 965 1020 991 1040; x_wconf 80' lang='lat' dir='ltr'><strong>et</strong></span> <span class='ocrx_word' id='word_1_243' title='bbox 1010 1024 1066 1052; x_wconf 83' lang='lat' dir='ltr'><strong>pro</strong></span> <span class='ocrx_word' id='word_1_244' title='bbox 1085 1021 1201 1053; x_wconf 74' lang='lat' dir='ltr'><strong>parato.</strong></span> <span class='ocrx_word' id='word_1_245' title='bbox 1246 1014 1281 1042; x_wconf 87' lang='lat' dir='ltr'><strong>Ut</strong></span> <span class='ocrx_word' id='word_1_246' title='bbox 1303 1019 1425 1051; x_wconf 79' lang='lat' dir='ltr'><strong>partus,</strong></span> <span class='ocrx_word' id='word_1_247' title='bbox 1449 1015 1489 1042; x_wconf 90' lang='lat' dir='ltr'><strong>ita</strong></span> <span class='ocrx_word' id='word_1_248' title='bbox 1513 1015 1667 1053; x_wconf 79' lang='lat' dir='ltr'><strong>partitudo</strong></span> <span class='ocrx_word' id='word_1_249' title='bbox 1692 1019 1719 1042; x_wconf 88' lang='lat' dir='ltr'><strong>et</strong></span> <span class='ocrx_word' id='word_1_250' title='bbox 1742 1015 1840 1053; x_wconf 85' lang='lat' dir='ltr'><strong>partio</strong></span> <span class='ocrx_word' id='word_1_251' title='bbox 1864 1015 1983 1043; x_wconf 84' lang='lat' dir='ltr'><strong>dicitur.</strong></span> <span class='ocrx_word' id='word_1_252' title='bbox 2022 1015 2096 1044; x_wconf 88' lang='lat' dir='ltr'><strong>Vide</strong></span> <span class='ocrx_word' id='word_1_253' title='bbox 2119 1016 2178 1044; x_wconf 88' lang='lat' dir='ltr'><strong>No-</strong></span> 
     </span>
     <span class='ocr_line' id='line_1_21' title="bbox 221 1054 2177 1098; baseline -0.002 -11"><span class='ocrx_word' id='word_1_254' title='bbox 221 1060 300 1087; x_wconf 84' lang='lat' dir='ltr'><strong>nium</strong></span> <span class='ocrx_word' id='word_1_255' title='bbox 325 1058 487 1097; x_wconf 78' lang='lat' dir='ltr'><strong>(pag.2l7.</strong></span> <span class='ocrx_word' id='word_1_256' title='bbox 504 1057 608 1096; x_wconf 78' lang='lat' dir='ltr'><strong>Mero.)</strong></span> <span class='ocrx_word' id='word_1_257' title='bbox 630 1057 661 1085; x_wconf 85' lang='lat' dir='ltr'><strong>in</strong></span> <span class='ocrx_word' id='word_1_258' title='bbox 675 1056 792 1085; x_wconf 76' lang='lat' dir='ltr'><strong>Partus.</strong></span> <span class='ocrx_word' id='word_1_259' title='bbox 817 1054 921 1084; x_wconf 73' lang='lat' dir='ltr'><strong>Goth.</strong></span> <span class='ocrx_word' id='word_1_260' title='bbox 953 1055 1092 1085; x_wconf 72' lang='lat' dir='ltr'><strong>Naevius.</strong></span> <span class='ocrx_word' id='word_1_261' title='bbox 1121 1057 1243 1086; x_wconf 86' lang='lat' dir='ltr'><strong>Ennius.</strong></span> <span class='ocrx_word' id='word_1_262' title='bbox 1267 1055 1378 1085; x_wconf 74' lang='lat' dir='ltr'><strong>Idem.</strong></span> <span class='ocrx_word' id='word_1_263' title='bbox 1408 1056 1494 1086; x_wconf 74' lang='lat' dir='ltr'><strong>Male</strong></span> <span class='ocrx_word' id='word_1_264' title='bbox 1512 1065 1603 1096; x_wconf 80' lang='lat' dir='ltr'><strong>parta</strong></span> <span class='ocrx_word' id='word_1_265' title='bbox 1626 1056 1702 1086; x_wconf 81' lang='lat' dir='ltr'><strong>male</strong></span> <span class='ocrx_word' id='word_1_266' title='bbox 1725 1055 1905 1087; x_wconf 77' lang='lat' dir='ltr'><strong>dilabuntur.</strong></span> <span class='ocrx_word' id='word_1_267' title='bbox 1937 1058 2089 1086; x_wconf 81' lang='lat' dir='ltr'><strong>Proverbii</strong></span> <span class='ocrx_word' id='word_1_268' title='bbox 2112 1069 2177 1098; x_wconf 85' lang='lat' dir='ltr'><strong>spe-</strong></span> 
     </span>
     <span class='ocr_line' id='line_1_22' title="bbox 222 1098 443 1131; baseline 0.009 -2"><span class='ocrx_word' id='word_1_269' title='bbox 222 1103 288 1131; x_wconf 83' lang='lat' dir='ltr'><strong>cies.</strong></span> <span class='ocrx_word' id='word_1_270' title='bbox 333 1098 443 1129; x_wconf 78' lang='lat' dir='ltr'><strong>Idem.</strong></span> 
     </span>
    </p>

    <p class='ocr_par' dir='ltr' id='par_1_8' title="bbox 385 1140 1001 1181">
     <span class='ocr_line' id='line_1_23' title="bbox 385 1140 1001 1181; baseline 0 -10"><span class='ocrx_word' id='word_1_271' title='bbox 385 1142 560 1171; x_wconf 82' lang='lat' dir='ltr'><strong>Parones.</strong></span> <span class='ocrx_word' id='word_1_272' title='bbox 607 1141 680 1170; x_wconf 86' lang='lat' dir='ltr'><strong>Vide</strong></span> <span class='ocrx_word' id='word_1_273' title='bbox 704 1141 865 1181; x_wconf 68' lang='lat' dir='ltr'><strong>Illyoparo.</strong></span> <span class='ocrx_word' id='word_1_274' title='bbox 910 1140 1001 1171; x_wconf 80' lang='lat' dir='ltr'><strong>Dac.</strong></span> 
     </span>
    </p>
   </div>
   <div class='ocr_carea' id='block_1_3' title="bbox 222 1192 1815 1384">
    <p class='ocr_par' dir='ltr' id='par_1_9' title="bbox 222 1192 1815 1384">
     <span class='ocr_line' id='line_1_24' title="bbox 386 1192 1048 1229; baseline -0.003 -7"><span class='ocrx_word' id='word_1_275' title='bbox 386 1192 531 1222; x_wconf 77' lang='lat' dir='ltr'><strong>Passer.</strong></span> <span class='ocrx_word' id='word_1_276' title='bbox 578 1193 699 1221; x_wconf 85' lang='lat' dir='ltr'><strong>Plautus</strong></span> <span class='ocrx_word' id='word_1_277' title='bbox 722 1193 808 1220; x_wconf 81' lang='lat' dir='ltr'><strong>Persa</strong></span> <span class='ocrx_word' id='word_1_278' title='bbox 833 1192 886 1228; x_wconf 87' lang='lat' dir='ltr'><strong>(Il,</strong></span> <span class='ocrx_word' id='word_1_279' title='bbox 910 1195 944 1227; x_wconf 83' lang='lat'><strong>2,</strong></span> <span class='ocrx_word' id='word_1_280' title='bbox 970 1193 1048 1229; x_wconf 86' lang='lat'><strong>17.):</strong></span> 
     </span>
     <span class='ocr_line' id='line_1_25' title="bbox 681 1242 1697 1283; baseline 0.001 -11"><span class='ocrx_word' id='word_1_281' title='bbox 681 1242 759 1272; x_wconf 84' lang='lat' dir='ltr'><strong>Vola</strong></span> <span class='ocrx_word' id='word_1_282' title='bbox 785 1242 940 1272; x_wconf 87' lang='lat' dir='ltr'><strong>curriculo.</strong></span> <span class='ocrx_word' id='word_1_283' title='bbox 987 1243 1017 1271; x_wconf 89' lang='lat' dir='ltr'><strong>P.</strong></span> <span class='ocrx_word' id='word_1_284' title='bbox 1040 1243 1115 1272; x_wconf 78' lang='lat' dir='ltr'><strong>istuc</strong></span> <span class='ocrx_word' id='word_1_285' title='bbox 1137 1243 1267 1271; x_wconf 74' lang='lat' dir='ltr'><strong>murinus</strong></span> <span class='ocrx_word' id='word_1_286' title='bbox 1285 1254 1389 1282; x_wconf 81' lang='lat' dir='ltr'><strong>passer</strong></span> <span class='ocrx_word' id='word_1_287' title='bbox 1408 1255 1460 1283; x_wconf 82' lang='lat' dir='ltr'><strong>per</strong></span> <span class='ocrx_word' id='word_1_288' title='bbox 1483 1245 1591 1273; x_wconf 82' lang='lat' dir='ltr'><strong>circum</strong></span> <span class='ocrx_word' id='word_1_289' title='bbox 1616 1243 1697 1273; x_wconf 79' lang='lat' dir='ltr'><strong>solet.</strong></span> 
     </span>
     <span class='ocr_line' id='line_1_26' title="bbox 222 1293 1815 1334; baseline -0.001 -10"><span class='ocrx_word' id='word_1_290' title='bbox 222 1296 397 1324; x_wconf 79' lang='lat' dir='ltr'><strong>Notavimus</strong></span> <span class='ocrx_word' id='word_1_291' title='bbox 421 1294 459 1323; x_wconf 90' lang='lat' dir='ltr'><strong>ad</strong></span> <span class='ocrx_word' id='word_1_292' title='bbox 483 1294 648 1322; x_wconf 85' lang='lat' dir='ltr'><strong>Ausonium</strong></span> <span class='ocrx_word' id='word_1_293' title='bbox 673 1295 703 1322; x_wconf 84' lang='lat' dir='ltr'><strong>in</strong></span> <span class='ocrx_word' id='word_1_294' title='bbox 727 1294 802 1323; x_wconf 85' lang='lat' dir='ltr'><strong>illud</strong></span> <span class='ocrx_word' id='word_1_295' title='bbox 826 1294 863 1322; x_wconf 85' lang='lat' dir='ltr'><strong>ad</strong></span> <span class='ocrx_word' id='word_1_296' title='bbox 887 1293 1011 1322; x_wconf 82' lang='lat' dir='ltr'><strong>Accium</strong></span> <span class='ocrx_word' id='word_1_297' title='bbox 1035 1294 1160 1322; x_wconf 85' lang='lat' dir='ltr'><strong>Paulum</strong></span> <span class='ocrx_word' id='word_1_298' title='bbox 1186 1293 1344 1324; x_wconf 76' lang='lat' dir='ltr'><strong>Rhetorem</strong></span> <span class='ocrx_word' id='word_1_299' title='bbox 1368 1295 1590 1333; x_wconf 62' lang='lat' dir='ltr'><strong>Bega-silanum</strong></span> <span class='ocrx_word' id='word_1_300' title='bbox 1615 1296 1715 1334; x_wconf 85' lang='lat' dir='ltr'><strong>(epist.</strong></span> <span class='ocrx_word' id='word_1_301' title='bbox 1734 1295 1815 1332; x_wconf 83' lang='lat' dir='ltr'><strong>XI.):</strong></span> 
     </span>
     <span class='ocr_line' id='line_1_27' title="bbox 682 1344 1230 1384; baseline 0 -10"><span class='ocrx_word' id='word_1_302' title='bbox 682 1344 775 1374; x_wconf 81' lang='lat' dir='ltr'><strong>Ovum</strong></span> <span class='ocrx_word' id='word_1_303' title='bbox 800 1352 829 1373; x_wconf 78' lang='lat' dir='ltr'><strong>iu</strong></span> <span class='ocrx_word' id='word_1_304' title='bbox 853 1356 944 1384; x_wconf 82' lang='lat' dir='ltr'><strong>coque</strong></span> <span class='ocrx_word' id='word_1_305' title='bbox 963 1345 1090 1383; x_wconf 79' lang='lat' dir='ltr'><strong>passeris</strong></span> <span class='ocrx_word' id='word_1_306' title='bbox 1112 1345 1230 1374; x_wconf 71' lang='lat' dir='ltr'><strong>mmini.</strong></span> 
     </span>
    </p>
   </div>
   <div class='ocr_carea' id='block_1_4' title="bbox 222 1394 2178 2453">
    <p class='ocr_par' dir='ltr' id='par_1_10' title="bbox 222 1394 2175 1522">
     <span class='ocr_line' id='line_1_28' title="bbox 222 1394 2175 1434; baseline -0.001 -7"><span class='ocrx_word' id='word_1_307' title='bbox 222 1397 323 1429; x_wconf 83' lang='lat' dir='ltr'><strong>Scal.</strong></span> <span class='ocrx_word' id='word_1_308' title='bbox 362 1398 396 1426; x_wconf 88' lang='lat' dir='ltr'><strong>In</strong></span> <span class='ocrx_word' id='word_1_309' title='bbox 418 1397 476 1425; x_wconf 82' lang='lat' dir='ltr'><strong>line</strong></span> <span class='ocrx_word' id='word_1_310' title='bbox 498 1397 562 1434; x_wconf 74' lang='lat' dir='ltr'><strong>lege</strong></span> <span class='ocrx_word' id='word_1_311' title='bbox 584 1394 865 1425; x_wconf 64' lang='lat' dir='ltr'><strong>struthio-camelum.</strong></span> <span class='ocrx_word' id='word_1_312' title='bbox 907 1396 1059 1423; x_wconf 75' lang='lat' dir='ltr'><strong>Passerem</strong></span> <span class='ocrx_word' id='word_1_313' title='bbox 1087 1400 1184 1424; x_wconf 81' lang='lat' dir='ltr'><strong>autem</strong></span> <span class='ocrx_word' id='word_1_314' title='bbox 1213 1401 1357 1424; x_wconf 77' lang='lat' dir='ltr'><strong>vocaiunt</strong></span> <span class='ocrx_word' id='word_1_315' title='bbox 1382 1401 1512 1430; x_wconf 79' lang='lat' dir='ltr'><strong>veteres,</strong></span> <span class='ocrx_word' id='word_1_316' title='bbox 1544 1395 1627 1434; x_wconf 63' lang='lat' dir='ltr'><strong>quod&#39;</strong></span> <span class='ocrx_word' id='word_1_317' title='bbox 1650 1397 1712 1424; x_wconf 70' lang='lat' dir='ltr'><strong>avis</strong></span> <span class='ocrx_word' id='word_1_318' title='bbox 1736 1402 1826 1433; x_wconf 77' lang='lat' dir='ltr'><strong>esset,</strong></span> <span class='ocrx_word' id='word_1_319' title='bbox 1855 1397 2020 1426; x_wconf 82' lang='lat' dir='ltr'><strong>imitatione</strong></span> <span class='ocrx_word' id='word_1_320' title='bbox 2043 1398 2175 1425; x_wconf 81' lang='lat' dir='ltr'><strong>Graeco·-</strong></span> 
     </span>
     <span class='ocr_line' id='line_1_29' title="bbox 222 1435 2175 1479; baseline 0 -11"><span class='ocrx_word' id='word_1_321' title='bbox 222 1451 305 1475; x_wconf 78' lang='lat' dir='ltr'><strong>rum,</strong></span> <span class='ocrx_word' id='word_1_322' title='bbox 344 1441 394 1479; x_wconf 90' lang='lat' dir='ltr'><strong>qui</strong></span> <span class='ocrx_word' id='word_1_323' title='bbox 419 1441 582 1477; x_wconf 73' lang='grc' dir='ltr'><strong><em>στρουθίον</em></strong></span> <span class='ocrx_word' id='word_1_324' title='bbox 605 1443 714 1466; x_wconf 79' lang='lat' dir='ltr'><strong>vocant</strong></span> <span class='ocrx_word' id='word_1_325' title='bbox 737 1443 763 1466; x_wconf 85' lang='lat' dir='ltr'><strong>et</strong></span> <span class='ocrx_word' id='word_1_326' title='bbox 788 1439 948 1474; x_wconf 80' lang='lat' dir='ltr'><strong>marinum,</strong></span> <span class='ocrx_word' id='word_1_327' title='bbox 987 1435 1176 1474; x_wconf 73' lang='grc' dir='ltr'><strong><em>διαπόντιον,</em></strong></span> <span class='ocrx_word' id='word_1_328' title='bbox 1214 1438 1293 1476; x_wconf 86' lang='lat' dir='ltr'><strong>quud</strong></span> <span class='ocrx_word' id='word_1_329' title='bbox 1316 1439 1492 1477; x_wconf 80' lang='lat' dir='ltr'><strong>peregrinus</strong></span> <span class='ocrx_word' id='word_1_330' title='bbox 1514 1443 1543 1467; x_wconf 86' lang='lat' dir='ltr'><strong>et</strong></span> <span class='ocrx_word' id='word_1_331' title='bbox 1566 1439 1645 1466; x_wconf 77' lang='lat' dir='ltr'><strong>ultra</strong></span> <span class='ocrx_word' id='word_1_332' title='bbox 1666 1439 1814 1474; x_wconf 78' lang='lat' dir='ltr'><strong>marinus,</strong></span> <span class='ocrx_word' id='word_1_333' title='bbox 1847 1444 1875 1467; x_wconf 88' lang='lat' dir='ltr'><strong>et</strong></span> <span class='ocrx_word' id='word_1_334' title='bbox 1897 1438 2175 1475; x_wconf 60' lang='lat' dir='ltr'><strong>struthocamelum,</strong></span> 
     </span>
     <span class='ocr_line' id='line_1_30' title="bbox 223 1480 1310 1522; baseline -0.001 -10"><span class='ocrx_word' id='word_1_335' title='bbox 223 1484 304 1522; x_wconf 86' lang='lat' dir='ltr'><strong>quod</strong></span> <span class='ocrx_word' id='word_1_336' title='bbox 328 1483 398 1511; x_wconf 89' lang='lat' dir='ltr'><strong>colli</strong></span> <span class='ocrx_word' id='word_1_337' title='bbox 423 1487 452 1510; x_wconf 77' lang='lat' dir='ltr'><strong>et</strong></span> <span class='ocrx_word' id='word_1_338' title='bbox 475 1492 595 1510; x_wconf 86' lang='lat' dir='ltr'><strong>crurum</strong></span> <span class='ocrx_word' id='word_1_339' title='bbox 619 1481 804 1519; x_wconf 79' lang='lat' dir='ltr'><strong>longitudine</strong></span> <span class='ocrx_word' id='word_1_340' title='bbox 828 1481 940 1508; x_wconf 66' lang='lat' dir='ltr'><strong>cameto</strong></span> <span class='ocrx_word' id='word_1_341' title='bbox 964 1480 1069 1508; x_wconf 75' lang='lat' dir='ltr'><strong>similis</strong></span> <span class='ocrx_word' id='word_1_342' title='bbox 1092 1486 1177 1508; x_wconf 78' lang='lat' dir='ltr'><strong>esset.</strong></span> <span class='ocrx_word' id='word_1_343' title='bbox 1224 1481 1310 1511; x_wconf 79' lang='lat' dir='ltr'><strong>Dae.</strong></span> 
     </span>
    </p>

    <p class='ocr_par' dir='ltr' id='par_1_11' title="bbox 222 1521 2177 1776">
     <span class='ocr_line' id='line_1_31' title="bbox 386 1521 2176 1562; baseline -0.001 -8"><span class='ocrx_word' id='word_1_344' title='bbox 386 1524 542 1554; x_wconf 81' lang='lat' dir='ltr'><strong>Pasciio</strong></span> <span class='ocrx_word' id='word_1_345' title='bbox 566 1523 744 1562; x_wconf 78' lang='lat' dir='ltr'><strong>linguam.</strong></span> <span class='ocrx_word' id='word_1_346' title='bbox 789 1523 863 1551; x_wconf 83' lang='lat' dir='ltr'><strong>Vide</strong></span> <span class='ocrx_word' id='word_1_347' title='bbox 888 1521 1060 1561; x_wconf 58' lang='lat' dir='ltr'><strong>Compi-ree,</strong></span> <span class='ocrx_word' id='word_1_348' title='bbox 1085 1524 1202 1560; x_wconf 74' lang='lat' dir='ltr'><strong>pascito</strong></span> <span class='ocrx_word' id='word_1_349' title='bbox 1225 1533 1280 1562; x_wconf 87' lang='lat' dir='ltr'><strong>pro</strong></span> <span class='ocrx_word' id='word_1_350' title='bbox 1302 1524 1427 1561; x_wconf 79' lang='lat' dir='ltr'><strong>par-ciro.</strong></span> <span class='ocrx_word' id='word_1_351' title='bbox 1465 1523 1626 1552; x_wconf 71' lang='lat' dir='ltr'><strong>Salmasius</strong></span> <span class='ocrx_word' id='word_1_352' title='bbox 1647 1528 1744 1551; x_wconf 87' lang='lat' dir='ltr'><strong>tamen</strong></span> <span class='ocrx_word' id='word_1_353' title='bbox 1768 1523 1883 1560; x_wconf 84' lang='lat' dir='ltr'><strong>legebat</strong></span> <span class='ocrx_word' id='word_1_354' title='bbox 1903 1524 2028 1562; x_wconf 77' lang='lat' dir='ltr'><strong>pur-cito.</strong></span> <span class='ocrx_word' id='word_1_355' title='bbox 2067 1524 2176 1562; x_wconf 87' lang='lat' dir='ltr'><strong>Perpe-</strong></span> 
     </span>
     <span class='ocr_line' id='line_1_32' title="bbox 222 1564 2176 1605; baseline -0.001 -9"><span class='ocrx_word' id='word_1_356' title='bbox 222 1579 283 1596; x_wconf 85' lang='lat' dir='ltr'><strong>ram</strong></span> <span class='ocrx_word' id='word_1_357' title='bbox 307 1568 431 1605; x_wconf 69' lang='lat' dir='ltr'><strong>legitur,</strong></span> <span class='ocrx_word' id='word_1_358' title='bbox 461 1567 574 1605; x_wconf 85' lang='lat' dir='ltr'><strong>inquit,</strong></span> <span class='ocrx_word' id='word_1_359' title='bbox 603 1566 718 1604; x_wconf 78' lang='lat' dir='ltr'><strong>pascito</strong></span> <span class='ocrx_word' id='word_1_360' title='bbox 741 1564 888 1604; x_wconf 70' lang='lat' dir='ltr'><strong>linguam⁷</strong></span> <span class='ocrx_word' id='word_1_361' title='bbox 920 1564 1000 1603; x_wconf 85' lang='lat' dir='ltr'><strong>quod</strong></span> <span class='ocrx_word' id='word_1_362' title='bbox 1023 1565 1157 1603; x_wconf 86' lang='lat' dir='ltr'><strong>ineptum</strong></span> <span class='ocrx_word' id='word_1_363' title='bbox 1180 1570 1233 1594; x_wconf 84' lang='lat' dir='ltr'><strong>est.</strong></span> <span class='ocrx_word' id='word_1_364' title='bbox 1279 1564 1463 1604; x_wconf 82' lang='lat' dir='ltr'><strong>Compescere</strong></span> <span class='ocrx_word' id='word_1_365' title='bbox 1486 1566 1607 1604; x_wconf 88' lang='lat' dir='ltr'><strong>quidem</strong></span> <span class='ocrx_word' id='word_1_366' title='bbox 1629 1565 1742 1594; x_wconf 86' lang='lat' dir='ltr'><strong>dicitur</strong></span> <span class='ocrx_word' id='word_1_367' title='bbox 1763 1575 1918 1602; x_wconf 80' lang='lat' dir='ltr'><strong>coercere,</strong></span> <span class='ocrx_word' id='word_1_368' title='bbox 1951 1566 2031 1604; x_wconf 87' lang='lat' dir='ltr'><strong>quod</strong></span> <span class='ocrx_word' id='word_1_369' title='bbox 2055 1568 2176 1605; x_wconf 79' lang='lat' dir='ltr'><strong>proprie</strong></span> 
     </span>
     <span class='ocr_line' id='line_1_33' title="bbox 224 1607 2176 1648; baseline -0.001 -9"><span class='ocrx_word' id='word_1_370' title='bbox 224 1612 261 1639; x_wconf 83' lang='lat' dir='ltr'><strong>sit</strong></span> <span class='ocrx_word' id='word_1_371' title='bbox 284 1611 313 1639; x_wconf 86' lang='lat' dir='ltr'><strong>in</strong></span> <span class='ocrx_word' id='word_1_372' title='bbox 335 1610 412 1638; x_wconf 86' lang='lat' dir='ltr'><strong>idem</strong></span> <span class='ocrx_word' id='word_1_373' title='bbox 436 1620 580 1648; x_wconf 81' lang='lat' dir='ltr'><strong>pascuum</strong></span> <span class='ocrx_word' id='word_1_374' title='bbox 604 1618 708 1646; x_wconf 85' lang='lat' dir='ltr'><strong>cogere</strong></span> <span class='ocrx_word' id='word_1_375' title='bbox 731 1608 886 1643; x_wconf 75' lang='lat' dir='ltr'><strong>animalia,</strong></span> <span class='ocrx_word' id='word_1_376' title='bbox 925 1612 954 1635; x_wconf 91' lang='lat' dir='ltr'><strong>et</strong></span> <span class='ocrx_word' id='word_1_377' title='bbox 978 1607 1173 1646; x_wconf 73' lang='lat' dir='ltr'><strong>compellere,</strong></span> <span class='ocrx_word' id='word_1_378' title='bbox 1209 1609 1255 1636; x_wconf 91' lang='lat' dir='ltr'><strong>cui</strong></span> <span class='ocrx_word' id='word_1_379' title='bbox 1279 1609 1464 1636; x_wconf 71' lang='lat' dir='ltr'><strong>contrarium</strong></span> <span class='ocrx_word' id='word_1_380' title='bbox 1486 1608 1669 1646; x_wconf 80' lang='lat' dir='ltr'><strong>dispescere,</strong></span> <span class='ocrx_word' id='word_1_381' title='bbox 1704 1608 1754 1636; x_wconf 82' lang='lat' dir='ltr'><strong>sed</strong></span> <span class='ocrx_word' id='word_1_382' title='bbox 1777 1618 1902 1646; x_wconf 86' lang='lat' dir='ltr'><strong>pascere</strong></span> <span class='ocrx_word' id='word_1_383' title='bbox 1924 1609 2099 1647; x_wconf 81' lang='lat' dir='ltr'><strong>simpliciter</strong></span> <span class='ocrx_word' id='word_1_384' title='bbox 2120 1619 2176 1648; x_wconf 90' lang='lat' dir='ltr'><strong>pro</strong></span> 
     </span>
     <span class='ocr_line' id='line_1_34' title="bbox 224 1648 2177 1691; baseline -0.001 -10"><span class='ocrx_word' id='word_1_385' title='bbox 224 1663 359 1682; x_wconf 88' lang='lat' dir='ltr'><strong>coercere</strong></span> <span class='ocrx_word' id='word_1_386' title='bbox 380 1653 546 1680; x_wconf 83' lang='lat' dir='ltr'><strong>inauditum</strong></span> <span class='ocrx_word' id='word_1_387' title='bbox 571 1656 622 1679; x_wconf 84' lang='lat' dir='ltr'><strong>est.</strong></span> <span class='ocrx_word' id='word_1_388' title='bbox 659 1651 787 1679; x_wconf 83' lang='lat' dir='ltr'><strong>Parcere</strong></span> <span class='ocrx_word' id='word_1_389' title='bbox 809 1649 939 1689; x_wconf 76' lang='lat' dir='ltr'><strong>linguam</strong></span> <span class='ocrx_word' id='word_1_390' title='bbox 964 1650 1124 1688; x_wconf 76' lang='grc' dir='ltr'><em>φείδεσθαι</em></span> <span class='ocrx_word' id='word_1_391' title='bbox 1145 1652 1199 1688; x_wconf 80' lang='grc' dir='ltr'><strong>τῆς</strong></span> <span class='ocrx_word' id='word_1_392' title='bbox 1221 1648 1355 1689; x_wconf 81' lang='grc' dir='ltr'><em>γλώσσης</em></span> <span class='ocrx_word' id='word_1_393' title='bbox 1376 1655 1492 1687; x_wconf 83' lang='lat' dir='ltr'><strong>tacere,</strong></span> <span class='ocrx_word' id='word_1_394' title='bbox 1516 1651 1666 1691; x_wconf 79' lang='lat' dir='ltr'><strong>abstinere</strong></span> <span class='ocrx_word' id='word_1_395' title='bbox 1686 1650 1827 1688; x_wconf 81' lang='lat' dir='ltr'><strong>linguam.</strong></span> <span class='ocrx_word' id='word_1_396' title='bbox 1849 1650 1936 1680; x_wconf 83' lang='lat' dir='ltr'><strong>Dac.</strong></span> <span class='ocrx_word' id='word_1_397' title='bbox 1982 1651 2098 1680; x_wconf 84' lang='lat' dir='ltr'><strong>Pescito</strong></span> <span class='ocrx_word' id='word_1_398' title='bbox 2120 1651 2177 1680; x_wconf 85' lang='lat' dir='ltr'><strong>lin-</strong></span> 
     </span>
     <span class='ocr_line' id='line_1_35' title="bbox 224 1690 2176 1735; baseline -0.001 -11"><span class='ocrx_word' id='word_1_399' title='bbox 224 1705 308 1733; x_wconf 85' lang='lat' dir='ltr'><strong>guam</strong></span> <span class='ocrx_word' id='word_1_400' title='bbox 326 1695 499 1724; x_wconf 81' lang='lat' dir='ltr'><strong>Ambrosins</strong></span> <span class='ocrx_word' id='word_1_401' title='bbox 517 1694 566 1723; x_wconf 83' lang='lat'><strong>111.</strong></span> <span class='ocrx_word' id='word_1_402' title='bbox 591 1693 626 1721; x_wconf 79' lang='lat' dir='ltr'><strong>de</strong></span> <span class='ocrx_word' id='word_1_403' title='bbox 648 1693 813 1730; x_wconf 78' lang='lat' dir='ltr'><strong>virginibus</strong></span> <span class='ocrx_word' id='word_1_404' title='bbox 835 1692 985 1720; x_wconf 79' lang='lat' dir='ltr'><strong>velandis:</strong></span> <span class='ocrx_word' id='word_1_405' title='bbox 1023 1690 1150 1721; x_wconf 70' lang='lat' dir='ltr'><strong>Gentiles</strong></span> <span class='ocrx_word' id='word_1_406' title='bbox 1177 1691 1271 1721; x_wconf 76' lang='lat' dir='ltr'><strong>idolis</strong></span> <span class='ocrx_word' id='word_1_407' title='bbox 1296 1694 1357 1721; x_wconf 83' lang='lat' dir='ltr'><strong>suis</strong></span> <span class='ocrx_word' id='word_1_408' title='bbox 1379 1694 1564 1722; x_wconf 78' lang='lat' dir='ltr'><strong>reverentiam</strong></span> <span class='ocrx_word' id='word_1_409' title='bbox 1588 1692 1714 1722; x_wconf 67' lang='lat' dir='ltr'><strong>tacendo</strong></span> <span class='ocrx_word' id='word_1_410' title='bbox 1737 1692 1874 1735; x_wconf 67' lang='lat' dir='ltr'><strong>referunt.</strong></span> <span class='ocrx_word' id='word_1_411' title='bbox 1914 1693 2000 1722; x_wconf 84' lang='lat' dir='ltr'><strong>Adde</strong></span> <span class='ocrx_word' id='word_1_412' title='bbox 2022 1694 2041 1722; x_wconf 88' lang='lat' dir='ltr'><strong>l.</strong></span> <span class='ocrx_word' id='word_1_413' title='bbox 2054 1697 2083 1726; x_wconf 86' lang='lat'><strong>5.</strong></span> <span class='ocrx_word' id='word_1_414' title='bbox 2103 1694 2176 1724; x_wconf 84' lang='lat' dir='ltr'><strong>Cod.</strong></span> 
     </span>
     <span class='ocr_line' id='line_1_36' title="bbox 225 1734 1374 1776; baseline -0.002 -10"><span class='ocrx_word' id='word_1_415' title='bbox 225 1738 261 1766; x_wconf 91' lang='lat' dir='ltr'><strong>de</strong></span> <span class='ocrx_word' id='word_1_416' title='bbox 284 1738 345 1775; x_wconf 86' lang='lat' dir='ltr'><strong>his,</strong></span> <span class='ocrx_word' id='word_1_417' title='bbox 372 1738 421 1776; x_wconf 89' lang='lat' dir='ltr'><strong>qui</strong></span> <span class='ocrx_word' id='word_1_418' title='bbox 446 1737 482 1765; x_wconf 86' lang='lat' dir='ltr'><strong>ad</strong></span> <span class='ocrx_word' id='word_1_419' title='bbox 507 1736 670 1766; x_wconf 84' lang='lat' dir='ltr'><strong>Ecclesiam</strong></span> <span class='ocrx_word' id='word_1_420' title='bbox 695 1735 886 1772; x_wconf 77' lang='lat' dir='ltr'><strong>confugiunt,</strong></span> <span class='ocrx_word' id='word_1_421' title='bbox 910 1735 959 1763; x_wconf 86' lang='lat' dir='ltr'><strong>vel</strong></span> <span class='ocrx_word' id='word_1_422' title='bbox 982 1734 1021 1763; x_wconf 88' lang='lat' dir='ltr'><strong>ibi</strong></span> <span class='ocrx_word' id='word_1_423' title='bbox 1046 1735 1223 1764; x_wconf 69' lang='lat' dir='ltr'><strong>exclamant.</strong></span> <span class='ocrx_word' id='word_1_424' title='bbox 1269 1734 1374 1765; x_wconf 77' lang='lat' dir='ltr'><strong>Goth.</strong></span> 
     </span>
    </p>

    <p class='ocr_par' dir='ltr' id='par_1_12' title="bbox 227 1776 2177 1860">
     <span class='ocr_line' id='line_1_37' title="bbox 386 1776 2177 1818; baseline -0.001 -9"><span class='ocrx_word' id='word_1_425' title='bbox 386 1779 555 1809; x_wconf 76' lang='lat' dir='ltr'><strong>Pastillu</strong></span> <span class='ocrx_word' id='word_1_426' title='bbox 564 1791 601 1808; x_wconf 88' lang='lat' dir='ltr'><strong>m.</strong></span> <span class='ocrx_word' id='word_1_427' title='bbox 645 1778 798 1806; x_wconf 79' lang='lat' dir='ltr'><strong>Pastinum</strong></span> <span class='ocrx_word' id='word_1_428' title='bbox 821 1782 850 1806; x_wconf 90' lang='lat' dir='ltr'><strong>et</strong></span> <span class='ocrx_word' id='word_1_429' title='bbox 871 1777 1008 1816; x_wconf 83' lang='lat' dir='ltr'><strong>pastillus</strong></span> <span class='ocrx_word' id='word_1_430' title='bbox 1030 1788 1046 1805; x_wconf 91' lang='lat' dir='ltr'><strong>a</strong></span> <span class='ocrx_word' id='word_1_431' title='bbox 1068 1788 1160 1816; x_wconf 83' lang='lat' dir='ltr'><strong>pane,</strong></span> <span class='ocrx_word' id='word_1_432' title='bbox 1182 1777 1356 1817; x_wconf 76' lang='lat' dir='ltr'><strong>paniculus,</strong></span> <span class='ocrx_word' id='word_1_433' title='bbox 1377 1776 1553 1816; x_wconf 72' lang='lat' dir='ltr'><strong>particillas,</strong></span> <span class='ocrx_word' id='word_1_434' title='bbox 1575 1776 1716 1817; x_wconf 77' lang='lat' dir='ltr'><strong>pastillus</strong></span> <span class='ocrx_word' id='word_1_435' title='bbox 1737 1786 1829 1816; x_wconf 87' lang='lat' dir='ltr'><strong>genus</strong></span> <span class='ocrx_word' id='word_1_436' title='bbox 1851 1777 1902 1807; x_wconf 89' lang='lat' dir='ltr'><strong>libi</strong></span> <span class='ocrx_word' id='word_1_437' title='bbox 1925 1778 2062 1818; x_wconf 76' lang='lat' dir='ltr'><strong>rqtundi,</strong></span> <span class='ocrx_word' id='word_1_438' title='bbox 2086 1789 2177 1817; x_wconf 85' lang='lat' dir='ltr'><strong>quare</strong></span> 
     </span>
     <span class='ocr_line' id='line_1_38' title="bbox 227 1818 1219 1860; baseline 0 -11"><span class='ocrx_word' id='word_1_439' title='bbox 227 1822 255 1849; x_wconf 92' lang='lat' dir='ltr'><strong>in</strong></span> <span class='ocrx_word' id='word_1_440' title='bbox 280 1822 384 1860; x_wconf 79' lang='lat' dir='ltr'><strong>glossis</strong></span> <span class='ocrx_word' id='word_1_441' title='bbox 405 1821 560 1860; x_wconf 76' lang='lat' dir='ltr'><strong>pastillus,</strong></span> <span class='ocrx_word' id='word_1_442' title='bbox 590 1819 761 1860; x_wconf 82' lang='grc' dir='ltr'>τροχισκός,</span> <span class='ocrx_word' id='word_1_443' title='bbox 791 1818 964 1860; x_wconf 71' lang='grc' dir='ltr'><strong>τροχοειδὴς</strong></span> <span class='ocrx_word' id='word_1_444' title='bbox 985 1819 1084 1859; x_wconf 67' lang='grc' dir='ltr'><strong><em>ἄρτος.</em></strong></span> <span class='ocrx_word' id='word_1_445' title='bbox 1129 1820 1219 1849; x_wconf 75' lang='lat' dir='ltr'><strong>Dac-</strong></span> 
     </span>
    </p>

    <p class='ocr_par' dir='ltr' id='par_1_13' title="bbox 386 1862 1117 1901">
     <span class='ocr_line' id='line_1_39' title="bbox 386 1862 1117 1901; baseline -0.003 -8"><span class='ocrx_word' id='word_1_446' title='bbox 386 1863 578 1893; x_wconf 81' lang='lat' dir='ltr'><strong>Passales.</strong></span> <span class='ocrx_word' id='word_1_447' title='bbox 624 1863 698 1891; x_wconf 88' lang='lat' dir='ltr'><strong>Vide</strong></span> <span class='ocrx_word' id='word_1_448' title='bbox 720 1873 811 1901; x_wconf 88' lang='lat' dir='ltr'><strong>supra</strong></span> <span class='ocrx_word' id='word_1_449' title='bbox 834 1862 984 1892; x_wconf 73' lang='lat' dir='ltr'><strong>Pascales.</strong></span> <span class='ocrx_word' id='word_1_450' title='bbox 1029 1863 1117 1892; x_wconf 80' lang='lat' dir='ltr'><strong>Duc.</strong></span> 
     </span>
    </p>

    <p class='ocr_par' dir='ltr' id='par_1_14' title="bbox 228 1902 2178 1988">
     <span class='ocr_line' id='line_1_40' title="bbox 389 1902 2178 1944; baseline 0 -10"><span class='ocrx_word' id='word_1_451' title='bbox 389 1905 592 1936; x_wconf 80' lang='lat' dir='ltr'><strong>Pliascola.</strong></span> <span class='ocrx_word' id='word_1_452' title='bbox 640 1905 722 1943; x_wconf 81' lang='lat' dir='ltr'><strong>Quas</strong></span> <span class='ocrx_word' id='word_1_453' title='bbox 743 1904 849 1944; x_wconf 76' lang='lat' dir='ltr'><strong>vulgus</strong></span> <span class='ocrx_word' id='word_1_454' title='bbox 867 1916 954 1943; x_wconf 81' lang='lat' dir='ltr'><strong>peras</strong></span> <span class='ocrx_word' id='word_1_455' title='bbox 975 1913 1072 1934; x_wconf 69' lang='lat' dir='ltr'><strong>vocat.</strong></span> <span class='ocrx_word' id='word_1_456' title='bbox 1107 1905 1243 1943; x_wconf 73' lang='lat' dir='ltr'><strong>Optime,</strong></span> <span class='ocrx_word' id='word_1_457' title='bbox 1266 1913 1331 1932; x_wconf 89' lang='lat' dir='ltr'><strong>nam</strong></span> <span class='ocrx_word' id='word_1_458' title='bbox 1357 1904 1504 1932; x_wconf 86' lang='lat' dir='ltr'><strong>Graecum</strong></span> <span class='ocrx_word' id='word_1_459' title='bbox 1527 1909 1571 1932; x_wconf 83' lang='lat' dir='ltr'><strong>est</strong></span> <span class='ocrx_word' id='word_1_460' title='bbox 1593 1902 1773 1941; x_wconf 73' lang='grc' dir='ltr'><strong><em>φύσκωλον,</em></strong></span> <span class='ocrx_word' id='word_1_461' title='bbox 1796 1904 1876 1942; x_wconf 90' lang='lat' dir='ltr'><strong>quod</strong></span> <span class='ocrx_word' id='word_1_462' title='bbox 1899 1903 2066 1943; x_wconf 72' lang='lat' dir='ltr'><strong>Hesychius</strong></span> <span class='ocrx_word' id='word_1_463' title='bbox 2087 1905 2178 1934; x_wconf 79' lang='lat' dir='ltr'><strong>imer-</strong></span> 
     </span>
     <span class='ocr_line' id='line_1_41' title="bbox 228 1945 2178 1988; baseline 0.003 -16"><span class='ocrx_word' id='word_1_464' title='bbox 228 1950 362 1983; x_wconf 51' lang='lat' dir='ltr'><strong>¹pretatur</strong></span> <span class='ocrx_word' id='word_1_465' title='bbox 377 1947 573 1988; x_wconf 64' lang='lat' dir='ltr'><strong>Blarsupium.</strong></span> <span class='ocrx_word' id='word_1_466' title='bbox 588 1947 676 1977; x_wconf 79' lang='lat' dir='ltr'><strong>Duc.</strong></span> <span class='ocrx_word' id='word_1_467' title='bbox 701 1946 857 1977; x_wconf 68' lang='lat' dir='ltr'><strong>Phaseola.</strong></span> <span class='ocrx_word' id='word_1_468' title='bbox 880 1947 1019 1982; x_wconf 74' lang='lat' dir='ltr'><strong>Pascola,</strong></span> <span class='ocrx_word' id='word_1_469' title='bbox 1042 1947 1091 1976; x_wconf 86' lang='lat' dir='ltr'><strong>alii</strong></span> <span class='ocrx_word' id='word_1_470' title='bbox 1109 1946 1249 1983; x_wconf 67' lang='lat' dir='ltr'><strong>Pasiola,</strong></span> <span class='ocrx_word' id='word_1_471' title='bbox 1272 1947 1324 1975; x_wconf 75' lang='lat' dir='ltr'><strong>alii</strong></span> <span class='ocrx_word' id='word_1_472' title='bbox 1339 1945 1491 1975; x_wconf 77' lang='lat' dir='ltr'><strong>Phacella.</strong></span> <span class='ocrx_word' id='word_1_473' title='bbox 1510 1945 1615 1975; x_wconf 73' lang='lat' dir='ltr'><strong>Goth.</strong></span> <span class='ocrx_word' id='word_1_474' title='bbox 1638 1945 1756 1975; x_wconf 64' lang='lat' dir='ltr'><strong>Panas.</strong></span> <span class='ocrx_word' id='word_1_475' title='bbox 1780 1947 1873 1976; x_wconf 84' lang='lat' dir='ltr'><strong>Penas</strong></span> <span class='ocrx_word' id='word_1_476' title='bbox 1887 1947 1935 1975; x_wconf 88' lang='lat' dir='ltr'><strong>vel</strong></span> <span class='ocrx_word' id='word_1_477' title='bbox 1951 1957 2045 1986; x_wconf 79' lang='lat' dir='ltr'><strong>peras.</strong></span> <span class='ocrx_word' id='word_1_478' title='bbox 2068 1945 2178 1977; x_wconf 79' lang='lat' dir='ltr'><strong>Idem.</strong></span> 
     </span>
    </p>

    <p class='ocr_par' dir='ltr' id='par_1_15' title="bbox 229 1988 2178 2326">
     <span class='ocr_line' id='line_1_42' title="bbox 393 1988 2178 2027; baseline 0.001 -11"><span class='ocrx_word' id='word_1_479' title='bbox 393 1988 592 2019; x_wconf 74' lang='lat' dir='ltr'><strong>Praetoria</strong></span> <span class='ocrx_word' id='word_1_480' title='bbox 615 1989 760 2020; x_wconf 78' lang='lat' dir='ltr'><strong>cohors.</strong></span> <span class='ocrx_word' id='word_1_481' title='bbox 803 1990 892 2018; x_wconf 84' lang='lat' dir='ltr'><strong>Initio</strong></span> <span class='ocrx_word' id='word_1_482' title='bbox 916 1991 1072 2019; x_wconf 76' lang='lat' dir='ltr'><strong>Praetores</strong></span> <span class='ocrx_word' id='word_1_483' title='bbox 1095 1994 1193 2024; x_wconf 79' lang='lat' dir='ltr'><strong>erant,</strong></span> <span class='ocrx_word' id='word_1_484' title='bbox 1217 1989 1267 2027; x_wconf 87' lang='lat' dir='ltr'><strong>qui</strong></span> <span class='ocrx_word' id='word_1_485' title='bbox 1290 1989 1399 2018; x_wconf 80' lang='lat' dir='ltr'><strong>deinde</strong></span> <span class='ocrx_word' id='word_1_486' title='bbox 1422 1989 1569 2018; x_wconf 83' lang='lat' dir='ltr'><strong>consules.</strong></span> <span class='ocrx_word' id='word_1_487' title='bbox 1612 1989 1636 2018; x_wconf 93' lang='lat' dir='ltr'><strong>Ii</strong></span> <span class='ocrx_word' id='word_1_488' title='bbox 1661 1989 1738 2018; x_wconf 83' lang='lat' dir='ltr'><strong>bella</strong></span> <span class='ocrx_word' id='word_1_489' title='bbox 1760 1989 2008 2018; x_wconf 82' lang='lat' dir='ltr'><strong>administrabant</strong></span> <span class='ocrx_word' id='word_1_490' title='bbox 2030 1994 2060 2018; x_wconf 83' lang='lat' dir='ltr'><strong>et</strong></span> <span class='ocrx_word' id='word_1_491' title='bbox 2082 1990 2121 2018; x_wconf 76' lang='lat' dir='ltr'><strong>ab</strong></span> <span class='ocrx_word' id='word_1_492' title='bbox 2141 1990 2178 2018; x_wconf 80' lang='lat' dir='ltr'><strong>iis</strong></span> 
     </span>
     <span class='ocr_line' id='line_1_43' title="bbox 230 2027 2177 2072; baseline 0.002 -14"><span class='ocrx_word' id='word_1_493' title='bbox 230 2027 380 2058; x_wconf 67' lang='lat' dir='ltr'><strong>Praetoria</strong></span> <span class='ocrx_word' id='word_1_494' title='bbox 403 2030 520 2068; x_wconf 76' lang='lat' dir='ltr'><strong>cohor-s,</strong></span> <span class='ocrx_word' id='word_1_495' title='bbox 544 2043 618 2070; x_wconf 87' lang='lat' dir='ltr'><strong>quae</strong></span> <span class='ocrx_word' id='word_1_496' title='bbox 641 2033 679 2061; x_wconf 86' lang='lat' dir='ltr'><strong>ad</strong></span> <span class='ocrx_word' id='word_1_497' title='bbox 700 2037 872 2071; x_wconf 85' lang='lat' dir='ltr'><strong>praetorum</strong></span> <span class='ocrx_word' id='word_1_498' title='bbox 895 2033 1034 2061; x_wconf 79' lang='lat' dir='ltr'><strong>tutelam:</strong></span> <span class='ocrx_word' id='word_1_499' title='bbox 1056 2040 1145 2072; x_wconf 78' lang='lat' dir='ltr'><strong>porta</strong></span> <span class='ocrx_word' id='word_1_500' title='bbox 1162 2031 1315 2061; x_wconf 73' lang='lat' dir='ltr'><strong>Praetoria</strong></span> <span class='ocrx_word' id='word_1_501' title='bbox 1335 2032 1368 2060; x_wconf 84' lang='lat' dir='ltr'><strong>in</strong></span> <span class='ocrx_word' id='word_1_502' title='bbox 1393 2033 1512 2069; x_wconf 81' lang='lat' dir='ltr'><strong>castris,</strong></span> <span class='ocrx_word' id='word_1_503' title='bbox 1536 2042 1614 2070; x_wconf 85' lang='lat' dir='ltr'><strong>quae</strong></span> <span class='ocrx_word' id='word_1_504' title='bbox 1628 2032 1812 2060; x_wconf 82' lang='lat' dir='ltr'><strong>Praetorium</strong></span> <span class='ocrx_word' id='word_1_505' title='bbox 1837 2032 2006 2071; x_wconf 78' lang='lat' dir='ltr'><strong>spectabat,</strong></span> <span class='ocrx_word' id='word_1_506' title='bbox 2031 2037 2059 2060; x_wconf 82' lang='lat' dir='ltr'><strong>et</strong></span> <span class='ocrx_word' id='word_1_507' title='bbox 2080 2034 2177 2071; x_wconf 84' lang='lat' dir='ltr'><strong>ipsum</strong></span> 
     </span>
     <span class='ocr_line' id='line_1_44' title="bbox 229 2069 2176 2114; baseline 0.002 -15"><span class='ocrx_word' id='word_1_508' title='bbox 229 2069 409 2099; x_wconf 78' lang='lat' dir='ltr'><strong>Praetorium</strong></span> <span class='ocrx_word' id='word_1_509' title='bbox 435 2073 580 2103; x_wconf 79' lang='lat' dir='ltr'><strong>Praetoris</strong></span> <span class='ocrx_word' id='word_1_510' title='bbox 604 2075 829 2104; x_wconf 86' lang='lat' dir='ltr'><strong>tabernaculum</strong></span> <span class='ocrx_word' id='word_1_511' title='bbox 853 2076 983 2111; x_wconf 78' lang='lat' dir='ltr'><strong>dictum,</strong></span> <span class='ocrx_word' id='word_1_512' title='bbox 1018 2085 1093 2114; x_wconf 80' lang='lat' dir='ltr'><strong>quae</strong></span> <span class='ocrx_word' id='word_1_513' title='bbox 1117 2075 1233 2104; x_wconf 85' lang='lat' dir='ltr'><strong>nomina</strong></span> <span class='ocrx_word' id='word_1_514' title='bbox 1258 2080 1326 2113; x_wconf 78' lang='lat' dir='ltr'><strong>post</strong></span> <span class='ocrx_word' id='word_1_515' title='bbox 1348 2075 1478 2103; x_wconf 85' lang='lat' dir='ltr'><strong>deletum</strong></span> <span class='ocrx_word' id='word_1_516' title='bbox 1501 2075 1595 2113; x_wconf 84' lang='lat' dir='ltr'><strong>ipsum</strong></span> <span class='ocrx_word' id='word_1_517' title='bbox 1611 2075 1782 2103; x_wconf 74' lang='lat' dir='ltr'><strong>praetorum</strong></span> <span class='ocrx_word' id='word_1_518' title='bbox 1806 2085 1912 2103; x_wconf 85' lang='lat' dir='ltr'><strong>nomen</strong></span> <span class='ocrx_word' id='word_1_519' title='bbox 1935 2080 2094 2113; x_wconf 68' lang='lat' dir='ltr'><strong>usurpata,</strong></span> <span class='ocrx_word' id='word_1_520' title='bbox 2122 2075 2176 2104; x_wconf 71' lang='lat' dir='ltr'><strong>sub</strong></span> 
     </span>
     <span class='ocr_line' id='line_1_45' title="bbox 231 2112 2177 2157; baseline 0.003 -17"><span class='ocrx_word' id='word_1_521' title='bbox 231 2112 403 2140; x_wconf 81' lang='lat' dir='ltr'><strong>consulibus</strong></span> <span class='ocrx_word' id='word_1_522' title='bbox 426 2115 538 2144; x_wconf 79' lang='lat' dir='ltr'><strong>scilicet.</strong></span> <span class='ocrx_word' id='word_1_523' title='bbox 559 2122 588 2145; x_wconf 86' lang='lat' dir='ltr'><strong>et</strong></span> <span class='ocrx_word' id='word_1_524' title='bbox 609 2118 852 2156; x_wconf 77' lang='lat' dir='ltr'><strong>imperatoribus.</strong></span> <span class='ocrx_word' id='word_1_525' title='bbox 898 2119 943 2146; x_wconf 79' lang='lat' dir='ltr'><strong>Ad</strong></span> <span class='ocrx_word' id='word_1_526' title='bbox 967 2118 1136 2157; x_wconf 77' lang='lat' dir='ltr'><strong>exemplum</strong></span> <span class='ocrx_word' id='word_1_527' title='bbox 1161 2118 1328 2156; x_wconf 81' lang='lat' dir='ltr'><strong>praetoriae</strong></span> <span class='ocrx_word' id='word_1_528' title='bbox 1353 2117 1502 2154; x_wconf 77' lang='lat' dir='ltr'><strong>cohortis,</strong></span> <span class='ocrx_word' id='word_1_529' title='bbox 1537 2127 1613 2155; x_wconf 84' lang='lat' dir='ltr'><strong>quae</strong></span> <span class='ocrx_word' id='word_1_530' title='bbox 1634 2117 1666 2145; x_wconf 86' lang='lat' dir='ltr'><strong>in</strong></span> <span class='ocrx_word' id='word_1_531' title='bbox 1689 2117 1822 2146; x_wconf 85' lang='lat' dir='ltr'><strong>exercitu</strong></span> <span class='ocrx_word' id='word_1_532' title='bbox 1846 2118 1883 2146; x_wconf 89' lang='lat' dir='ltr'><strong>ad</strong></span> <span class='ocrx_word' id='word_1_533' title='bbox 1905 2117 2029 2147; x_wconf 79' lang='lat' dir='ltr'><strong>tutelam</strong></span> <span class='ocrx_word' id='word_1_534' title='bbox 2051 2119 2177 2156; x_wconf 81' lang='lat' dir='ltr'><strong>impera-</strong></span> 
     </span>
     <span class='ocr_line' id='line_1_46' title="bbox 230 2155 2176 2200; baseline 0.003 -18"><span class='ocrx_word' id='word_1_535' title='bbox 230 2155 317 2189; x_wconf 82' lang='lat' dir='ltr'><strong>toris,</strong></span> <span class='ocrx_word' id='word_1_536' title='bbox 340 2156 491 2192; x_wconf 75' lang='lat' dir='ltr'><strong>Augustus</strong></span> <span class='ocrx_word' id='word_1_537' title='bbox 514 2168 618 2186; x_wconf 90' lang='lat' dir='ltr'><strong>novem</strong></span> <span class='ocrx_word' id='word_1_538' title='bbox 636 2161 894 2189; x_wconf 74' lang='lat' dir='ltr'><strong>Praetorianorum</strong></span> <span class='ocrx_word' id='word_1_539' title='bbox 919 2160 1057 2189; x_wconf 84' lang='lat' dir='ltr'><strong>cohortes</strong></span> <span class='ocrx_word' id='word_1_540' title='bbox 1080 2161 1166 2195; x_wconf 82' lang='lat' dir='ltr'><strong>fecit,</strong></span> <span class='ocrx_word' id='word_1_541' title='bbox 1191 2171 1265 2198; x_wconf 82' lang='lat' dir='ltr'><strong>quae</strong></span> <span class='ocrx_word' id='word_1_542' title='bbox 1289 2165 1318 2188; x_wconf 92' lang='lat' dir='ltr'><strong>et</strong></span> <span class='ocrx_word' id='word_1_543' title='bbox 1339 2166 1441 2199; x_wconf 83' lang='lat' dir='ltr'><strong>postea</strong></span> <span class='ocrx_word' id='word_1_544' title='bbox 1465 2164 1568 2188; x_wconf 86' lang='lat' dir='ltr'><strong>auctae</strong></span> <span class='ocrx_word' id='word_1_545' title='bbox 1590 2165 1668 2188; x_wconf 80' lang='lat' dir='ltr'><strong>sunt.</strong></span> <span class='ocrx_word' id='word_1_546' title='bbox 1686 2159 1774 2188; x_wconf 80' lang='lat' dir='ltr'><strong>Dae.</strong></span> <span class='ocrx_word' id='word_1_547' title='bbox 1807 2158 1897 2188; x_wconf 76' lang='lat' dir='ltr'><strong>Initio</strong></span> <span class='ocrx_word' id='word_1_548' title='bbox 1916 2167 2064 2200; x_wconf 74' lang='lat' dir='ltr'><strong>praetores</strong></span> <span class='ocrx_word' id='word_1_549' title='bbox 2084 2167 2176 2197; x_wconf 77' lang='lat' dir='ltr'><strong>erant,</strong></span> 
     </span>
     <span class='ocr_line' id='line_1_47' title="bbox 231 2197 2176 2241; baseline 0.003 -17"><span class='ocrx_word' id='word_1_550' title='bbox 231 2197 282 2236; x_wconf 83' lang='lat' dir='ltr'><strong>qui</strong></span> <span class='ocrx_word' id='word_1_551' title='bbox 304 2208 380 2226; x_wconf 82' lang='lat' dir='ltr'><strong>nunc</strong></span> <span class='ocrx_word' id='word_1_552' title='bbox 403 2197 541 2226; x_wconf 77' lang='lat' dir='ltr'><strong>consules.</strong></span> <span class='ocrx_word' id='word_1_553' title='bbox 572 2201 656 2229; x_wconf 80' lang='lat' dir='ltr'><strong>Adde</strong></span> <span class='ocrx_word' id='word_1_554' title='bbox 680 2203 794 2231; x_wconf 81' lang='lat' dir='ltr'><strong>Novell.</strong></span> <span class='ocrx_word' id='word_1_555' title='bbox 813 2203 863 2234; x_wconf 79' lang='lat'><strong>24.</strong></span> <span class='ocrx_word' id='word_1_556' title='bbox 889 2208 919 2231; x_wconf 87' lang='lat' dir='ltr'><strong>et</strong></span> <span class='ocrx_word' id='word_1_557' title='bbox 941 2205 992 2235; x_wconf 72' lang='lat'><strong>25.</strong></span> <span class='ocrx_word' id='word_1_558' title='bbox 1019 2203 1113 2231; x_wconf 83' lang='lat' dir='ltr'><strong>Varro</strong></span> <span class='ocrx_word' id='word_1_559' title='bbox 1133 2203 1184 2232; x_wconf 84' lang='lat' dir='ltr'><strong>lv.</strong></span> <span class='ocrx_word' id='word_1_560' title='bbox 1206 2203 1244 2231; x_wconf 86' lang='lat' dir='ltr'><strong>de</strong></span> <span class='ocrx_word' id='word_1_561' title='bbox 1266 2204 1296 2231; x_wconf 93' lang='lat' dir='ltr'><strong>L.</strong></span> <span class='ocrx_word' id='word_1_562' title='bbox 1316 2203 1347 2231; x_wconf 90' lang='lat' dir='ltr'><strong>L.</strong></span> <span class='ocrx_word' id='word_1_563' title='bbox 1371 2207 1452 2241; x_wconf 86' lang='lat' dir='ltr'><strong>(pag.</strong></span> <span class='ocrx_word' id='word_1_564' title='bbox 1466 2205 1515 2234; x_wconf 83' lang='lat'><strong>86.</strong></span> <span class='ocrx_word' id='word_1_565' title='bbox 1533 2212 1599 2240; x_wconf 88' lang='lat' dir='ltr'><strong>pag.</strong></span> <span class='ocrx_word' id='word_1_566' title='bbox 1612 2205 1664 2233; x_wconf 85' lang='lat'><strong>90.</strong></span> <span class='ocrx_word' id='word_1_567' title='bbox 1679 2203 1753 2240; x_wconf 86' lang='lat' dir='ltr'><strong>Sp.).</strong></span> <span class='ocrx_word' id='word_1_568' title='bbox 1780 2200 1886 2231; x_wconf 76' lang='lat' dir='ltr'><strong>Goth.</strong></span> <span class='ocrx_word' id='word_1_569' title='bbox 1925 2201 2056 2240; x_wconf 72' lang='lat' dir='ltr'><strong>Quorum</strong></span> <span class='ocrx_word' id='word_1_570' title='bbox 2080 2201 2176 2231; x_wconf 67' lang='lat' dir='ltr'><strong>taber·</strong></span> 
     </span>
     <span class='ocr_line' id='line_1_48' title="bbox 232 2237 2176 2284; baseline 0.001 -13"><span class='ocrx_word' id='word_1_571' title='bbox 232 2237 368 2267; x_wconf 68' lang='lat' dir='ltr'><strong>naculum</strong></span> <span class='ocrx_word' id='word_1_572' title='bbox 387 2238 568 2267; x_wconf 79' lang='lat' dir='ltr'><strong>Praetor-ium</strong></span> <span class='ocrx_word' id='word_1_573' title='bbox 593 2242 611 2268; x_wconf 80' lang='lat' dir='ltr'><strong>l.</strong></span> <span class='ocrx_word' id='word_1_574' title='bbox 625 2245 674 2271; x_wconf 80' lang='lat'><strong>31.</strong></span> <span class='ocrx_word' id='word_1_575' title='bbox 699 2245 772 2272; x_wconf 87' lang='lat' dir='ltr'><strong>Cod.</strong></span> <span class='ocrx_word' id='word_1_576' title='bbox 795 2245 830 2273; x_wconf 84' lang='lat' dir='ltr'><strong>de</strong></span> <span class='ocrx_word' id='word_1_577' title='bbox 854 2246 994 2284; x_wconf 86' lang='lat' dir='ltr'><strong>Episcop.</strong></span> <span class='ocrx_word' id='word_1_578' title='bbox 1016 2246 1036 2274; x_wconf 92' lang='lat' dir='ltr'><strong>l.</strong></span> <span class='ocrx_word' id='word_1_579' title='bbox 1059 2246 1172 2284; x_wconf 86' lang='lat' dir='ltr'><strong>penult.</strong></span> <span class='ocrx_word' id='word_1_580' title='bbox 1190 2246 1261 2274; x_wconf 80' lang='lat' dir='ltr'><strong>cod.</strong></span> <span class='ocrx_word' id='word_1_581' title='bbox 1284 2245 1322 2273; x_wconf 86' lang='lat' dir='ltr'><strong>de</strong></span> <span class='ocrx_word' id='word_1_582' title='bbox 1344 2245 1393 2273; x_wconf 71' lang='lat' dir='ltr'><strong>ofl&#39;.</strong></span> <span class='ocrx_word' id='word_1_583' title='bbox 1416 2250 1488 2274; x_wconf 83' lang='lat' dir='ltr'><strong>rect.</strong></span> <span class='ocrx_word' id='word_1_584' title='bbox 1513 2245 1647 2282; x_wconf 80' lang='lat' dir='ltr'><strong>provinc.</strong></span> <span class='ocrx_word' id='word_1_585' title='bbox 1671 2245 1689 2272; x_wconf 90' lang='lat' dir='ltr'><strong>l.</strong></span> <span class='ocrx_word' id='word_1_586' title='bbox 1703 2247 1731 2275; x_wconf 86' lang='lat'><strong>3.</strong></span> <span class='ocrx_word' id='word_1_587' title='bbox 1757 2244 1830 2274; x_wconf 85' lang='lat' dir='ltr'><strong>cod.</strong></span> <span class='ocrx_word' id='word_1_588' title='bbox 1854 2245 1890 2273; x_wconf 88' lang='lat' dir='ltr'><strong>de</strong></span> <span class='ocrx_word' id='word_1_589' title='bbox 1913 2244 2056 2283; x_wconf 84' lang='lat' dir='ltr'><strong>operibus</strong></span> <span class='ocrx_word' id='word_1_590' title='bbox 2078 2244 2176 2284; x_wconf 85' lang='lat' dir='ltr'><strong>publi·</strong></span> 
     </span>
     <span class='ocr_line' id='line_1_49' title="bbox 232 2281 2132 2326; baseline 0.004 -18"><span class='ocrx_word' id='word_1_591' title='bbox 232 2281 283 2309; x_wconf 86' lang='lat' dir='ltr'><strong>cis.</strong></span> <span class='ocrx_word' id='word_1_592' title='bbox 304 2281 365 2312; x_wconf 81' lang='grc'>1.3.</span> <span class='ocrx_word' id='word_1_593' title='bbox 390 2281 461 2309; x_wconf 87' lang='lat' dir='ltr'><strong>Cod.</strong></span> <span class='ocrx_word' id='word_1_594' title='bbox 485 2282 520 2309; x_wconf 88' lang='lat' dir='ltr'><strong>de</strong></span> <span class='ocrx_word' id='word_1_595' title='bbox 545 2282 666 2311; x_wconf 78' lang='lat' dir='ltr'><strong>Metatis.</strong></span> <span class='ocrx_word' id='word_1_596' title='bbox 690 2285 708 2312; x_wconf 83' lang='lat'><strong>1.</strong></span> <span class='ocrx_word' id='word_1_597' title='bbox 731 2287 784 2314; x_wconf 83' lang='lat' dir='ltr'><strong>ult.</strong></span> <span class='ocrx_word' id='word_1_598' title='bbox 809 2288 880 2316; x_wconf 88' lang='lat' dir='ltr'><strong>Cod.</strong></span> <span class='ocrx_word' id='word_1_599' title='bbox 904 2287 1053 2318; x_wconf 83' lang='lat' dir='ltr'><strong>Theodos.</strong></span> <span class='ocrx_word' id='word_1_600' title='bbox 1077 2288 1113 2316; x_wconf 89' lang='lat' dir='ltr'><strong>de</strong></span> <span class='ocrx_word' id='word_1_601' title='bbox 1136 2287 1236 2317; x_wconf 83' lang='lat' dir='ltr'><strong>officio</strong></span> <span class='ocrx_word' id='word_1_602' title='bbox 1261 2290 1391 2316; x_wconf 84' lang='lat' dir='ltr'><strong>omnium</strong></span> <span class='ocrx_word' id='word_1_603' title='bbox 1414 2287 1558 2316; x_wconf 80' lang='lat' dir='ltr'><strong>iudicum.</strong></span> <span class='ocrx_word' id='word_1_604' title='bbox 1596 2287 1742 2326; x_wconf 83' lang='lat' dir='ltr'><strong>Vopiscus</strong></span> <span class='ocrx_word' id='word_1_605' title='bbox 1763 2287 1794 2315; x_wconf 89' lang='lat' dir='ltr'><strong>in</strong></span> <span class='ocrx_word' id='word_1_606' title='bbox 1815 2287 1980 2317; x_wconf 78' lang='lat' dir='ltr'><strong>Aureliano.</strong></span> <span class='ocrx_word' id='word_1_607' title='bbox 2024 2285 2132 2316; x_wconf 79' lang='lat' dir='ltr'><strong>Idem.</strong></span> 
     </span>
    </p>

    <p class='ocr_par' dir='ltr' id='par_1_16' title="bbox 394 2321 974 2359">
     <span class='ocr_line' id='line_1_50' title="bbox 394 2321 974 2359; baseline 0.012 -9"><span class='ocrx_word' id='word_1_608' title='bbox 394 2321 576 2351; x_wconf 79' lang='lat' dir='ltr'><strong>Prorsum.</strong></span> <span class='ocrx_word' id='word_1_609' title='bbox 621 2325 694 2352; x_wconf 85' lang='lat' dir='ltr'><strong>Vide</strong></span> <span class='ocrx_word' id='word_1_610' title='bbox 712 2326 843 2356; x_wconf 77' lang='lat' dir='ltr'><strong>Prorsus.</strong></span> <span class='ocrx_word' id='word_1_611' title='bbox 887 2329 974 2359; x_wconf 76' lang='lat' dir='ltr'><strong>Duc.</strong></span> 
     </span>
    </p>

    <p class='ocr_par' dir='ltr' id='par_1_17' title="bbox 233 2363 2174 2453">
     <span class='ocr_line' id='line_1_51' title="bbox 396 2363 2174 2409; baseline -0.001 -9"><span class='ocrx_word' id='word_1_612' title='bbox 396 2363 609 2394; x_wconf 65' lang='lat' dir='ltr'><strong>Prandium·</strong></span> <span class='ocrx_word' id='word_1_613' title='bbox 655 2367 677 2393; x_wconf 77' lang='grc' dir='ltr'><strong>Α</strong></span> <span class='ocrx_word' id='word_1_614' title='bbox 701 2368 815 2397; x_wconf 79' lang='lat' dir='ltr'><strong>Graeco</strong></span> <span class='ocrx_word' id='word_1_615' title='bbox 837 2369 944 2409; x_wconf 80' lang='grc' dir='ltr'><em>πρώην</em></span> <span class='ocrx_word' id='word_1_616' title='bbox 967 2383 1005 2400; x_wconf 82' lang='lat' dir='ltr'><strong>ex</strong></span> <span class='ocrx_word' id='word_1_617' title='bbox 1027 2372 1198 2402; x_wconf 87' lang='lat' dir='ltr'><strong>Plutarcho.</strong></span> <span class='ocrx_word' id='word_1_618' title='bbox 1228 2372 1329 2401; x_wconf 68' lang='grc' dir='ltr'><em>δυσὶ.</em></span> <span class='ocrx_word' id='word_1_619' title='bbox 1375 2372 1483 2401; x_wconf 85' lang='lat' dir='ltr'><strong>Vocem</strong></span> <span class='ocrx_word' id='word_1_620' title='bbox 1508 2373 1667 2408; x_wconf 80' lang='lat' dir='ltr'><strong>Graecam,</strong></span> <span class='ocrx_word' id='word_1_621' title='bbox 1700 2380 1776 2409; x_wconf 84' lang='lat' dir='ltr'><strong>quae</strong></span> <span class='ocrx_word' id='word_1_622' title='bbox 1797 2371 1847 2400; x_wconf 89' lang='lat' dir='ltr'><strong>hic</strong></span> <span class='ocrx_word' id='word_1_623' title='bbox 1869 2371 2053 2400; x_wconf 80' lang='lat' dir='ltr'><strong>desideratur</strong></span> <span class='ocrx_word' id='word_1_624' title='bbox 2075 2369 2174 2400; x_wconf 72' lang='grc' dir='ltr'><strong><em>ἔνδιον</em></strong></span> 
     </span>
     <span class='ocr_line' id='line_1_52' title="bbox 233 2407 2173 2453; baseline 0.003 -17"><span class='ocrx_word' id='word_1_625' title='bbox 233 2416 296 2435; x_wconf 78' lang='lat' dir='ltr'><strong>esse</strong></span> <span class='ocrx_word' id='word_1_626' title='bbox 319 2407 437 2445; x_wconf 83' lang='lat' dir='ltr'><strong>putavit</strong></span> <span class='ocrx_word' id='word_1_627' title='bbox 461 2408 602 2436; x_wconf 80' lang='lat' dir='ltr'><strong>Canterus</strong></span> <span class='ocrx_word' id='word_1_628' title='bbox 627 2408 710 2437; x_wconf 84' lang='lat' dir='ltr'><strong>Varr.</strong></span> <span class='ocrx_word' id='word_1_629' title='bbox 734 2410 799 2438; x_wconf 84' lang='lat' dir='ltr'><strong>lect.</strong></span> <span class='ocrx_word' id='word_1_630' title='bbox 823 2411 934 2441; x_wconf 83' lang='lat' dir='ltr'><strong>lib.1V.</strong></span> <span class='ocrx_word' id='word_1_631' title='bbox 958 2417 1085 2452; x_wconf 50' lang='lat' dir='ltr'><strong>cap-28.</strong></span> <span class='ocrx_word' id='word_1_632' title='bbox 1111 2425 1147 2444; x_wconf 80' lang='lat' dir='ltr'><strong>ex</strong></span> <span class='ocrx_word' id='word_1_633' title='bbox 1172 2414 1329 2443; x_wconf 70' lang='lat' dir='ltr'><strong>Plutarcho</strong></span> <span class='ocrx_word' id='word_1_634' title='bbox 1352 2415 1402 2443; x_wconf 89' lang='lat' dir='ltr'><strong>lib.</strong></span> <span class='ocrx_word' id='word_1_635' title='bbox 1419 2414 1496 2444; x_wconf 87' lang='lat' dir='ltr'><strong>VlII.</strong></span> <span class='ocrx_word' id='word_1_636' title='bbox 1519 2416 1655 2453; x_wconf 76' lang='lat' dir='ltr'><strong>Sympos.</strong></span> <span class='ocrx_word' id='word_1_637' title='bbox 1680 2413 1777 2443; x_wconf 84' lang='lat' dir='ltr'><strong>Probl.</strong></span> <span class='ocrx_word' id='word_1_638' title='bbox 1798 2416 1828 2444; x_wconf 90' lang='lat'><strong>6.</strong></span> <span class='ocrx_word' id='word_1_639' title='bbox 1867 2413 1925 2442; x_wconf 90' lang='lat' dir='ltr'><strong>Sed</strong></span> <span class='ocrx_word' id='word_1_640' title='bbox 1946 2413 2064 2442; x_wconf 74' lang='lat' dir='ltr'><strong>frustra.</strong></span> <span class='ocrx_word' id='word_1_641' title='bbox 2100 2412 2173 2442; x_wconf 76' lang='lat' dir='ltr'><strong>Nam</strong></span> 
     </span>
    </p>
   </div>
  </div>
 </body>
</html>
