2263 2668
411 149 475 183 DE
501 148 776 184 VERBORUM
802 146 1191 185 SIGNlFlCATIONE
1218 148 1532 187 FRAGMENTA.
1788 151 1861 185 241

86 246 129 280 sit
150 243 355 291 supplicari.
409 243 633 277 Sonivium
660 245 865 290 tripudium,
900 247 936 276 ut
964 243 1014 276 ait
1039 242 1180 288 Appius
1207 243 1373 285 Pulcher,
1401 246 1494 288 quod
1520 250 1633 287 sonet,
1662 256 1739 279 cum
1761 246 1863 291 pullo

88 297 215 331 excidit
241 296 318 340 plus
331 295 354 336 *‚
381 295 644 339 quadrupedive
666 308 710 329 ex
736 307 807 330 ore.
862 295 995 336 Sons,
1023 306 1165 337 nocem,
1206 299 1242 327 ut
1269 306 1306 327 ex
1334 297 1510 330 contrario
1537 298 1668 338 insons,
1695 297 1863 331 innocens.
1898 305 1938 333 ‘fi
1954 306 2020 341 puls,

87 348 259 382 Sodalis
285 346 432 392 quidam
458 347 570 379 dictos
589 353 729 392 putant,
755 347 849 392 quod
875 358 940 380 una
960 346 1137 388 sederent,
1166 350 1344 391 essentque
1368 348 1422 380 alii
1446 349 1538 392 quod
1566 360 1607 382 ex
1623 360 1682 381 suo
1709 348 1863 395 dapibus

87 400 180 434 vesci
199 399 290 433 soliti
321 398 397 433 sint.
426 398 498 440 alii,
525 399 618 441 quod
646 400 730 432 inter
755 411 793 433 se
819 398 964 432 invicem
989 398 1194 438 suaderent,
1226 397 1318 440 quod
1346 399 1424 431 utile
1448 404 1542 433 esset.
1579 401 1735 444 eosdem,
1771 400 1865 446 quod

89 456 212 485 coeant
240 450 378 494 erebro,
405 460 531 494 congre
547 450 560 465 *
587 452 705 484 vocari
731 462 754 484 a
786 450 925 484 Graeco
952 450 1136 490 vocabulo,
1163 449 1256 492 quod
1285 454 1334 481 est
1359 451 1466 498 γέρῥα
1479 449 1506 484 2.

254 502 306 535 So
318 501 405 543 des,
432 502 458 534 si
485 500 605 543 audes,
634 503 680 536 uti
704 503 764 545 sis,
780 502 895 548 prosi
910 501 980 543 vis,
1008 505 1040 534 et
1067 501 1161 534 illico
1187 511 1251 544 pro
1279 501 1312 535 in
1339 500 1427 535 loco.
1455 503 1631 536 Terentius
1651 504 1686 537 in
1703 502 1865 535 Andria.-

191 553 276 587 Dic
303 552 449 594 sodes,
480 552 570 595 quis
597 553 695 587 heri
722 553 991 597 Chrysidem
1018 551 1188 587 habuit.

254 605 406 637 Surum
422 602 438 624 ³
466 603 642 647 dicebant,
679 617 719 639 ex
746 617 813 649 quo
834 616 905 650 per
931 604 1026 638 demi
1047 600 1068 653 Η
1091 603 1267 636 nationem
1293 603 1453 636 surculus
1475 603 1617 650 sactum
1648 610 1704 638 est.
1759 603 1865 650 [107]

1873 461 1905 487 ‘f.
1915 469 2038 496 congeras

89 656 232 690 Plautus
258 656 294 688 in
347 680 354 687 .
408 681 415 687 .
470 683 477 689 .
529 666 673 689 surum
707 668 789 689 non
822 661 882 689 est
921 656 1011 689 tibi.
1043 666 1165 689 surum
1193 654 1360 688 dicebant
1390 656 1513 700 palum
1546 657 1641 690 item:
1675 668 1751 690 nam
1785 656 1867 700 quia

89 706 318 752 saepiebatur
355 706 473 740 Circus
506 708 665 751 surculis,
701 708 846 754 longum
880 707 1088 753 deligebant
1114 717 1247 750 surum,
1282 710 1352 739 tum
1379 706 1554 751 poliebant
1582 708 1681 742 ascia
1736 734 1741 740 .

215 784 223 791 .
277 787 284 793 .
339 762 396 791 aut
421 758 531 791 asulae
583 784 591 791 .
645 786 652 793 .
707 785 714 792 .
770 784 777 791 .
829 759 984 792 Ennius:

193 821 301 843 unus
327 821 448 843 surus
473 822 609 844 surum
626 810 778 856 ferre,
805 815 949 844 tamen
976 809 1224 856 defendere
1251 814 1435 853 possent.

92 860 308 902 Suremit,
335 861 500 906 sumpsit.-

194 913 323 957 inque
349 924 511 946 manum
532 913 717 946 suremit
743 913 927 947 hastam.

91 964 194 997 Idem
221 964 414 1008 surempsit,
439 965 643 1009 usurpavit,
665 976 736 1010 pro
757 976 904 1010 puerum
931 963 1113 998 sustulerit.
1156 963 1334 998 Surium
1371 988 1378 995 .
1432 987 1439 994 .
1495 990 1502 996 .
1557 990 1563 996 .
1619 989 1625 995 .
1670 973 1745 996 cum
1770 962 1867 995 dixit:

91 1016 151 1061 qui
177 1016 228 1048 ita
263 1016 466 1061 appellatus
493 1021 558 1057 est,
595 1017 687 1059 quod
716 1028 791 1050 cum
823 1017 857 1049 in
883 1015 1086 1050 Academia
1109 1018 1142 1048 et
1167 1015 1276 1059 Lycio
1304 1013 1528 1047 nobilissimos
1554 1014 1643 1046 inter
1670 1014 1866 1053 excelleret,

92 1073 192 1110 atque
219 1068 264 1100 ob
291 1079 365 1100 eam
393 1078 556 1109 causam,
579 1068 895 1112 praestantissimus
922 1079 1055 1111 semper
1082 1066 1223 1100 habitus
1244 1066 1392 1112 suisset:
1419 1064 1575 1106 instituit,
1603 1076 1679 1099 cum
1706 1065 1867 1110 disputa-

91 1122 207 1160 retur,
234 1122 270 1151 ut
291 1119 426 1164 primus
451 1123 638 1152 sumeretur
664 1120 710 1160 is,
737 1120 795 1164 qui
822 1123 910 1153 esset
932 1120 1005 1164 ipso
1033 1118 1176 1163 dignior.
1205 1118 1299 1151 unde
1352 1143 1359 1150 .
1412 1142 1420 1149 .
1474 1143 1481 1150 .
1537 1141 1545 1148 .
1599 1142 1606 1149 .
1662 1143 1669 1150 .
1723 1113 1867 1162 σκύριον

92 1170 149 1205 καὶ
178 1168 298 1205 οὐκέτι
326 1167 474 1217 σύριον,
502 1171 601 1203 illum
627 1171 826 1206 nominavit.
853 1171 945 1214 quod
972 1172 998 1203 si
1025 1170 1173 1203 monitus
1200 1173 1303 1211 esset,
1331 1169 1568 1214 disputantem
1591 1179 1657 1200 non
1683 1179 1869 1212 numquam

92 1220 279 1267 refellebat
305 1221 489 1255 Socratem.
516 1233 598 1265 quas
650 1248 658 1255 .
711 1248 718 1255 .
774 1248 781 1256 .
837 1248 844 1255 .
898 1248 906 1255 .
960 1248 968 1255 .
1022 1223 1213 1255 coniecerat
1237 1221 1270 1254 in
1296 1221 1421 1254 librum
1448 1232 1472 1253 a
1497 1230 1535 1253 se
1560 1220 1740 1265 scriptum.
1769 1230 1869 1263 quem

92 1274 301 1318 inscripserat
318 1270 506 1317 Scyrium4
527 1272 570 1307 ob
592 1285 687 1315 eum,
715 1274 812 1307 cuius
834 1274 943 1319 gratia
968 1273 1004 1306 id
1030 1274 1275 1319 appellaverat
1295 1283 1390 1318 opus.
1430 1269 1692 1306 Summussi⁵
1712 1270 1871 1304 diceban-

93 1332 145 1359 tur
169 1328 456 1358 murmuratores.
503 1325 665 1369 Naevius‚
691 1325 778 1367 odi,
802 1325 907 1369 inquit
934 1325 1229 1366 Summussos,
1251 1323 1440 1370 proinde
1468 1328 1616 1368 aperte
1643 1322 1740 1357 dice
1766 1321 1872 1367 quid

92 1377 167 1418 sit,
194 1376 308 1421 quod
335 1377 472 1411 times.
525 1377 651 1411 Ennius
676 1378 710 1410 in
737 1382 828 1411 sexto
851 1377 1062 1411 Annalium:
1099 1376 1283 1424 Quintus
1309 1377 1347 1409 in
1375 1375 1548 1409 occulto
1575 1373 1813 1412 mussabat‚·
1840 1376 1872 1405 et

92 1428 222 1462 Accius
244 1428 276 1460 in
296 1427 554 1463 Andromacha:
582 1429 678 1463 dice
703 1429 789 1463 iam
816 1433 960 1463 mater
984 1440 1064 1463 non
1092 1433 1172 1463 est:
1199 1432 1316 1462 narn*
1337 1439 1520 1461 mussare
1547 1427 1648 1460 sine.
1703 1424 1873 1460 Caecilius
1912 1431 1945 1456 Ὗ.
1964 1431 2013 1456 iam

92 1481 126 1514 in
144 1476 493 1529 Agnorizomene*:{}
1883 1482 2048 1522 ⁸f3Anagno-

197 1532 308 1575 quod
335 1537 476 1576 potes,
512 1531 609 1575 sile,
642 1532 753 1574 cela,
789 1533 980 1574 occulta,
1013 1536 1132 1577 tege,
1166 1535 1283 1572 tace,
1319 1540 1474 1572 mussa,
1507 1540 1641 1562 mane:
1765 1524 1871 1572 [108]
1904 1524 2031 1543 rizomene

95 1583 208 1623 Sum,
244 1595 306 1627 pro
334 1595 410 1617 eum
437 1595 512 1617 usus
539 1589 586 1616 est
605 1584 730 1616 Ennius
756 1583 816 1618 lib.
837 1584 881 1616 l.:

197 1636 248 1667 At
274 1639 316 1667 tu
342 1645 422 1667 non
447 1639 490 1667 ut
515 1645 601 1667 sum
628 1639 808 1668 summa*
835 1645 1004 1668 servare
1032 1633 1157 1668 decet
1184 1645 1276 1666 rem.
1885 1634 2048 1660 *Esummarn

98 1690 131 1718 et
156 1685 212 1718 lib.
233 1685 276 1717 11.
286 1696 294 1718 :

199 1736 252 1769 At
276 1749 316 1769 se
340 1748 381 1769 se
407 1747 493 1769 sum
520 1747 626 1779 quae
653 1736 835 1770 dederat
861 1738 900 1770 in
927 1737 1099 1770 luminis
1126 1748 1230 1770 oras.

99 1787 196 1821 Sollo
220 1786 309 1821 Osce
336 1787 454 1821 dicitur
478 1787 531 1830 id,
572 1788 664 1831 quod
691 1800 751 1822 nos
777 1794 884 1822 totum
911 1800 1079 1823 vocamus,
1131 1788 1298 1822 Lucilius:

201 1843 343 1872 suasa*
371 1850 538 1883 quoque
564 1839 730 1873 omnino
758 1840 941 1882 dirimit,
981 1851 1060 1873 non
1087 1840 1245 1873 sollo*
1269 1835 1478 1881 dupondi,
1904 1838 1933 1883 :f
1962 1846 2024 1863 vasa

100 1890 133 1923 id
162 1895 209 1923 est
234 1901 299 1923 non
326 1895 406 1925 tota.
440 1892 519 1923 item
541 1891 672 1924 Livius:
716 1892 969 1933 sollicuria,
1013 1892 1046 1924 in
1073 1891 1163 1924 omni
1189 1902 1226 1924 re
1251 1889 1381 1924 curiora
1395 1890 1425 1926 †·
1462 1890 1495 1920 02
1520 1883 1743 1917 ⁵⁰¹¹iferre¹¹m
1769 1872 2040 1939 genusffssuss‘i'gsz

99 1942 173 1984 teli,
199 1946 305 1974 totum
333 1942 488 1975 ferreum.
540 1942 668 1975 Sollers
696 1943 793 1976 etiam
820 1944 852 1976 in
879 1943 970 1976 omni
995 1955 1031 1976 re
1054 1943 1219 1987 prudens;
1246 1946 1279 1974 et
1300 1941 1467 1981 solemne,
1495 1935 1587 1980 quod
1613 1935 1763 1968 omnibus
1787 1933 1876 1966 annis

99 1993 258 2039 praestari
291 1993 401 2029 debet.
454 1994 550 2027 Solla
562 1996 604 2033 ††
628 1995 842 2039 appellantur
873 1995 1008 2036 sedilia,
1049 1995 1081 2026 in
1115 1994 1234 2038 quibus
1267 2003 1332 2024 non
1367 1991 1481 2035 plures
1506 1987 1644 2033 singulis
1670 1986 1796 2031 possint
1822 1986 1951 2019 se-††f-
1962 1985 2033 2012 Solia

101 2045 200 2086 dere,
227 2044 372 2088 ideoque
398 2043 507 2078 solia⁶
528 2050 673 2079 sternere
700 2047 874 2086 dicuntur,
907 2047 964 2089 qui
990 2045 1222 2078 sollisternium
1249 2043 1394 2082 habent,
1423 2046 1455 2075 et
1481 2039 1601 2073 solaria
1627 2042 1786 2071 vocantur
1806 2036 1877 2069 Ba-

100 2096 277 2141 bylonica,
314 2096 433 2140 quibus
461 2096 578 2131 eadem
605 2102 800 2131 sternuntur.
827 2109 932 2141 quae,
976 2102 1010 2130 ut
1036 2097 1081 2129 ait
1103 2096 1256 2137 Verrius,
1293 2094 1404 2128 omnia
1431 2092 1533 2126 ducta
1557 2094 1631 2124 sunt
1656 2089 1728 2122 solo
1740 2092 1762 2121 *.
1790 2087 1921 2128 alveisf·
1942 2098 1956 2115 a
1976 2089 2048 2115 sollo.

101 2214 222 2253 losophi
244 2224 370 2250 nomen,
402 2214 450 2243 vel
471 2214 569 2253 potius
595 2214 729 2246 historia.
767 2215 845 2244 Urs.
869 2231 905 2237 —-
929 2212 965 2252 5)
1010 2214 1094 2252 ipse
1120 2213 1296 2249 Latinus,
1326 2211 1429 2249 Quos
1452 2217 1614 2247 generos
1648 2210 1779 2253 vocet.
1804 2205 1874 2233 item

102 2256 307 2296 Summus-su]
336 2256 457 2285 Servius
482 2257 513 2286 in
534 2257 705 2295 fragmentis
721 2256 803 2295 apud
818 2267 863 2285 me
882 2255 965 2285 addit
1009 2267 1064 2295 pro
1084 2265 1272 2285 murmurare
1295 2255 1324 2282 in
1348 2253 1399 2282 lib.
1422 2255 1474 2285 10:
1500 2249 1723 2290 *Spectabat
1744 2252 1877 2277 vlrtu-

102 2300 189 2329 Ennii
208 2299 377 2337 exemplum
400 2309 436 2327 ex
457 2299 510 2329 lib.
530 2302 577 2330 17.
599 2300 629 2327 in
648 2309 707 2338 quo
729 2309 875 2335 mussare,
909 2308 965 2338 pro
1009 2303 1081 2327 tem
1110 2299 1297 2337 legionis,
1329 2297 1413 2325 sive
1444 2298 1628 2334 spectans
1657 2293 1690 2320 ai
1719 2301 1877 2339 mass-a-

101 2347 200 2371 tacere
232 2342 361 2381 positum
385 2341 440 2370 sit:
488 2342 567 2370 Non
600 2346 767 2381 possunt
797 2351 966 2370 mussare
1009 2346 1085 2378 ret,
1109 2351 1203 2380 quae
1231 2340 1401 2378 denique
1424 2347 1538 2366 causa
1566 2334 1771 2374 pugnandl
1803 2333 1875 2361 fle-

102 2385 207 2421 boni,
246 2384 309 2423 qui
347 2384 448 2414 sacta
479 2384 628 2421 labore,
671 2384 755 2412 nixi
784 2384 966 2413 militiam
1009 2388 1085 2420 ret,
1110 2388 1177 2412 aut
1199 2383 1287 2412 duri
1311 2380 1469 2411 laboris.
1514 2377 1673 2407 SedEnnii
1692 2385 1798 2405 versus
1814 2383 1874 2403 non

105 2437 304 2468 peperere.
341 2427 411 2456 item
442 2437 498 2465 pro
527 2427 680 2455 dubitare:
725 2427 872 2456 Mussat
901 2436 967 2455 rex
1010 2432 1118 2455 vacant
1136 2425 1250 2456 mendo,
1274 2426 1350 2453 Urs.
1368 2440 1410 2446 —-
1431 2420 1461 2463 6)
1475 2422 1571 2451 Soliat
1590 2421 1636 2449 Pr.
1649 2419 1728 2448 solla
1741 2419 1814 2447 Ven.
1828 2417 1874 2443 Sc.

158 2479 322 2507 GRAMMAT.
348 2489 411 2506 LAT.
435 2477 468 2506 11.
1561 2472 1596 2506 H
1612 2471 1637 2504 h
