2263 2668
297 177 346 212 98

745 175 890 211 PROBI
916 174 1304 212 INSTITUTIONUM
1338 176 1775 215 GRAMMATICARUM

524 269 585 305 Ad
610 273 754 303 mortem
783 268 886 313 Sylla
901 269 1049 316 felicior
1071 271 1124 305 ire
1150 269 1305 318 meg-iffi,-

298 317 347 346 et:

527 355 595 388 Cor
597 365 708 399 nuque
735 351 877 387 οοαοίο2
878 379 886 387 .

297 406 426 439 Harum
454 418 530 439 sane
555 406 746 438 varietatum
773 406 932 447 rationes,
968 407 1139 452 exempla,
1174 408 1331 451 quoniam
1358 408 1484 452 legenti
1515 411 1614 450 atque
1640 405 1854 452 disceptanti³
1895 419 2070 442 occurrere
2096 409 2227 444 facilius

297 463 449 502 possunt,
476 468 584 501 pauca
611 456 653 489 de
679 457 789 489 multis
816 457 1029 494 ostendimus.

759 595 785 629 S
793 606 815 629 E
825 607 846 629 c-
854 608 891 631 M.
931 597 1056 630 XVIII.

1091 459 1179 492 Illud
1207 471 1283 493 sane
1309 460 1404 493 nobis
1430 464 1479 493 est
1503 456 1654 503 plenius*
1689 460 1949 524 observandum,
1984 465 2020 494 ut
2046 461 2228 508 orthogra-

297 506 401 554 phia⁵
426 519 594 553 nunquam
619 513 746 542 nostros
773 509 890 542 oculos
914 521 1090 553 sensusque
1117 510 1265 544 deludat.

1109 597 1193 630 De
1243 597 1754 642 Metaplasmz‘s.

465 662 496 696 l.
550 663 706 704 Quamvis
733 675 832 708 supra
858 664 997 698 dixerim
1025 677 1093 699 esse
1118 664 1246 710 poetis⁰
1280 667 1456 707 licentiam,
1483 666 1776 710 metaplasmorum
1800 667 1980 699 rationibus
2005 670 2135 699 naturas
2160 667 2228 700 sive

295 713 420 748 litteras
445 716 605 748 invertere
631 715 849 759 syllabarun13
882 721 993 749 tamen
1018 718 1221 761 superfluum
1249 730 1317 752 esse
1344 730 1410 751 non
1436 717 1565 759 iudico,
1593 713 1793 761 specialiter⁷
1819 718 1863 751 de
1889 718 1967 762 ipsis
1993 718 2228 762 metaplasmis,

296 767 353 809 qui
379 766 550 800 necessarii
576 766 656 800 huic
683 768 743 799 arti
770 768 866 800 valde
893 774 984 810 sunt,
1017 768 1203 814 disputare,
1235 770 1302 803 sine
1333 770 1452 814 quibus
1487 769 1588 802 exitus
1614 769 1748 812 faciles,
1783 781 1860 804 cum
1894 770 1927 802 in
1953 774 2058 803 artem
2082 769 2230 804 venerint

295 816 491 862 poeinata⁸‚
518 818 653 850 inveniri
679 829 743 851 non
770 824 918 863 possunt.

459 869 492 902 2.
544 869 728 903 Prosthesis
743 877 791 903 est
807 872 1057 914 metaplasmus,
1082 872 1175 905 verbi
1191 872 1358 916 principio
1381 868 1546 905 adiciens⁰
1572 872 1714 905 litteram
1732 872 1948 916 syllabamve.
1984 871 2158 913 Litteram,
2178 875 2230 905 ut:

524 920 701 965 Gmdique
720 919 946 966 patrisqueffl.

295 970 331 1002 Si
358 970 444 1003 enim
470 983 493 1004 n
519 972 661 1005 litteram
688 979 921 1006 consonantem
949 973 1057 1006 brevis
1084 974 1213 1018 syllaba
1246 973 1428 1018 praecedat
1460 974 1552 1006 verbi
1586 974 1781 1018 superioris,
1816 986 1902 1018 quae
1934 973 2043 1008 vocali
2075 978 2231 1017 correpta

295 1023 505 1064 terminetur,
540 1024 719 1057 accedente
745 1036 776 1070 g
801 1026 931 1065 littera,
964 1025 1129 1068 positione
1163 1026 1285 1070 poterit
1312 1026 1416 1071 longa
1441 1025 1533 1067 fieri,
1566 1025 1645 1060 licet
1677 1030 1803 1059 mutam
1837 1025 1964 1070 liquida
1997 1029 2230 1069 consequatur,

295 1085 380 1116 quae
406 1085 539 1119 semper
565 1086 776 1109 communem
803 1077 964 1120 syllabam
990 1077 1088 1119 facit,
1116 1083 1152 1110 ut
1177 1078 1204 1110 si
1230 1077 1352 1111 facias:

518 1126 623 1159 Rura
649 1132 761 1172 gnate
787 1124 912 1160 eolis¹¹.

295 1175 485 1220 Aliquando
512 1178 674 1221 syllabam
703 1179 820 1219 adicit,
846 1190 912 1212 non
939 1184 1006 1211 tam
1032 1190 1142 1213 sensus
1169 1190 1267 1214 causa
1292 1190 1393 1224 quam
1419 1179 1535 1221 metri,
1563 1182 1612 1212 ut:

527 1229 711 1275 Cornaque
735 1241 882 1264 recurvo
893 1228 937 1269 ¹²3

295 1286 342 1314 et:

520 1333 593 1367 Aut
619 1333 700 1367 altis
729 1329 938 1379 referens¹³‚·

296 1389 343 1416 et:

522 1426 711 1472 Nunquam
738 1426 926 1460 tetulissem
948 1422 1120 1470 pedemn.

458 1478 491 1513 3.
544 1479 752 1512 Parenthesis
780 1483 845 1519 est,
872 1477 1006 1520 quando
1032 1477 1183 1509 inseritur
1209 1476 1378 1510 medietati
1405 1472 1565 1521 syllaba¹⁵
1591 1475 1753 1509 litterave.

2101 1328 2230 1376 [1438]

1807 1474 1952 1517 Littera,
1979 1478 2030 1508 ut:

519 1529 602 1563 Hac
629 1530 718 1563 casti
744 1533 909 1562 mcmeant
936 1529 970 1562 in
998 1529 1183 1573 relligione
1208 1526 1391 1573 nepotesffi.

296 1578 433 1622 Syllaba
442 1604 451 1622 ‚
479 1587 515 1614 ut
540 1582 730 1615 Lucretius:

519 1632 723 1678 Indugredi
748 1631 908 1668 secla-is,-
933 1631 1027 1675 quod
1053 1634 1176 1663 eontra
1201 1630 1343 1674 saepius
1369 1626 1473 1662 illan.

299 1678 501 1725 Indugredi
515 1684 600 1716 enim
617 1685 709 1724 dixit,
732 1694 795 1727 pro
812 1683 965 1727 ingredi.
1003 1682 1175 1716 Interdum
1190 1681 1327 1715 diducta
1346 1681 1475 1725 syllaba
1491 1680 1654 1714 immissae
1670 1679 1800 1713 litterae
1818 1679 1983 1724 syllabam
2001 1678 2158 1721 adiciunt⁷
2180 1682 2231 1712 ut:

522 1734 697 1767 Illavortis
723 1735 758 1767 in
786 1730 975 1779 ann-amm,-

463 1867 498 1901 4.
551 1866 848 1913 Prosparalepsis²⁰
875 1873 941 1906 est,
968 1879 1043 1902 cum
1071 1868 1205 1901 ultimae
1231 1867 1380 1914 syllabae
1406 1867 1574 1912 superflua
1599 1866 1727 1911 syllaba
1754 1865 1912 1907 adicitur,
1939 1869 1992 1898 ut:

299 1776 347 1804 et:

524 1817 659 1852 Navita
685 1823 758 1851 tum
784 1818 891 1850 stellis
901 1813 935 1849 ¹⁹.

523 1920 697 1966 ,Magicas
722 1920 867 1953 invitam
894 1920 1076 1964 accingier
1103 1915 1233 1953 artis²¹.

386 2001 413 2041 1)
445 2002 555 2035 Lucan.
587 2005 689 2034 Phars.
718 2004 763 2041 Π,
799 2004 870 2035 582.
900 2003 952 2031 ubi
988 2008 1084 2031 tamen
1115 2005 1244 2042 legitur:

301 2044 342 2072 ire
368 2046 457 2083 coegi.
479 2062 521 2069 —-
573 2048 603 2086 Ξ)
626 2049 737 2076 Lucan.
758 2045 861 2075 Phars.
884 2045 915 2083 Ι,
938 2047 1009 2078 537-
1030 2062 1071 2067 —-
1121 2045 1152 2086 3)
1175 2047 1245 2076 Dis-

302 2089 430 2126 cepianti
457 2088 528 2118 Cod.
557 2088 679 2118 discenti
708 2090 775 2119 Asc.
797 2089 827 2118 P.
858 2104 900 2110 --
941 2086 975 2127 4)
1004 2086 1118 2116 Plenius
1145 2097 1184 2117 est
1213 2090 1243 2120 P.

301 2129 369 2157 Asc.
395 2146 438 2150 —
482 2133 511 2168 5)
535 2132 645 2160 Graece
674 2132 818 2170 scriptum
830 2130 861 2158 in
891 2131 921 2160 P.
967 2128 1141 2168 Nunquam
1171 2131 1231 2159 h.l
1223 2132 1245 2162 l.

303 2171 373 2199 Cod.
398 2188 438 2195 -—-
486 2173 516 2211 6)
540 2174 711 2202 Dia-erimus
739 2174 832 2212 poetis
859 2185 916 2201 esse
938 2173 969 2202 P.
993 2170 1126 2200 diximus
1153 2175 1245 2212 poetis

302 2224 359 2242 esse
381 2214 449 2245 Asc,
479 2232 521 2237 —
562 2216 592 2255 7)
620 2215 791 2255 Specialiter
819 2215 921 2244 addidi
950 2225 965 2243 e
988 2214 1058 2243 Cod.
1112 2214 1193 2243 Deest
1215 2216 1247 2243 in

306 2255 369 2284 Asc.
392 2261 421 2286 et
441 2258 472 2286 Ρ.
496 2275 532 2280 -
579 2259 609 2296 8)
633 2258 667 2286 In
689 2266 779 2287 artem
801 2274 843 2279 -
863 2258 1008 2298 poeticam
1031 2256 1097 2285 Asc.
1120 2257 1152 2285 P.
1190 2258 1248 2286 Sed

553 2301 621 2319 mala

306 2323 376 2352 Cod.
403 2324 462 2354 ita·
490 2327 635 2364 poeticam
659 2335 730 2363 quae
759 2324 924 2353 emendatio
948 2324 1118 2352 certissima.
1140 2340 1180 2345 —-
1216 2325 1246 2362 9)

305 2365 457 2396 Adicies
488 2368 559 2397 Cod.
591 2366 731 2396 adiiciens
762 2368 827 2396 Asc¹
858 2368 889 2397 P.
941 2366 1037 2395 Ve1ba
1067 2377 1083 2394 a
1113 2365 1246 2395 iaciendo

305 2409 468 2449 composita
492 2410 553 2440 fere
575 2420 689 2450 semper
710 2419 769 2438 uua
783 2410 795 2438 i
808 2409 839 2438 in
860 2414 961 2439 nostro
980 2409 1051 2438 cod.
1075 2408 1195 2448 scripta.
1206 2425 1246 2431 ——-

1288 2027 1335 2068 10)
1366 2027 1447 2066 Virg.
1476 2027 1548 2056 Aen.
1571 2026 1630 2064 VI,
1663 2029 1732 2058 116.
1761 2042 1804 2048 —
1848 2025 1894 2061 11)
1926 2025 1958 2053 In
1982 2024 2052 2053 Cod.
2077 2028 2136 2053 est:
2169 2036 2233 2053 rure

1284 2078 1374 2110 gnate
1395 2069 1476 2101 colis.
1499 2086 1541 2092 —
1585 2072 1631 2106 12)
1653 2069 1735 2106 Virg.
1751 2069 1822 2097 Aen.
1846 2068 1908 2105 VII,
1923 2069 1996 2100 513-
2010 2083 2053 2089 --
2089 2065 2133 2106 13)
2150 2067 2232 2105 Virg-

1284 2093 1360 2184 {len-
1391 2113 1441 2150 X,
1471 2115 1541 2144 766.
1567 2111 1618 2140 ubi
1653 2111 1768 2141 editur.
1806 2111 1886 2147 Aut,
1923 2110 2077 2139 summis
2106 2108 2161 2150 ref
2191 2124 2234 2131 —-

1290 2155 1473 2195 14)Terent.
1496 2153 1586 2183 Andr.
1608 2153 1665 2190 IV,
1689 2155 1728 2191 5,
1762 2155 1808 2185 13.
1843 2153 1895 2181 ubi
1924 2153 2044 2188 legitur:
2074 2162 2233 2222 numlquam

1289 2197 1346 2227 huc
1374 2205 1421 2226 iet.
1447 2196 1558 2237 pedem.
1607 2196 1741 2225 Ceterum
1770 2195 1929 2224 tetulissem
1953 2195 2023 2223 Cod.
2047 2194 2112 2223 Asc.

1291 2241 1337 2276 15)
1368 2240 1438 2269 cod.
1470 2239 1593 2269 vitiose:
1621 2237 1786 2267 ηιεᾶἰαειαιί
1813 2237 1950 2278 sfllabae.
1983 2253 2026 2259 —
2078 2236 2129 2274 15)
2136 2194 2233 2273 lVirg.

1289 2307 1360 2336 Aen.
1377 2307 1429 2343 ΙΙΙ,
1446 2307 1517 2339 409.
1564 2306 1651 2335 Cod.:
1673 2287 1769 2336 acasn‘
1791 2309 1821 2334 et
1844 2303 2002 2344 religione.
2025 2318 2067 2325 -
2113 2302 2158 2339 17)
2175 2302 2233 2330 Lu-

1290 2354 1361 2379 ciet.
1390 2350 1426 2378 de
1453 2351 1489 2380 R.
1512 2349 1548 2378 N.
1569 2349 1598 2383 Ι,
1622 2350 1670 2380 83,
1721 2349 1858 2377 Ceterum
1886 2347 1957 2377 cod.
1987 2346 2109 2375 vitiose:
2139 2343 2234 2372 indu-

1286 2392 1386 2432 gressi.
1412 2409 1448 2413 —
1501 2391 1547 2429 18)
1570 2391 1653 2430 Vi1g.
1676 2391 1748 2421 Aen.
1773 2390 1856 2427 VIII,
1885 2391 1957 2421 630.
1981 2388 2032 2417 ubi
2054 2387 2170 2417 editm:
2202 2386 2233 2415 in
