2263 2668
238 170 313 205 353
669 160 1013 194 COMMENTARH
1038 160 1086 192 IN
1113 158 1257 192 PAULI
1285 157 1480 191 DIACONI
1505 159 1756 193 EXCERPTA

241 261 361 294 condere
383 268 512 292 carmen,
539 252 615 283 bella
639 257 694 281 etc.
739 252 907 290 Aliquando
930 262 1081 287 renovare,
1110 251 1138 280 in
1162 252 1308 289 integrum
1329 250 1493 280 restituere.
1539 250 1646 279 Florus
1667 251 1695 286 I,
1718 254 1748 282 3.
1774 251 1809 279 de
1831 252 1918 280 Tullo
1941 253 2082 281 Hostilio:
2114 252 2179 281 Hic

240 315 351 335 omnem
373 300 527 330 militarem
551 293 737 335 disciplinam
761 301 908 334 artemque
931 293 1062 322 bellandi
1084 293 1226 324 condidit.
1260 295 1295 322 Et
1313 293 1383 320 alibi
1402 291 1471 331 (IV,
1497 295 1545 324 12.
1559 295 1663 330 extr.):
1687 293 1840 332 Augustus
1863 293 1995 323 condidit
2018 296 2177 334 imperium.

405 337 599 371 Consulas.
644 337 741 365 Attius
763 337 793 364 in
817 337 924 364 Bruto:
947 352 989 358 —
1010 353 1052 359 —
1075 337 1125 377 qui
1148 344 1221 365 recte
1241 333 1393 370 consulat,
1418 333 1522 364 consul
1543 334 1632 365 cluat.
1672 336 1711 363 Ita
1735 336 1891 372 legendum
1914 337 1993 374 apud
2016 337 2178 366 Varronem

243 391 282 418 ne
305 389 334 416 L.
354 387 385 414 L.
413 383 473 421 (V,
497 392 524 420 p.
538 381 587 411 85.
609 378 677 418 Sp.)
707 379 826 407 memini
850 389 895 407 me
918 379 1069 407 admoneri
1093 378 1128 406 ab
1152 380 1247 407 amico
1271 377 1399 415 quodum
1423 387 1488 405 ineu
1513 378 1695 414 Coloniensi,
1736 378 1907 406 doctissimo
1930 380 2043 407 iuvene.
2074 378 2178 410 Scal.

243 427 393 461 Consulere
412 435 468 464 pro
492 422 649 452 consilium
673 426 780 459 petere.
804 422 896 450 Cicer.
919 421 949 449 in
973 421 1054 451 verr.
1077 425 1106 451 2.
1131 420 1175 460 (I,
1202 423 1248 451 11.
1273 419 1347 458 in.):
1379 418 1466 448 Nunc
1488 431 1539 459 ego
1562 418 1672 449 iudices
1694 431 1744 449 vos
1767 420 1905 457 consulo,
1935 420 2007 460 quid
2028 421 2099 450 milii
2111 421 2176 463 ja·-

241 470 370 502 ciendum
384 468 499 508 putetis.
528 465 615 494 Dae.
655 463 712 493 Pro
736 462 846 492 iudices
867 471 893 491 el
915 470 1036 492 statuas.
1067 464 1142 491 Male
1164 464 1211 491 vel
1234 463 1308 490 bene
1331 462 1367 490 de
1390 462 1490 500 aliquo
1514 463 1561 490 vel
1584 463 1615 490 in
1638 463 1766 500 aliquem
1793 463 1949 492 consulere
1973 468 2017 491 est
2039 468 2176 499 statuere,

239 515 395 543 decernere
419 510 455 538 de
478 519 528 545 ec,
553 506 633 545 quod
658 506 683 536 ei
704 507 753 535 vel
775 505 960 534 commodum
986 506 1022 534 sit
1046 506 1092 534 vel
1115 506 1345 534 incommodum.
1378 505 1496 532 Terent.
1519 504 1624 536 Hcaut,
1642 505 1694 541 ΙΙΙ,
1720 508 1746 536 1.
1770 505 1865 544 (28.):

772 556 850 595 Quia
873 557 994 596 pessime
1016 556 1091 585 istuc
1112 557 1142 585 in
1166 564 1192 585 se
1214 563 1299 595 alque
1321 556 1351 583 in
1373 553 1458 583 illum
1481 555 1620 593 consulis,

771 599 805 628 Si
827 606 853 627 ie
875 606 933 626 iam
958 597 1016 626 leni
1037 606 1062 626 ei
1084 600 1161 628 victo
1184 599 1283 626 animo
1306 608 1365 625 esse
1387 596 1552 626 ostenderis.

240 658 339 687 Livius
361 655 412 684 lib.
426 653 521 682 XXX.
545 653 608 685 (43.
633 652 737 687 extr.):
766 650 809 678 De
828 648 961 690 perfugis
980 649 1099 688 gravius
1121 661 1207 690 quam
1232 647 1266 676 tle
1284 648 1421 689 fugitivis
1443 647 1616 677 consultum.
1659 648 1748 678 Dae.

405 703 518 734 Cossi.
562 702 620 730 Eos
643 705 745 740 postea
770 711 852 730 cusos
874 700 993 728 invenio
1015 705 1147 729 vocatos.
1193 699 1391 728 Glossarium:
1425 697 1533 736 Cusus,
1564 697 1651 736 ξύλου
1675 698 1796 738 σκώληξ.
1843 699 1924 728 Unde
1948 700 2070 740 Hispani
2093 699 2182 728 hodie

241 754 349 780 vocant
372 748 516 775 GusanosJ.
547 742 644 773 Scal.
692 743 747 771 Alii
770 753 885 771 vermes
908 744 979 771 istos
1001 752 1060 771 non
1084 754 1198 778 cosses,
1232 742 1282 770 sed
1307 752 1400 770 cosses
1423 747 1543 775 vocant,
1579 752 1682 781 nempe
1706 743 1798 770 cossis
1821 747 1849 771 et
1871 753 1989 775 cossus,
2022 748 2056 771 ul.
2077 743 2182 771 mairi-

238 804 301 823 mus
323 795 352 820 et
373 788 526 818 malr-imis.
550 786 603 815 Da
613 797 637 816 c.
665 785 739 814 Vide
763 785 835 814 Plin.
860 785 908 824 (H.
933 786 981 819 N.)
1003 785 1062 822 XI,
1085 787 1136 817 33.
1160 786 1265 822 XXX,
1291 787 1339 816 13.
1368 782 1529 813 Teredona
1553 786 1637 813 etium
1662 785 1784 821 Graeci,
1809 789 1842 812 ut
1865 790 1893 813 et
1918 785 2025 814 Latinis
2049 785 2182 813 rer-mites.

238 835 308 863 lsid.
322 832 393 868 XII,
418 832 445 865 5⁷
470 828 568 870 (18.):
593 828 644 857 Est
666 829 756 868 igitur
778 826 872 856 iereclo
896 828 925 855 in
948 826 1045 867 ligno,
1069 826 1148 868 quod
1170 829 1273 856 vermis
1295 827 1324 855 in
1350 837 1452 862 carne,
1476 828 1551 856 tinea
1576 828 1604 855 in
1627 828 1821 866 vestimentis3
1844 839 1930 857 eruca
1953 829 1983 857 in
2006 826 2098 864 olere,
2120 834 2183 855 iar—

237 888 300 906 mus
321 877 352 904 in
374 872 471 903 lardo.
519 870 626 902 Goth.

402 912 619 944 Consilium.
651 913 712 941 Iino
730 912 848 940 omnino
864 923 878 940 a
898 912 1098 948 consulendo,
1123 924 1141 940 ιι
1158 922 1244 940 verso
1260 912 1289 940 in
1306 913 1324 940 i.
1349 911 1397 940 Sic
1412 911 1447 939 ab
1464 911 1533 939 exul
1549 912 1679 942 exilium.
1704 912 1832 941 Consule
1847 917 1943 940 autem
1959 922 1972 939 a
1989 912 2070 940 salio.
2095 911 2182 941 Dae.

404 956 629 995 conscripti.
677 955 751 992 Ergo
774 955 863 983 iidem
889 959 957 984 sunt
981 954 1159 993 conscripti,
1185 955 1235 992 qni
1258 954 1374 982 adlecti.
1422 956 1502 990 Quos
1526 954 1594 982 vide
1617 964 1670 983 suo
1695 955 1771 983 loco.
1805 955 1860 983 Eos
1883 954 1985 982 Iunius
2009 956 2120 983 Brutus
2141 954 2185 982 len

238 1004 287 1041 git.
311 1001 371 1030 Liv.
396 999 495 1030 lib.II.
521 998 596 1036 (1.):
627 996 754 1033 Deinde,
783 1008 840 1036 quo
860 996 928 1037 plus
949 997 1053 1025 virium
1075 998 1106 1025 in
1128 1004 1228 1024 senatu
1250 996 1416 1037 frequentia
1439 997 1525 1024 eiiam
1550 996 1662 1025 ordinis
1673 996 1810 1039 faceret,
1838 995 1974 1026 caedibus
1997 998 2070 1037 regis
2093 995 2184 1026 demi-

237 1052 338 1074 nutum
358 1050 475 1082 patrum
500 1051 662 1076 numerum,
683 1038 860 1080 primoribus
882 1040 1019 1079 equestris
1039 1037 1151 1078 gradus
1175 1038 1273 1075 lectis,
1297 1038 1338 1066 στὶ
1361 1046 1549 1067 trecentorum
1570 1051 1712 1067 summam
1733 1038 1876 1078 explevit,
1904 1038 2102 1080 traditumque
2117 1038 2186 1068 inde

235 1087 344 1128 fertur,
374 1092 404 1113 ut
427 1085 455 1112 in
478 1090 609 1112 senatum
631 1089 823 1119 vocarentur5
860 1082 910 1121 qui
930 1089 1027 1121 pair-es
1050 1082 1154 1121 quique
1176 1082 1337 1121 conscripti
1358 1088 1458 1110 esseni.
1506 1079 1693 1121 Conscriptos
1716 1080 1850 1110 videlicet
1873 1083 1902 1110 in
1926 1092 2031 1111 novum
2054 1089 2184 1110 senatum

238 1127 427 1169 appellabant
450 1124 548 1155 lectos.
576 1125 649 1153 Vide
676 1124 734 1161 Qui
750 1131 855 1162 patres,
881 1123 967 1152 Dae.
1006 1124 1079 1152 Vide
1102 1133 1191 1162 supra
1213 1123 1345 1152 Adlecii,
1394 1121 1498 1154 Goth,

404 1167 623 1207 Consposos.
670 1165 861 1203 Consponsos.
889 1166 936 1194 Sic
960 1176 1009 1195 eos
1032 1166 1186 1204 dicebant,
1209 1166 1260 1204 qui
1285 1166 1338 1194 sibi
1362 1171 1493 1194 mutuam
1517 1165 1603 1195 fidem
1629 1166 1779 1194 dederant.
1811 1166 1885 1194 Usus
1909 1166 2052 1202 Naevius,
2075 1169 2108 1194 ut
2130 1165 2186 1195 do-

239 1218 285 1242 cet
307 1212 399 1241 Varro
422 1212 473 1240 lib.
487 1211 523 1239 V.
547 1210 610 1246 (De
634 1209 663 1238 [ι.
682 1209 714 1238 L.
740 1208 791 1245 VI,
815 1219 843 1248 p.
855 1210 927 1240 247.
952 1207 1038 1248 Sp.):
1075 1207 1158 1238 Hinc
1187 1219 1327 1249 sponsus,
1365 1219 1552 1248 consponsus.
1597 1207 1668 1238 I·Ioc
1689 1208 1817 1237 Naevius
1838 1209 1914 1248 signi
1939 1216 2002 1246 cat,
2039 1219 2102 1238 cum
2126 1208 2186 1238 ait:

239 1255 401 1294 consponsi.
446 1252 535 1282 Dae.

405 1292 620 1324 Consualia.
665 1293 812 1332 (Corrige:
845 1291 1018 1330 Consualia,
1043 1293 1124 1332 quod
1146 1293 1302 1332 legendum
1326 1292 1498 1333 voluimus.)
1537 1293 1737 1322 Glossarium:
1769 1291 1879 1328 Conso,
1903 1295 1944 1334 τῷ
1966 1289 2026 1336 ὗιῷ
2045 1292 2187 1332 τῆς’“Ἰσι-

239 1341 299 1376 δος.
329 1338 414 1367 Male.
440 1336 540 1367 Scal.
578 1337 677 1372 Festa,
700 1346 775 1375 quae
797 1337 857 1364 Deo
882 1336 978 1365 Conso
1001 1337 1218 1376 peragebantur
1241 1336 1305 1364 XII.
1329 1336 1393 1364 Kal.
1417 1337 1578 1374 Septembr.
1603 1336 1690 1365 Ovid.
1714 1336 1790 1364 Fast.
1803 1335 1858 1372 111,
1882 1333 1999 1373 (199.):

815 1377 902 1407 Fessa.
921 1389 997 1417 para
1024 1377 1135 1408 Conso:
1166 1377 1276 1407 Consus
1296 1377 1350 1406 tibi
1373 1386 1486 1407 caetera
1510 1377 1596 1415 dicet,

859 1419 918 1449 Illo
930 1420 1023 1462 facia
1047 1420 1094 1449 (lie
1117 1432 1180 1450 cum
1205 1432 1258 1448 sua
1282 1431 1367 1449 sacra
1391 1428 1483 1450 canei.

240 1466 322 1497 Ludi
344 1472 484 1506 equestres
506 1464 593 1494 etiam
616 1463 806 1500 dicebantur,
830 1463 936 1501 quibus
960 1463 1084 1492 Sabinae
1106 1463 1234 1501 virgines
1258 1468 1360 1502 raptae
1384 1468 1459 1492 sunt.
1494 1462 1568 1491 Vide
1592 1462 1653 1492 Liv.
1678 1461 1769 1498 lib.1‚
1793 1458 1860 1501 (9..)
1892 1461 1988 1490 Varro
2012 1461 2061 1491 lib.
2074 1462 2108 1490 V.
2132 1460 2187 1500 (De

240 1511 270 1538 L.
290 1510 322 1537 L.
341 1509 396 1543 VI,
420 1510 490 1539 202.
514 1508 577 1547 Sp.)
602 1511 630 1535 et
652 1505 802 1534 Plutarch.
827 1506 856 1534 in
879 1506 1005 1534 Romulo
1031 1506 1071 1543 (e.
1088 1508 1134 1537 14.
1159 1511 1186 1534 et
1209 1516 1233 1533 e.
1250 1507 1295 1536 15.
1321 1509 1417 1539 extu).
1441 1505 1526 1534 Dae.
1556 1505 1627 1533 Vide
1649 1505 1776 1533 Nonium
1798 1505 1830 1532 in
1856 1502 1982 1532 Cernuus
2005 1505 2048 1543 (p.
2061 1506 2110 1535 20.
2133 1504 2186 1534 Ed.

243 1550 351 1590 Mem.)-
376 1549 481 1579 Goth.
517 1548 627 1579 Consus
650 1549 722 1577 deus
746 1553 790 1576 est
811 1548 907 1585 idem,
931 1549 982 1586 qui
1001 1546 1142 1583 Comens,
1167 1547 1195 1575 h.
1212 1558 1235 1576 e.
1255 1558 1330 1575 unus
1354 1558 1389 1575 ex
1413 1548 1565 1576 duodecim
1590 1547 1649 1575 illis
1667 1547 1884 1582 consentibus,
1908 1556 1965 1574 una
1990 1546 2188 1576 assidentibus

242 1596 272 1624 in
291 1593 414 1624 consilio
440 1592 576 1621 Deorum.
612 1591 675 1619 Nisi
698 1591 775 1619 sorte
798 1601 814 1618 a
837 1589 1019 1627 consuendo,
1043 1589 1073 1619 h.
1094 1600 1118 1619 e.
1143 1590 1338 1621 conciliando.
1378 1589 1460 1618 Unde
1483 1590 1568 1618 Festa
1594 1588 1752 1618 Consualia
1774 1593 1842 1617 sunt
1865 1589 2078 1619 conciliatoria.

407 1633 624 1664 Conventus.
667 1633 730 1661 Hoc
753 1632 848 1672 priori
873 1632 961 1661 modo
984 1632 1101 1661 Terent.
1125 1632 1230 1670 Hecyr.
1249 1632 1289 1667 V,
1314 1634 1347 1668 1,
1371 1631 1444 1670 (1.):

654 1675 721 1704 Non
745 1675 801 1704 hoc
824 1673 859 1702 cle
881 1673 989 1711 nihilo,
1013 1673 1094 1714 quod
1117 1673 1233 1703 Laches
1256 1685 1332 1702 nune
1355 1686 1399 1702 me
1422 1680 1593 1703 conventum
1615 1674 1734 1712 expetit.

246 1721 359 1759 Reliqui
382 1725 441 1749 tres
464 1718 543 1748 modi
565 1722 720 1757 sequentes
742 1718 777 1745 ad
801 1727 893 1745 unum
917 1722 945 1745 et
968 1717 1093 1745 eundem
1123 1721 1247 1754 possunt
1273 1717 1387 1746 referi-i.
1433 1717 1506 1745 Nam
1531 1727 1545 1744 a
1569 1716 1780 1751 conventibus,
1819 1726 1893 1756 quos
1918 1716 2105 1756 magistratus
2128 1716 2190 1745 sive

247 1765 277 1791 in
298 1763 397 1791 Italiae
421 1761 617 1801 praefecturis
641 1766 668 1789 et
690 1762 719 1788 in
744 1760 908 1798 provinciis
932 1760 1006 1796 suis,
1037 1759 1098 1788 sive
1124 1760 1230 1788 Romae
1254 1759 1393 1796 agebant,
1422 1759 1473 1797 qui
1498 1764 1525 1786 et
1549 1759 1750 1787 conventiones
1772 1758 1963 1795 dicebantur,
1994 1763 2026 1787 ut
2050 1763 2131 1799 patet
2153 1769 2191 1790 ex

249 1806 393 1840 Varrone,
417 1804 515 1842 quivis
538 1804 586 1831 alii
612 1808 714 1832 coetus
735 1803 889 1831 hominum
914 1812 1101 1841 quacumque
1127 1803 1162 1830 de
1187 1806 1275 1830 causa
1299 1809 1455 1831 conventus
1477 1801 1548 1829 dicti
1573 1807 1649 1831 sunt.
1689 1801 1745 1829 Sed
1771 1812 1830 1830 non
1855 1800 2099 1840 praetereundum
2122 1812 2190 1831 con-

249 1855 345 1877 ventus
372 1847 488 1875 nomine
516 1851 668 1884 praeterea
696 1845 842 1882 designari
870 1855 979 1884 corpus
1009 1845 1118 1872 civium
1142 1845 1357 1881 Romanorum,
1394 1846 1445 1883 qui
1472 1843 1501 1872 in
1532 1844 1688 1882 quibusvis
1711 1844 1828 1883 oppidis
1853 1849 1935 1872 extra
1961 1844 2075 1873 Latium
2099 1854 2192 1882 nego-

252 1889 343 1916 tiandi
366 1899 451 1916 causa
475 1888 635 1924 degebant,
659 1898 718 1927 qua
740 1887 938 1926 appellatione
960 1887 1188 1915 secernebantnr
1210 1887 1246 1914 ab
1270 1887 1428 1925 oppidanis
1453 1886 1533 1926 apud
1557 1887 1687 1915 Tullium
1711 1887 1888 1925 saepissime.
1928 1886 1962 1914 Et
1983 1886 2016 1915 in
2038 1891 2112 1918 orat,
2135 1897 2191 1927 pro

255 1931 331 1958 Sext.
355 1928 401 1967 (4,
424 1933 481 1966 9.):
513 1930 548 1958 Et
569 1938 626 1959 tum
651 1937 805 1959 conventus
827 1929 878 1958 ille
903 1928 1034 1969 Capuae,
1066 1929 1117 1970 qui
1135 1937 1254 1969 propter
1276 1928 1398 1958 salutem
1421 1927 1503 1957 illius
1526 1928 1620 1965 urbis,
1645 1927 1799 1958 consulam
1822 1935 2022 1958 conservatam
2045 1939 2123 1964 meo,
2147 1940 2193 1958 me

254 1982 340 2000 unum
362 1979 513 2009 patronum
538 1972 707 2011 adoptavit,
739 1972 807 2001 huic
831 1971 911 2011 apud
932 1984 976 2000 me
999 1972 1149 2000 maa-imas
1168 1973 1284 2011 gratias
1306 1972 1371 2010 egit.
1418 1972 1471 1999 Ubi
1494 1978 1649 2000 conventus
1671 1970 1720 1999 ille
1743 1969 1859 2011 Capuae
1881 1976 1924 1999 est
1948 1981 2056 2010 corpus
2081 1971 2192 2000 civium

255 2014 468 2049 Romanorum,
499 2014 548 2051 qui
571 2015 688 2054 Capuae
712 2014 863 2052 degebant.
893 2014 981 2043 Dae.
1026 2014 1120 2042 Nonio
1144 2014 1221 2053 (pag.
1236 2017 1305 2046 270.
1330 2013 1382 2042 Ed.
1406 2014 1506 2049 Merc.)
1531 2012 1646 2042 obviam
1665 2014 1748 2052 fieri,
1782 2019 1810 2042 et
1832 2014 1938 2043 nostris
1960 2013 1990 2042 in
2011 2014 2057 2042 ius
2078 2025 2191 2050 vocare,

257 2054 336 2084 unde
358 2055 511 2083 conventio
534 2056 656 2087 l.47.ss'.
679 2057 714 2085 de
736 2057 779 2085 rei
801 2057 882 2085 vind.
905 2057 924 2085 l.
938 2060 966 2088 7.
991 2056 1062 2084 Cod.
1086 2056 1122 2084 de
1145 2067 1277 2096 praescr.
1294 2057 1392 2085 XXX.
1419 2055 1523 2085 Goih.
1557 2055 1726 2084 Multitudo
1750 2061 1818 2084 cett.
1842 2056 1912 2084 hinc
1927 2055 2041 2085 Glossis
2059 2055 2192 2085 Conven-

258 2105 304 2126 ως
326 2096 463 2130 συνοδίαν
494 2095 634 2133 σύνοδος,
657 2096 772 2139 ἀγορά,
796 2099 982 2134 συνέλευσις,
1007 2098 1154 2136 ἅθροισις.
1181 2097 1286 2128 Idem.
1336 2099 1433 2126 Tertio
1460 2110 1523 2127 cum
1547 2109 1565 2125 a
1588 2097 1808 2137 magistratibus
1831 2097 1936 2127 iudicii
1957 2109 2047 2128 causa
2066 2097 2192 2138 populus

261 2144 458 2177 congr-cgaiier.
492 2137 568 2165 Ideni
589 2140 772 2178 Theophilus
796 2141 943 2178 §.eadem
966 2142 1035 2170 Inst.
1059 2141 1166 2179 quibus
1190 2152 1226 2169 ex
1251 2141 1345 2169 causis
1369 2141 1587 2177 nmnumittere3
1614 2146 1643 2169 et
1664 2141 1694 2168 in
1719 2142 1773 2179 pri.
1796 2141 1886 2171 Titul.
1910 2140 1946 2169 de
1969 2151 2097 2169 success
2120 2140 2190 2169 sub-

260 2181 335 2210 latiS.
369 2179 444 2207 Hinc
461 2179 593 2207 Ciceroni
614 2181 643 2208 in
659 2183 741 2211 Verr.
764 2182 812 2222 (V,
839 2187 891 2219 11,
915 2183 991 2222 28.),
1016 2184 1098 2212 Livio
1115 2184 1288 2219 XXXVIII,
1313 2181 1376 2223 (30.
1395 2183 1522 2222 Aegium
1545 2194 1653 2222 semper
1676 2190 1830 2211 convenius
1851 2183 1945 2222 geniis
1967 2182 2074 2213 indicii
2093 2185 2191 2220 surm),

262 2222 378 2251 Caesari
399 2221 446 2249 VI·
470 2220 517 2253 (de
539 2221 605 2249 bell·
621 2224 771 2264 Gal],44,)
794 2233 963 2254 conventum.
986 2237 1084 2265 agere,
1109 2227 1188 2265 quod
1213 2231 1240 2254 et
1262 2226 1339 2254 infra
1352 2225 1460 2267 forum
1483 2237 1584 2262 avere5
1606 2226 1635 2253 in
1659 2226 1749 2253 verbo
1774 2224 1898 2262 Forum5
1922 2225 1997 2253 adde
2018 2226 2093 2254 infra
2115 2223 2192 2254 Con-

262 2265 364 2294 venire.
387 2261 492 2291 Idem.
536 2262 751 2301 supplicationi
773 2272 838 2294 cett.
859 2267 929 2296 hinc
953 2268 1120 2297 Convenire
1142 2269 1239 2297 Nonio
1262 2269 1341 2308 (pag.
1355 2271 1425 2300 270.
1449 2248 1553 2302 Melle.)
1576 2268 1690 2305 colligi.
1714 2268 1801 2296 coire.
1847 2266 1954 2297 Iclem.

428 2310 648 2341 convicium.
692 2314 753 2342 Hac
775 2326 846 2344 voce
867 2319 988 2357 proprie
1009 2319 1141 2356 signatur
1164 2321 1288 2348 confusa
1313 2319 1502 2354 vociferatio,
1539 2328 1613 2357 quae
1634 2318 1667 2348 fit
1689 2318 1826 2357 pluribus
1850 2318 1960 2357 pariter
1983 2328 2041 2348 una
2062 2317 2190 2355 loquen-

265 2355 352 2385 tibus.
395 2354 490 2392 Vulgo
512 2354 637 2383 dicimus
656 2365 799 2387 vacat-me.
828 2359 942 2388 Terent.
965 2360 1024 2389 hoc
1046 2371 1133 2390 sensu
1157 2362 1231 2391 dixit
1255 2362 1379 2400 Adelph.
1395 2362 1438 2398 H,
1464 2365 1496 2398 1,
1519 2360 1612 2400 (26.):

790 2407 870 2436 Ante
890 2409 974 2439 aedes
995 2422 1051 2439 non
1064 2411 1177 2451 fecisse
1197 2414 1249 2442 erit
1271 2412 1372 2442 melius
1393 2412 1442 2441 lzic
1464 2412 1636 2441 convicium.
