2263 2668
557 148 622 182 DE
649 146 1038 184 SIGNIFICATIONE
1065 146 1347 184 VERBORUM.
1399 149 1544 184 LIBER
1570 149 1596 185 I.
1974 151 2046 186 321

263 239 434 271 Arbiter.
477 241 573 271 Iudex
595 253 612 271 a
632 242 770 272 Praetore
793 242 897 278 datus,
931 240 981 270 vel
1003 249 1041 268 ex
1063 239 1257 269 conventione
1277 240 1462 279 litigatorum
1484 242 1604 271 electus.
1647 239 1766 270 Arbiter
1787 245 1885 270 autem
1909 247 1937 271 et
1958 243 2049 273 iudex

98 295 134 313 eo
157 282 316 319 differunt,
346 283 427 321 quod
449 284 499 314 ille
521 290 619 314 certos
642 285 751 314 habeat
772 285 928 319 terminos,
962 292 1038 321 quos
1060 292 1118 310 non
1144 283 1282 319 excedat,
1314 283 1362 312 hic
1385 286 1493 314 nullos.
1522 285 1615 314 Duc.
1653 283 1727 313 Vide
1747 284 1837 313 Titul.
1861 284 1898 313 de
1919 287 2047 325 receptis

99 326 226 355 arbitris.
248 326 267 354 l.
281 329 330 357 76.
346 326 375 355 ΠΖ
396 337 451 364 pro
475 328 571 364 socio,
595 328 646 356 ubi
669 328 706 357 de
728 328 844 356 duobus
867 326 1046 355 arbitrorum
1069 325 1233 362 generibus.
1259 324 1363 357 Goth.
1400 326 1488 365 Quocl
1511 327 1607 356 totius.
1643 326 1702 362 Qui
1725 326 1825 356 totius.
1851 325 1960 357 Idem.
1991 329 2047 358 Res

98 374 144 398 est
165 374 236 397 nota
259 369 336 399 satis.
380 368 504 399 Arbiter
531 370 685 400 dicebatur
715 370 808 399 iudex
837 380 874 398 ex
903 367 1133 407 compromisso,
1171 367 1200 396 11.
1220 378 1244 396 e.
1269 371 1418 397 communi
1448 369 1627 407 litigantium
1658 379 1803 398 consensu
1831 374 1963 407 sumtus,
1999 371 2047 400 cui

98 411 221 440 Praetor
244 411 455 450 disceptandae
478 423 515 440 ex
539 413 661 441 arbitrio
685 423 739 441 suo
763 411 983 441 controversiae
1012 414 1185 448 potestatem
1209 410 1340 441 dederat.
1384 412 1411 440 Is
1435 413 1470 441 de
1493 412 1602 440 caussis
1622 411 1717 440 bonae
1740 411 1806 440 fidei
1830 416 1858 440 et
1884 412 2047 442 arbitrariis

98 454 294 492 cognoscebat
317 459 346 482 et
367 454 489 483 liberam
512 456 663 494 nullisque
684 455 798 493 legibus
822 455 971 483 astrictam
993 452 1163 489 religionem
1186 452 1330 489 habebat,
1357 464 1446 492 quum
1468 455 1580 483 iudices
1602 453 1652 482 alii
1676 454 1810 482 formulis
1833 454 1945 483 astricti
1967 460 2047 484 tene-

97 502 203 525 rentur
225 501 253 524 et
275 497 436 525 secundum
458 497 536 534 leges
558 498 692 526 iudicare
715 498 863 528 deberent.
908 497 950 525 Ita
975 495 1026 534 qui
1049 505 1148 523 coram
1172 495 1284 524 arbitro
1307 506 1361 533 pro
1383 497 1567 534 litigantibus
1595 496 1802 535 disputabant,
1838 507 1900 525 non
1923 507 2046 527 caussa-

98 549 165 568 rum
188 539 322 578 patroni,
361 539 412 568 sed
435 539 572 568 advocati
596 541 778 570 dicebantur.
825 541 923 579 Ipsum
951 543 1047 567 autem
1078 536 1184 566 arbitri
1205 537 1384 566 vocabulum
1407 539 1476 568 satis
1499 541 1653 577 antiquum
1678 543 1721 567 est
1743 543 1772 568 et
1793 546 1982 578 spectatorem
2005 542 2047 570 si·-

98 581 219 619 gnificat
241 581 378 620 proprie3
409 581 487 610 unde
509 581 617 611 arbiter
640 594 726 622 saepe
748 583 831 612 testis
853 592 1006 621 praesens,
1030 581 1239 618 Augenzeuge‚
1270 585 1299 608 et
1322 580 1462 610 arbitrari
1482 582 1501 611 i.
1525 593 1552 621 q.
1575 586 1718 620 spectare.

262 624 494 653 Amicinum.
538 626 740 654 Glossarium:
768 626 943 660 Amicinus,
968 620 1061 654 ἀσκοῦ
1084 619 1185 661 στόμα.
1229 623 1300 651 Vult
1323 623 1480 652 amicinum
1502 635 1563 653 esse
1586 635 1618 652 os
1640 624 1731 660 utris,
1755 622 1817 651 sive
1840 623 1936 651 Iuram
1959 625 2046 662 utris,

99 676 167 695 cum
189 665 292 694 Festus
315 667 388 695 velit
411 677 473 695 esse
496 665 548 697 τὸν
570 666 727 709 λεγόμενον
752 665 846 698 doum]
868 664 964 703 πόδα,
987 663 1056 705 ἤτοι
1077 666 1231 701 ποδεῶνας,
1257 665 1341 693 cuius
1365 665 1396 693 fit
1418 667 1529 695 mentio
1553 668 1583 695 in
1607 667 1747 701 oraculo,
1773 665 1852 704 quod
1874 666 1944 694 Laio
1967 666 2047 695 The-

97 708 245 737 banorum
275 709 336 746 regi
367 709 467 738 datum
491 710 557 739 fuit.
607 711 664 739 Sed
687 711 812 744 mirum,
843 709 921 748 quod
944 709 974 737 in
997 708 1062 737 aliis
1085 708 1190 746 glossis
1213 708 1334 745 legitur:
1366 708 1533 745 Aminnias,
1563 705 1656 739 ἀσκοῦ
1679 706 1779 746 στόμα.
1823 707 1878 736 Sed
1901 709 2047 747 profecto,

99 756 129 780 et
150 751 182 779 in
204 751 264 779 illis
287 761 404 790 quoque
426 751 585 782 Amicinus
607 753 775 792 legendum.
800 752 895 782 Scal.
930 752 1004 780 Male
1028 750 1172 789 quaedam
1198 750 1341 779 editiones
1363 750 1544 781 Anucinum.
1580 752 1730 780 Amicinus
1754 755 1797 779 est
1820 761 1851 778 os
1875 751 1966 788 utris,
1990 762 2047 790 qua

98 794 200 822 vinum
224 794 390 823 infunditur
413 799 442 823 et
465 795 651 825 diffunditur.
675 813 717 817 —
742 796 821 824 Utris
844 795 963 834 pedem,
998 795 1060 822 sive
1082 793 1254 833 pediculum
1276 793 1430 829 intelligit,
1461 791 1557 824 ἀσκοῦ
1578 793 1657 824 πόδα
1681 793 1786 821 Graeci
1810 797 1936 830 vocant,
1965 798 1998 821 ut
2020 799 2048 823 et

98 842 223 876 propter
243 836 466 867 similitudinem
489 839 652 867 membrum
675 838 764 874 illud,
803 848 862 877 quo
885 838 944 866 viri
966 846 1075 865 sumus.
1120 836 1281 864 Oraculum
1309 835 1390 874 quod
1413 836 1483 865 Laio
1507 837 1607 865 datum
1631 837 1687 865 suit
1711 836 1812 874 Eurip.
1834 835 1864 863 iii
1889 835 2004 864 Medea:

676 878 784 911 Ἀσκοῦ
806 881 856 918 μὲν
879 878 931 911 τὸν
953 877 1120 919 προύχοντα
1143 877 1182 918 μὴ
1206 880 1293 908 λῦσαι
1315 877 1395 908 πόδα

680 927 761 965 Πρὶν
785 924 822 956 ἂν
845 928 987 967 πατρῴαν
1009 921 1101 960 αὖθις
1123 924 1221 955 ἑστίαν
1246 922 1334 963 μόλω.

99 965 184 996 Duc.
214 967 388 996 Amicinum
412 969 447 997 ab
471 969 635 998 amiciendo
657 969 768 998 dictum
794 979 870 1005 esse,
898 968 1044 997 consentit
1065 967 1203 996 Martinio
1226 967 1350 995 Vossius
1371 966 1402 994 in
1422 966 1519 1004 Etym.

263 1009 452 1041 Arbosem.
499 1013 638 1041 Placidus
659 1013 690 1040 in
715 1012 841 1041 Glossis:
868 1010 1019 1040 Hasenam
1043 1011 1158 1050 antiqui
1181 1008 1332 1043 dicebant,
1356 1016 1387 1037 ut
1410 1019 1496 1044 usas,
1519 1018 1592 1047 quas
1615 1018 1666 1036 nos
1690 1018 1770 1043 araS,
1795 1015 1820 1035 et
1843 1007 1952 1044 Lases,
1977 1018 2049 1047 quos

98 1049 194 1080 Lares
216 1050 350 1081 dicimus.
395 1053 495 1082 Velius
514 1056 630 1092 Longus
655 1054 691 1083 de
715 1053 942 1093 orthographia:
980 1052 1079 1082 Fesias
1099 1053 1214 1093 antiqui
1233 1062 1288 1091 pro
1305 1050 1420 1091 firias,
1456 1058 1481 1078 et
1504 1050 1611 1078 liusena
1632 1061 1687 1089 pro
1709 1061 1805 1078 arena.
1837 1048 1941 1078 Fulv.
1969 1049 2047 1079 Urs.

100 1093 138 1121 Ut
159 1092 295 1131 advosis,
324 1105 381 1133 pro
404 1095 541 1135 culveris,
572 1097 679 1125 liusena
702 1108 758 1136 pro
782 1108 886 1134 arena,
918 1107 971 1126 asa
995 1106 1051 1136 pro
1074 1106 1136 1126 ara.
1181 1095 1217 1123 Et
1239 1094 1354 1123 similia.
1398 1094 1474 1132 Lege
1496 1093 1585 1121 infra:
1625 1091 1725 1121 robose
1744 1102 1798 1131 pro
1821 1091 1931 1121 robore.
1961 1091 2048 1122 Dac.

99 1136 142 1164 Cf.
166 1141 268 1165 notata
289 1139 366 1166 infra
390 1139 427 1167 ad
449 1149 477 1168 v.
500 1139 671 1168 Loebesum.

264 1180 494 1212 Arbitrium.
540 1182 581 1210 De
599 1181 772 1210 differentiis
789 1180 905 1210 arbitrii
922 1186 950 1210 et
965 1179 1070 1209 iudicii
1085 1180 1127 1209 sic
1146 1179 1207 1208 Cic.
1220 1190 1276 1219 pro
1293 1178 1400 1207 Roscio
1418 1177 1578 1206 Comoedo:
1604 1175 1679 1215 (c.4.
1694 1175 1789 1215 510.)
1810 1173 1909 1204 Aliud
1924 1183 1964 1204 est
1975 1174 2050 1204 iudi-

100 1222 193 1259 cium,
216 1221 301 1251 aliud
315 1222 478 1252 arbitrium.
512 1222 660 1253 Iudicium
676 1232 716 1253 est
730 1224 871 1264 pecuniae
886 1231 996 1260 certae,
1021 1221 1174 1252 arbitrium
1189 1223 1325 1251 incertae.
1349 1219 1405 1251 Ad
1418 1220 1558 1249 iudicium
1576 1218 1632 1248 boc
1648 1217 1735 1246 morlo
1749 1219 1891 1254 venimus,
1914 1224 1945 1246 ut
1960 1225 2051 1247 totam

98 1263 177 1293 litem
200 1272 251 1293 aut
274 1264 454 1294 obtineamus
476 1274 527 1295 aut
550 1268 739 1305 amittamus,-
769 1265 810 1294 ad
832 1266 986 1295 arbitrium
1008 1265 1064 1294 hoc
1087 1266 1186 1294 animo
1210 1263 1340 1301 adimus,
1373 1270 1403 1292 ut
1427 1274 1516 1304 neque
1537 1260 1626 1298 nihil,
1651 1272 1740 1301 neque
1762 1267 1889 1296 tantum,
1912 1267 2051 1300 quantum

96 1305 326 1345 postulavimus,
351 1318 568 1349 consequamur.
613 1309 781 1347 Aliquando
804 1314 903 1338 tamen
926 1308 1079 1337 arbitrium
1103 1318 1160 1347 pro
1182 1305 1294 1336 iudicio
1318 1306 1457 1346 ponitur,
1483 1310 1516 1333 ut
1539 1304 1650 1333 arbiter
1672 1314 1728 1342 pro
1752 1302 1855 1332 iudice.
1898 1303 2051 1331 Praeterea

99 1349 186 1377 etiam
210 1349 365 1378 arbitrium
388 1356 551 1390 usurpatur
573 1352 603 1380 in
626 1352 781 1380 funeribus
804 1362 861 1391 pro
884 1351 1014 1391 praemio
1039 1361 1158 1388 eorum,
1193 1350 1245 1388 qui
1268 1350 1371 1378 funera
1397 1348 1545 1377 curabant.
1572 1347 1631 1375 Cic.
1654 1351 1722 1384 post
1744 1345 1804 1374 red.
1828 1345 1857 1373 in
1880 1346 1977 1376 Senat,
2001 1345 2053 1374 de-

98 1391 173 1420 cima
196 1392 335 1431 septima:
366 1392 507 1422 Nondum
527 1393 630 1434 palam
645 1394 769 1436 factum
793 1401 854 1423 erat
877 1392 1039 1423 concidisse
1061 1405 1165 1432 remp„
1197 1403 1262 1421 cum
1286 1391 1340 1420 tibi
1362 1391 1486 1420 arbitria
1499 1389 1620 1432 funeris
1641 1387 1833 1417 solvebantur.
1864 1386 1952 1417 Dac.
1990 1387 2053 1416 Ar-

99 1433 216 1464 bitrium
239 1433 347 1464 dicitur
368 1438 518 1466 sententia.
562 1437 648 1466 Facit
669 1438 718 1466 lex
731 1438 752 1465 Ι.
775 1438 793 1466 l.
807 1439 838 1468 3.
862 1437 881 1465 l.
896 1440 944 1468 10.
960 1437 987 1466 ff.
1012 1436 1048 1464 de
1070 1435 1198 1475 receptis
1221 1435 1349 1463 arbitris.
1396 1432 1500 1463 Goth.

264 1477 538 1508 Arbitrarium.
585 1480 681 1508 Plaut.
705 1479 853 1519 Amphitr.
877 1480 916 1516 (I,
942 1482 974 1516 1,
998 1478 1098 1518 221.):

636 1521 707 1552 Hoc
729 1521 845 1563 quidem
865 1521 1000 1564 profecto
1023 1528 1175 1558 certumst,
1199 1531 1255 1549 non
1279 1518 1477 1548 arbitrarium.

99 1559 187 1590 Dac.

263 1603 485 1635 Amicitiae.
531 1605 579 1634 Ait
608 1607 644 1635 ab
675 1607 803 1645 antiquis
829 1617 977 1643 amecum,
1013 1616 1073 1635 non
1096 1606 1222 1635 amicum
1247 1605 1368 1633 solitum
1392 1603 1462 1632 dici.
1507 1602 1543 1630 Et
1566 1611 1633 1630 sane
1656 1600 1769 1646 amicus
1792 1599 1988 1637 compositum
2011 1602 2056 1626 est

100 1645 289 1685 Amaequm,
311 1648 376 1684 vel,
407 1652 442 1676 ut
463 1648 520 1687 ipsi
543 1649 727 1686 scribebant,
749 1649 887 1678 Amecus.
933 1649 1043 1678 Eodem
1066 1648 1155 1677 modo
1180 1648 1308 1683 dictum,
1340 1656 1398 1685 quo
1422 1645 1586 1681 animecus,
1616 1653 1672 1682 pro
1694 1651 1894 1679 animaequus.
1939 1641 2056 1688 Glossa-

101 1686 196 1715 rium:
223 1688 417 1726 Animecum,
443 1688 599 1730 ἰσόψυχον.
637 1692 770 1721 Isidorus
792 1692 822 1720 in
840 1692 967 1720 Glossis:
998 1691 1221 1731 Animaequus,
1243 1691 1358 1730 patiens
1381 1689 1488 1717 animo.
1514 1685 1613 1716 Scal.
1652 1686 1740 1720 Amo,
1764 1684 1895 1720 amicus,
1919 1687 2054 1711 amicitia.

101 1729 203 1767 Neque
226 1731 301 1759 enim
326 1732 360 1760 ab
385 1743 484 1762 amore
507 1735 641 1764 amicitia
668 1734 847 1763 immediate.
882 1734 998 1764 Ameci.
1034 1734 1210 1763 verosimile
1233 1743 1293 1761 non
1316 1735 1375 1768 est,
1412 1730 1492 1768 quod
1516 1729 1556 1757 ait
1573 1728 1719 1774 Scaliger,
1757 1736 1891 1755 amecum
1915 1735 1977 1754 esse
1999 1735 2055 1764 pro

102 1782 290 1812 amaequum,
315 1784 352 1802 ex
373 1786 421 1804 am
445 1780 474 1805 et
495 1787 634 1816 aequum,
659 1778 762 1807 eodem
784 1776 890 1811 modo,
920 1787 979 1815 quo
1002 1777 1165 1805 animecum
1188 1786 1244 1814 pro
1267 1774 1481 1810 aniniaequum.
1525 1772 1597 1800 Nam
1619 1770 1782 1808 simplicius
1805 1769 1898 1797 multo
1914 1772 1955 1816 'ut
1977 1779 2055 1796 ame·

103 1825 154 1843 cus
177 1816 214 1843 sit
236 1826 291 1854 pro
315 1818 441 1854 amicus,
472 1819 484 1846 i
505 1824 616 1848 mutato
638 1820 668 1848 in
691 1832 713 1849 e.
753 1821 790 1848 Et
812 1821 851 1848 ita
873 1820 986 1849 Festus.
1017 1819 1108 1848 Dac.
1151 1817 1333 1847 Descendere
1361 1816 1481 1843 videtur
1509 1814 1621 1843 amicus
1644 1824 1659 1841 a
1682 1813 1834 1840 Sanscrita
1857 1810 1957 1839 radice
1979 1808 2055 1857 kam,

103 1867 185 1892 amor
209 1868 224 1885 ἃ
248 1869 305 1896 qua
331 1870 383 1897 per
405 1860 545 1889 suffixum
565 1863 599 1902 ja
622 1862 653 1891 sit
676 1862 808 1902 kamjas,
830 1863 986 1897 amandus,
1014 1861 1161 1897 amabilis,
1185 1861 1345 1898 additoque
1367 1859 1488 1897 insuper
1511 1856 1569 1884 alio
1593 1856 1702 1884 suffixo
1726 1853 1779 1890 ka,
1800 1851 1951 1900 kamjalca,
1976 1856 2004 1899 et
2025 1861 2055 1879 m

103 1901 287 1929 nominativo
310 1901 475 1942 kamjakas,
501 1904 563 1932 sive
584 1903 741 1944 kamjicas,
771 1905 899 1940 amicus,
925 1905 1044 1942 dempta
1068 1904 1167 1942 priore
1190 1904 1306 1938 littera,
1335 1911 1424 1939 quam
1449 1899 1606 1937 aliquoties
1629 1898 1676 1926 vel
1699 1896 1766 1925 addi
1790 1896 1838 1924 vel
1860 1895 1948 1924 adimi
1973 1893 2056 1942 vide-

103 1953 168 1970 mus
191 1944 222 1971 in
246 1943 348 1973 formis
371 1955 386 1973 e
409 1947 560 1975 Sanscrita
582 1948 684 1986 lingua
707 1948 925 1986 procudendis‚
964 1947 1055 1974 veluti
1079 1947 1108 1974 in
1133 1944 1258 1984 Iupiter,
1293 1954 1347 1982 pro
1369 1943 1521 1982 Diupitri,·
1560 1940 1730 1976 (il—escere,
1764 1937 1873 1967 aZ-ere
1895 1947 1932 1966 ex
1953 1936 2055 1965 radice

105 1983 169 2021 ὄαῖ,·
192 1983 305 2025 δάκρυ,
331 1998 366 2016 ex
386 1988 534 2017 Sanscrito
556 2001 641 2030 acria,
666 1990 795 2019 lacrima.
841 1990 914 2018 Vide
937 1999 1026 2028 supra
1050 1990 1081 2016 iii
1103 1986 1270 2017 Adolescit.
1868 2021 1873 2027 ⁸
1905 2021 1910 2026 ¹
1973 2020 1979 2026 ⁶

267 2028 353 2069 Adp
363 2031 552 2060 remissor.
589 2033 755 2061 Proniissor
778 2033 938 2072 promittit,
975 2030 1178 2069 adproniissor
1198 2027 1401 2068 adproniittit,
1433 2026 1465 2055 id
1488 2030 1548 2063 est,
1579 2024 1658 2063 quod
1681 2025 1754 2052 alter
1777 2026 1940 2071 proiiiittit,
1971 2031 2001 2048 in
2025 2030 2056 2070 se

103 2069 220 2108 recipit.
263 2071 320 2100 Sed
351 2071 401 2100 hie
426 2073 503 2101 Festi
533 2074 615 2103 locus
643 2075 765 2104 mutilus
791 2081 850 2111 est,
880 2075 993 2113 quippe
1016 2084 1052 2101 ex
1076 2084 1109 2101 eo
1134 2082 1190 2100 una
1215 2082 1275 2100 vox
1298 2070 1417 2099 excidit.
1462 2069 1536 2106 Lege
1558 2068 1657 2106 igitur:
1694 2064 1909 2105 Adpromissor
1931 2070 1972 2092 est
1993 2075 2055 2103 qut,

103 2111 184 2151 quod
205 2123 257 2141 suo
280 2116 395 2143 nomine
413 2116 549 2152 promisit
571 2116 659 2152 alter,
685 2116 761 2145 idem
782 2129 836 2156 pro
859 2116 951 2145 altero
974 2127 1087 2155 quoque
1106 2115 1261 2154 promittit.
1290 2113 1371 2142 Nihil
1394 2111 1515 2141 certius.
1539 2110 1593 2139 Da
1603 2121 1628 2140 c.
1660 2108 1744 2138 Adde
1765 2108 1859 2146 legem
1873 2109 1922 2138 64.
1947 2105 2053 2144 §.4-ff.

104 2155 211 2184 soluto.
233 2156 252 2186 l.
265 2157 293 2187 5.
317 2157 425 2196 §.2112
449 2157 485 2186 de
507 2159 588 2188 verb.
611 2160 730 2197 obligat.
753 2160 770 2188 l.
784 2162 833 2190 43.
848 2160 876 2188 ff.
901 2159 936 2187 de
960 2158 1167 2186 solutionibus.
1216 2155 1321 2187 Goth.
1830 2191 1836 2197 ι
1953 2189 1958 2195 ,

267 2199 415 2229 Arcere.
456 2196 583 2239 Ἀρκέω,
609 2201 763 2238 Contineo,
788 2203 890 2241 capio,
918 2201 986 2230 itein
1007 2199 1161 2239 prohibeo,
1191 2197 1339 2239 propulso.
1377 2198 1412 2226 Et
1433 2196 1501 2225 inde
1523 2205 1626 2224 arcere.
1664 2193 1767 2231 Neque
1791 2187 2054 2239 eninraudiendus

103 2240 222 2275 Festus,
254 2241 305 2279 qui
327 2242 362 2270 ab
386 2239 484 2281 ἅρχω,
517 2243 640 2282 impero.
670 2244 756 2273 Dae.
798 2245 836 2272 De
866 2254 936 2272 arcu
960 2253 1053 2280 aquae
1077 2243 1230 2270 ducendae
1253 2241 1320 2270 vide
1343 2239 1466 2270 l.11.ff.
1490 2239 1526 2267 de
1549 2247 1625 2275 aqua
1649 2240 1677 2264 et
1699 2246 1775 2274 aqua
1799 2235 1927 2273 pluvme.
1973 2229 2051 2266 QUId

103 2293 189 2311 arcus
211 2283 246 2311 ab
269 2295 343 2322 arqu
367 2284 502 2321 differat,
525 2286 594 2314 vide
612 2287 739 2315 Nonium
763 2287 794 2314 in
810 2286 919 2316 Arcus
948 2284 1051 2315 Goth.
1083 2285 1126 2313 ef.
1149 2285 1250 2324 paullo
1272 2283 1406 2312 inferius.
1436 2281 1536 2311 Arcus
1559 2278 1737 2308 descendere
1759 2272 2050 2326 videtur’ab'eodem

103 2325 199 2362 sonte,
228 2326 306 2354 unde
328 2338 402 2364 arx,
432 2338 533 2365 arceo,
563 2340 653 2365 arca,
684 2327 803 2365 arcula,
835 2329 940 2367 quibus
963 2327 1101 2356 omnibus
1124 2328 1224 2356 subest
1246 2326 1333 2355 radix
1355 2335 1422 2361 arc,
1451 2321 1534 2359 ἅλκ,
1565 2322 1642 2351 unde
1667 2322 1850 2350 Graecorum
1873 2321 1962 2362 αλκἿ,
1983 2313 2047 2342 Ab·-

102 2367 201 2405 Wehs,
232 2368 375 2398 defensio,
422 2371 520 2406 Quare
541 2383 627 2401 arcus
650 2372 772 2410 proprie
795 2371 867 2400 nihil
892 2372 1012 2400 videtur
1034 2380 1096 2399 esse
1120 2370 1215 2407 aliud,
1238 2369 1294 2398 nisi
1317 2372 1451 2398 nostrum
1476 2365 1578 2403 Welir,
1608 2365 1626 2394 i.
1646 2375 1670 2394 e.
1692 2363 1794 2392 Waffe.
1837 2357 1971 2389 Notabile
1993 2357 2044 2389 est,

104 2409 211 2440 ardsch
234 2412 263 2439 in
286 2412 437 2441 Sansciiio
461 2423 593 2443 sermone
616 2413 780 2452 significare
803 2412 952 2453 colligere,
987 2413 1140 2442 continere.

150 2463 315 2492 GRAMMAT.
338 2474 404 2492 Lar.
429 2463 461 2492 11.
1586 2459 1610 2492 S
1626 2471 1640 2490 s·
