2263 2668
231 182 307 218 542
657 170 1006 207 COMMENTARII
1030 170 1079 205 IN
1104 168 1248 205 PAULI
1275 167 1472 204 DIACONI
1497 170 1753 206 EXCERPTA

233 275 278 305 vis
288 273 361 313 fieri
382 265 543 308 virginibus
562 262 693 301 videtur,
725 267 781 291 etc.
824 260 921 291 Nonis
946 261 1117 303 prohibetur
1144 261 1296 294 celebritas
1325 262 1511 302 nuptiarum,
1546 263 1618 303 quia
1644 264 1757 303 primus
1786 261 1847 293 dies
1876 263 2063 294 verecundiae
2085 265 2183 304 datur,

232 314 376 357 postridie
397 318 492 340 autem
513 314 634 346 nuptam
657 306 687 335 in
710 304 798 334 domo
819 305 877 335 viri
901 302 1064 334 dominium
1087 305 1213 345 incipere
1234 312 1360 345 oportet,
1385 303 1514 344 adipisci
1535 313 1561 334 et
1584 317 1642 336 rem
1666 304 1797 335 divinam
1817 305 1929 347 facere.
1960 305 2069 337 Omnes
2087 317 2184 339 autem

233 354 411 399 postridiani
432 351 492 380 dies
514 361 562 379 seu
582 356 649 388 post
674 346 837 385 calendas,
861 358 910 378 seu
929 355 998 387 post
1019 347 1124 378 Nonas
1146 346 1251 377 Idusve
1272 359 1313 377 err:
1334 358 1427 387 aequo
1449 348 1509 377 atri
1527 355 1602 379 sunt.
1649 347 1720 378 Ideo
1743 355 1770 378 et
1792 359 1886 378 nonas
1907 348 2052 378 inhabiles
2074 353 2184 390 nuptiis

234 411 293 430 esse
314 396 471 430 clix-erunt,
509 403 544 421 ne
564 398 657 431 nupta
677 397 730 419 aut
749 398 866 430 postero
890 388 937 419 die
957 390 1159 429 auspicaretur
1180 389 1340 420 libertatem
1366 391 1524 428 uxoriam,
1562 398 1615 420 aut
1641 398 1708 420 atro
1737 389 1917 426 immolaret,
1957 402 2015 432 quo
2037 391 2122 434 nefas
2142 401 2185 423 est

234 451 322 472 ,acra
351 435 497 468 celebrari.
543 434 616 464 Vide
646 437 800 472 praeterea
823 432 885 461 Liv.
908 432 1024 469 lib.VI‚
1048 430 1104 472 (1)
1127 433 1215 464 Ovid.
1239 433 1316 462 Fast.
1342 431 1406 472 (57.
1420 432 1494 472 seq.)
1518 437 1546 462 et
1568 432 1723 463 Plutarch.
1748 434 1780 463 in
1809 433 1954 472 problem.
1978 433 2103 472 (quaest.
2122 435 2185 474 25.)

233 483 388 512 Nonarum
408 476 559 518 postridie.
592 475 665 505 Vide
688 475 818 505 Gellium
839 475 891 503 lib.
905 475 940 504 V.
964 484 1031 513 cap.
1046 477 1094 507 13.
1119 476 1170 514 qui
1192 476 1316 514 ipsamet
1334 475 1429 505 Verrii
1448 475 1548 504 Flacci
1569 476 1677 512 verba,
1698 476 1778 504 unde
1801 475 1874 505 haec
1890 476 1969 505 Festi
1991 477 2086 515 petita
2107 482 2186 507 sunt.

232 524 357 560 Nonas,
380 521 428 551 vel
452 531 468 549 a
491 530 568 550 nova
587 517 677 556 luna,
701 518 751 549 vel
774 528 790 547 a
814 528 924 548 novem.
966 517 1055 553 Quod
1079 528 1096 547 a
1117 518 1205 547 nonis
1229 518 1266 547 ad
1288 517 1358 547 idus
1379 518 1438 546 sint
1459 528 1569 548 novem
1592 519 1671 555 dies,
1694 518 1774 547 unde
1797 519 1881 548 addit
1904 529 1957 557 per
1979 530 1998 547 u
2020 519 2112 548 scribi
2134 519 2187 549 de·

231 567 303 597 bere
324 574 454 600 nonnas,
484 573 499 592 a
521 571 640 597 novem,
669 571 812 597 novenas,
839 570 967 597 nonnus,
995 570 1098 590 nonus.
1141 562 1306 599 Utrumque
1328 565 1449 599 etymon
1469 561 1564 591 refert
1585 561 1679 591 Varro
1701 561 1753 590 lib.
1768 561 1800 592 V.
1847 561 1921 590 Vide
1942 561 2075 593 Macrob.
2098 562 2149 591 lib.
2164 563 2185 593 1.

233 608 382 639 Saturnal.
405 615 471 645 cap.
488 606 535 637 15.
560 609 589 634 et
611 603 795 642 scaligerum
817 602 854 631 de
876 602 1080 633 emendatione
1101 608 1270 644 temporum
1292 602 1343 633 lib.
1355 603 1392 634 11.
1439 603 1528 634 Duc.

780 697 1635 734 ADLIBRUMXIII.

401 773 462 805 06.
508 774 531 802 A
556 774 670 804 Graeco
694 772 758 809 ἐπὶ,
789 772 874 802 cuius
896 782 931 802 ea
951 772 998 802 vis
1021 777 1079 803 est:
1115 775 1240 810 circum,
1270 780 1405 813 propter,
1434 771 1476 803 ad
1497 778 1553 804 etc.
1599 773 1724 803 Obsides
1746 778 1845 804 autem
1867 783 1927 802 non
1950 773 2035 812 quasi
2057 771 2186 812 obfides,-

233 819 286 849 sed
310 817 379 857 quia
402 816 577 846 obsidentur
599 821 629 845 et
652 815 879 853 custodiuntur,
901 815 948 845 vel
970 815 1037 854 quia
1060 815 1222 845 obsidionis
1243 816 1404 845 solvendae
1427 817 1520 853 gratia
1543 816 1604 846 dati
1629 821 1707 847 sunt.
1745 816 1854 846 Versus
1875 816 1963 845 Ennii
1985 820 2030 845 est
2052 825 2089 844 ex
2110 815 2186 845 Vlll.

231 862 337 892 Annal.
367 861 409 888 De
425 859 586 896 Annibale,
609 859 660 897 qui
676 869 691 888 a
704 858 863 888 Tarentino
880 868 950 895 agro
967 863 1057 888 noctu
1072 859 1175 888 urbem
1192 859 1286 898 petiit.
1309 858 1401 890 Dac.
1435 857 1491 889 Ob.
1524 859 1565 889 De
1587 859 1644 888 hac
1665 859 1814 898 particula
1832 859 1900 890 vide
1915 858 2045 887 Gellium
2061 858 2110 893 lv,
2125 861 2185 890 ·17.

234 904 350 934 Glossis
366 902 463 938 obses,
488 899 617 941 ὅμηρος,
641 898 804 941 ἆντέχυρον
821 901 868 930 vel
886 898 1090 941 οἷντενέχυρον.
1116 901 1208 931 Alias
1221 912 1276 941 pro
1291 900 1341 930 ad.
1373 901 1445 931 Vide
1459 911 1550 941 supra
1566 902 1707 932 Mortem.
1733 902 1809 931 Vide
1825 901 1902 930 infra
1917 900 2059 930 oboritur.
2078 898 2185 930 Goth.

231 948 316 976 Duae
339 950 408 975 sunt
429 945 461 973 in
483 945 583 982 lingua
606 944 707 973 Indica
730 943 984 983 praepositiones,
1008 954 1084 982 quae
1105 943 1164 973 huc
1187 948 1332 983 spectant.
1373 943 1476 973 Altera
1500 949 1544 974 est
1564 943 1633 984 iz‘pi,
1657 954 1695 974 ex
1718 955 1776 983 qua
1800 948 1899 974 ortum
1923 944 2108 974 Graecorum
2129 942 2187 979 ἐπὶ,

232 1000 340 1029 super,
369 988 459 1017 altera
483 986 569 1023 abhi,
601 987 653 1024 ad,
685 997 721 1015 ex
744 997 801 1024 qua
824 991 924 1015 ortum
948 987 1145 1015 Romanorum
1168 986 1222 1023 ob,
1253 997 1310 1025 qua
1334 987 1371 1015 de
1393 996 1496 1015 caussa
1520 997 1575 1016 cur
1597 986 1639 1015 ad
1662 987 1750 1016 etiam
1772 986 1937 1025 significare
1960 986 2072 1025 possit,
2098 985 2186 1015 facile

230 1031 419 1070 intelligitur.
466 1030 625 1067 Utriusque
652 1030 772 1059 Indicae
801 1029 1030 1068 praepositionis
1057 1030 1140 1059 notio
1171 1029 1353 1059 coniunctim
1384 1030 1536 1068 reperitur
1564 1034 1594 1059 et
1622 1030 1654 1058 in
1678 1030 1792 1059 Graeca
1820 1029 1882 1060 ἐπέ
1908 1034 1938 1059 et
1966 1029 1998 1059 in
2022 1029 2124 1058 Latina
2148 1027 2186 1057 ob

231 1073 464 1114 praepositione.
509 1072 553 1103 Cf.
576 1072 672 1111 Bopp.
697 1073 827 1101 Graium.
851 1073 968 1101 Sanscr.
992 1072 1057 1103 erit.
1083 1073 1105 1112 ᾗ,
1121 1075 1191 1104 111.
1217 1082 1283 1111 pag.
1296 1074 1346 1104 68.
1361 1082 1422 1110 seq.
1979 1088 1982 1090 v
2014 1079 2015 1082 ’
2123 1076 2135 1085 ”

400 1113 687 1146 oculissimum.
730 1115 827 1144 Plaut.
842 1114 874 1143 in
891 1115 1008 1143 Cureul.
1025 1114 1112 1144 Ant.
1127 1114 1222 1154 Aug.
1255 1116 1383 1153 Uterque
1403 1116 1488 1144 locus
1502 1114 1599 1145 Plauti
1622 1119 1666 1144 est
1688 1124 1726 1144 ex
1743 1114 1865 1145 Curcul.
1880 1114 1965 1145 Prior
1982 1114 2010 1151 1,
2034 1116 2068 1151 1,
2092 1113 2186 1154 (15.):

645 1156 729 1187 Huic
749 1157 922 1197 proximum
944 1155 1022 1186 illud
1044 1158 1149 1187 ostium
1173 1156 1384 1187 oculissimum.

649 1198 753 1237 Salve,
775 1198 923 1229 voluistin'
946 1211 1036 1240 usque
1057 1200 1163 1229 ostium
1187 1198 1399 1230 oculissimum.

234 1244 291 1273 Ubi
315 1243 390 1272 male
413 1242 503 1271 hodie
525 1240 767 1271 occlusissimum.
812 1242 961 1270 Posterior
983 1248 1040 1271 act.
1055 1243 1076 1272 I.
1102 1245 1184 1274 sc.2.
1209 1243 1250 1282 (v.
1261 1245 1341 1277 28.):
1379 1241 1467 1272 Salve
1494 1240 1662 1272 oculissime
1686 1240 1787 1279 homo,
1824 1240 1872 1269 ubi
1898 1239 2064 1271 oculissime
2085 1241 2188 1271 Festus

231 1287 456 1325 interpretatur,
479 1286 530 1325 qui
552 1283 632 1314 clare
653 1285 769 1324 aspicit.
801 1285 944 1322 Pessime5
967 1295 1036 1314 nam
1057 1284 1108 1314 hie
1131 1286 1217 1314 etiam
1239 1284 1405 1314 oculissime
1427 1289 1471 1314 est
1493 1285 1651 1320 carissime,
1675 1283 1757 1322 quod
1780 1288 1810 1313 et
1831 1284 1966 1313 Muretus
1988 1284 2073 1313 vidit.
2097 1283 2186 1313 Dac-

231 1329 330 1358 Priori
351 1329 420 1357 loeo
443 1326 676 1357 occlusissimum
699 1333 729 1356 et
751 1327 820 1357 libri
843 1338 943 1357 omues
967 1328 1049 1366 apud
1070 1328 1210 1358 Plautum
1233 1327 1393 1363 exhibent,
1418 1332 1446 1357 et
1469 1331 1599 1357 metrum
1621 1326 1758 1364 requirit.
1804 1327 1907 1357 Altero
1931 1327 2000 1356 loco
2022 1324 2189 1357 oculissime

232 1372 302 1401 satis
325 1375 463 1401 testatum
486 1370 624 1406 videtur3
655 1369 709 1399 aed
731 1370 826 1399 omnis
847 1370 932 1399 locus
954 1371 995 1400 ita
1017 1370 1209 1400 scribendus:

561 1412 615 1442 Ph.
644 1411 691 1443 At
711 1411 771 1442 ia'm
795 1411 882 1442 bibes.
925 1413 975 1443 Le.
1004 1412 1066 1442 Diu'.
1077 1413 1119 1452 fit
1142 1412 1208 1442 hoc.
1252 1411 1304 1440 Ph.
1335 1410 1380 1440 En
1402 1410 1458 1441 tibi
1479 1422 1552 1440 anus
1574 1408 1688 1450 lepida,
1716 1409 1805 1440 sdlve.

561 1455 610 1484 Le.
646 1454 829 1485 oculissime.
873 1456 922 1486 Pa.
952 1455 1020 1495 Age
1042 1454 1161 1496 {ffunde
1182 1453 1238 1485 hdo
1261 1455 1320 1484 cito
1342 1453 1372 1483 in
1396 1452 1585 1486 bardthrum,
1612 1450 1717 1492 prdlue
1735 1451 1857 1491 prtiperwe

642 1496 792 1527 Cloa'cam.
824 1497 876 1527 Ph.
898 1496 993 1534 Tace,
1014 1497 1084 1528 nolo
1099 1497 1167 1529 huic
1183 1495 1331 1526 maledici.
1362 1496 1411 1526 Pa.
1431 1495 1555 1526 chiam
1572 1496 1633 1525 iam
1649 1494 1739 1534 igitur
1750 1493 1857 1534 pdtius.

232 1541 345 1578 Vulgo:
374 1539 436 1568 Diu
448 1540 501 1579 fit.
537 1537 616 1568 PH
640 1538 728 1570 Hem.
765 1540 864 1569 Facile
888 1540 1001 1569 excidit
1024 1539 1096 1577 hoc,
1129 1545 1196 1569 ante
1219 1543 1321 1568 notam
1346 1539 1500 1567 Personae.
1546 1536 1633 1567 Salve
1655 1548 1671 1566 a
1695 1537 1783 1566 codd.
1806 1537 1950 1567 tribuitur
1971 1538 2074 1574 lenae,
2105 1539 2189 1568 cuius

230 1583 324 1613 verbo
348 1582 469 1612 additur
493 1582 527 1610 ab
549 1582 654 1612 iisdem
678 1587 707 1612 et
729 1583 820 1620 vulgo
843 1582 945 1619 homo,
969 1582 1049 1621 quod
1072 1592 1087 1610 a
1111 1587 1205 1612 metro
1227 1581 1394 1611 secluditur
1416 1585 1445 1610 et
1466 1580 1565 1618 friget.
1601 1580 1677 1609 Tum
1699 1580 1790 1617 vulgo
1811 1591 1932 1619 propere
1953 1578 2064 1619 prolue.
2103 1581 2189 1610 Deui-

232 1636 291 1664 que
313 1625 402 1663 vulgo
425 1623 549 1654 Faciam
572 1624 662 1663 igitur
682 1622 760 1653 male
779 1625 888 1664 potius.
933 1623 999 1654 Iam
1030 1624 1155 1661 excidit,
1193 1628 1227 1654 ut
1256 1633 1343 1663 saepe
1370 1627 1496 1662 propter
1523 1622 1647 1652 similem
1674 1622 1912 1651 terminationem
1938 1622 1972 1651 in
1984 1621 2126 1664 fuciam5
2160 1627 2190 1653 et

231 1667 309 1699 male
327 1667 438 1697 insulse
459 1667 620 1705 repetitum
643 1676 681 1696 ex
702 1667 916 1706 superioribus.

401 1708 617 1739 Oculatum.
663 1709 760 1739 Plaut.
783 1710 815 1739 iu
838 1709 977 1739 Pseudol.
999 1708 1042 1749 (Ι,
1065 1711 1102 1746 3,
1126 1708 1205 1748 66.);
1234 1707 1305 1738 Eme
1328 1707 1375 1738 die
1396 1716 1487 1738 caeca
1507 1704 1619 1737 Hercle
1642 1705 1768 1744 olivum,
1797 1705 1830 1735 id
1851 1705 1968 1736 vendito
1990 1706 2111 1736 oculata
2133 1707 2190 1740 die.

234 1753 315 1782 Idem
337 1754 369 1782 in
391 1752 567 1783 Truculent.
590 1751 648 1791 (H,
671 1753 707 1789 6,
730 1751 789 1792 8.):
823 1752 926 1782 Pluris
948 1760 989 1782 cst
1012 1750 1147 1783 oculatus
1169 1752 1248 1781 testis
1270 1762 1344 1780 unus
1366 1755 1422 1780 etc.
1451 1750 1537 1779 Ant.
1559 1749 1655 1788 Aug.
1700 1748 1782 1778 Idem
1808 1749 1840 1778 in
1862 1747 2007 1779 Pseudolo
2030 1749 2190 1782 oculatum.

235 1796 332 1825 Prima
359 1795 438 1824 linea
466 1805 521 1825 suo
550 1795 618 1824 loco
648 1799 730 1824 mota
759 1795 831 1829 suin
869 1796 932 1833 lege
954 1795 1063 1825 modo:
1098 1792 1256 1824 Oculatum
1277 1804 1331 1832 pro
1353 1792 1499 1832 praesenti
1520 1790 1604 1821 dixit
1624 1791 1749 1822 Plautus
1770 1792 1800 1820 in
1822 1790 1978 1821 Pseudolo.
2021 1791 2120 1822 Emito
2144 1791 2193 1823 die

236 1848 322 1867 caeca
346 1843 404 1868 etc.
441 1838 491 1868 Sic
512 1837 611 1868 omnia
634 1843 782 1868 constant.
820 1839 925 1868 Emere
948 1837 996 1866 die
1019 1847 1106 1867 caeca
1129 1841 1186 1872 est,
1209 1837 1240 1866 in
1261 1837 1411 1866 incertum
1433 1835 1511 1865 diem
1535 1835 1651 1873 prolata
1675 1834 1843 1870 solutione,
1867 1839 1970 1864 contra
1993 1835 2110 1865 oculata
2133 1836 2191 1872 die,

238 1879 268 1907 id
291 1885 333 1908 est
354 1880 504 1919 praesenti
526 1881 664 1919 pecunia.
710 1881 784 1910 Cum
807 1881 849 1910 ait
871 1881 1009 1910 Plautum
1033 1880 1184 1909 oculatum
1206 1879 1318 1917 Argum
1341 1878 1466 1913 dixisse,
1491 1877 1589 1906 locum
1613 1877 1738 1916 respicit
1757 1876 1857 1907 Aulul.
1874 1876 1931 1913 111,
1956 1879 1994 1913 6,
2016 1877 2106 1915 (19.);

818 1923 900 1962 Quos
920 1924 947 1952 si
968 1922 1072 1962 Argus
1093 1928 1182 1951 servat
1203 1923 1256 1962 qui
1277 1920 1394 1952 oculeus
1414 1927 1492 1948 totus
1503 1918 1582 1960 fuit.

240 1960 297 1989 Ubi
320 1972 355 1991 ex
376 1963 462 1994 Festo
483 1965 709 1995 rescribendum
731 1964 867 1996 oculatus
890 1972 967 1996 totus
978 1965 1056 2007 fuit.
1100 1964 1170 2001 Illa,
1193 1963 1288 2004 pluris
1309 1971 1352 1994 est
1374 1961 1510 1994 oculatus
1531 1966 1604 1998 etc„
1627 1966 1698 1991 sunt
1719 1971 1735 1991 e
1752 1961 1874 1992 Trucul.
1891 1961 1990 1998 11,›6‚
2013 1961 2078 1999 (8.).
2102 1962 2192 1993 Dae.

243 2002 289 2042 (In
313 2004 464 2035 Aulularia
487 2006 603 2037 oculeus
625 2013 753 2037 metrum
777 2007 941 2047 efflagitat.)
1971 2021 1973 2023 ·

409 2045 591 2080 oculitus.
636 2051 705 2080 ldeo
733 2052 891 2080 oculorum
919 2051 950 2079 in
975 2048 1170 2088 exprimenda
1193 2049 1224 2077 vi
1247 2048 1356 2077 amoris
1379 2047 1484 2076 crebra
1506 2046 1540 2076 fit
1561 2047 1674 2076 mentio
1696 2046 1777 2086 quod
1801 2046 1961 2076 oculorum
1982 2055 2085 2076 sensus
2105 2047 2192 2076 nobis

242 2088 375 2116 omnium
398 2090 574 2120 carissimus.
617 2093 665 2123 Sic
684 2094 807 2124 Catull.:
829 2093 873 2124 Ni
895 2100 923 2122 te
940 2091 1008 2132 plus
1031 2090 1125 2121 oculis
1146 2092 1217 2121 meis
1239 2101 1378 2121 amarem.
1422 2090 1511 2120 Item:
1533 2088 1692 2120 Ambobus
1713 2088 1790 2120 mihi·
1808 2099 1885 2129 quae
1906 2089 2006 2119 carior
2027 2088 2193 2119 esvooulis.

242 2129 334 2159 Dac.
364 2129 447 2160 Adde
468 2133 595 2163 Nonium
615 2136 645 2164 in
669 2135 805 2166 Oculitus
827 2134 908 2176 (pag.
922 2137 992 2167 147.
1015 2132 1129 2173 Mare).
1178 2132 1286 2165 Goth.
1965 2147 1966 2150 ¹

411 2171 599 2213 Odefacit.
642 2178 760 2208 Falsum
784 2183 828 2208 est
851 2177 984 2220 odefacit
1006 2187 1068 2206 esse
1092 2187 1147 2215 pro
1171 2174 1314 2217 olefacit,
1346 2185 1413 2204 cum
1436 2179 1542 2204 contra
1564 2173 1624 2203 hoc
1646 2184 1703 2213 pro
1725 2173 1779 2203 illo
1801 2172 1935 2209 dicatur,
1967 2183 2073 2213 nempe
2096 2185 2115 2202 a
2135 2174 2194 2203 Do.

244 2213 308 2243 rico
332 2211 427 2251 ὅσδω,
457 2215 571 2245 obiecto
594 2227 612 2248 σ
633 2217 710 2256 ὅδω,
740 2220 828 2258 odeo,
857 2219 947 2257 odor,
975 2218 1124 2261 odefacit,
1148 2218 1180 2248 D
1201 2219 1233 2248 'm
1253 2218 1284 2249 L
1305 2222 1435 2254 mutato,
1460 2216 1602 2258 difecit,
1624 2215 1743 2257 offacit.
1767 2215 1855 2245 Dac.
1899 2216 1995 2255 Saepe
2016 2217 2193 2247 commutari

245 2254 267 2284 ἆ
289 2260 318 2286 et
339 2254 366 2294 l,
387 2258 524 2296 exempla
546 2258 656 2289 docent
676 2261 766 2292 haec:
790 2262 925 2294 dacrima
946 2263 1088 2298 lacrima,
1111 2260 1225 2300 (lingua
1247 2261 1357 2298 lingua,
1381 2260 1447 2290 alia.
1476 2259 1551 2289 Vide
1574 2269 1650 2298 quae
1672 2269 1763 2298 supra
1785 2258 1914 2288 diximus
1937 2269 1960 2288 s.
1980 2268 2009 2287 v.
2031 2257 2191 2298 lingula.

260 2341 274 2370 Ι
312 2342 375 2376 69)
412 2298 599 2331 Octaviae
619 2304 791 2340 porticus
812 2304 912 2336 duae.
941 2304 1001 2345 (Ad
1024 2314 1089 2344 pag.
1105 2304 1187 2343 186.)
1219 2304 1320 2335 Altera
1343 2302 1486 2334 Octaviae
1508 2302 1621 2333 sororis
1642 2301 1787 2340 Augusti,
1820 2301 1857 2331 de
1879 2311 1940 2340 qua
1961 2301 2050 2330 Ovid.
2070 2301 2113 2330 de
2129 2305 2193 2330 arte

247 2346 258 2377 (
281 2363 290 2379 7
355 2362 363 2370 ·
383 2353 390 2370 ἵ
1957 2346 1961 2349 “

819 2388 882 2417 Aut
904 2388 956 2417 ubi
977 2387 1142 2418 muneribus
1163 2388 1228 2416 nati
1248 2398 1302 2417 sua
1324 2398 1446 2417 munera
1465 2393 1558 2415 muter

864 2429 1014 2465 Addidit,
1042 2438 1163 2460 externo
1185 2440 1330 2460 marmore
1352 2428 1430 2460 dives
1452 2440 1534 2468 opus.
