2263 2668
481 613 1016 669 PRAEFATIO
1072 612 1525 668 EDITORIS.

32 889 258 971 Sequitur
290 917 380 958 iam
411 917 598 968 Probus,
637 931 728 958 non
758 916 830 956 ille
862 915 1046 970 quidem
1077 914 1282 970 antiquus
1313 917 1374 958 M.
1405 913 1591 958 Valerius
1623 917 1808 969 Probus,
1838 926 1975 973 'quem

34 1000 270 1042 Suetonius
309 1000 356 1041 in
394 1000 539 1042 libello
581 1000 635 1041 de
670 998 981 1041 Grammaticis
1012 999 1251 1043 illustribus
1285 999 1450 1052 „nimis
1481 1013 1626 1057 pauca
1657 1009 1696 1042 et
1728 1001 1891 1059 exigua
1922 1003 1975 1045 de

32 1083 302 1139 quibusdam
330 1083 513 1125 minutis
546 1083 899 1139 quaestiunculis
932 1083 1150 1126 edidisse“
1182 1091 1384 1136 testatur,
1416 1084 1496 1125 sed
1524 1084 1649 1126 haud
1676 1085 1809 1128 dubie
1840 1087 1977 1130 serior

29 1167 217 1222 quidam
249 1167 449 1209 eiusdem
478 1168 682 1209 nominis.
751 1166 973 1211 Credibile
1010 1176 1161 1209 tamen
1199 1176 1282 1220 est,
1335 1183 1392 1212 ne
1424 1168 1556 1209 huius
1590 1169 1765 1211 serioris
1795 1169 1978 1225 quidem

29 1250 166 1292 Probi
194 1251 332 1294 libros
364 1252 424 1293 ad
451 1266 532 1294 nos
563 1252 817 1310 pervenisse
849 1252 1060 1310 integros,
1106 1266 1246 1308 quum
1277 1253 1324 1294 in
1356 1252 1660 1308 antiquissimo
1690 1253 1764 1296 illo
1798 1252 1976 1306 Codice,

29 1349 87 1376 ex
116 1349 206 1390 quo
237 1335 320 1376 hos
350 1336 487 1378 libros
517 1351 637 1378 nunc
669 1337 818 1379 denuo
851 1336 1108 1379 emendatos
1143 1336 1284 1389 edidi,
1329 1337 1496 1379 librum
1527 1337 1680 1380 Sancti
1711 1336 1978 1381 Columbani

28 1417 263 1461 Bobiensis
297 1420 514 1477 intelligo,
548 1436 681 1476 quem
711 1420 760 1464 in
791 1421 1059 1464 bibliotheca
1089 1420 1428 1463 Vindobonensi
1457 1422 1642 1474 contuli,
1672 1422 1899 1465 inventum
1922 1420 1978 1463 sit

28 1501 341 1560 Fragmentum
386 1502 737 1547 Grammaticum
784 1505 951 1561 aliquot
996 1506 1299 1563 plagularum,
1362 1506 1483 1561 quod
1527 1519 1630 1547 cum
1671 1505 1802 1548 huius
1843 1505 1980 1549 Probi

31 1583 269 1628 Catholicis
299 1588 496 1630 maxime
529 1589 832 1631 consentiebat
862 1589 1004 1645 iisque
1034 1590 1254 1648 persimile
1286 1598 1416 1640 esset,
1449 1589 1528 1630 sed
1550 1589 1678 1644 longe
1703 1588 1912 1633 uberiora
1939 1596 1979 1629 et

30 1670 221 1727 amplius
254 1672 456 1730 exposita
487 1674 761 1726 continebat,
800 1688 936 1729 quam
967 1688 1081 1730 quae
1113 1675 1161 1715 in
1191 1674 1259 1715 his
1293 1672 1509 1730 excerptis
1539 1673 1770 1714 habentur.
1831 1671 1978 1712 Etiam

30 1754 294 1812 subscriptio
325 1756 428 1798 libri
455 1757 503 1798 in
532 1756 694 1800 Codice
725 1759 838 1800 haec
873 1767 984 1800 erat:
1017 1760 1137 1800 Finil:
1164 1757 1213 1798 de
1242 1755 1470 1798 Catholicis
1494 1756 1637 1797 Probi.
1700 1755 1788 1797 Sed
1819 1769 1977 1810 seque-

32 1837 162 1879 batur
201 1847 351 1883 tamen
392 1841 527 1883 etiam
567 1841 654 1883 alia
694 1842 980 1900 subscriptio,
1035 1842 1097 1882 ita
1136 1848 1409 1899 comparata:
1471 1841 1670 1882 Feliciter
1720 1852 1791 1881 ars
1830 1839 1976 1887 Probi,

33 1918 317 1965 Grammatici
344 1924 490 1976 Urbis,
522 1927 698 1980 explicit
724 1925 958 1969 catholica.
1018 1923 1074 1966 Ut
1104 1924 1235 1981 igitur
1266 1938 1323 1966 ex
1351 1923 1422 1964 his
1454 1922 1834 1967 subnotationibus
1864 1922 1978 1964 nihil

29 2017 300 2062 magnopere
333 2010 441 2050 certi
472 2010 617 2067 colligi
646 2010 796 2067 possit.
860 2008 1034 2059 Codex,
1067 2022 1201 2063 quem
1232 2008 1345 2059 dixi,
1381 2024 1404 2049 e
1430 2007 1729 2050 Bobiensibus
1762 2015 1845 2058 est,
1878 2006 1977 2048 dili-

31 2088 281 2145 gentissime
314 2102 540 2144 exaratus,
598 2094 763 2149 quippe
797 2093 851 2132 ab
885 2091 1059 2143 eadem,
1117 2105 1206 2147 qua
1236 2092 1447 2149 scriptus,
1504 2106 1643 2133 manu
1674 2090 1901 2148 expunctis
1938 2098 1978 2130 et

33 2173 238 2213 correctis
269 2182 440 2218 tantum
469 2192 560 2218 non
592 2174 821 2224 omnibus,
884 2189 1190 2231 quaecumque
1229 2189 1562 2234 supervacanea
1601 2183 1743 2216 essent
1770 2174 1839 2215 vel
1868 2173 1975 2214 scri-

30 2255 167 2312 ptoris
202 2266 366 2310 errata,
414 2269 461 2301 ut
490 2260 688 2310 videtur,
734 2258 848 2299 inter
877 2257 1069 2315 primam
1100 2259 1442 2317 descriptionem
1474 2258 1780 2300 animadverso
1814 2270 1973 2298 errore.

31 2336 149 2380 Nihil
185 2340 321 2382 habet
361 2341 650 2384 distinctionis
687 2350 864 2399 practer
901 2342 1125 2397 quaedam
1162 2352 1330 2401 puncta
1369 2344 1427 2385 ad
1458 2343 1624 2385 litteras
1655 2341 1972 2383 vocabulorum

33 2435 124 2464 non
152 2424 282 2481 plene
313 2426 659 2483 perscriptorum
688 2426 852 2484 posita;
889 2425 1113 2469 interdum
1146 2428 1339 2484 virgulae
1372 2428 1430 2469 ad
1463 2424 1772 2484 distinguenda
1802 2420 1972 2477 singula
