2263 2668
228 177 303 212 504
657 171 1000 207 COMMENTARII
1026 171 1075 205 IN
1100 172 1244 206 PAULI
1271 174 1466 208 DlACONI
1492 174 1744 210 EXCERPTA

785 264 838 299 Te,
869 264 1033 304 quicunque
1052 275 1121 294 suas
1141 268 1313 305 profitentur
1334 265 1454 295 vendere
1476 278 1594 305 merces,

827 306 924 335 Thure
946 305 1034 344 dato,
1064 307 1175 338 tribuas
1198 318 1228 338 ut
1250 310 1307 338 sibi
1329 309 1414 338 lucra
1437 317 1552 348 rogant.

233 365 320 394 Dae.
355 360 495 391 Mercurii
515 356 607 387 aedes.
648 357 714 387 Vid.
739 357 854 386 Livium
875 357 919 393 ΙΙ,
943 358 1028 396 (21.).
1075 357 1179 389 Goth.

390 408 631 439 minusculae
661 409 923 450 quinquatrus.
969 409 1063 438 Varro
1092 410 1143 441 lib.
1156 411 1189 439 V.
1220 410 1390 449 (pag.196.
1416 413 1487 442 199.
1512 409 1598 449 Sp.):
1640 410 1843 457 Quinquatrus
1872 414 2054 444 minusculae
2081 415 2175 446 dictae

231 456 332 485 Iuniae
351 452 418 481 idus
439 451 477 480 ab
499 450 690 480 similitudine
719 452 878 487 maiorum,
916 450 996 491 quod
1025 452 1157 482 tibicines
1186 461 1244 482 tum
1264 452 1375 494 feriati
1401 464 1454 492 per
1479 453 1576 482 urbem
1598 462 1744 493 vagantur
1766 462 1792 483 et
1815 457 1988 486 conveniunt
2011 457 2053 486 ad
2076 457 2174 488 aedem

230 498 385 526 Minervae.
431 495 559 523 Minores
581 500 667 523 vocat
690 494 778 523 Ovid.
799 494 849 522 lib.
864 493 912 522 Vl.
934 494 1013 523 Fast.
1038 497 1149 533 (651.):

758 544 796 574 Et
819 545 876 573 iam
901 545 1094 585 quinquatrus
1115 546 1215 576 iubeor
1238 556 1357 575 narrare
1379 547 1512 577 minore&

803 586 892 616 Nunc
915 585 985 615 ades
1008 599 1024 616 o
1048 590 1171 629 coeptis,
1191 590 1279 629 flava
1302 588 1452 624 Minerva,
1482 590 1561 618 meis.

763 628 821 659 Cur
843 640 934 668 vagus
955 629 1065 659 incedit
1088 639 1149 660 tota
1173 632 1278 661 tibicen
1301 631 1330 658 in
1353 629 1447 660 urbe?

806 671 887 710 Quid
908 670 966 700 sibi
985 683 1124 711 persona,
1159 673 1231 715 quid
1253 681 1321 712 toga
1344 672 1434 712 longa
1456 672 1586 702 volunt?

230 727 302 756 Vide
326 732 353 755 et
377 725 491 753 Livium
515 723 565 751 lib.
578 723 631 751 IX.
655 722 745 754 Dae.
785 722 870 751 Adde
895 722 969 752 Gell.
986 723 1027 760 ΙΙ,
1050 726 1100 755 21,
1129 725 1242 754 Mfflhffi
1268 723 1315 751 die
1339 723 1546 760 EtruskerJl,
1571 726 1642 755 201,

391 773 489 804 Muli
511 773 688 803 Mariani.
734 773 782 801 Sic
807 784 860 812 per
887 774 985 803 iocum
1008 775 1133 804 Romani
1157 776 1261 804 milites
1285 775 1486 811 vocabantur,
1523 785 1589 803 nam
1613 776 1643 803 C.
1668 775 1777 804 Marius
1799 777 2028 807 recidendorum
2051 779 2176 818 impedi-

228 825 395 850 mentorum
424 817 532 856 gratia,
571 816 680 855 quibus
708 817 835 845 maxime
859 827 961 854 agmen
986 824 1143 854 oneratur,
1182 828 1250 846 vasa
1277 823 1305 846 et
1328 818 1437 845 cibaria
1460 818 1588 846 militum
1611 818 1640 846 in
1664 818 1821 847 fasciculos
1843 825 1942 858 aptata
1965 821 2072 858 furcis,
2104 831 2177 860 quas

229 863 416 902 appellarunt
439 859 642 895 aerumnulas,
666 859 825 897 imposuit,
850 860 957 898 quibus
981 861 1081 889 onusti
1104 861 1211 889 milites
1234 861 1291 889 iter
1314 860 1520 889 conficiebant.
1544 860 1633 889 Dae.
1664 860 1730 889 Vid.
1754 872 1843 900 supra
1866 862 2078 894 Aerumnulas.
2111 863 2177 893 Ma-

228 908 270 934 rio
294 904 427 933 instituti.
467 902 551 931 Marii
574 901 718 930 instituto.
768 900 870 930 Gotlz.

392 945 574 974 Blurciae,
620 944 695 972 Vide
720 944 843 974 Varron.
870 945 922 976 lib.
935 945 985 974 IV.
1010 945 1058 985 (p.
1074 946 1144 978 154.
1168 944 1238 984 Sp.)
1263 945 1299 973 de
1324 945 1405 983 Ling.
1430 945 1492 975 Lat.
1517 950 1544 974 et
1568 944 1717 973 Plutarch.
1740 945 1769 973 in
1800 946 1945 984 problem,
1976 948 2062 977 Ant.
2083 948 2176 988 Aug.

227 991 282 1019 Per
305 1001 321 1019 c
345 988 502 1022 scribitur,
531 997 598 1015 cum
621 992 704 1015 antea
728 997 783 1025 per
806 994 817 1015 t
840 988 1034 1024 scriberetur,
1066 994 1099 1017 ut
1122 989 1162 1016 ait
1186 987 1372 1018 Plutarchus.
1419 988 1501 1016 Unde
1524 999 1539 1016 a
1565 993 1710 1024 mut-teto,
1742 988 1822 1026 quod
1846 989 1885 1017 ibi
1909 995 1971 1019 erat
1993 990 2177 1029 proximum,

226 1034 336 1062 dictam
359 1031 466 1059 volunt
489 1030 601 1066 Varro,
630 1029 743 1058 Plinius
766 1034 794 1057 et
816 1030 995 1059 Plutarchus
1018 1031 1081 1070 ipse
1106 1031 1250 1070 (Quaestt.
1276 1031 1359 1059 Rom.
1377 1031 1444 1059 XX.
1460 1029 1523 1069 fin.)
1547 1031 1749 1059 Tertullianus
1773 1031 1810 1059 de
1832 1033 2024 1070 spectaculis:
2055 1031 2176 1070 Consus,

226 1083 256 1104 ut
280 1073 429 1110 diximus,
462 1071 543 1111 apud
565 1079 655 1100 metas
678 1071 730 1100 sub
755 1079 831 1100 terra
854 1071 1005 1104 delitescit.
1049 1074 1179 1102 Illurtiae
1200 1085 1313 1114 quoque
1338 1072 1450 1102 idolum
1470 1073 1571 1113 ficit5
1609 1073 1749 1101 BIurtiam
1773 1074 1847 1102 enim
1870 1074 1962 1103 Deam
1986 1076 2096 1104 amoris
2118 1086 2177 1104 vo·-

225 1117 304 1153 lunt,
329 1117 377 1146 cui
402 1117 431 1144 in
454 1114 511 1144 illa
531 1122 616 1154 parte
638 1113 736 1143 aedem
760 1125 868 1144 vovere.
913 1116 1000 1154 Lege:
1027 1115 1121 1155 Apud
1144 1124 1234 1144 metas
1256 1115 1309 1144 sub
1333 1123 1409 1144 terra
1433 1114 1576 1144 delitescit
1599 1115 1727 1143 Mur-tias
1749 1115 1802 1144 lias
1823 1128 1938 1157 quoque
1960 1116 2072 1146 idolum
2086 1117 2177 1158 fecit.

225 1161 298 1189 Nam
327 1164 423 1187 metae
454 1157 533 1186 Circi
556 1158 682 1186 Murtiae
712 1162 804 1185 metae
832 1158 1026 1187 vocabantur.
1072 1159 1229 1197 Apuleius:
1269 1157 1303 1186 Si
1332 1159 1398 1198 quis
1426 1169 1444 1186 a
1464 1157 1548 1199 fuga
1572 1157 1727 1195 retrahere,
1760 1157 1953 1188 velocculzam
1982 1159 2179 1188 demonstrare

223 1203 329 1242 poterit
348 1200 514 1242 fugitivam
545 1201 618 1239 regis
636 1198 759 1239 filiam,
801 1199 922 1229 Veneris
944 1200 1103 1237 ancillam,
1140 1202 1254 1230 nomine
1276 1199 1424 1238 Psychen,
1462 1201 1615 1229 conveniat
1638 1208 1713 1229 retro
1734 1197 1827 1229 metas
1849 1201 1977 1231 Murtias
1998 1202 2178 1232 Mercurium

223 1243 465 1285 praedicatorem.
511 1242 620 1271 Varro:
643 1241 768 1270 Intimus
791 1240 893 1272 Circus
915 1242 956 1271 ad
978 1244 1099 1272 [Um-tim
1122 1251 1253 1273 vocatus.
1287 1243 1347 1271 Has
1370 1248 1461 1271 metas
1484 1243 1514 1271 in
1537 1243 1639 1272 eodem
1663 1243 1739 1272 libro
1763 1244 1852 1282 paulo
1876 1249 1960 1282 aute,
1980 1245 2094 1284 primas
2115 1255 2178 1273 me-

227 1295 273 1316 tas
295 1291 460 1315 vocaverat
481 1285 700 1314 Tertullianus:
739 1283 777 1313 Et
799 1296 891 1322 nunc,
926 1286 1042 1324 inquit,
1076 1297 1128 1314 ara
1155 1284 1250 1315 Conso
1272 1284 1320 1314 illi
1342 1286 1372 1313 in
1399 1284 1483 1314 Circo
1506 1284 1627 1326 defossa
1649 1293 1689 1314 est
1712 1284 1754 1313 ad
1773 1287 1885 1324 primas
1905 1295 1997 1315 metas
2018 1286 2071 1316 sub
2093 1294 2178 1315 terra.

227 1330 317 1365 Quod
337 1329 388 1358 hic
409 1328 549 1357 scribitur
571 1328 608 1356 de
631 1331 734 1356 monte
749 1328 912 1365 Aventino,
935 1329 970 1356 de
992 1328 1049 1356 hac
1070 1338 1103 1357 re
1125 1329 1165 1356 ita
1188 1329 1219 1356 in
1241 1328 1393 1356 veteribus
1415 1328 1614 1356 monumentis
1634 1328 1762 1356 Danielis
1785 1330 1878 1357 nostri
1902 1329 2047 1368 scriptum
2069 1330 2178 1368 reperi.

229 1371 329 1400 Vallis
351 1372 431 1410 ipsa,
461 1369 511 1399 ubi
535 1368 681 1400 Circenses
702 1368 773 1398 editi
794 1378 878 1406 sunt,
917 1370 981 1399 ideo
1004 1371 1123 1400 Murcia
1148 1370 1229 1400 dicta
1250 1378 1306 1406 est,
1343 1371 1413 1410 quia
1437 1369 1557 1410 quidam
1581 1371 1708 1399 vicinum
1730 1378 1854 1399 montem
1878 1371 2015 1401 Murcum
2038 1370 2179 1411 appella»-

227 1421 286 1442 tum
309 1413 428 1452 volunt‚·
453 1411 507 1441 alii
529 1411 609 1453 quod
621 1412 737 1454 fanum
764 1411 885 1441 Veneris·
911 1412 1116 1442 Verticordiae
1137 1413 1179 1441 ibi
1189 1413 1306 1453 fuerit,
1331 1413 1411 1441 circa
1433 1410 1514 1452 quod
1536 1423 1634 1440 nemus
1656 1414 1787 1441 murtetis
1809 1414 1951 1442 consitum
1963 1413 2093 1454 fuisset,
2117 1415 2179 1442 im-

228 1464 342 1486 mutata
364 1455 449 1485 litera
462 1455 612 1484 BIur-ciam
635 1453 828 1494 appellatam,
854 1460 909 1484 etc.
934 1455 1031 1485 Scal.
1064 1456 1198 1484 Murciae
1221 1455 1316 1491 Deae,
1339 1454 1398 1482 hoc
1420 1459 1463 1483 est
1486 1455 1616 1482 Murciae
1634 1454 1756 1482 veneris
1779 1460 1807 1483 et
1830 1465 1884 1493 per
1906 1467 1923 1484 c
1945 1456 2088 1484 scribitur
2110 1466 2177 1484 cum

228 1504 312 1527 antea
335 1509 389 1537 per
412 1506 422 1526 t
446 1498 644 1533 scriberetur,
673 1496 752 1525 unde
774 1507 790 1524 a
813 1503 940 1526 murteto
965 1498 1044 1536 quod
1068 1498 1110 1526 ibi
1134 1503 1196 1525 erat
1219 1499 1387 1536 proximum
1413 1498 1522 1525 dictam
1544 1497 1660 1525 volunt.
1694 1497 1786 1525 Varro
1809 1497 1860 1528 lib.
1875 1497 1938 1526 IV.:
1963 1497 2019 1527 Ad
2034 1498 2177 1527 Illurtium

229 1549 281 1570 etc.
311 1540 380 1570 Alii
402 1552 460 1569 esse
483 1539 584 1569 dicunt
606 1551 624 1567 a
646 1546 770 1568 murteto
794 1538 988 1576 declinatum,
1016 1539 1096 1580 quod
1118 1540 1160 1568 ibi
1182 1539 1215 1568 id
1233 1540 1326 1579 fuerit
1349 1540 1432 1567 cuius
1453 1540 1603 1577 vestigium
1628 1546 1738 1575 manet,
1765 1538 1844 1579 quod
1865 1539 1908 1568 ihi
1929 1539 2068 1569 sacellum
2091 1541 2178 1569 etiam

229 1595 305 1613 nunc
328 1583 457 1612 Martiae
482 1582 612 1611 Veneris.
658 1582 732 1612 Ptin.
755 1581 804 1612 lib.
820 1583 885 1612 XV.
912 1593 975 1621 cap.
990 1586 1057 1616 29.:
1089 1582 1158 1610 Ara
1183 1581 1246 1622 fuit
1268 1580 1384 1609 Romae
1411 1589 1489 1610 vetus
1515 1581 1636 1610 Veneris
1658 1581 1788 1609 Martiae
1815 1593 1903 1621 quam
1932 1594 2009 1611 nunc
2029 1582 2179 1612 Murciam

229 1633 343 1656 vocant.
384 1626 421 1654 Et
444 1625 484 1653 ita
509 1625 620 1653 Plinius
645 1629 673 1652 et
696 1623 873 1653 Plutarchus
896 1625 969 1663 ipse.
1012 1626 1035 1653 A
1060 1629 1174 1662 myrto,
1199 1635 1273 1662 quae
1297 1623 1404 1652 Veneri
1428 1634 1526 1658 sacra,
1551 1624 1682 1661 Myrtea,
1707 1629 1806 1661 postea
1830 1625 1942 1652 Murcia
1966 1624 2065 1653 Venus
2087 1625 2177 1655 dicta.

231 1668 298 1696 Eius
322 1668 422 1696 aedem
447 1668 477 1696 in
499 1668 551 1697 XI.
576 1667 657 1695 urbis
679 1667 798 1704 regione
820 1668 905 1706 ponit
929 1667 1047 1704 Victor,
1080 1667 1137 1695 fuit
1158 1672 1312 1705 praeterea
1338 1666 1393 1694 alia
1417 1667 1475 1695 Dea
1498 1666 1617 1694 Murcia
1638 1666 1681 1694 sic
1703 1665 1783 1694 dicta
1808 1666 1887 1705 quod
1913 1667 1970 1695 Dea
1992 1672 2067 1696 esset
2088 1667 2181 1696 Mur-

232 1710 379 1747 cidorum,
400 1711 417 1739 i.
437 1721 460 1740 e.
484 1710 676 1748 ignavorum,
699 1709 849 1738 inertium.
881 1710 1026 1746 Quamvis
1049 1710 1134 1738 istam
1159 1720 1224 1738 cum
1248 1710 1341 1737 ultera
1362 1710 1483 1737 Servius
1506 1708 1626 1737 videtur
1650 1709 1840 1737 confundere.
1879 1709 1952 1737 Vide
1975 1708 2181 1740 Murricidum.

233 1752 319 1782 Dae.
349 1754 411 1782 Liv.
430 1753 459 1790 I,
485 1750 574 1792 (33.).
613 1751 696 1780 Adde
721 1762 795 1790 quae
818 1753 924 1791 scripsi
947 1753 983 1781 de
1006 1754 1115 1781 murcis
1138 1757 1167 1780 et
1189 1753 1303 1780 murcia
1328 1752 1365 1780 ad
1387 1751 1405 1779 l.
1419 1751 1449 1782 4.
1474 1754 1587 1789 §.eum
1610 1752 1667 1790 qui.
1690 1751 1782 1782 12.ff.
1808 1752 1843 1780 de
1867 1762 1899 1779 re
1922 1751 2051 1780 militari.
2076 1750 2180 1782 Goth.

234 1794 361 1824 Murcus.
393 1796 518 1825 Murius.
555 1794 628 1823 Nam
653 1805 668 1822 a
692 1800 820 1823 murteto
843 1795 951 1824 Murtia
976 1796 1116 1834 primum.
1149 1795 1184 1823 Et
1206 1799 1301 1823 metae
1325 1795 1452 1822 murtiae
1475 1794 1505 1822 in
1530 1794 1616 1822 Circo
1640 1794 1718 1833 apud
1742 1793 1965 1823 Tertullianum.
2010 1793 2119 1823 Idem.

394 1838 559 1866 Martius
588 1838 734 1865 mensis.
780 1838 897 1865 Annum
920 1838 951 1866 in
974 1839 1076 1866 decem
1102 1848 1214 1866 menses
1238 1836 1339 1865 divisit
1362 1837 1526 1873 Romulus,
1561 1842 1589 1865 et
1611 1838 1741 1875 primum
1764 1836 1889 1874 genitori
1912 1836 2040 1873 dicavit,
2072 1837 2124 1875 qui
2146 1837 2181 1865 ab

237 1886 270 1904 eo
293 1878 426 1908 Martius.
470 1881 581 1908 Tamen
611 1885 678 1907 ante
701 1880 825 1908 Romam
857 1881 1007 1909 conditam
1038 1891 1096 1908 non
1121 1880 1259 1908 omnibus
1282 1879 1384 1907 Italiae
1407 1879 1527 1918 populis
1550 1879 1668 1918 primus
1691 1879 1764 1915 suit3
1800 1889 1868 1907 nam
1892 1879 2013 1907 Albanis
2036 1884 2099 1908 erat
2120 1884 2182 1908 ter-

237 1918 313 1954 tius,
342 1921 483 1951 Plintiscis
509 1923 645 1960 quintus,
678 1927 779 1951 sextus
803 1923 948 1953 Hernicis.
989 1923 1064 1952 Vide
1088 1923 1176 1951 Ovid.
1198 1922 1276 1951 Fast.
1301 1922 1349 1952 lib.
1364 1922 1415 1951 111.
1441 1922 1481 1959 (I,
1504 1924 1577 1959 39.).
1608 1921 1695 1951 Dac.
1735 1921 1802 1951 Vid.
1828 1921 1954 1952 Varron.
1979 1922 2014 1950 de
2038 1922 2068 1952 L.
2093 1922 2124 1952 L.
2148 1922 2182 1952 V.

240 1957 307 1998 (VI,
328 1967 476 2000 pag.213.
500 1963 576 2005 Sp).
625 1963 728 1994 Goth.

397 2005 604 2037 Membrum.
651 2008 688 2035 At
710 2008 740 2035 in
764 2007 829 2035 ΧΠ.
852 2012 911 2036 est:
950 2006 1078 2037 Homini
1104 2015 1219 2036 mortuo
1249 2019 1283 2035 ne
1312 2018 1378 2035 ossa
1401 2005 1508 2045 legito,
1545 2017 1602 2046 quo
1627 2013 1695 2045 post
1713 2005 1805 2046 funus
1824 2005 1942 2044 faciat..
1973 2005 2075 2035 Fulv.
2104 2005 2181 2035 Urs.

240 2042 305 2071 Huc
328 2046 473 2080 pertinent
496 2060 568 2087 quae
591 2050 627 2078 de
650 2049 845 2088 praecidanea
869 2061 973 2089 porca.
1007 2049 1110 2079 Scal.
1155 2048 1318 2078 Memhrum
1348 2048 1474 2077 abscidi.
1513 2047 1676 2077 IlIembr-um
1707 2047 1851 2078 abscindi.
1895 2049 1991 2077 Etiam
2020 2059 2052 2077 os
2082 2048 2182 2087 quod-

241 2085 308 2113 dam
332 2085 368 2112 ad
391 2090 508 2117 eandem
533 2102 593 2119 rem
617 2092 706 2120 adimi
728 2098 855 2121 testatur
879 2093 972 2121 Varro
996 2093 1046 2121 lib.
1060 2093 1110 2122 IV.
1135 2092 1213 2131 (pag.
1226 2095 1275 2123 33.
1301 2092 1380 2130 Sp.):
1414 2091 1479 2120 Aut
1501 2093 1526 2120 si
1547 2102 1579 2120 os
1601 2098 1755 2129 exceptum
1779 2098 1819 2119 est
1840 2092 1948 2120 mor-tui
1969 2090 2009 2119 ad
2027 2089 2182 2132 familiam

242 2127 474 2166 expurgandam.
520 2133 551 2159 ld
583 2135 660 2162 enim
689 2136 726 2163 ad
755 2135 897 2164 familiam
932 2136 1118 2174 purgandam
1150 2140 1232 2163 certo
1261 2144 1367 2172 genere
1398 2134 1496 2162 februi
1525 2133 1605 2172 quod
1637 2134 1782 2161 vocabant
1812 2134 1969 2162 exverrias.
2021 2134 2078 2163 Sed
2107 2134 2182 2162 illud

241 2175 344 2208 postea
369 2171 530 2199 Decemviri
555 2175 746 2214 prohibuere,
788 2178 844 2205 nisi
868 2178 934 2216 quis
964 2183 1013 2206 aut
1039 2188 1159 2216 peregre
1183 2182 1234 2205 aut
1255 2177 1285 2205 in
1309 2177 1425 2206 hostico
1450 2182 1526 2205 esset
1547 2181 1692 2204 mortuus.
1736 2176 1813 2204 Hinc
1834 2176 2024 2213 intelligenda
2046 2176 2096 2205 lex
2115 2177 2182 2205 Xll.

243 2212 424 2240 tabularum:
457 2212 581 2242 flamini
602 2225 712 2246 mortuo
736 2231 769 2246 ne
791 2231 855 2248 ossa
880 2219 983 2259 legito,
1007 2232 1064 2260 quo
1084 2228 1151 2260 post
1164 2220 1264 2262 funus
1280 2221 1355 2258 fiat:
1380 2227 1466 2247 extra
1491 2231 1578 2260 quam
1603 2219 1628 2247 si
1650 2217 1756 2246 militia
1779 2225 1831 2247 aut
1851 2229 1967 2257 peregre
1986 2226 2117 2248 mor-tuus
2136 2220 2181 2247 sit.

245 2253 339 2282 crinis
363 2255 449 2283 etiam
472 2256 624 2284 secabatur
649 2259 685 2286 ad
709 2270 792 2297 quem
817 2272 871 2299 pro
887 2268 951 2290 toto
976 2273 1101 2301 corpore
1121 2264 1198 2291 iusta
1221 2262 1334 2291 fierent.
1365 2261 1430 2290 Vid.
1454 2263 1527 2292 Stat.
1544 2262 1594 2291 IX.
1619 2260 1760 2291 Thebaid.
1794 2261 1868 2289 Vide
1890 2260 1965 2289 infra
1986 2259 2182 2300 praecidanea

244 2307 329 2334 agna.
349 2296 436 2343 .D‘²⁰'
470 2297 534 2325 Dixi
559 2298 596 2326 ad
617 2299 737 2329 Varron.
763 2303 798 2330 de
823 2305 852 2333 L.
875 2305 905 2332 L.
928 2305 982 2342 IV,
1007 2317 1052 2333 no.
1066 2309 1096 2337 4.
1121 2312 1149 2334 et
1172 2305 1207 2333 ad
1232 2305 1288 2343 leg.
1303 2305 1368 2333 XII.
1384 2305 1464 2333 tabb.
1488 2305 1518 2332 in
1543 2304 1650 2343 quibus
1672 2304 1714 2332 sic
1736 2308 1809 2332 erat:
1833 2303 1952 2332 Homini
1975 2308 2091 2332 mortuo
2107 2303 2181 2330 Ossa

246 2348 281 2365 ne
304 2338 408 2376 legito,
435 2350 493 2377 quo
517 2346 584 2378 post
606 2341 691 2368 funus
714 2342 811 2371 faciat.
857 2345 962 2375 Goth,

355 2422 360 2426 ¹
410 2381 602 2411 Monodos.
648 2383 720 2411 Plin.
744 2384 794 2413 lib.
811 2386 870 2415 Vll.
895 2399 957 2426 cap.
975 2392 1023 2419 16.
1045 2390 1202 2418 videndus.
1235 2390 1324 2418 Ant.
1348 2390 1442 2428 Aug.
1492 2387 1672 2423 Μονόδους,
1710 2388 1760 2425 qui
1791 2387 1922 2415 dentium
1945 2388 2010 2415 loco
2034 2395 2124 2414 unum
2148 2397 2180 2414 os

247 2422 408 2460 aequaliter
430 2428 580 2452 extensum
601 2425 708 2461 habet,
732 2431 764 2453 ut
787 2427 920 2457 Prussiae
942 2430 1019 2458 filius
1042 2436 1070 2459 et
1091 2431 1282 2468 Epirotarum
1305 2442 1358 2460 rex
1381 2431 1523 2469 Pyrrhus.
1564 2431 1660 2458 Valer.
1682 2430 1758 2458 Max.
1782 2430 1855 2457 Plin.
1900 2428 1985 2456 Dac-
