2263 2668
262 127 312 162 14

682 122 825 156 PAULI
851 122 971 156 DIAC.
1000 122 1252 158 EXCERPTA
1278 126 1340 159 EX
1367 127 1453 162 LlB.
1482 125 1623 162 POMP.
1650 126 1786 166 FESTI

268 222 402 256 Arcere
418 216 429 236 ¹
457 221 503 249 est
527 217 704 248 continere.
760 214 861 248 Unde
889 221 921 248 et
941 213 954 233 ²
980 228 1074 250 arcus
1101 218 1133 250 in
1161 219 1320 252 aedificiis
1348 220 1455 253 dictus
1483 227 1548 261 est,
1582 225 1659 266 quia
1686 236 1720 257 se
1742 227 1814 269 ipse
1841 229 1995 261 continet.
2050 230 2116 262 Alii
2147 231 2199 264 di-

366 274 443 304 cunt
469 277 591 299 arcum
619 266 743 299 dictum
772 278 842 300 esse
870 269 911 300 ab
939 279 1043 311 opere
1070 270 1249 314 arrigendo
1276 271 1308 302 in
1335 272 1550 306 altitudinem.

267 324 425 358 Arcuma
444 315 456 334 ³
483 329 588 362 genus
614 317 751 361 plaustri
778 323 826 350 est
848 315 859 335 ⁴
886 320 1026 360 modici,
1054 332 1121 364 quo
1149 321 1253 353 homo
1281 323 1403 366 gestari
1429 325 1540 367 possit.

265 376 405 419 Argeos
430 370 593 403 vocabant
619 370 763 413 scirpeas
791 370 938 415 effigies,
973 383 1058 414 quae
1091 384 1153 417 per
1187 373 1329 417 virgines
1356 374 1506 408 Vestales
1534 378 1622 409 annis
1650 378 1785 422 singulis
1809 375 1820 394 ὖ
1850 379 2052 414 iaciebantur
2077 383 2109 415 in
2136 383 2199 417 Ti-

362 422 478 455 berim.

265 476 399 510 Arcere
424 471 608 517 prohibere
634 476 683 504 est
703 468 724 504 Β.
956 469 968 489 ἰ

777 471 934 505 Similiter

994 472 1150 514 abarcet,
1178 475 1347 518 prohibet.

1401 476 1529 510 Por-cet
1555 490 1690 522 quoque
1718 479 1843 514 dictum
1865 481 1908 513 ab
1928 482 2079 526 antiquis,
2105 486 2198 527 quasi

364 535 467 570 porro
496 528 602 563 arcet,
630 528 662 555 et
688 533 751 567 pro
776 534 835 565 e0‚
864 524 956 567 quod
985 530 1030 557 est
1058 526 1217 567 continet,
1248 527 1398 571 ponitur;
1424 529 1512 561 unde
1540 536 1571 562 et
1593 527 1605 547 3
1633 542 1795 564 coercere
1815 528 1827 548 ⁹
1856 533 2024 566 continere
2050 534 2196 569 dicimus.

363 575 524 610 Trahitur
551 578 660 606 autem
686 575 755 608 hoc
781 576 918 608 verbum
945 588 964 608 a
992 577 1201 610 Graecorum
1239 579 1449 623 magistratu,
1484 592 1583 624 quem
1617 582 1666 614 illi
1693 580 1806 630 α’ρχήν
1827 580 1851 601 ¹⁰
1876 590 2013 627 vocant,
2048 586 2081 618 in
2107 587 2198 620 cuius

364 631 527 673 potestate
554 630 602 658 est
627 626 681 658 vel
704 622 726 642 ¹¹
754 637 895 671 cogere,
921 628 974 660 vel
1002 629 1193 672 prohibere.

262 679 397 714 Arcani
424 677 581 710 sermonis
608 677 802 722 significatio
830 678 968 711 trahitur
995 680 1060 711 sive
1087 681 1130 712 ab
1158 692 1250 720 arceq
1278 692 1363 724 quae
1390 682 1546 715 tutissima
1579 695 1655 727 pars
1683 686 1770 718 urbis
1797 690 1845 719 est
1867 683 1907 725 ¹²,
1934 687 2001 719 sive
2028 699 2047 719 a
2073 699 2197 732 genere

363 729 532 769 sacrificii,
559 729 651 771 quod
676 729 708 761 in
736 741 811 763 arce
838 730 874 762 fit
902 731 943 762 ab
972 731 1168 775 auguribus,
1196 732 1282 764 adeo
1310 739 1473 767 remotum
1502 746 1520 766 a
1546 736 1661 768 notitia
1688 737 1826 781 vulgari,
1854 742 1890 769 ut
1916 749 1956 770 ne
1982 738 2095 771 litteris
2122 740 2196 782 qui—

366 782 443 814 dem
470 779 663 821 mandetur,
691 781 749 813 sed
773 793 834 825 per
860 783 1056 814 memoriam
1084 795 1307 816 successorum
1337 785 1539 824 celebretur3
1566 787 1633 820 sive
1660 788 1702 820 ab
1730 800 1818 828 arca,
1845 788 1877 820 in
1900 800 1965 832 qua
1983 801 2068 832 quae
2086 790 2196 824 clausa

363 837 454 872 sunt,
481 835 549 864 tuta
576 837 725 872 manent,
753 833 842 865 cuius
868 833 967 876 ipsius
995 834 1091 878 origo
1119 835 1159 867 ab
1187 835 1331 867 arcendo
1359 837 1485 879 pendet
1507 834 1540 869 ¹³.

265 885 436 920 Arculum
463 883 679 927 appellabant
697 880 721 900 ¹⁴

363 935 406 969 ad
433 946 525 968 sacra
551 935 688 978 publica
715 936 823 979 capite
852 936 1077 979 portabantur.

748 885 924 924 circulum,
952 897 1052 927 quem
1081 886 1179 929 capiti
1205 887 1421 931 imponebant
1445 889 1489 920 ad
1512 889 1697 922 sustinenda
1719 886 1741 907 ¹⁵
1768 890 1976 924 commodius
1995 903 2083 933 vasa,
2110 903 2195 935 quae

264 988 418 1022 Arcnlus
443 986 621 1031 putabatur
648 998 717 1019 esse
737 984 760 1003 ¹⁰
787 987 883 1027 deus,
912 988 967 1030 qui
994 988 1130 1020 tutelam
1157 995 1290 1033 gereret
1318 1002 1477 1024 arcarum.

264 1040 440 1074 Arculata
460 1034 484 1054 ¹⁷
512 1037 704 1071 dicebantur
730 1038 860 1078 circuli,
888 1039 944 1081 qui
972 1050 1012 1071 ex
1038 1040 1141 1071 farina
1169 1041 1201 1072 in
1228 1042 1393 1075 sacrificiis
1420 1042 1552 1075 fiebant.

264 1091 402 1126 Arcula
428 1089 599 1122 dicebatur
624 1091 709 1128 avis,
737 1101 821 1132 quae
848 1091 880 1121 in
907 1092 1060 1134 auspiciis
1088 1093 1219 1124 vetabat
1245 1093 1370 1137 aliquid
1396 1094 1476 1126 fieri.

264 1144 410 1176 Asseres
436 1140 532 1183 dicti,
560 1141 652 1184 quod
680 1141 840 1173 assideant
866 1142 984 1184 parieti
1010 1143 1233 1186 trabibusque.

535 1193 625 1236 apud
654 1193 803 1235 antiquos
831 1193 1003 1225 dicebatur
1029 1205 1133 1238 genus
1160 1195 1331 1238 quoddam
1367 1196 1510 1240 potionis
1546 1206 1585 1228 ex
1612 1196 1688 1228 vino
1719 1200 1750 1227 et
1777 1197 1936 1240 sanguine
1961 1202 2193 1240 temperatum,

1119 1257 1259 1279 vocaren

516 1295 671 1339 regulae,
699 1307 784 1337 quae
811 1301 1010 1328 transversae
1038 1298 1196 1330 asseribus
1225 1304 1256 1331 et
1282 1298 1403 1342 tegulis
1425 1294 1449 1314 ²²
1475 1298 1724 1341 interponuntur
1771 1323 1777 1329 .

1046 1348 1145 1382 Unde
1173 1350 1270 1382 etiam
1290 1347 1302 1367 ²

264 1194 463 1227 Assiratum
484 1189 508 1208 ¹⁸

362 1242 454 1287 quod
480 1243 588 1276 Latini
616 1244 713 1288 prisci
740 1245 932 1289 sanguinem
960 1246 1050 1277 assir

261 1295 444 1329 Ambre'ces
466 1290 489 1310 ²¹

261 1347 371 1381 Antes
396 1349 469 1377 sunt
494 1347 628 1379 extremi
655 1347 786 1379 ordines
813 1349 990 1380 vinearum.

358 1397 525 1429 ostiorum.

1070 1242 1092 1261 19

1263 1252 1274 1279 t
1297 1243 1329 1280 ²⁰.

1744 1293 1768 1313 ¹23

1304 1347 1314 1366 ⁴
1763 1345 1787 1365 ²⁵
1940 1345 1964 1365 ²⁵
1991 1355 2064 1381 sunt
2090 1349 2192 1381 latera

1341 1361 1461 1382 nomen
1488 1349 1622 1382 trahunt
1649 1354 1742 1381 antae
1796 1373 1804 1385 ,
1832 1360 1917 1391 quae

262 1449 424 1484 Ambitus
449 1448 586 1492 proprie
613 1447 734 1480 dicitur
755 1446 779 1465 ²⁷
804 1449 887 1481 inter
912 1450 1093 1483 vicinorum
1121 1451 1272 1485 aedificia
1300 1453 1391 1485 locus
1419 1452 1561 1484 duorum
1589 1451 1715 1495 pedum
1744 1456 1776 1483 et
1808 1450 1986 1493 semipedis
2012 1449 2055 1481 ad
2077 1448 2101 1468 ²3
2128 1451 2193 1484 cir-

363 1500 539 1534 cumeundi
566 1499 757 1532 facultatem
784 1501 927 1534 relictus.

361 1551 408 1584 do
434 1551 730 1596 supplicandoque.

347 1682 378 1725 1)
400 1683 521 1722 Are-ere]
544 1683 650 1711 Arcire
665 1683 697 1712 L.
721 1698 762 1703 —-
784 1679 814 1722 ΞΒ)
840 1681 879 1722 el]
904 1694 960 1714 om.
980 1686 1007 1715 L.
1053 1687 1127 1714 Scal.
1150 1697 1205 1725 pro

265 1729 325 1764 ipse
339 1726 428 1755 habet
440 1728 550 1764 ipsum.
570 1742 612 1748 —
633 1726 663 1762 3)
679 1725 826 1762 Arc-ama]
851 1726 899 1753 Sic
915 1728 969 1756 Gu.
987 1732 1010 1759 1.
1034 1729 1160 1757 Anima
1175 1730 1205 1757 Β.

265 1769 348 1806 Vulg,
375 1769 527 1797 Arcirmtc.
557 1785 598 1790 —
627 1769 655 1805 4)
677 1768 730 1806 ml]
757 1777 813 1795 om.
836 1768 865 1796 Β.
889 1786 930 1791 -—
959 1769 987 1810 5)
1005 1773 1094 1799 αηηιζε·
1113 1771 1204 1810 singn]

266 1813 342 1848 sing.
359 1812 447 1839 ‹mni-9
464 1812 495 1839 L.
521 1827 555 1832 —
581 1813 609 1846 6)
620 1811 740 1848 prohib.
756 1809 809 1848 eal]
832 1816 873 1837 ‹as-t
886 1813 977 1850 proh.
1003 1813 1032 1843 L,
1054 1831 1088 1835 —
1110 1812 1139 1854 7)
1156 1809 1206 1842 Si-

268 1851 345 1889 mia]
360 1859 384 1880 et
399 1856 465 1882 sim.
484 1854 514 1882 L,
533 1870 569 1874 -ν
593 1852 625 1893 8)
643 1854 679 1891 et]
695 1865 750 1881 oni.
767 1854 797 1883 L.
820 1869 860 1874 —-
883 1857 910 1889 9)
929 1855 1031 1894 caera]
1049 1857 1158 1885 cahere.
1173 1858 1205 1885 B.

266 1910 310 1914 ⁷—-
340 1894 381 1932 10)
407 1893 514 1934 ἆρχήν]
546 1896 593 1923 Sic
609 1896 663 1924 Gu.
681 1898 708 1926 1.
739 1896 848 1923 archen
863 1896 899 1924 M.
923 1898 976 1927 Gu.
993 1902 1020 1930 2.
1066 1911 1126 1927 πυσ-
1156 1896 1204 1938 (ἶρ-

267 1932 319 1974 χόν
334 1935 368 1962 B·
400 1946 456 1964 om.
475 1948 517 1975 pr.
537 1954 579 1960 —
602 1935 647 1977 11)
664 1938 719 1977 vel]
738 1949 795 1967 orn.
810 1949 855 1977 pr.
880 1955 916 1960 —
943 1939 989 1980 12)
999 1947 1136 1980 lampae-s
1151 1953 1204 1969 ur-

270 1977 316 2006 bis
329 1976 382 2014 est]
406 1978 451 2004 Sic
473 1980 527 2007 Gu.
544 1983 571 2011 2.
616 1986 671 2010 tut,
692 1986 732 2008 cst
744 1992 820 2019 pars
835 1982 900 2011 urb.
925 1983 954 2012 L.
999 1989 1053 2013 iul.
1067 1996 1145 2022 pur-5
1163 1991 1202 2011 es!

271 2018 335 2047 urb.
354 2018 392 2045 M.
415 2019 470 2047 Gu.
493 2023 517 2050 1.
542 2030 584 2058 pr.
605 2024 632 2050 S.
677 2028 731 2051 tut.
749 2035 826 2061 par-r
849 2024 933 2051 urbis
958 2032 1021 2053 erat
1042 2027 1073 2055 Β.
1119 2027 1203 2064 Vulg.

270 2067 312 2090 est
334 2070 390 2088 om.
411 2075 451 2081 -
475 2060 648 2101 13)1›e11‹let]
673 2065 810 2103 (lqmzclet
827 2066 858 2094 B.
876 2077 920 2104 pr.
943 2084 984 2089 -
1008 2069 1050 2106 14)
1068 2070 1204 2107 appellu—

270 2102 355 2141 bant]
378 2101 528 2139 appellant
552 2103 588 2132 Μ.
610 2121 649 2126 -
671 2108 716 2145 15)
738 2108 928 2147 sustinenda]
949 2112 1159 2139 sustinendum
1172 2112 1203 2140 Β.

270 2161 313 2167 .-
334 2145 380 2181 16)
400 2144 570 2182 putabatur
591 2157 649 2172 esse
667 2148 750 2187 deus]
774 2152 821 2178 Sic
838 2151 870 2180 L.
895 2152 949 2181 Gu.
969 2157 994 2185 1.
1010 2157 1037 2185 2.
1060 2164 1103 2192 pr,
1142 2165 1204 2192 Ρα-

272 2187 397 2215 tabatur
412 2196 472 2213 esse
487 2185 586 2212 dictas
602 2187 674 2214 deus
692 2190 721 2218 Β,
767 2192 852 2229 vulg.
872 2204 928 2232 pro
944 2207 1003 2223 esse
1024 2198 1141 2224 (Il-am
1162 2197 1204 2224 le-

271 2230 358 2268 gitur.
379 2244 419 2250 —
447 2225 491 2268 17)
512 2228 675 2266 Ara-ulam]
698 2231 813 2260 Arculca
829 2235 861 2262 B.
889 2253 924 2258 —
949 2237 995 2278 18)
1013 2238 1201 2277 Assz'ratum]

272 2272 319 2300 Sic
336 2270 439 2308 scripsi
454 2275 570 2298 secutus
583 2271 687 2307 Scalig.
717 2272 802 2310 Vulg.
815 2276 1008 2311 Aram-atum.
1031 2297 1073 2302 —
1096 2281 1140 2320 19)
1156 2292 1203 2309 as-

272 2313 327 2352 air]
344 2323 439 2351 assyr.
455 2312 493 2340 M.
529 2314 640 2340 mas-rit·
657 2322 699 2350 pr.
722 2329 763 2334 —
784 2315 829 2353 ΞΟ)
845 2321 993 2359 vocarent]
1012 2323 1157 2352 vocabant
1172 2324 1202 2352 L.

277 2372 311 2378 .-
336 2359 382 2389 21)
401 2353 743 2392 Amhrtces]Acol1rie-es
767 2356 822 2385 Gu.
839 2361 865 2388 2.
889 2375 921 2380 —
943 2361 990 2400 22)
1012 2366 1133 2402 tegulis]
1157 2377 1203 2393 rf-

1238 2112 1339 2150 Jllcere
1358 2123 1402 2151 pr.
1446 2123 1518 2140 nure
1535 2113 1703 2149 Sinestmre
1716 2112 1747 2140 Β.

980 1503 1031 1534 Ex
1053 1513 1119 1545 quo
1147 1504 1245 1535 etiam
1272 1503 1408 1535 honoris
1437 1504 1575 1536 ambitus
1603 1503 1669 1536 dici
1696 1508 1834 1546 coeptus
1861 1508 1909 1534 est
1935 1513 1953 1533 a
1985 1501 2192 1535 circumeun-

784 1553 932 1585 Ambitio
960 1558 1007 1585 est
1033 1553 1104 1598 ipsa
1132 1555 1216 1587 actio
1244 1555 1413 1587 ambientis
1432 1551 1464 1586 ²⁵³.

1247 1688 1334 1725 gulis
1357 1688 1386 1717 L,
1420 1705 1460 1710 --
1497 1687 1544 1727 23)
1575 1696 1635 1715 ass,
1662 1693 1686 1713 et
1716 1692 1771 1724 leg.
1796 1686 1918 1725 inferlm]
1949 1687 2054 1723 interp.
2081 1695 2143 1714 (1⁸⁸.
2167 1690 2191 1712 et

1250 1736 1306 1768 teg.
1327 1731 1358 1760 B.
1382 1747 1423 1751 —
1446 1730 1490 1769 24)
1507 1727 1608 1766 etiarn]
1625 1736 1649 1757 el
1668 1730 1698 1757 Β.
1721 1745 1763 1750 —-
1785 1728 1831 1770 25)
1851 1728 1952 1766 antae]
1976 1732 2081 1756 ztrzteae
2095 1727 2128 1756 B.
2151 1743 2192 1748 —

1250 1775 1297 1804 26)
1318 1772 1406 1811 qum]
1430 1784 1485 1801 oni.
1505 1774 1534 1800 L.
1559 1789 1600 1794 -
1624 1773 1669 1807 27)
1687 1782 1792 1809 propr.
1809 1771 1878 1809 dia]
1902 1770 1960 1799 dic.
1970 1780 2072 1808 propr.
2091 1769 2145 1797 Gu.
2163 1772 2189 1800 1.

1250 1831 1290 1836 —
1314 1815 1361 1851 2»)
1380 1815 1423 1842 (ια’
1434 1815 1558 1854 circum]
1584 1821 1608 1842 cl
1624 1814 1667 1842 ad
1684 1815 1738 1843 Gu.
1757 1817 1781 1845 1.
1804 1830 1846 1835 —-
1871 1812 1916 1852 29)
1939 1811 2108 1851 ambientis]
2129 1821 2190 1839 am.-

1249 1856 1349 1885 [aiendi
1372 1858 1401 1886 L.
1437 1875 1471 1879 —-
1503 1857 1549 1897 30)
1570 1858 1693 1895 proprie
1710 1855 1779 1894 clia]
1803 1855 1861 1884 (lic.
1882 1866 1983 1894 propr.
2015 1855 2070 1882 Gu.
2095 1856 2122 1886 1.
2150 1869 2191 1875 —-

1247 1898 1292 1939 31)
1312 1899 1539 1937 circumnamlo]
1557 1897 1774 1927 circumdando
1793 1899 1847 1927 Gu.
1863 1900 1889 1929 1.
1907 1915 1948 1920 ——-
1969 1894 2018 1937 3⁴2)
2035 1895 2190 1935 quoniam]

1248 1941 1331 1979 quud
1356 1943 1386 1970 L.
1431 1943 1458 1970 S.
1486 1942 1568 1970 addit
1588 1943 1657 1970 Am.
1686 1958 1727 1962 —
1756 1942 1803 1978 33)
1823 1939 1991 1979 sumptum]
2011 1945 2051 1967 est
2074 1938 2142 1968 add.
2159 1939 2188 1968 L.

1247 1990 1379 2012 tractum
1399 1985 1430 2013 B.
1453 1995 1498 2023 pr.
1524 2001 1566 2005 —
1589 1985 1637 2021 34)
1659 1994 1734 2022 quae
1752 1989 1792 2010 est
1808 1981 1906 2022 ἀμφί]
1922 1993 1980 2011 om.
1998 1983 2047 2018 L.,
2070 1981 2119 2020 qui
2136 1980 2190 2009 ha-

1247 2027 1297 2055 bet
1319 2026 1401 2065 quod
1420 2028 1583 2065 signficat.
1629 2024 1708 2064 α’μφί
1732 2037 1787 2055 om.
1803 2037 1849 2065 pr.
1878 2042 1920 2048 -—
1942 2041 1984 2046 —-
2011 2023 2057 2063 35)
2076 2025 2189 2051 circum

1248 2075 1273 2096 et
1299 2068 1391 2109 mare]
1416 2071 1603 2097 cim-zmirnae
1628 2069 1662 2096 id
1681 2074 1723 2096 est
1743 2069 1842 2107 fluere
1870 2069 1901 2096 L.
1954 2069 2142 2094 cit-czcmrzare
2162 2070 2188 2092 et

1791 2111 1823 2139 In
1846 2111 1915 2139 edit.
1931 2110 2006 2138 scal.
2029 2109 2128 2137 addita
2143 2111 2187 2135 est

1247 2155 1356 2192 glossa:
1390 2154 1592 2182 Amoebaeam
1623 2165 1739 2181 carmen
1772 2160 1831 2188 est,
1862 2154 1999 2192 quociens
2024 2151 2125 2189 aliqui
2155 2159 2186 2177 ex

1247 2198 1370 2235 aequali
1391 2208 1512 2225 numero
1538 2208 1677 2225 versuum
1699 2202 1830 2224 canunt.-
1856 2202 1881 2224 et
1900 2197 1945 2224 ita
1966 2205 1996 2222 Se
2010 2193 2097 2221 hahet
2119 2192 2184 2229 ipsa

1245 2241 1396 2278 responsio
1406 2262 1412 2273 ‚
1436 2246 1470 2268 αι
1485 2245 1541 2267 ιιιιέ
1555 2240 1672 2267 malum
1687 2244 1739 2266 aut
1757 2240 1942 2267 contrarium
1959 2233 2080 2275 aliquid
2091 2233 2180 2261 dicat.

1247 2282 1325 2310 Haec
1341 2282 1377 2310 ab
1396 2282 1530 2311 omnibus
1547 2282 1635 2311 codd.
1652 2282 1769 2310 absunt.
1798 2298 1838 2303 —
1866 2281 1914 2316 36)
1930 2280 1985 2317 agi
1997 2275 2090 2316 part]
2107 2283 2181 2312 par-

1247 2330 1290 2352 tes
1310 2326 1363 2363 agi
1388 2325 1418 2354 L.
1453 2342 1493 2345 —
1529 2327 1574 2361 37)
1607 2321 1760 2363 ἀμφίβολα
1782 2321 1946 2360 dicuntur]
1975 2320 2022 2348 Sic
2043 2317 2072 2346 B.
2117 2326 2180 2343 am-

1242 2367 1371 2404 phibola
1407 2366 1548 2395 dicantur
1576 2367 1631 2396 Gu.
1655 2369 1683 2398 2.
1727 2365 1872 2394 dicuntur
1895 2361 2047 2402 ἀμφίβολα
2074 2358 2129 2387 Gu.
2154 2362 2179 2389 1-
