2263 2668
568 101 633 158 DE
665 119 1053 158 SIGNIFICATIONE
1082 118 1367 155 VERBORUM.
1420 121 1566 156 LIBER
1588 123 1613 156 I.
1999 126 2073 161 315

116 219 192 248 mala
216 223 259 246 est
282 223 310 246 et
333 217 449 255 gravis,
472 216 664 255 perpetienda
688 221 746 252 cst,
768 221 795 245 et
818 214 982 244 toleranda.
1025 213 1086 241 Iam
1109 212 1176 242 vide
1200 223 1287 252 quam
1314 215 1539 244 accommodate
1562 215 1682 244 dicatur
1703 226 1795 244 annos
1817 215 1979 246 exanclare
2001 219 2018 247 i.
2043 231 2071 258 q.

115 262 179 301 pati
203 271 311 296 annos,
337 260 468 288 tolerare
491 270 582 287 annos
606 264 635 288 et
666 258 747 288 mala
772 257 933 288 exanclare
953 258 974 287 i.
999 267 1027 295 q.
1050 256 1178 295 perpeti.
1224 257 1301 286 Livii
1324 267 1427 287 versus
1449 263 1492 287 est
1514 258 1662 287 Iambicus
1684 258 1834 296 trimeter,
1857 259 1905 287 cui
1928 259 1963 288 ab
1987 261 2071 291 initio

115 314 172 333 una
197 303 278 332 deest
301 303 423 341 syllaba.

280 351 512 382 Anclabris.
556 352 633 381 Vide
664 351 817 388 Escariae,
848 356 877 379 et
904 348 1086 379 Exanclare.
1131 348 1222 379 Ant.
1254 350 1352 389 Aug.
1396 349 1571 380 Anclabris.
1615 351 1672 379 Pro
1697 349 1836 380 unculare
1857 351 1996 381 dicebant
2019 364 2070 382 an-

116 395 211 431 clare,
235 395 315 424 unde
338 394 488 424 anclabris
511 405 565 433 pro
589 393 769 424 anculabris.
813 394 903 422 Dae.
947 391 1115 421 Anclabris
1139 403 1238 421 mensa
1262 398 1305 421 est
1328 393 1534 428 ministerialis,
1558 393 1589 421 in
1613 403 1670 431 qua
1694 394 1754 422 Diis
1777 394 2021 424 ministrabantur
2044 402 2072 425 et

117 439 319 468 offerebantur
342 448 442 466 sacrae
465 439 584 477 epulae,
609 438 687 465 unde
710 435 868 465 anclabrioe
890 445 963 464 vasa
984 444 1054 464 vasa
1077 445 1159 463 sacra
1185 435 1221 463 ad
1245 435 1473 464 ministrandum
1498 436 1557 464 Diis
1581 436 1811 466 accommodata.
1845 437 1919 466 Vide
1941 437 2071 467 anelare.

281 488 340 518 An
352 487 589 518 czcnulentae.
636 489 795 527 Perperam
824 487 855 515 in
883 486 1033 515 Glossario
1062 484 1229 514 Ancodata
1258 489 1482 526 περιοραθεῖσα.
1534 486 1689 516 Manifesto
1719 487 1893 524 legendum:
1928 487 2071 518 Arm-unu-

117 531 204 562 lenta.
250 533 304 560 Per
325 531 383 560 hoc
406 532 531 560 verbum
556 532 654 560 omnia
679 541 787 569 spurca
810 535 838 558 et
863 529 984 558 sordida
1007 534 1220 567 expresserunt
1243 535 1358 558 veteres
1380 529 1489 557 Latini:
1516 527 1659 564 Coenum,
1685 540 1791 566 cunae,
1815 531 1977 570 inquinare,
2002 542 2069 560 con-

117 576 277 615 quiniscere
305 579 333 603 et
356 574 427 610 alia,
460 584 535 612 quae
556 585 616 602 non
647 574 754 603 dicam.
807 573 890 608 Quae
913 582 966 611 per
988 583 1022 609 u,
1054 576 1139 599 antea
1168 581 1222 609 per
1250 583 1283 601 oe
1305 570 1493 609 extulerunt,
1524 577 1558 599 ut
1586 572 1615 600 in
1642 572 1762 611 punire,
1794 573 1921 611 poenire.
1968 572 2071 602 Scal.

119 615 240 652 Garrire,
271 621 304 645 ut
327 617 404 645 infra
426 617 546 653 Festus,
576 622 619 645 est
642 622 757 645 stercus
783 616 899 652 facere,
930 614 1009 643 unde
1033 612 1260 649 amandemus,
1298 615 1448 643 sordidus.
1503 614 1588 642 Unde
1609 615 1779 654 inquinare,
1811 615 2069 655 inquinamentum.

118 659 262 695 Coenum,
287 669 398 695 cunae,
422 660 524 687 cunire
547 664 604 688 cet.
650 659 704 687 Da
716 670 739 688 c.
784 658 929 687 Nimirum
952 669 989 686 an
1012 662 1056 686 est
1081 656 1262 695 praepositio
1287 669 1345 693 am,
1370 658 1389 686 i.
1410 668 1434 686 e.
1459 656 1588 693 circum,
1612 662 1640 685 et
1664 655 1833 685 cunulemus
1857 657 1957 685 eadem
1974 658 2071 687 forma

118 712 297 740 procusum,
321 707 355 730 ut
378 701 552 739 lutulentus,
582 700 760 738 luculenius,
791 701 856 730 alia.
900 701 956 729 Pro
981 700 1062 729 varia
1085 699 1212 728 lectione
1242 697 1328 728 Goth.
1352 699 1484 728 enotavit
1505 698 1699 728 Anculeniae.

281 753 444 783 Antras.
490 752 630 781 Placidus
653 752 682 780 in
708 753 840 782 Glossis:
867 751 1008 788 Ancras,
1041 749 1205 786 convalles,
1234 749 1281 779 vel
1307 762 1442 779 arvorum
1468 749 1630 779 intervalla.
1667 748 1776 789 ’Ἀγκεα
1798 748 1941 789 ποιήεντα
1964 750 2071 779 Home-

119 806 180 825 rus.
232 795 310 824 Urs.
357 796 558 824 Glossarium:
581 795 719 830 Ancum,
744 806 852 824 ancrae
874 792 981 835 ἄγγεα,
1004 790 1146 829 αὐλῶνες.
1192 793 1319 821 Videtur
1342 793 1483 822 Glossarii
1508 793 1595 820 lectio
1625 793 1729 821 verior.
1775 792 1971 821 Consirmatur
1995 794 2071 822 enim

119 838 234 866 Glossis
258 838 378 867 Isidori:
410 839 552 878 Angrae,
576 836 733 866 intervalla
760 837 898 866 arborum
920 835 967 865 vel
993 834 1148 865 convalles.
1192 835 1267 864 Nam
1298 843 1439 874 cognatae
1467 840 1536 863 sunt
1561 847 1576 863 c
1600 840 1628 862 et.
1648 847 1678 874 g,
1724 835 1858 864 Fortasse
1881 835 2070 864 scribendum

117 880 254 916 Armene,
279 886 348 917 aut,
370 886 403 909 ut
425 881 572 917 Isidorus,
595 879 728 919 Augeae.
780 880 854 908 Nam
878 891 893 909 a
918 880 1031 908 Graeco
1055 877 1153 919 ἄγγεα.
1201 878 1279 913 Quin
1304 879 1391 907 etiam
1414 879 1443 907 in
1467 878 1531 906 aliis
1555 878 1667 905 Glossis
1691 877 1918 906 Gi'aecolatinis:
1941 877 2072 916 Auerca,

119 921 237 960 αὐλών,
264 923 281 953 ό
305 922 404 960 στενὸς
434 922 526 959 τόπος
555 923 605 953 καὶ
635 919 790 961 ἐπιμήκης.
841 923 952 951 Extant
981 922 1057 950 enim
1081 920 1205 958 vestigia
1234 923 1318 950 vocis
1346 921 1461 951 Anera.
1506 921 1551 948 lta
1583 920 1659 948 enim
1691 920 1855 958 legendum.
1900 920 1987 948 Item:
2013 924 2072 951 Au-

120 966 198 1003 eria,
226 963 365 1007 φάραγξ,
388 965 485 995 vallis.
532 964 631 994 Scal.
679 966 805 994 Videtur
827 965 1008 993 vocabulum
1034 968 1188 1001 cognatum
1213 974 1274 992 esse
1298 974 1364 992 cum
1390 965 1573 992 Graecorum
1598 960 1699 1002 ἐγγύς,
1724 961 1799 1002 ἄγχι,
1823 962 1992 991 Latinorum
2017 974 2072 992 an-

116 1019 200 1047 gere,
226 1014 390 1046 angustus,
416 1010 633 1038 Germanorum
656 1020 728 1047 eng,
755 1018 846 1047 quare
869 1008 930 1036 sine
953 1007 1043 1035 dubio
1066 1006 1255 1035 scribendum
1278 1007 1386 1035 Ancra
1408 1007 1455 1035 vel
1477 1006 1594 1045 Angra.

283 1060 463 1102 Arsa-ria.
508 1060 625 1089 Arteria
648 1070 740 1097 aqua,
764 1065 797 1088 ut
823 1059 962 1088 inserium
985 1059 1103 1096 vinum,
1135 1058 1171 1087 ab
1197 1057 1358 1086 adferendo
1388 1062 1415 1086 et
1437 1055 1602 1085 inferendo.
1647 1054 1802 1096 Arferium
1833 1066 1887 1094 pro
1917 1055 2070 1086 adferinm.

119 1103 169 1131 Sic
192 1103 321 1131 arvenire
342 1114 398 1141 pro
422 1103 576 1139 advenire,
601 1103 712 1137 arcire,
746 1100 883 1131 arc-edere
906 1106 934 1130 et
957 1101 1073 1130 similia.
1117 1100 1229 1129 Eodem
1256 1101 1346 1129 modo
1373 1098 1507 1142 Adfer-ia
1530 1109 1618 1138 aqua.
1664 1098 1783 1126 Veteres
1807 1098 1949 1127 Glossaez
1970 1097 2073 1139 Adfe—

121 1146 196 1181 ria1‚
219 1142 302 1184 ὕδωρ
326 1144 359 1175 τό
382 1146 430 1176 ἐπὶ
451 1149 514 1181 τοῖς
535 1148 654 1184 νεκροῖς
676 1142 891 1183 σπενδόμενον.
938 1143 1040 1173 Scal.
1084 1144 1151 1172 Non
1173 1154 1250 1182 aqua
1278 1148 1392 1172 tantum
1407 1165 1414 1179 ‚
1448 1142 1498 1170 sed
1523 1150 1717 1180 quaecunque
1746 1141 1870 1169 mortuis
1893 1140 2072 1176 libabantur,

121 1186 235 1227 orfei-ia
256 1188 336 1216 dicta
359 1194 444 1225 sunt,
478 1193 510 1217 ut
532 1189 596 1223 lac,
621 1188 694 1222 mel,
716 1188 829 1215 vinum.
875 1187 958 1222 Quae
983 1197 1084 1216 omnes
1106 1187 1294 1216 vocabantur
1317 1185 1441 1227 inferiae
1463 1184 1586 1213 Graecis
1608 1184 1684 1222 χοαί.
1728 1183 1814 1212 Dae.
1861 1181 1941 1220 Quae
1962 1181 2072 1222 inferis.

121 1230 161 1257 De
182 1240 210 1259 v.
234 1229 324 1271 inferi
347 1232 463 1260 dicetur
485 1232 514 1259 in
536 1240 610 1259 voce
632 1229 765 1258 Altaria.
813 1228 918 1259 Goth.

271 1279 462 1321 Affatim.
508 1281 605 1310 Verba
628 1281 720 1310 Livii:
742 1279 887 1320 Adfatim
910 1279 972 1319 edi,
997 1279 1072 1315 bibi,
1098 1279 1172 1318 lusi,
1199 1285 1269 1309 sunt
1291 1290 1329 1309 ex
1350 1279 1443 1308 veteri
1466 1278 1618 1317 Odyssea,
1643 1275 1723 1315 quod
1746 1275 1891 1304 Homerus
1915 1276 2050 1304 dixerat:

661 1335 725 1362 Τῶν
749 1330 773 1362 δ’
795 1329 909 1372 ἔφαγόν
932 1329 954 1361 τ’
973 1330 1058 1362 ἔπιόν
1081 1344 1110 1363 τε
1132 1332 1182 1362 καὶ
1206 1332 1366 1362 αἰδοίοισιν
1389 1330 1494 1360 ἔδωκα.

119 1383 193 1412 Nam
215 1393 281 1411 cum
304 1383 409 1412 melior
438 1394 508 1422 pars
530 1389 664 1412 veterum
690 1384 888 1422 interpretum
916 1383 948 1411 in
983 1393 1016 1411 eo
1046 1383 1111 1412 loco
1134 1381 1167 1413 ‘co‘
1193 1383 1321 1418 αἰδοίοις
1350 1385 1514 1420 exponeret
1543 1376 1747 1418 ἀφροδισίοις,
1783 1376 1863 1415 quod
1893 1387 1995 1406 verum
2019 1381 2072 1414 est,

119 1425 264 1464 quicquid
288 1431 410 1454 excuset
434 1427 619 1462 Eustatliius3
657 1431 685 1455 et
714 1426 878 1466 prudentes
910 1430 938 1454 et
961 1426 1088 1454 scientes
1117 1431 1234 1463 errant,
1272 1426 1324 1464 qui
1352 1425 1439 1453 aliter
1468 1427 1629 1462 exponunt.
1676 1420 1796 1449 Latinus
1818 1420 1964 1458 interpres
1987 1425 2073 1448 vetus

119 1468 206 1506 longe
231 1469 342 1497 castius
361 1469 438 1498 dixit
460 1468 525 1498 lusi.
572 1470 607 1497 Et
629 1474 726 1498 tamen
750 1469 867 1498 abunde
891 1469 1023 1507 explevit
1046 1479 1164 1497 sensum
1194 1469 1323 1497 Homeri.
1372 1468 1410 1496 De
1435 1477 1469 1495 eo
1501 1466 1568 1494 loco
1588 1464 1709 1493 Homeri
1732 1462 1799 1491 vide
1822 1463 1950 1501 amplius
1971 1462 2073 1501 loqua-

123 1511 272 1539 cissimum
295 1512 357 1540 eius
386 1512 579 1551 interpretem
607 1512 806 1541 Eustathium.
857 1512 954 1540 Locus
983 1516 1026 1539 est
1058 1511 1166 1550 Odyss.
1189 1511 1252 1540 XV.
1276 1521 1304 1539 v.
1329 1512 1401 1542 372.
1448 1507 1550 1539 Scal.
1594 1505 1749 1547 Adfatim.
1794 1505 2002 1541 Abundanter,
2037 1504 2074 1533 ad

122 1555 283 1582 satietatem
299 1578 305 1590 ,
328 1554 363 1582 ab
389 1555 494 1590 affatu,
518 1555 566 1583 vel
586 1566 601 1582 a
626 1556 740 1583 Graeco
764 1552 907 1592 a'cpa'tmg,
931 1554 1011 1592 quod
1035 1553 1163 1593 Hesych.
1187 1555 1356 1582 immensum
1379 1552 1603 1590 interpretatur.
1649 1550 1686 1577 Et
1707 1549 1746 1576 ita
1769 1547 1936 1576 Priscianus
1958 1547 2008 1577 lib.
2026 1547 2073 1579 15.

123 1596 163 1634 (c.
187 1596 237 1631 IV,
264 1599 310 1628 19.
333 1595 400 1634 ΚΓ.)
445 1597 501 1625 Sed
525 1607 560 1625 ex
586 1597 688 1625 Servio
712 1597 873 1633 docemur,
896 1602 1013 1625 veteres
1037 1597 1146 1625 dixisse
1160 1596 1266 1636 satim.
1314 1596 1353 1623 tta
1378 1595 1453 1622 enim
1476 1594 1498 1621 I.
1523 1591 1640 1621 Acneid.
1666 1589 1722 1631 (ad
1739 1600 1767 1619 V.
1792 1589 1879 1629 123.)
1910 1588 2073 1626 Fatiscuru,

123 1637 306 1666 abundanter
335 1638 520 1676 aperiuntur,
546 1638 636 1677 fusim
662 1640 737 1667 enim
762 1639 949 1667 abundanter
972 1639 1113 1675 dicimus,
1139 1639 1218 1667 unde
1242 1643 1270 1667 et
1292 1636 1428 1679 adfatim.
1476 1636 1511 1664 Et
1532 1635 1573 1663 ita
1596 1634 1674 1662 Festi
1700 1634 1785 1661 locus
1808 1631 2011 1671 accipiendus,
2034 1647 2073 1653 --

124 1680 172 1708 Ad
193 1690 253 1708 rem
277 1681 383 1708 alludit
405 1682 598 1720 Sardanapali
622 1682 828 1720 Epitaphium:
852 1680 929 1717 Ede,
960 1681 1037 1714 bibe,
1068 1680 1150 1718 Zucle;
1179 1687 1245 1719 post
1267 1689 1387 1708 mortem
1412 1677 1496 1707 nulla
1521 1676 1665 1716 voluptas.
1709 1674 1826 1703 Ludere
1851 1675 1927 1703 enim
1957 1674 2074 1712 saepius

125 1722 163 1751 de
186 1732 344 1760 congressu
368 1733 503 1752 venere0.
533 1725 671 1753 Petron.:
717 1723 829 1752 Invenit
851 1736 896 1752 me
924 1735 988 1753 cum
1010 1723 1113 1765 fratre
1135 1722 1288 1752 ludentem.
1333 1724 1382 1750 Sic
1412 1720 1517 1749 Graeci
1538 1721 1653 1754 παίζειν
1677 1718 1713 1747 de
1742 1718 1841 1746 eadem
1865 1728 1897 1745 re
1926 1716 2074 1753 dicebant,

124 1769 159 1792 ut
181 1765 261 1804 apud
287 1765 445 1794 Lucianum
475 1766 594 1795 alicubi.
647 1767 684 1795 Et
712 1767 742 1794 in
771 1767 823 1794 illo
848 1767 953 1795 Genes.
985 1777 1048 1805 cap.
1072 1769 1122 1798 26.
1168 1766 1204 1794 de
1233 1775 1301 1802 rege
1330 1762 1521 1792 Abimelech:
1558 1759 1616 1791 εἴόε
1638 1759 1690 1790 τόν
1718 1757 1817 1790 Ἰσαάκ
1839 1761 1981 1795 παίζοντα
2003 1756 2074 1797 μετοῖ

122 1806 289 1846 Ῥεβέκκας,
311 1809 364 1846 τῆς
386 1808 529 1848 γυναικὸς
552 1807 653 1839 αὐτοῦ.
697 1809 787 1838 Dae.
830 1807 975 1849 Adfatim
1000 1810 1114 1837 Glossis
1139 1806 1377 1847 μεμοιραμὲνως,
1409 1803 1468 1835 ἅπό
1492 1806 1544 1842 τῆς
1567 1804 1681 1843 μοίρας·
1725 1801 1808 1831 Ῑλῑίέἷ-
1852 1803 1901 1830 3Ῐο
1922 1802 1953 1829 in
1977 1801 2073 1840 Primo

124 1849 294 1878 Feudorum
318 1852 345 1881 5.
369 1862 433 1879 cum
457 1850 558 1891 aliqua
582 1853 702 1891 turpiter
724 1850 835 1888 ludere,
859 1851 935 1879 nihil
957 1851 1039 1880 aliud
1064 1862 1151 1890 quam
1178 1851 1257 1889 quod
1281 1850 1383 1888 paullo
1414 1852 1480 1876 ante
1511 1847 1622 1874 dictum
1647 1846 1745 1874 suerat
1772 1843 1951 1880 adulterare,
1989 1848 2017 1871 et
2041 1847 2074 1871 ut

124 1893 217 1922 verbo
242 1892 411 1922 Feudistico
437 1899 520 1922 utar:
554 1892 752 1922 Cucur-himre.
800 1892 909 1922 Goth.
952 1894 1085 1934 Affiziim
1118 1903 1180 1922 esse
1210 1892 1246 1920 ad
1273 1892 1372 1927 satim,
1405 1890 1462 1918 hoc
1487 1894 1544 1925 est,
1569 1888 1607 1917 ad
1633 1887 1857 1923 abundantiam,
1881 1886 1919 1914 ad
1943 1884 2071 1913 satieta—

123 1940 198 1972 tem,
228 1935 299 1963 satis
321 1940 364 1963 cst
386 1941 497 1964 notum.
542 1935 624 1964 Fatis
648 1938 725 1965 enim
749 1936 949 1971 abundantia,
979 1938 1104 1966 satietas,
1161 1935 1245 1963 Unde
1264 1933 1404 1975 falisco,
1435 1931 1569 1967 abundo,
1592 1929 1699 1972 fatigo
1719 1929 1852 1958 satietate
1873 1927 2000 1965 impleo,
2025 1924 2072 1955 de-

116 1977 245 2019 fetisco,
272 1978 395 2015 fatigor,
426 1978 539 2008 deficio.
584 1979 662 2007 Falsi
686 1984 754 2007 sunt
777 1979 955 2017 interpretes
979 1979 1016 2007 ad
1039 1979 1119 2016 Virg.
1144 1979 1250 2013 Georg.
1274 1976 1303 2011 Ι,
1336 1978 1404 2007 180.
1434 1979 1463 2003 et
1491 1973 1613 2003 Aeneid.
1636 1973 1666 2010 Ι,
1691 1974 1775 2008 123,
1803 1970 1855 1999 Ubi
1878 1970 1968 1998 rima-⁵⁸
1989 1980 2073 2009 ‘232¹‘ss

125 2021 378 2059 interpretantur,
407 2021 456 2049 vel
479 2022 509 2050 ἰη
531 2022 620 2049 rimas
644 2020 796 2050 dehiscere.
844 2021 1005 2059 Utrobique
1035 2022 1135 2060 potius
1162 2018 1308 2057 significat
1337 2018 1506 2051 exundare,
1536 2015 1675 2052 ebullire,
1709 2013 1803 2043 undas
1825 2014 1925 2042 facere
1947 2017 2072 2051 propter

124 2064 242 2092 nimiam
267 2062 488 2092 abundantiam.
533 2063 611 2091 Nam
635 2075 702 2091 arca
722 2062 839 2102 pulvere
859 2064 937 2092 vicia
950 2063 1074 2102 fatiscit
1098 2067 1157 2092 est:
1178 2066 1301 2100 propter
1324 2061 1446 2089 nimium
1469 2059 1595 2100 pulvere
1617 2068 1647 2087 se
1668 2056 1792 2086 resolvit
1822 2060 1851 2085 et
1874 2055 1957 2093 quasi
1981 2054 2071 2082 abun-

125 2106 184 2135 dat.
228 2106 264 2134 Et
288 2106 437 2145 accipiunt
462 2106 611 2134 inimicum
635 2105 754 2134 imbrem
778 2107 915 2145 rimisque
933 2105 1095 2145 fatiscunt,
1120 2105 1191 2133 erit:
1213 2103 1364 2132 exundant
1387 2113 1403 2132 e
1425 2103 1522 2138 rimis,
1547 2111 1653 2140 aquam
1676 2099 1838 2135 ebulliunt,
1864 2102 1931 2126 ante
1954 2097 1991 2126 ab
2014 2097 2069 2125 im—

123 2149 178 2178 bre
199 2153 360 2187 acceptam.
405 2148 504 2184 Quare
526 2158 586 2176 non
609 2148 715 2177 mirum
739 2153 798 2183 est,
822 2148 993 2176 'serentium
1017 2147 1135 2187 affatim
1159 2146 1269 2175 dixisse
1292 2156 1349 2184 pro
1375 2156 1409 2175 eo
1433 2144 1515 2185 quod
1537 2149 1582 2173 est
1609 2141 1650 2171 ad
1678 2140 1897 2179 lassitudinem,
1927 2144 1970 2169 est
1993 2139 2068 2168 enim

125 2192 180 2220 ista
204 2191 302 2220 nativa
325 2190 517 2228 significatio,
542 2191 677 2219 similiter
699 2190 779 2228 apud
801 2191 938 2218 Plautum
960 2190 991 2217 in
1014 2190 1143 2218 Poenulo
1166 2190 1223 2226 Ill,
1250 2192 1276 2223 1,
1299 2190 1355 2220 31:

584 2240 641 2269 Ubi
664 2240 763 2278 bibas,
786 2240 856 2269 edas
879 2239 914 2269 de
935 2239 1047 2275 alieno,
1069 2249 1210 2282 quantum
1232 2240 1276 2268 vis
1298 2251 1387 2280 usque
1406 2236 1568 2280 adfatim,

123 2294 175 2323 ubi
197 2298 298 2333 aperte
320 2298 366 2322 est
385 2305 475 2333 usque
496 2291 537 2321 ad
559 2294 728 2322 satietatem.

287 2344 458 2373 Amenia.
504 2344 673 2379 Amentum,
696 2344 792 2372 lorum
815 2343 845 2371 in
867 2342 962 2371 media
984 2343 1089 2380 sagitta
1113 2342 1300 2379 revinctum,
1329 2340 1409 2380 quod
1436 2338 1620 2379 primoribus
1648 2337 1747 2375 digitis
1769 2334 1945 2373 alligabant,
1972 2333 2006 2356 ut
2024 2338 2058 2357 ⁶⁰

125 2389 160 2417 ad
182 2398 212 2416 se
233 2387 346 2416 hastam
368 2386 569 2424 retraherent,
593 2387 770 2425 simulatque
795 2396 856 2414 eam
881 2386 1053 2415 emisissent.
1077 2385 1155 2414 Hinc
1166 2385 1377 2424 intelligendus
1392 2383 1476 2412 locus
1492 2382 1607 2420 Virgilii
1623 2378 1840 2410 ian.Aeneid.
1856 2368 2057 2414 (V.69-⁵eqq·)

1551 2432 1654 2466 Rr*
