2263 2668
237 167 313 203 594
669 165 1015 202 COMMENTARII
1040 170 1088 202 IN
1113 169 1257 203 PAULI
1281 169 1478 204 DIACONI
1504 171 1759 208 EXCERPTA

402 256 551 297 Populi.
583 254 643 296 (Ad
666 269 694 296 p.
708 258 793 299 205.)
827 259 936 300 Populi
964 273 1114 290 commune
1136 270 1176 291 est
1198 263 1228 291 in
1250 261 1361 302 legibus·
1381 262 1520 305 fiet-endis
1542 276 1607 294 cum
1628 264 1712 305 plebe
1733 266 1920 306 suffragium.
1964 266 2042 296 Nam
2066 270 2187 299 comitia

239 304 400 335 centur-iata
423 312 463 330 ex
483 298 616 338 patribus
640 308 665 328 e!
685 301 770 340 plebe
791 311 927 331 constant
950 305 978 332 in
1003 306 1149 333 centurias
1172 304 1281 334 divisis.
1311 304 1369 334 Sed
1393 317 1457 334 cum
1479 305 1577 345 plebes
1598 311 1660 337 sine
1678 310 1814 348 patribus
1837 307 1952 337 tributis
1974 311 2101 339 comitiis
2118 323 2186 341 con-

237 348 329 383 vanis,
361 342 440 384 quod
464 340 560 380 plebes
588 343 672 371 scivit
700 343 899 383 plebeiscitum
929 345 974 375 vel
997 346 1183 386 plebiscitum
1206 359 1240 376 ea
1264 347 1300 376 cle
1321 359 1410 377 causa
1433 348 1607 388 appellatur.
1653 351 1733 379 Haec
1755 351 1915 389 Pompeius
1937 352 2040 380 Festus
2063 353 2187 383 sortasse

237 388 372 426 scripsit,
405 385 485 422 quod
511 389 607 413 tamen
631 386 778 415 affirmare
802 399 860 416 nou
884 390 988 418 audeo.
1028 390 1092 418 Vid.
1118 391 1192 420 Gell.
1213 391 1315 420 lib.X.
1338 394 1467 429 cap-20.
1492 396 1519 419 et
1542 392 1591 423 lib.
1608 393 1674 422 XV.
1698 404 1762 432 cap.
1775 396 1824 424 27.
1863 394 1950 422 Caius
1976 403 2040 432 cap.
2053 398 2126 426 237.
2151 396 2187 426 de

236 431 351 459 verbor.
375 427 472 464 signif.
496 427 595 456 Iustiu.
618 428 669 459 lib.
683 430 704 458 l.
728 430 821 459 instit.
846 432 933 459 titulo
957 432 992 460 de
1016 432 1079 460 iure
1104 438 1162 461 nat.
1187 433 1289 463 Boeth.
1314 433 1343 461 in
1368 433 1457 471 topic.
1480 434 1585 464 Isidor.
1609 436 1659 464 lib.
1675 436 1706 466 V.
1731 436 1859 474 Etymol.
1879 436 1967 465 Ant.
1989 437 2085 476 Aug.
2123 438 2186 467 Hos

235 472 332 501 hiatus
362 471 431 499 olim
456 470 624 498 felicissime
646 472 818 510 expleverat
841 474 986 502 Antonius
1011 475 1201 512 Augustinus.
1238 476 1312 504 Vide
1333 475 1453 504 Pan-um
1479 487 1636 507 commune.
1680 478 1772 507 Dac.

399 512 541 541 Prorsi.
588 514 627 541 De
650 513 707 543 hoc
729 516 821 544 verbo
843 517 879 544 ad
903 517 1064 545 Ausonium
1089 517 1227 548 diximus.
1272 518 1424 556 Significat
1445 524 1559 547 rectum
1583 525 1611 548 et
1633 521 1803 559 prolixum,
1833 520 1912 549 unde
1936 520 2036 550 tunica
2059 522 2185 560 prolixis

234 556 327 592 villis,
355 566 443 594 prosa
468 555 577 585 tunica.
623 556 823 587 Glossarium:
855 560 960 596 Prusa,
991 571 1065 598 pexa
1089 562 1202 597 tunica,
1234 559 1325 597 πεξὸν
1350 559 1478 599 sudetur).
1525 563 1650 591 Prorsus
1673 573 1741 601 ergo
1765 559 1860 598 εὐθύς
1884 568 1912 591 et
1934 573 2073 601 prorsum
2096 561 2184 603 εὖθῦ,

234 603 267 626 ut
290 599 319 626 in
343 598 479 636 exemplo
504 599 637 627 Catonis:
666 612 787 639 prorsus
810 600 1026 630 devertebantur
1045 613 1099 642 pro
1123 603 1284 643 hospitibus
1307 602 1347 631 ad
1370 604 1482 632 amicos
1503 615 1578 633 suos.
1619 606 1742 634 Prorsus
1767 603 1851 636 εὐθύ.
1877 604 1974 634 Scal.
2018 606 2120 636 Prorsi
2142 606 2185 636 li-

233 641 318 671 mites
341 640 504 670 secundum
532 641 593 678 agri
620 642 834 680 longitudinem
865 645 901 672 ab
932 646 1141 683 aequinoctiali
1171 657 1278 675 occasu
1309 646 1345 674 ad
1374 651 1472 674 ortum
1501 647 1751 686 aequinoctialem
1781 648 1904 684 directi,
1942 648 2068 687 ideoque
2097 651 2184 679 ortivi

234 684 305 712 dicti
328 689 356 712 et
379 684 477 711 antici.
508 683 581 711 Vide
601 696 729 723 prorsus.
755 686 841 716 Dac.
873 688 915 716 Ita
939 688 1019 726 apud
1042 689 1192 727 Hyginum
1216 690 1251 718 de
1275 689 1417 717 limitibus
1441 694 1470 717 et
1492 690 1572 728 apud
1594 691 1693 720 varios
1715 695 1853 720 auctores
1875 690 1912 719 de
1934 691 2090 729 limitibus,
2115 692 2184 731 qui·-

233 727 288 756 bus
311 730 506 765 opponuntur
529 730 698 757 transversi.
747 727 854 759 Goth.

396 767 524 806 Pugio.
568 769 619 797 Vel
643 781 658 798 a
678 782 793 811 pungo,
829 772 875 800 vel
899 783 914 800 a
934 784 1064 812 pugnus,
1103 773 1184 812 quod
1211 784 1313 812 pugno
1343 773 1460 801 facilius
1491 774 1771 813 comprehendatur.
1815 775 1901 804 Prius
1931 780 2049 814 etymon
2078 776 2182 806 Festus

232 810 376 848 sequitur.
404 809 485 839 Dae
487 831 662 842 ......
687 825 724 842 ηο
748 835 906 843 ......
943 815 1023 843 Haec
1046 826 1103 845 non
1128 821 1197 845 sunt
1220 816 1308 844 huius
1332 816 1401 845 loci.
1442 816 1514 844 Nam
1540 822 1571 846 ut
1595 828 1631 846 ex
1656 818 1785 855 vestigiis
1809 818 1952 846 odoratus
1975 828 2058 855 suun,
2090 819 2182 847 verba

231 858 301 881 sunt
322 853 401 881 Festi
424 852 460 881 de
484 853 599 892 Popilia
622 855 718 891 tribu,
756 857 834 885 unde
865 858 1014 895 epitomen
1042 869 1124 888 suam
1154 859 1231 887 hanc
1254 859 1361 887 Paulus
1392 859 1531 887 confecit:
1569 859 1688 899 Popilia
1717 859 1809 888 tribus
1829 871 1848 888 a
1867 862 2062 900 progenitrice
2083 861 2181 889 'traxit

230 893 415 924 vocabulum.
456 896 527 933 Lege
551 898 655 925 modo:
680 897 799 937 Popilia
824 898 915 928 tribus
937 912 955 929 α
979 903 1094 930 nomine
1113 902 1316 941 progenitricis
1339 902 1435 930 traxit
1456 901 1641 932 vocabulum.
1677 902 1755 931 Nam
1780 911 1985 931 consueverunt
2006 914 2064 931 non
2086 901 2180 932 solum

229 948 248 966 a
270 939 354 973 viris,
377 936 428 966 sed
450 937 610 979 afeminis
633 952 746 981 quoque
768 940 859 970 tribus
881 944 1039 974 nominor«,
1064 943 1175 972 Idem.
1213 944 1295 972 Adde
1319 944 1447 972 Nonium
1471 946 1552 982 (pag.
1567 946 1637 977 553.
1664 945 1769 982 Mero.)
1793 944 1824 972 in
1847 944 1952 983 Pugio.
1987 945 2099 975 Glossis
2122 957 2180 976 πα-

230 981 417 1021 ραξιφίὁιον,
441 980 648 1019 παραζώνιον,
674 985 755 1022 quod
779 984 848 1012 alibi
872 984 1064 1024 παραζώνιος
1085 985 1228 1026 μάχαιρα,
1252 992 1280 1015 et
1303 988 1379 1015 sica:
1403 987 1460 1014 alio
1483 987 1552 1015 item
1575 988 1642 1016 loco
1666 989 1808 1025 ξιφίδιον.
1856 986 1962 1017 Goth.

393 1021 558 1052 Praebia
584 1024 771 1056 dicuntur.
820 1028 939 1056 Praebia
963 1039 977 1056 a
1000 1030 1186 1067 praebendo,
1225 1030 1323 1067 inquit
1346 1030 1455 1058 Festus.
1499 1030 1581 1058 Idem
1604 1035 1702 1059 tamen
1724 1031 1800 1059 infra
1822 1041 1837 1058 a
1860 1029 2066 1068 prohibendo,
2097 1029 2179 1068 quod

228 1075 332 1094 verum
353 1069 481 1102 etymon.
528 1067 584 1095 Sed
608 1069 765 1106 legendum
788 1068 911 1099 Proebiu
936 1081 989 1109 per
1012 1082 1060 1108 oe,
1092 1073 1137 1100 vel
1162 1071 1239 1110 quod
1264 1073 1356 1110 magis
1380 1073 1478 1111 placet
1498 1072 1642 1111 proebra3
1673 1079 1705 1101 ut
1729 1073 1764 1102 ab
1788 1073 1949 1101 inhibendo
1973 1072 2103 1108 inebrae,
2134 1072 2179 1100 sic

224 1106 349 1147 proebra
374 1118 390 1135 a
414 1107 610 1145 prohibendo.
646 1114 719 1139 Sunt
743 1117 840 1140 autem
860 1112 981 1152 proebia
1005 1124 1057 1142 seu
1077 1114 1202 1153 proebra
1224 1112 1258 1144 τοὶ
1282 1111 1487 1152 α’λεξίφθονα,
1512 1116 1647 1144 amuleta.
1679 1116 1772 1144 Varro
1796 1116 1847 1145 lib.
1862 1115 1910 1145 Vt.
1933 1115 1969 1143 de
1992 1115 2023 1144 L.
2043 1115 2075 1144 L.
2099 1114 2178 1154 (VII,

226 1152 377 1188 pag·386.
394 1149 468 1188 Sin).
502 1150 641 1188 Prochia,
665 1155 711 1182 vel
737 1160 768 1183 ut
782 1155 856 1183 Seal.
871 1155 1012 1195 prokbra,
1036 1168 1053 1185 α
1074 1156 1255 1196 probibendo
1280 1159 1435 1194 usitatum,
1462 1157 1542 1197 quod
1564 1159 1621 1186 sint
1644 1157 1771 1187 remedia
1794 1159 1824 1186 in
1849 1156 1926 1187 collo
1947 1158 2069 1196 puereis.
2101 1158 2179 1185 Ean-

227 1192 291 1220 dem
316 1193 375 1221 vim
401 1191 547 1222 habebant
571 1197 652 1234 apud
677 1198 806 1226 Graecos
828 1198 947 1235 annuli,
972 1199 1022 1237 qui
1045 1200 1222 1228 dicebantur
1246 1202 1371 1240 φυσικοί
1395 1200 1439 1228 vel
1463 1202 1646 1241 φαρμακίται
1669 1199 1830 1232 δακτύλιοι.
1866 1199 2001 1229 Meminit
2023 1199 2176 1242 Aristoph-

225 1236 257 1263 in
283 1235 359 1265 Plut.
383 1234 423 1276 (v.
437 1237 508 1268 883.
523 1237 610 1278 seq.):

763 1280 860 1314 Ου’ὁὲν
882 1287 1018 1323 προτιμῶ
1041 1294 1106 1315 σου.
1138 1288 1226 1323 φορῶ
1248 1283 1304 1325 γὰρ
1326 1283 1493 1323 πριάμενος

766 1323 825 1356 Τὸν
849 1324 1008 1357 δακτύλιον
1031 1325 1116 1357 τόνδε
1139 1325 1212 1367 παρ’
1238 1325 1380 1366 Εὐδάμου
1404 1329 1543 1367 δραχμῆς.

227 1360 313 1391 Dac.
346 1361 420 1390 Vide
442 1362 517 1391 insra
541 1362 680 1394 Praedia.
706 1364 810 1396 Gotlz.
848 1369 890 1399 Cs.
916 1370 1020 1407 Scalig.
1045 1370 1073 1397 in
1099 1371 1232 1400 Coniect.
1255 1371 1291 1398 ad
1316 1370 1439 1399 Varroni.
1465 1372 1615 1408 pag.161.
1640 1374 1668 1397 et
1691 1379 1758 1408 pag.
1774 1372 1843 1400 167.
1868 1369 1914 1397 ed.
1939 1367 2040 1408 Steph-

389 1403 527 1433 Parare
549 1406 649 1435 inter
671 1419 706 1436 se
728 1420 866 1439 munus.
892 1411 949 1449 (Ad
966 1423 994 1450 p.
1008 1412 1092 1451 205.)
1118 1414 1266 1441 Posterior
1288 1423 1357 1451 pars
1380 1412 1469 1441 huius
1492 1412 1598 1450 capitis
1621 1411 1754 1440 adhaesit
1772 1416 1840 1451 post
1854 1410 1956 1450 Pappi.
1989 1412 2100 1439 Locum
2116 1410 2174 1440 adi.

224 1445 310 1474 Dac.
335 1446 376 1474 lbi
394 1446 465 1475 haec
482 1448 558 1476 dixit
575 1450 641 1480 Ant.
656 1450 730 1488 Aug.
755 1453 848 1487 „Post
865 1464 890 1481 v.
908 1453 1018 1494 Puppi:
1041 1455 1248 1493 Fragmentum
1265 1455 1341 1484 Festi
1365 1458 1513 1494 pertinere
1536 1455 1664 1483 arbitror
1688 1454 1723 1482 ad
1748 1454 1871 1482 verbum
1892 1464 2014 1492 parare,
2038 1463 2095 1492 pro
2113 1463 2173 1491 quo

223 1488 340 1527 saepius
364 1489 465 1518 Livius
489 1502 659 1530 comparare
681 1494 793 1523 scribit.
831 1493 968 1524 Consules
991 1504 1043 1525 aut
1065 1499 1241 1534 sortiantur,
1267 1505 1318 1526 aut
1340 1498 1414 1526 inter
1435 1509 1464 1526 se
1487 1505 1671 1536 comparent,
1695 1496 1803 1534 quibus
1826 1496 2022 1533 significatur,
2045 1500 2078 1523 ut
2102 1505 2174 1524 con-

222 1532 322 1559 veniat
344 1531 422 1561 inter
446 1543 494 1561 eos
519 1533 554 1561 de
576 1535 756 1573 provinciis,
780 1547 867 1575 quam
890 1539 1016 1577 quisque
1039 1539 1196 1568 habiturus
1219 1540 1272 1576 sit,
1297 1545 1349 1568 aut
1373 1540 1477 1568 sortito
1501 1550 1549 1567 eas
1571 1544 1774 1577 assequantur.
1802 1539 1903 1567 Livius
1919 1538 1980 1566 init.
1997 1537 2048 1566 lib.
2061 1539 2174 1568 XXX.:

225 1571 363 1602 Consules
387 1586 451 1603 cum
473 1573 508 1603 de
530 1588 587 1616 rep.
611 1576 743 1618 belloque
765 1578 805 1607 ad
827 1588 957 1609 senatum
982 1580 1160 1618 retulissent,
1192 1589 1360 1610 censuerunt
1381 1589 1494 1621 patres,
1525 1588 1555 1609 ut
1579 1580 1716 1610 Consules
1739 1582 1813 1609 inter
1834 1592 1863 1609 se
1886 1588 2087 1619 compararent
2108 1592 2174 1609 sor*—

222 1616 390 1653 tirenturve‚
427 1624 489 1645 uter
510 1617 645 1647 Bruttios
671 1620 809 1649 adversus
830 1621 1050 1660 Hannibalem,
1087 1632 1147 1652 uter
1170 1623 1318 1652 Etruriam
1347 1636 1383 1653 ac
1406 1622 1530 1662 Ligures
1549 1624 1732 1662 provinciam
1755 1623 1879 1652 haberet.
1923 1623 1959 1650 Et
1982 1622 2032 1650 lib.
2045 1623 2172 1653 XXXII.

224 1657 260 1695 (c.
274 1660 303 1689 8.
328 1659 422 1698 init.):
454 1659 647 1689 Decreverunt
668 1670 781 1701 patres,
812 1671 842 1692 ut
862 1666 1033 1703 provincias
1056 1665 1268 1695 Macedonium
1291 1674 1378 1707 atque
1401 1665 1521 1694 Italiam
1548 1664 1686 1694 Consules
1709 1672 1911 1705 compararent
1933 1665 2007 1692 inter
2030 1676 2059 1693 se
2080 1666 2174 1694 sorti-

224 1707 360 1729 renturve.
400 1702 436 1729 Et
458 1702 689 1733 1ib.XXXV1[.:
716 1704 786 1734 Cum
810 1714 926 1735 senatus
949 1715 1000 1735 aut
1022 1709 1122 1736 sortiri
1142 1716 1191 1737 aut
1215 1719 1387 1748 comparare
1410 1709 1483 1736 inter
1504 1720 1533 1736 se
1553 1709 1721 1747 provincias
1747 1706 1885 1736 Consules
1907 1707 2063 1736 iussissent.
2088 1707 2173 1738 Ant.

224 1741 317 1781 Aug.
344 1765 350 1772 .
377 1766 384 1772 .
411 1766 417 1773 .
442 1751 467 1772 et
490 1745 519 1773 in
543 1746 663 1775 comitio
687 1759 807 1787 quoque.
844 1749 901 1777 Hic
925 1750 1028 1787 agebat
1051 1751 1155 1779 Festus
1179 1751 1214 1779 de
1237 1761 1287 1787 eo⁷
1312 1751 1391 1789 quod
1416 1751 1527 1779 dicitur
1550 1751 1686 1779 consules
1710 1750 1786 1778 inter
1809 1761 1839 1778 se
1861 1760 1966 1788 parare
1990 1750 2172 1787 provincias,

225 1785 302 1821 quod
326 1786 410 1814 aliter
433 1796 605 1825 comparare
630 1790 797 1827 provincias
820 1791 932 1820 dietum
956 1792 1031 1820 suit:
1065 1791 1202 1822 Consules
1223 1801 1274 1821 aut
1296 1795 1472 1830 sortiantur,
1496 1800 1547 1821 aut
1569 1794 1643 1821 inter
1665 1805 1693 1821 se
1716 1799 1893 1832 comparent.
1938 1792 2054 1828 Quibus
2077 1792 2173 1830 signi-

226 1825 344 1863 ficatur,
378 1833 411 1857 ut
435 1831 594 1858 conveniat
616 1831 695 1860 inter
718 1843 766 1860 eos
790 1833 826 1862 de
851 1835 1029 1872 provinciis,
1066 1846 1153 1874 quam
1178 1835 1303 1874 quisque
1325 1835 1481 1864 habiturus
1503 1836 1555 1870 sit,
1592 1840 1642 1864 aut
1665 1836 1772 1863 sortito
1796 1846 1843 1863 eas
1866 1839 2070 1873 assequantur.
2114 1835 2173 1863 Sed

226 1868 314 1896 verba
339 1870 415 1898 Festi
446 1872 520 1900 male
551 1873 668 1902 divulsa
697 1880 783 1911 sunt,
822 1887 887 1905 nam
918 1878 1000 1914 prior
1028 1888 1097 1916 pars
1124 1878 1229 1916 capitis
1251 1877 1384 1906 adhaesit
1408 1883 1476 1916 post
1495 1877 1626 1918 praebia.
1673 1878 1739 1906 liuc
1763 1878 1851 1914 igitur
1873 1876 2052 1906 retrahenda
2077 1881 2105 1905 et
2126 1877 2171 1905 sic

228 1911 435 1948 concipiendus
459 1915 542 1943 locus
565 1917 678 1953 integer
702 1927 738 1945 ex
762 1917 876 1948 sched.:
916 1919 1029 1948 Parare
1051 1921 1124 1948 inter
1145 1932 1174 1949 se
1196 1932 1300 1949 munus
1321 1919 1490 1957 dicebatur,
1522 1931 1587 1949 cum
1610 1921 1724 1949 sor-titio
1735 1919 1833 1959 fiebat
1856 1931 1874 1948 α
1897 1918 2116 1959 magistr-atibus
2136 1918 2170 1949 P.

227 1949 284 1988 R.,
315 1960 374 1981 uter
396 1958 586 1995 magistr-utus
608 1966 760 1999 utrumque
783 1972 839 1989 rem
864 1973 946 1990 acere
969 1961 1097 1998 deberet,
1133 1970 1183 1991 aut
1207 1963 1280 1991 inter
1302 1975 1330 1991 se
1352 1970 1557 2002 compararent
1579 1961 1614 1990 cle
1637 1963 1718 1991 rebus
1742 1962 1802 2001 lege
1823 1962 1989 1998 mandatis,
2020 1963 2118 2002 itaque
2140 1962 2170 1991 in

227 2000 327 2020 senatu
348 2002 372 2022 et
394 1997 423 2024 in
447 2000 564 2028 comitio
587 2012 700 2041 quoque
723 2007 780 2032 etc.
818 2003 915 2033 Acer-e
938 2015 992 2042 pro
1016 2016 1116 2044 agere,
1142 2010 1175 2033 ut
1198 2016 1290 2044 supra
1311 2007 1423 2035 acitare
1444 2015 1497 2044 pro
1521 2005 1641 2044 agitare.
1686 2006 1750 2033 Non
1774 2005 1870 2033 sotum
1895 2010 1993 2034 autem
2015 2006 2171 2043 magistra-

227 2038 276 2062 tus
298 2037 509 2077 sortiebantur,
546 2047 644 2072 utrum
669 2044 761 2081 exire,
799 2051 900 2075 utrum
924 2047 1003 2075 domi
1026 2058 1143 2076 manere
1166 2052 1334 2086 oporteret,
1371 2048 1422 2076 sed
1445 2049 1532 2076 etiam
1555 2053 1727 2086 praemi-ee,
1767 2047 1816 2085 qui
1840 2048 1870 2076 in
1895 2047 1968 2076 urbe
1990 2049 2035 2075 ius
2058 2047 2169 2076 dicturi

229 2081 327 2114 erant,
352 2080 560 2119 sortiebantur,
592 2091 750 2125 antequam
773 2090 976 2127 magistratum
1000 2091 1123 2125 inirent,
1155 2090 1219 2129 quis
1243 2091 1279 2119 de
1302 2090 1428 2127 ambitu,
1459 2091 1524 2128 quis
1548 2091 1584 2118 de
1606 2090 1754 2118 veneficiis
1776 2094 1830 2120 etc.
1854 2091 1900 2119 ius
1923 2091 2058 2118 dicturus
2080 2095 2168 2119 esset.

228 2118 316 2149 Dac.
342 2120 415 2148 Vide
437 2124 558 2154 Sallust.
580 2127 609 2154 in
632 2128 693 2166 lug.
717 2130 775 2158 Cic.
792 2131 814 2160 Ι.
837 2132 875 2160 ad
899 2133 958 2162 Att.
987 2131 1091 2162 Goth.
1121 2133 1163 2161 Cs.
1187 2134 1303 2161 Ernesti
1326 2133 1355 2161 in
1378 2133 1460 2160 Clavi
1485 2133 1545 2160 Cic.
1566 2143 1589 2162 s,
1612 2143 1640 2162 v,
1666 2132 1797 2161 Praetor.

393 2161 613 2203 Peregrinos
636 2171 739 2200 inter.
768 2173 827 2210 (Ad
849 2185 877 2212 p.
890 2175 974 2212 205.)
1005 2175 1062 2203 Ista
1086 2177 1140 2203 Pr.
1165 2174 1208 2203 dr.
1231 2177 1414 2214 interpretor
1433 2182 1553 2214 praetor
1575 2174 1670 2203 datur.
1711 2176 1818 2203 Verum
1843 2179 1901 2208 est,
1925 2175 2004 2213 quod
2028 2174 2084 2211 ait,
2108 2174 2168 2213 pri-

228 2212 307 2230 mum
337 2210 465 2233 creatum
494 2207 583 2237 fuisse
614 2221 705 2240 unum
735 2221 901 2252 praetorem
930 2218 1091 2253 urbanum,
1125 2228 1229 2256 nempe
1259 2229 1326 2246 ann.
1347 2220 1418 2249 388.
1444 2223 1473 2246 et
1496 2217 1601 2246 deinde
1631 2222 1757 2256 propter
1784 2227 1919 2254 magnam
1942 2218 2166 2255 peregrinorum

228 2245 491 2294 turbamnalterum
515 2256 693 2289 praetorem,
716 2265 819 2295 nempe
842 2261 1032 2297 peregrinum
1057 2260 1204 2288 adiectum
1228 2263 1394 2296 ann.501.,
1419 2260 1502 2288 illum
1525 2260 1603 2288 inter
1626 2260 1718 2296 cives,
1742 2259 1821 2288 huno
1843 2260 1918 2287 inter
1941 2261 2021 2288 cives
2035 2265 2064 2289 et
2079 2270 2166 2299 pere·-

228 2297 328 2324 grinos
348 2299 396 2336 ius
418 2290 581 2328 dicentem,
615 2295 666 2322 sed
693 2299 786 2326 crevit
816 2306 916 2337 postea
947 2308 1115 2340 praetorum
1145 2313 1292 2332 numerus.
1337 2303 1434 2332 Creati
1463 2303 1540 2332 enim
1564 2313 1656 2341 usque
1679 2303 1716 2332 ad
1738 2305 1786 2334 18.
1824 2302 1898 2332 Vide
1920 2302 1999 2341 LiPS.
2022 2301 2164 2340 Antiquit-

228 2330 312 2360 Rom·
334 2331 418 2360 ¹¹¹³·I·
441 2342 502 2371 0³1³-
519 2336 567 2365 10·
591 2334 679 2364 Dac-
712 2338 743 2365 V·
767 2341 825 2371 l.2.
851 2345 872 2379 §.
896 2350 964 2381 post
986 2345 1097 2382 aliquot
1120 2345 1149 2374 ff.
1173 2345 1210 2374 de
1233 2346 1305 2383 orig.
1328 2345 1385 2375 iur.
1432 2343 1535 2374 Goth.

280 2413 285 2419 ·
392 2372 651 2406 Praemerium.
697 2379 769 2408 Vide
792 2382 937 2416 Sacrima.
960 2387 1050 2417 Ant.
1073 2387 1165 2426 Aug.
1198 2386 1377 2427 Προλόμον.
1410 2388 1485 2416 Vide
1508 2386 1701 2416 Coniectaneu
1725 2386 1764 2425 (p.
1777 2386 1828 2417 75.
1853 2385 1898 2415 ed.
1921 2385 2045 2425 steph).
2076 2385 2162 2415 Glos-

228 2423 353 2442 sarium:
390 2414 600 2447 Praemetivum
624 2416 644 2458 ἡ
666 2418 724 2460 πρὸ
745 2426 892 2462 θερισμοῦ
916 2427 1077 2466 Δημήτρας
1098 2430 1202 2460 θυσία.
1230 2429 1330 2460 Scal.
1375 2430 1570 2459 Praemetium
1592 2430 1710 2466 frugum
1735 2429 1897 2467 primitiae,
1926 2428 2005 2466 quod
2027 2427 2162 2460 sacrificii
