2263 2668
380 160 453 195 186
996 159 1136 194 SEXTI
1162 160 1362 195 POMPEII
1388 160 1528 195 FESTI

381 253 660 300 praepositionis,
688 263 780 297 quae
807 256 856 285 est
887 257 1053 298 propter,
1089 258 1126 287 ut
1152 255 1194 288 ob
1222 255 1368 298 merita,
1412 255 1458 287 ob
1485 259 1656 299 superatos
1682 255 1805 289 hostes.
1863 258 1965 292 Unde
2000 259 2151 302 obsides,

375 318 445 352 pro
471 304 624 350 olgfi'des,
669 304 764 349 quod
798 303 840 337 ob
866 304 987 351 fidem
1011 306 1149 351 patriae
1185 306 1421 351 praestandam
1451 306 1593 341 dantur.
1629 307 1722 340 alias
1743 318 1813 352 pro
1841 309 1890 342 ad
1919 312 2080 355 ponitur,
2115 316 2153 345 ut

381 357 535 390 Ennius:

485 406 548 440 Ob
576 407 749 439 Romam
777 410 907 440 noctu
935 407 1147 453 legiones
1172 409 1343 442 ducere
1370 409 1536 453 coepit:

381 463 412 491 ct
443 457 545 491 alibi:

481 511 531 542 ob
559 509 731 541 Troiam
763 509 897 544 duxit.

383 558 723 594 Oculissimuml
751 561 980 594 carissimum.
1036 561 1189 596 Plautus
1217 562 1450 595 oculissimum
1478 563 1597 595 ostium
1625 564 1762 597 amicae.
1824 563 1926 597 Idem
1953 566 1987 598 in
2018 565 2152 599 Curcu-

379 613 485 653 lione,
526 613 719 645 oculissime
752 612 853 653 dixit,
895 613 1129 658 significatque
1164 615 1221 659 qui
1255 614 1355 647 clare
1391 614 1527 659 aspicit.
1580 614 1700 648 Idem:
1735 616 1769 648 in
1804 615 1992 649 Pseudolo.
2021 617 2153 651 oscula-

206 669 471 700 ·f.oculatumtum*
495 675 556 707 pro
585 664 754 708 praesenti
774 665 909 709 posuit,
953 676 1032 698 cum
1058 666 1166 698 dixit:

483 715 627 748 Emito
655 716 723 748 die
750 726 878 749 caeca
905 716 1081 751 hercule
1108 718 1289 756 olivum,
1326 717 1371 749 id
1398 717 1580 750 vendito
1605 718 1790 750 oculata
1818 718 1896 751 die.

378 767 474 801 Idem
502 767 581 800 alibi
609 768 776 801 oculatum
805 769 940 812 Argum
967 769 1076 810 dixit,
1119 769 1211 812 quod
1239 779 1301 812 per
1327 772 1435 801 totum
1463 780 1589 813 corpus
1615 770 1732 802 oculos
1758 769 1874 804 habet.
1927 770 2041 803 Idem:

480 819 624 863 pluris
652 825 710 852 est
737 820 944 853 oculatus
970 821 1098 854 testis
1124 831 1250 861 unuS,
1291 831 1413 863 quam
1441 821 1581 853 auriti
1608 821 1776 863 decem,

378 871 412 903 id
441 877 507 912 est,
535 871 592 913 qui
620 882 654 903 se
680 870 798 903 vidisse
825 870 929 904 dicat.
958 872 1102 905 ductam
1130 876 1247 905 autem
1274 872 1324 904 ait
1351 871 1493 905 Verrius
1519 872 1612 905 hanc
1639 872 1781 905 formam
1808 873 1850 905 ab
1878 873 1968 907 oculi
1994 872 2155 917 appella—

379 923 477 955 tione.
536 921 742 955 Oculitus
769 923 916 965 dicitur,
958 928 994 956 ut
1017 923 1191 969 funditus,
1226 924 1374 968 penituS,
1409 924 1645 968 significatque
1671 928 1746 957 tam
1772 935 1896 957 carum
1924 935 2014 965 esse,
2049 935 2156 968 quam

380 974 531 1015 oculum,
578 974 632 1006 vel
665 975 765 1006 instar
798 975 888 1007 oculi
923 986 1004 1009 esse.
1071 975 1289 1021 Odefacit
1324 974 1489 1009 dicebant
1515 976 1640 1019 antiqui
1667 976 1708 1009 ab
1736 976 1859 1017 odore,
1901 987 1972 1021 pro
1999 974 2154 1020 olefacit,

379 1029 495 1058 vetere
529 1026 686 1069 quadam
714 1026 951 1060 consuetudine
986 1028 1182 1060 inmutandi
1221 1027 1375 1068 litteras,
1410 1038 1502 1072 quae
1535 1031 1628 1069 sunt,
1676 1033 1711 1060 ut
1745 1039 1845 1072 saepe
1880 1028 1975 1069 alias,
2017 1032 2087 1060 tum
2121 1027 2155 1059 in

395 1074 415 1125 Η
430 1077 498 1111 hoc
513 1088 647 1120 quoque
665 1078 752 1110 libro
768 1083 952 1113 contentae.
967 1091 1053 1122 quae
1074 1091 1137 1112 vox
1157 1084 1193 1112 ut
1212 1078 1412 1122 quibusdam
1433 1079 1574 1120 videtur,
1594 1090 1634 1112 ex
1651 1079 1784 1114 Graeca
1807 1076 1920 1126 ὀσμή,
1941 1082 2046 1112 tracta
2074 1077 2154 1124 [28]

381 1134 436 1161 est.
474 1128 681 1162 Octaviae
708 1130 902 1173 porticus
929 1131 1016 1164 duae
1039 1131 1263 1175 appellantur,
1285 1142 1425 1175 quarum
1439 1131 1589 1172 alteram,
1609 1130 1742 1164 theatro
1766 1131 1922 1164 Marcelli
1948 1130 2156 1175 propiorem,

381 1179 521 1213 Octavia
555 1191 648 1213 soror
674 1181 816 1226 Augusti
848 1182 943 1221 secit3
990 1183 1127 1215 alteram
1154 1183 1286 1216 theatro
1313 1183 1434 1227 Pomp.
1461 1183 1649 1227 proximam
1671 1182 1741 1216 CN.
1766 1182 1934 1216 Octavius
1958 1181 2030 1216 CN.
2057 1181 2156 1222 filius,

230 1238 294 1262 'fix
313 1237 352 1263 vir
379 1233 437 1275 qui
463 1232 524 1264 fuit
551 1232 638 1267 Aed.
667 1243 737 1267 cur.
762 1233 833 1266 PR.
863 1245 927 1267 cos.
956 1234 1206 1268 decemvirum*
1237 1235 1336 1268 sacris
1363 1235 1540 1277 faciendis,
1568 1234 1852 1279 triumphavitque
1879 1235 1922 1268 de
1947 1245 2029 1278 rege
2055 1233 2156 1266 Perse

378 1284 487 1316 navali
507 1283 694 1328 triumpho:
722 1296 823 1328 quam
850 1286 1058 1319 combustam
1084 1287 1300 1320 reficiendam
1321 1287 1448 1320 curavit
1467 1286 1591 1320 Caesar
1613 1287 1794 1332 Augustus.
1848 1285 2023 1331 Ogygia
2048 1296 2156 1317 moe-

205 1340 241 1365 Ὗ.
260 1336 448 1373 Ogygesnia
474 1336 597 1368 Accius
629 1336 662 1368 in
687 1336 853 1370 Diomede
885 1338 1060 1382 appellans
1092 1339 1256 1383 significat
1283 1338 1441 1380 Thebas,
1491 1339 1568 1381 quia
1600 1350 1674 1371 eam
1701 1339 1818 1372 urbem
1845 1337 2015 1383 Ogygus*
2035 1335 2155 1370 condi-

379 1387 466 1419 disse
492 1387 640 1420 traditur.
696 1386 897 1430 Occasio,
926 1391 1157 1434 opportunitas
1183 1390 1344 1434 temporis
1371 1401 1448 1423 casu
1475 1390 1623 1433 quodam
1650 1390 1873 1434 provenientis
1900 1395 1963 1429 est3
1998 1387 2155 1429 Occasus,

377 1439 524 1471 interitus
549 1439 604 1471 vel
631 1438 735 1478 Solis,
782 1451 858 1473 cum
892 1441 1018 1476 decidit
1044 1454 1064 1475 a
1089 1442 1216 1487 superis
1242 1442 1327 1474 infra
1353 1446 1473 1484 terras,
1523 1452 1591 1485 quo
1617 1441 1785 1476 vocabulo
1811 1442 1937 1475 Ennius
1962 1450 2026 1485 pro
2053 1450 2155 1473 occa—

378 1491 468 1523 sione
495 1495 544 1523 est
569 1502 646 1523 usus
672 1491 706 1523 in
732 1491 793 1526 lib.
814 1492 876 1525 11.:

480 1541 552 1575 hic
578 1553 753 1575 occasus
780 1543 902 1576 datus
929 1550 1008 1587 est,
1045 1550 1083 1577 at
1107 1544 1281 1578 Oratius
1307 1544 1494 1577 inclutus
1521 1544 1639 1577 saltu.

377 1593 457 1626 item
483 1593 515 1625 in
542 1593 581 1626 L.
609 1594 669 1626 V.:

482 1645 606 1678 inicit
631 1645 848 1687 inritatus,
888 1651 1020 1688 tenet,
1052 1657 1228 1681 occasus
1255 1646 1370 1679 iuvat
1395 1657 1470 1680 res.

380 1696 465 1729 Item
489 1696 523 1729 in
549 1696 588 1729 L.
608 1697 713 1730 ville

483 1752 551 1781 aut
579 1759 754 1783 occasus
782 1749 868 1789 ubi,
907 1754 1132 1794 tempusve
1159 1749 1314 1782 audere
1340 1748 1555 1794 repressit.

381 1798 582 1832 Occisum
607 1812 626 1833 a
653 1806 770 1835 necato
795 1800 952 1845 distingui
978 1801 1134 1844 quidam,
1163 1800 1255 1845 quod
1283 1800 1423 1834 alterum
1450 1812 1470 1833 a
1496 1799 1688 1841 caedendo,
1716 1804 1816 1842 atque
1842 1798 1910 1832 ictu
1935 1797 2008 1830 fieri
2033 1795 2157 1835 dicunt,

379 1850 518 1883 alterum
546 1852 614 1884 sine
636 1852 712 1886 ictu.
747 1853 858 1896 itaque
884 1853 917 1885 in
938 1853 1070 1886 Numae
1096 1853 1244 1897 Pompili
1269 1853 1357 1897 regis
1383 1852 1515 1897 legibus
1541 1852 1700 1896 scriptum
1727 1857 1791 1884 est:
1838 1850 1865 1883 si
1890 1848 2062 1882 homiuem
2088 1847 2157 1881 ful-

212 1902 247 1926 's-
266 1902 543 1935 fulminisminibus*
567 1904 698 1946 occisit,
726 1917 767 1938 ne
793 1916 892 1948 supra
919 1916 1030 1949 genua
1055 1905 1173 1937 tollito.
1226 1905 1271 1937 Et
1297 1904 1393 1937 alibi:
1421 1904 1525 1937 homo
1553 1904 1579 1936 si
1605 1903 1744 1936 fulmine
1771 1902 1897 1936 occisus
1924 1905 1991 1941 est,
2018 1899 2048 1932 ei
2072 1900 2156 1932 iusta

383 1953 473 1985 nulla
506 1955 578 1987 fieri
611 1962 755 2000 oportet.
817 1955 1009 1990 October
1043 1953 1201 2000 equus²
1229 1956 1438 2000 appellatur,
1483 1956 1516 1988 in
1549 1956 1608 1999 qui
1642 1966 1764 1999 campo
1791 1953 1916 1987 Martio
1942 1962 2055 1986 mense
2080 1949 2156 1984 Oct.

213 2004 247 2029 Ὗ·
267 2003 571 2043 votam-immolatur
597 2009 689 2050 quod
715 2008 827 2042 annis*
852 2008 973 2050 Marti,
1022 2009 1178 2053 bigarum
1211 2007 1383 2041 victricum
1418 2007 1594 2042 dexterior.
1630 2007 1674 2040 de
1706 2006 1798 2041 cuius
1830 2005 1943 2050 capite
1976 2014 2044 2039 non
2075 2001 2157 2036 levis

274 2046 299 2062 ¹¹¹
385 2058 549 2088 contentio
572 2059 701 2092 solebat
727 2071 798 2093 esse
823 2060 907 2092 inter
930 2060 1177 2094 Suburanenses
1205 2064 1238 2092 et
1264 2059 1513 2100 Sacravienses,
1541 2063 1576 2092 ut
1602 2057 1639 2091 hi
1666 2060 1700 2091 in
1726 2058 1842 2102 regiae
1868 2056 2010 2101 pariete,
2036 2053 2087 2087 illi
2113 2053 2155 2086 ad

384 2106 499 2137 turrim
526 2107 709 2144 Mamiliam
735 2112 770 2144 id
796 2112 957 2156 figerent3
1008 2112 1225 2155 eiusdemque
1252 2110 1340 2145 coda
1365 2116 1457 2143 tanta
1485 2110 1655 2144 celeritate
1680 2110 1848 2155 perfertur
1873 2110 1906 2142 in
1931 2106 2080 2152 regiam,
2121 2110 2157 2138 ut

388 2166 426 2187 ex
453 2167 491 2188 ea
517 2162 647 2202 sanguis
674 2163 815 2196 destillet
837 2164 871 2196 in
896 2164 1029 2205 focum,
1056 2163 1312 2208 participandae
1337 2163 1385 2195 rei
1411 2162 1541 2195 divinae
1567 2162 1685 2207 gratia.
1711 2173 1812 2205 quem
1833 2160 1964 2193 hostiae
1982 2158 2061 2191 loco
2083 2155 2157 2200 qui-

389 2205 467 2239 dam
501 2206 603 2242 Marti
633 2212 756 2248 bellico
791 2215 856 2249 deo
898 2215 1019 2249 sacrari
1052 2216 1184 2258 dicunt,
1226 2226 1294 2248 non
1328 2219 1364 2251 ut
1395 2214 1516 2259 vulgus
1548 2219 1662 2258 putat,
1706 2213 1785 2257 quia
1825 2212 1917 2246 velut
1955 2207 2154 2255 supplicium

473 2330 501 2373 1)
519 2375 523 2380 ἰ
539 2333 784 2377 Oculis-simum]
829 2340 862 2368 In
888 2341 1016 2372 editione
1041 2342 1251 2381 Augustiniana
1296 2342 1395 2370 latum
1415 2342 1538 2371 Plautus
1559 2340 1655 2377 dixit,
1682 2341 1811 2370 Graecos
1836 2338 1984 2372 imitatus,
2010 2334 2060 2373 qui
2081 2343 2152 2362 πᾶν·

388 2373 472 2422 locus
495 2374 542 2403 hic
558 2377 715 2406 mendosus
735 2379 823 2417 adeo,
846 2383 1024 2423 luxatusque
1047 2385 1190 2423 habetur,
1213 2390 1248 2414 ut
1291 2381 1385 2424 ὁπτην
1426 2385 1511 2414 illum
1548 2384 1706 2423 appellant.
1759 2383 1836 2413 Urs,
1876 2397 1918 2405 ·—
1966 2375 1998 2416 Ξ)
2031 2373 2154 2421 Οθιοᾷη

387 2415 466 2445 Festi
485 2420 629 2449 sententia
650 2421 702 2449 vix
725 2421 755 2449 in
784 2432 817 2451 eo
841 2431 991 2463 appareat.
1036 2428 1155 2466 Argum
1180 2438 1251 2455 ocu·
1295 2426 1412 2466 equus]
1444 2425 1599 2456 videndus
1621 2425 1771 2455 Plutarch.
1794 2425 1824 2454 iu
1846 2422 1942 2463 probi·
1965 2423 1990 2447 81¹
2009 2419 2152 2447 A⁸c⁰¹¹¹¹¹⁵

2259 2406 2263 2420 Ι

2222 2563 2263 2668 nl
