2263 2668
515 116 580 150 DE
605 114 993 150 SIGNIFICATIONE
1020 113 1302 149 VERBORUM.
1355 113 1500 148 LIBER
1526 113 1567 148 V.
1587 134 1588 137 =

71 213 254 257 Europam
287 211 416 243 tertiam
450 210 539 243 orbis
574 214 703 254 partem
714 206 739 226 ⁴⁵
765 210 808 242 ab
835 210 975 253 Europa
999 208 1164 252 Agenoris
1197 208 1267 240 filia
1294 212 1421 241 certum
1449 204 1531 241 est⁴⁶
1554 207 1732 253 appellari.

1966 115 2016 151 59

1794 207 1861 240 Sed
1890 209 1943 241 alii
1970 210 2015 244 de

172 274 286 296 amore
308 262 394 294 lovis
420 263 454 294 in
480 266 609 294 taurum
632 261 716 294 versi
741 266 882 294 narrant.
935 259 1003 293 Alii
1027 271 1101 292 eam
1125 271 1145 292 a
1171 259 1396 303 praedonibus
1421 265 1569 304 raptam,
1611 264 1644 292 et
1670 269 1806 301 navem,
1846 271 1932 303 quae
1959 261 2015 294 lo—

171 311 252 347 vis⁴⁷
278 314 415 346 tutelam
426 310 460 354 ⁴⁸,
504 313 653 357 effigiem
677 313 762 345 tauri
787 307 987 352 habuerit⁴⁹,
1028 311 1062 343 in
1089 322 1163 344 eam
1189 311 1363 355 regionem
1391 322 1460 344 esse
1486 312 1642 346 delatam.

174 365 395 399 chritudinem
425 365 571 409 regionis
603 376 664 408 per
697 358 973 396 simulationem³⁰

176 422 208 450 et
217 414 242 433 5²
263 416 487 450 Phoenicibus
513 415 630 448 ferunt.

74 465 285 513 Epotonos⁵³
308 468 462 501 dicebant
485 467 624 510 antiqui,
651 476 735 509 quos
762 477 848 498 nunc
874 465 1034 509 epulones
1059 464 1208 498 dicimus.

1695 311 1842 353 Quidam
1864 311 1910 345 ob
1936 314 2015 357 pnl—

999 367 1115 407 raptae
1148 362 1238 394 filiae
1273 367 1472 406 occupatam
1504 359 1611 396 eam⁷¹¹
1638 368 1761 396 terram
1786 362 1830 396 ab
1856 363 2016 409 Agenore

1261 463 1387 497 Datum
1397 459 1422 480 ⁵⁴
1442 469 1489 497 est
1511 469 1620 498 autem
1644 464 1695 498 his
1719 476 1860 506 nomen,
1887 462 2016 509 quod⁵⁵

178 520 293 564 epulas
318 519 487 552 indicendi
514 518 585 550 lovi
611 517 816 560 caeterisque
843 517 903 549 diis
929 520 1129 561 potestatem
1155 515 1328 549 haberent.

75 567 295 604 Εαάἱαεοηῧ5
322 570 444 603 lineum
471 570 580 609 filum.
622 568 714 612 quod
742 568 864 603 medici
891 573 1036 601 extremo
1047 563 1072 583 5⁷
1098 568 1131 600 in
1158 567 1313 611 clysterio
1340 566 1546 610 relinquunt,
1586 579 1648 613 per
1674 563 1802 610 quod58
1827 563 2016 612 κλυσμόςω

177 622 343 655 emittitur.

77 672 269 706 Euboicum
300 673 459 706 talentum
495 683 595 704 numo
605 667 629 687 ⁸⁰
656 670 790 705 Graeco
822 676 947 715 septem
981 670 1119 703 millium
1154 675 1186 702 et
1212 670 1471 714 quingentorum
1505 669 1732 714 cistophorum
1761 674 1826 710 est,
1870 664 2013 701 nostr-0⁶¹

179 731 324 768 quatuor
349 724 487 757 millium
515 723 737 757 denariorum,

78 776 287 809 Extrarium
320 776 363 808 ab
398 780 553 808 extraneo
586 775 631 807 sic
663 773 889 818 distinguitur:

941 772 1133 806 Extrarius
1159 768 1248 813 est⁶²‚
1290 771 1348 815 qui
1375 775 1466 804 extra
1492 771 1606 806 focum
1633 776 1872 805 sacramentum
1898 770 2015 814 iusque

181 828 234 866 sit;
277 831 461 860 extraneus
487 838 527 858 ex
554 827 657 859 altera
681 830 786 867 terra,
828 824 920 868 quasi
946 819 1187 857 exterraneusffl

79 878 178 911 Exta
205 878 312 920 dicta,
354 878 446 921 quod
475 889 514 911 ea
540 877 601 910 diis
627 882 859 921 prosecentur,
901 887 986 919 quae
1011 875 1152 909 maxime
1179 878 1305 908 exstant
1331 874 1551 918 eminentque.

78 930 261 963 Extimum
288 935 469 962 extremum
496 925 576 962 itaffl
602 928 780 973 significat,
814 933 850 961 ut
875 927 988 960 intimo
1014 927 1054 960 sit
1080 927 1291 960 contrarium.

80 978 356 1014 Exterraneusffi
378 992 418 1014 ex
444 981 507 1013 alia
532 986 618 1013 terra
627 977 660 1013 ⁶⁶.

81 1028 356 1066 Exterraneusffl
377 1043 513 1076 quoque
540 1031 676 1072 dicitnr,
709 1031 767 1074 qui
777 1028 802 1049 ⁰⁸
823 1035 897 1063 ante
923 1036 1054 1074 tempus
1080 1034 1174 1062 natus
1201 1028 1255 1062 vel
1281 1028 1392 1072 potius
1419 1027 1541 1062 eiectus
1568 1031 1626 1061 est.

1680 1025 1795 1058 Dictus
1820 1029 1930 1057 autem
1958 1034 2016 1056 ex-

182 1081 392 1125 terraneusffl',
433 1083 526 1126 quod
553 1094 628 1116 eum
654 1088 760 1115 mater
785 1082 937 1115 exterrita
957 1082 1033 1113 alvo
1061 1081 1165 1114 eiecit.

82 1131 295 1169 Externusw
315 1140 363 1168 est
387 1135 512 1168 alienus
521 1130 545 1150 ⁷¹
570 1139 687 1167 terrae.

81 1187 322 1232 Experreetus
347 1198 366 1218 a
393 1186 592 1230 corrigendo
619 1197 653 1218 se
680 1189 834 1225 vocatus,
872 1184 964 1227 quod
991 1184 1061 1217 fere
1088 1183 1227 1217 facimus
1253 1186 1402 1216 recentes
1428 1193 1448 1214 a
1469 1191 1596 1215 somno.

82 1238 246 1283 Expreta
255 1234 280 1254 ⁷²
305 1238 428 1281 antiqui
453 1237 624 1277 dicebant,
667 1237 758 1280 quasi
786 1236 932 1280 expertia
941 1232 966 1252 ⁷³
992 1235 1114 1268 habita.

82 1289 289 1329 Effudere,
318 1289 518 1333 procudere
544 1294 577 1321 et
603 1289 698 1321 incus
708 1285 732 1305 ⁷⁴
754 1288 827 1332 ipsa
853 1299 873 1319 a
899 1286 1073 1322 caedendo
1100 1285 1190 1319 dicta
1216 1289 1298 1318 suut.

81 1340 286 1386 Explorare
312 1341 461 1384 antiquos
471 1336 494 1357 ⁷⁵
519 1351 583 1384 pro
611 1341 796 1373 exclamare
822 1349 914 1379 usos,
943 1339 1001 1371 sed
1029 1342 1148 1383 postea
1173 1337 1367 1381 prospicere
1394 1339 1426 1368 et
1453 1337 1579 1368 certum
1607 1340 1812 1376 cognoscere
1838 1329 1950 1372 coepit
1975 1328 2018 1361 si-

181 1392 350 1436 gnificare.
404 1392 520 1435 ltaque
547 1391 738 1436 speculator
762 1391 805 1424 ab
829 1391 1041 1435 exploratore
1066 1390 1136 1424 hoc
1162 1388 1277 1431 distat,
1303 1386 1398 1431 quod
1420 1385 1607 1431 speculator
1629 1382 1764 1416 hostilia
1789 1380 1917 1415 silentio
1939 1390 2018 1423 per-

184 1440 324 1487 spicit⁷¹³‚
369 1443 560 1487 explorator
585 1439 738 1487 pacata⁷⁷
759 1443 907 1475 elamore
934 1442 1118 1487 cognoscit.

85 1494 318 1539 Expapillato
344 1494 501 1535 brachio,
535 1492 697 1533 exert0733
735 1494 827 1538 quod
855 1506 956 1537 quum
983 1495 1037 1534 fit,
1070 1492 1200 1538 papilla
1224 1491 1377 1525 nudatur.

85 1542 282 1579 Exbures³⁹
306 1546 497 1578 exinteratas
506 1544 542 1588 Εὖ,
579 1547 647 1579 sive
674 1547 800 1579 exbuae
810 1542 845 1587 ⁸¹,
879 1557 965 1589 quae
991 1545 1203 1585 exbiberunt‚
1237 1542 1329 1586 quasi
1355 1544 1486 1585 epotae.

89 1674 135 1702 pr.
158 1680 198 1685 —
219 1664 263 1701 49)
286 1665 425 1702 Ecastor]
453 1665 560 1693 Castor
579 1666 635 1694 Gu.
650 1668 676 1696 1.
698 1681 740 1686 —
763 1665 811 1702 43)
833 1663 914 1704 Alii]
938 1674 1033 1703 usque

90 1706 129 1734 ad
147 1705 273 1735 verbum
295 1707 387 1745 ἴωμεν
408 1717 465 1736 om.
485 1708 514 1735 L.
538 1724 578 1729 —
607 1707 652 1747 44)
677 1707 784 1746 ἴωμεν]
808 1709 913 1735 temeri
934 1708 989 1735 Gu.
1006 1711 1034 1739 2.

90 1751 186 1776 tomen
199 1758 245 1787 pr.
277 1749 361 1787 ἴομεν
376 1749 408 1777 Β.
440 1760 496 1778 om.
513 1750 605 1782 Gu.1.
628 1767 662 1772 —
683 1751 731 1786 45)
754 1749 835 1777 orbis
846 1749 940 1789 part]
952 1755 1036 1788 part.

91 1791 152 1820 orb.
166 1791 197 1819 L.
219 1806 261 1813 —-
282 1790 327 1830 46)
351 1797 462 1820 certum
477 1792 529 1831 est]
553 1798 595 1820 est
611 1799 677 1820 cert.
693 1793 724 1820 Β.
747 1808 789 1814 -
810 1793 859 1832 47)
883 1792 979 1830 lovis]
1004 1793 1037 1819 in

92 1833 121 1863 L.
145 1849 187 1854 --
208 1834 257 1870 48)
278 1834 418 1870 tutelam]
442 1835 538 1862 tutela
554 1835 583 1864 L.
611 1851 650 1857 ·-—
679 1833 728 1875 49)
749 1834 905 1873 habuerit]
928 1834 1037 1862 habuit

90 1876 122 1903 L.
145 1891 186 1897 —
210 1876 255 1911 50)
275 1886 331 1914 per
343 1877 584 1916 simulationem]
601 1879 803 1916 propter-sim.
819 1879 849 1907 L.
893 1877 1037 1905 simiam-

92 1917 193 1946 dinem
208 1917 240 1946 B.
250 1917 288 1946 M.
310 1934 352 1940 -—
373 1919 421 1956 51)
443 1919 518 1958 eum]
533 1931 589 1949 om.
603 1921 635 1948 Β.
652 1922 708 1950 Gu.
720 1923 747 1952 1.
764 1931 811 1959 pr.
835 1935 873 1942 -·
897 1922 944 1954 52)
960 1919 1038 1957 Age-

93 1971 164 1989 nore
185 1965 211 1987 ει
230 1960 362 1996 Pltoen.]
385 1961 434 1990 Sic
448 1963 478 1990 L.
493 1963 525 1991 B.
540 1963 576 1991 M.
593 1963 649 1992 Gn.
668 1966 694 1994 1.
708 1966 736 1994 2.
761 1964 789 1991 S.
805 1964 837 1991 l).
881 1962 961 2000 vulg.
982 1971 1039 1989 om.

93 2002 203 2042 copula
223 2008 264 2039 et,
289 2013 365 2041 quae
382 2003 480 2032 abesse
498 2005 609 2043 nequit.
630 2022 672 2027 -—
693 2006 740 2040 53)
761 2004 931 2044 Epolonos]
954 2004 1040 2041 Epo—

93 2047 175 2074 lones
196 2046 227 2074 L.
244 2045 275 2073 B.
299 2062 340 2067 -—
362 2044 410 2086 5⁴)
430 2048 550 2076 Datum
571 2053 613 2076 est
633 2047 752 2086 autem]
777 2050 895 2076 Datum
918 2051 982 2075 aut.
999 2050 1041 2073 est

93 2098 139 2127 pr.
183 2089 312 2117 Dictum
331 2088 363 2115 B.
384 2103 428 2110 —-
449 2088 497 2129 55)
520 2090 604 2128 quod
617 2089 690 2128 eta]
714 2090 779 2118 Ion·
800 2091 961 2127 celerisque
982 2086 1043 2115 diis

94 2130 202 2170 epulas
218 2135 396 2169 pote-realem
418 2131 566 2161 haberent.
609 2133 659 2161 Sic.
683 2138 825 2170 corrupte
846 2137 889 2160 est
905 2132 934 2159 in
949 2131 980 2158 L.
1004 2146 1040 2152 --

94 2171 144 2213 56)
168 2172 345 2212 Eudiaeon]
369 2173 516 2202 [cadim-m
532 2175 563 2204 L.
606 2174 746 2203 Euda-on
765 2174 798 2204 B.
819 2190 862 2196 —
883 2175 931 2211 57)
953 2178 1040 2201 extre-

95 2215 161 2255 mo]
186 2226 243 2245 om.
261 2216 317 2245 Gu.
334 2219 360 2247 1.
387 2232 421 2237 —
449 2219 493 2254 55)
512 2227 568 2255 per
582 2217 682 2256 quod]
707 2215 791 2255 qnod
804 2227 859 2255 per
877 2216 935 2246 Gu.
953 2219 979 2246 1.
1002 2231 1038 2236 -—

94 2256 142 2298 59)
165 2255 312 2297 κλυσμός]
335 2258 383 2286 Sic
403 2258 507 2297 scripsi
528 2259 564 2287 de
588 2261 774 2295 coniectura,
803 2268 894 2297 quum
910 2258 940 2287 in
956 2258 987 2286 B.
1004 2257 1041 2286 M.

96 2299 153 2329 Gu.
164 2303 228 2333 1.2.
243 2305 317 2329 esset.
331 2301 453 2338 elimes,
477 2301 556 2339 quod
572 2300 662 2330 habet
675 2302 702 2330 S.
737 2302 856 2339 chymos
869 2301 949 2339 vulg.
983 2299 1043 2328 chi-

98 2353 161 2371 moe
176 2344 207 2372 L.
252 2343 294 2371 De
315 2353 380 2371 voc.
402 2342 533 2382 κλυσμός
550 2343 610 2373 vid.
629 2345 698 2373 Lex.
715 2345 819 2373 Graec.
848 2360 890 2366 —
919 2345 963 2381 60)
986 2353 1042 2371 nu-

99 2385 162 2424 mo]
184 2395 309 2414 numero
326 2386 355 2414 L.
384 2403 424 2408 —
453 2384 501 2425 61)
524 2386 642 2424 nostro]
667 2386 753 2425 apud
770 2388 801 2416 L.
847 2385 932 2415 Haud
955 2385 1044 2415 dubie

1077 1667 1139 1692 erat
1162 1662 1306 1700 scriptum
1329 1657 1416 1697 apud
1431 1667 1493 1685 nos.
1520 1670 1562 1676 -
1590 1653 1635 1692 62)
1658 1651 1842 1690 Extrarius]
1866 1652 2022 1679 Exn-anus

1078 1706 1135 1734 Gu.
1151 1708 1178 1737 1.
1199 1720 1241 1726 —
1261 1701 1307 1742 63)
1332 1697 1531 1736 exterraneus]
1552 1702 1709 1724 extraneus
1725 1695 1780 1723 Gn.
1796 1698 1823 1725 1.
1849 1709 1887 1716 —-
1910 1691 1956 1732 64)
1978 1692 2023 1720 ita

1077 1745 1249 1786 significat]
1273 1746 1320 1773 Sic
1340 1743 1378 1771 M.
1402 1742 1456 1769 Gu.
1473 1743 1502 1772 2.
1545 1740 1716 1778 signficat,
1746 1739 1793 1765 ita
1811 1736 1892 1773 vulg.
1918 1751 1954 1757 —
1978 1736 2022 1768 65)

1079 1792 1282 1819 Exterraneus
1305 1796 1337 1814 ex
1357 1785 1424 1812 alia
1445 1781 1541 1820 terra]
1567 1792 1622 1810 om.
1637 1782 1667 1809 L.
1712 1780 1914 1808 Exta-ramas
1931 1777 1963 1806 Β.
1982 1775 2022 1804 Μ.

1081 1833 1176 1863 Gu.2.
1195 1841 1240 1870 pr.
1257 1831 1287 1858 S.
1331 1829 1505 1856 Extraneus
1519 1825 1599 1862 vulg.
1623 1840 1660 1845 —
1683 1824 1729 1859 66)
1748 1822 1815 1850 alia
1830 1818 1923 1857 terra]
1945 1824 2024 1846 terra

1080 1875 1146 1903 αἰία
1160 1875 1191 1902 B.
1219 1888 1261 1895 -—
1289 1872 1335 1908 67)
1358 1866 1578 1906 Est-terranem]
1600 1866 1792 1896 Exterrinius
1810 1864 1842 1893 L.
1885 1862 2024 1890 Exterri-

1081 1918 1199 1945 crineus
1215 1915 1247 1943 B.
1291 1913 1514 1942 Exterricinius
1532 1920 1577 1949 pr.
1598 1925 1639 1932 —
1663 1905 1709 1948 68)
1733 1905 1805 1946 qui]
1829 1911 1855 1933 et
1875 1905 1928 1943 qui
1949 1903 1979 1932 L.
1993 1903 2025 1932 B.

1081 1959 1120 1988 M.
1136 1960 1164 1987 S.
1190 1975 1224 1979 -
1250 1955 1296 1995 69)
1318 1952 1525 1992 exterraneus]
1548 1952 1724 1981 exter-einins
1740 1950 1773 1979 L.
1817 1947 2026 1976 extet-richzeus

1083 2002 1115 2031 B.
1132 2011 1176 2039 pr.
1197 2017 1238 2022 —
1259 2000 1307 2037 70)
1328 1996 1495 2036 Externas]
1516 1996 1682 2025 Exta-neus
1697 2002 1743 2032 pr.
1764 2006 1806 2014 —
1826 1993 1874 2026 71)
1897 1989 2025 2024 aliems-s]

1084 2044 1132 2072 Sic
1149 2043 1179 2071 L.
1196 2043 1233 2071 M.
1252 2042 1307 2070 Gu.
1319 2045 1348 2074 2.
1364 2051 1410 2080 pr.
1455 2040 1572 2067 alienae
1584 2037 1664 2075 vulg.
1707 2033 1840 2064 offendit
1858 2032 1920 2061 scil.
1936 2031 2027 2079 libra-

1084 2087 1145 2115 rios
1161 2085 1280 2113 alienus
1296 2094 1363 2112 cum
1378 2083 1509 2122 genitivo
1524 2081 1661 2121 positum.
1684 2093 1727 2101 -
1748 2075 1795 2116 752)
1817 2076 1964 2114 Expreta]
1981 2073 2028 2102 Src

1085 2129 1116 2158 B.
1134 2128 1172 2157 M.
1195 2127 1249 2156 Gu.
1267 2130 1294 2158 1.
1309 2129 1337 2158 2.
1359 2137 1404 2166 pr.
1421 2127 1449 2154 S.
1464 2125 1497 2154 D.
1539 2125 1673 2162 Experta
1691 2120 1772 2158 vulg.
1794 2136 1835 2141 —
1857 2118 1906 2156 73)
1927 2126 2028 2155 exper-

1086 2170 1148 2210 tia]
1171 2171 1219 2199 Sic
1234 2170 1271 2199 M.
1289 2169 1344 2198 Gu.
1360 2172 1387 2200 1.
1404 2179 1450 2208 pr.
1467 2168 1495 2196 S.
1510 2167 1542 2195 D.
1585 2165 1730 2205 experitia
1744 2162 1825 2200 vulg.
1850 2177 1885 2182 —
1909 2158 1955 2198 74)
1978 2159 2026 2186 in-

1087 2213 1152 2252 cus]
1174 2212 1294 2242 incudis
1306 2212 1338 2240 Β.
1354 2212 1393 2240 M.
1408 2211 1463 2240 Gu.
1476 2212 1539 2242 1.2.
1561 2225 1603 2230 —
1624 2210 1669 2243 75)
1691 2202 1848 2244 antiquos]
1867 2200 1951 2241 apud
1964 2204 2026 2227 ant-

1084 2257 1117 2286 B.
1135 2272 1174 2277 —
1197 2258 1241 2291 76)
1256 2253 1414 2294 perspicit]
1430 2252 1582 2292 prospicit
1597 2251 1630 2280 B.
1652 2265 1693 2272 —
1715 2252 1760 2283 77)
1777 2243 1910 2286 pacata]
1926 2251 1981 2272 om·
1997 2241 2025 2268 l..

1080 2303 1206 2339 peccata
1221 2298 1252 2327 B.
1276 2298 1331 2326 Gu.
1349 2300 1375 2328 1.
1396 2306 1444 2336 pr.
1468 2312 1509 2318 —-
1528 2294 1577 2332 78)
1600 2292 1712 2331 exerto]
1733 2295 1846 2319 extento
1863 2287 1894 2315 L.
1917 2300 1956 2307 —
1980 2285 2024 2316 79)

1086 2342 1234 2377 Exhures]
1256 2340 1384 2369 Est-heres
1403 2340 1435 2369 L.
1448 2339 1480 2369 B.
1504 2337 1561 2367 Gu.
1580 2339 1608 2367 1.
1630 2345 1678 2375 pr.
1720 2332 1870 2362 Exbueres
1887 2329 1916 2373 S.
1930 2327 1962 2353 Ῐ),
1985 2337 2024 2344 ’-

1087 2386 1131 2421 80)
1154 2382 1345 2421 exintemtas]
1368 2386 1549 2411 exenterato-v
1565 2379 1595 2407 L.
1610 2394 1653 2401 -
1675 2375 1721 2415 81)
1743 2370 1864 2407 exhuae]
1887 2370 1936 2396 Sic
1950 2366 1978 2393 L.
1994 2363 2022 2389 B·

1545 2429 1615 2462 H*
