2263 2668
481 122 546 156 DE
573 123 960 159 SIGNIFICATlONE
988 125 1270 165 VERBORUM.
1322 132 1467 166 LIBER
1493 134 1551 167 111.

1942 142 1992 176 49

46 209 292 261 Cyparissae³⁶
316 212 562 259 appellantur³²
589 218 674 251 acies
708 219 874 262 quaedam
907 220 1045 264 igneae,
1097 232 1185 265 quae
1217 230 1317 258 noctu
1350 237 1514 270 apparere
1539 228 1645 262 solent
1672 229 1715 262 ad
1743 230 1986 268 similitudinem

145 265 301 310 cupressi.

46 318 263 362 Coninquere
271 313 307 355 ³⁶,
335 317 508 362 deputare.

49 368 239 416 Carnfficis
264 369 342 402 loco
369 369 558 403 habebatur
584 371 627 411 is,
669 373 726 415 qui
753 385 786 406 se
813 374 1029 414 vulnerasset,
1065 381 1100 407 ut
1126 382 1322 411 moreretur.

47 422 181 467 Capita
207 420 348 453 deorum
375 422 632 465 appellabantur
660 423 809 458 fasciculi
835 425 914 459 facti
941 421 1016 458 ex³⁹
1039 426 1198 460 verbenis.

52 469 289 517 Consiptumffl
311 472 412 506 clavis
438 473 624 517 praefixum
635 470 669 510 ⁴¹¹.

52 519 335 559 Corniscarum⁴²
355 524 627 560 divarumlocus
655 531 724 559 erat
750 532 838 559 trans
856 527 1006 560 Tiberim
1027 528 1214 564 cornicibus
1237 530 1380 573 dicatus,
1407 532 1498 575 quod
1519 530 1587 566 ἰιι43
1608 534 1740 567 lunonis
1760 537 1864 570 tutela
1885 535 1992 571 esse⁴⁴

147 575 349 620 putabantur
359 571 392 606 ⁴⁵.

50 627 223 662 Caelestia
249 626 389 670 auguria
415 631 550 668 vocant,
589 638 693 670 quum
719 628 872 661 fulminat
898 625 987 662 aut⁴¹⁵
1013 635 1115 662 tonat.

53 679 203 713 Caduca
228 678 375 721 auspicia
402 677 533 719 dicunt,
566 690 669 721 quum
698 680 823 723 aliquid
834 677 858 697 ⁴⁷
884 680 916 713 in
942 681 1070 725 templo
1098 681 1237 724 excidit,
1282 682 1382 715 veluti
1410 684 1503 729 virga
1532 697 1550 718 e
1573 698 1681 719 manu.

50 730 166 764 clivia
191 730 340 774 auspicia
367 729 540 772 dicebant,
578 741 664 774 quae
691 731 817 775 aliquid
843 732 915 765 fieri
941 732 1184 777 prohibebant3
1230 734 1341 767 omnia
1367 735 1453 768 enim
1482 736 1631 771 difficilia
1656 734 1789 772 clivia¹¹⁸
1815 739 1988 780 vocabant,

149 781 239 814 unde
267 787 299 813 et
326 781 406 814 clivi
432 781 509 814 loca
536 778 683 816 ardua⁴⁹.

53 833 215 868 Curiales
240 844 390 873 mensae,
427 833 461 865 in
487 832 606 875 quibus
631 830 904 867 immolabatur⁵⁰
929 834 1062 876 Iunoni,
1102 846 1188 878 quae
1215 835 1299 868 curis
1327 837 1495 882 appellata
1524 844 1571 871 est
1581 835 1614 871 ⁵¹.

55 883 280 919 Contrarium
306 896 379 924 aes,
413 896 516 929 grave
543 896 606 918 aes.

53 935 329 970 Centumviralia
355 936 494 977 iudicia,
536 948 623 979 quae
646 936 839 969 centumviri
865 935 1043 970 iudicaban

53 987 327 1022 circumluvium
336 984 360 1004 5³
380 987 428 1020 ius
454 988 679 1031 praediorum.

1045 941 1057 969 t
1068 931 1101 969 ⁵².

54 1037 227 1073 Cumbam
236 1035 260 1055 ⁵⁴
280 1039 395 1072 Sabini
417 1045 538 1072 vocant
558 1051 649 1080 eam,
677 1049 777 1081 quam
788 1034 813 1055 ⁵⁵
832 1038 988 1072 militares
1008 1038 1179 1079 lecticam,
1203 1039 1291 1072 unde
1310 1039 1441 1073 videtur
1462 1040 1646 1074 derivatum
1672 1037 1772 1074 esse⁵⁸
1793 1041 1992 1075 cubiculum.

55 1087 281 1125 Condicere⁵⁷
305 1096 361 1137 est·
380 1090 524 1124 dicendo
551 1089 755 1124 denuntiare.

55 1138 353 1176 Οοηηηεείαειιῐιιῦ8
372 1142 503 1187 virgae,
548 1153 629 1186 quas
655 1141 803 1174 flamines
827 1145 962 1185 portant
988 1145 1168 1186 pergentes
1194 1140 1239 1173 ad
1267 1142 1466 1176 sacrificium
1476 1138 1512 1184 ⁵⁹,
1553 1148 1589 1175 ut
1615 1155 1634 1175 a
1661 1154 1695 1175 se
1722 1142 1872 1176 homines
1899 1153 1993 1176 amo-

154 1197 250 1226 veant
259 1189 292 1225 ⁶⁰.

56 1245 168 1279 Casta
193 1243 283 1277 mola
308 1255 414 1288 genus
439 1243 608 1283 sacrificii,
650 1242 743 1287 quod
765 1242 916 1276 Vestales
943 1243 1088 1289 virgines
1114 1240 1329 1278 faciebantffl.

56 1291 247 1341 Οιιῑὶἕηιι62
272 1306 328 1328 vas
353 1295 514 1328 vinarium
541 1307 560 1328 a
587 1294 722 1329 Graeco
749 1294 856 1336 dicta,
892 1306 992 1339 quam
1019 1295 1068 1327 illi
1095 1294 1211 1329 dicunt
1236 1294 1360 1331 κύλικα
1370 1293 1403 1327 ⁶³-

56 1347 181 1381 Cincta
206 1342 403 1380 flaminica⁶⁴
428 1352 518 1380 veste
544 1347 663 1380 velata.

56 1397 190 1444 Captus
215 1398 308 1432 locus
335 1397 454 1431 dicitur
480 1399 523 1431 ad
551 1396 804 1433 sacrificandum
813 1393 838 1414 ⁸⁵
863 1397 1014 1442 legitime
1040 1397 1232 1431 constitutus
1241 1393 1275 1430 ⁶⁶.

59 1449 234 1495 Capralia
244 1446 268 1466 ⁶⁷
294 1447 517 1495 appellaturffl
545 1462 642 1495 ager,
680 1449 737 1494 qui
763 1449 868 1493 vulgo
896 1448 939 1482 ad
966 1460 1089 1494 caprae
1114 1449 1259 1494 paludes
1285 1448 1353 1483 dici
1380 1444 1504 1481 soletffl'.

59 1497 264 1546 Ccmzj'era⁷⁰
289 1501 408 1534 mulier
419 1498 443 1518 ⁷¹
467 1502 675 1547 appellatur,
707 1512 795 1545 quae
820 1501 886 1533 fert
912 1511 1052 1534 canuam
1062 1497 1098 1545 ⁷²,
1131 1501 1166 1534 id
1195 1505 1242 1534 est
1268 1500 1424 1544 qualum,
1458 1497 1552 1543 quod
1579 1492 1661 1530 est⁷³
1688 1499 1788 1531 cistae
1814 1507 1929 1542 genus

60 1549 304 1597 Comigm1m⁷⁴
331 1552 485 1586 frustrum
515 1553 620 1587 carnis
648 1564 724 1587 cum
751 1556 878 1597 septem
907 1552 1005 1586 costis
1031 1552 1218 1597 demptum.

59 1672 139 1700 nihil
156 1677 198 1699 est
215 1671 272 1702 Gu.
288 1675 315 1704 1.
359 1679 401 1701 est
416 1675 478 1701 lam
493 1685 549 1704 om.
569 1675 599 1703 L.
614 1675 648 1704 B.
679 1690 719 1695 -—
748 1674 796 1710 34)
823 1684 916 1712 quam
933 1679 958 1701 et
975 1674 1010 1702 ob

60 1714 205 1753 causam]
228 1713 277 1742 Sic
294 1715 350 1745 Gu.
365 1718 391 1747 1.
407 1719 435 1748 2.
458 1726 504 1755 pr.
549 1728 643 1755 quam
660 1723 685 1745 et
706 1716 741 1745 ol>
756 1716 813 1744 Ιιοε
829 1727 958 1744 causam
971 1716 1010 1745 M.

60 1773 102 1778 —
130 1760 176 1795 35)
194 1757 383 1796 putabatur]
401 1759 596 1796 putabantur
615 1760 647 1789 L.
686 1764 822 1798 putatur
845 1760 875 1789 Β.
894 1769 939 1798 ΡΥ.
970 1774 1011 1780 -·

60 1800 110 1837 36)
132 1796 321 1838 Θῃὶανίωαε]
343 1799 528 1839 Cuparissae
540 1803 570 1830 L.
596 1819 630 1823 —
657 1805 705 1838 37)
727 1801 934 1841 appellantur]
958 1812 1010 1839 ap-

56 1841 256 1880 pellabantur
269 1842 301 1870 B.
324 1859 364 1864 —-
386 1843 434 1882 38)
459 1842 654 1884 Gonlnquere]
677 1845 726 1873 Sic
738 1845 777 1873 M.
792 1845 847 1875 Gu.
858 1847 887 1876 2-
924 1844 1013 1872 Com-

62 1895 150 1923 quere
162 1883 195 1912 Β.
241 1882 455 1923 Coninquirere
473 1897 520 1926 pr.
567 1885 728 1927 coinquire
744 1889 771 1917 S.
820 1885 1013 1925 Coinquirere

62 1926 144 1964 vulg.
168 1942 205 1947 —
229 1925 278 1966 39)
295 1926 339 1966 ex]
354 1927 402 1956 Sic
417 1928 456 1958 M.
477 1930 572 1961 Gu.2.
596 1948 638 1952 -—
660 1930 705 1968 40)
725 1929 917 1968 Com-iptum]
937 1929 1013 1957 Con-

62 1975 180 2008 septum
205 1968 261 1997 Gu.
280 1972 306 2000 1.
335 1985 376 1991 ·—
405 1973 453 2007 41)
469 1973 657 2011 praefixum]
676 1973 904 2011 praeconfixum
926 1972 957 1999 L.
977 1970 1010 1999 Β.

64 2022 109 2051 pr.
140 2027 180 2032 —
210 2012 258 2047 42)
289 2011 519 2054 Corniscarum]
546 2015 705 2044 Cornistae
725 2016 755 2045 L.
803 2015 1014 2043 Cornistarum

64 2054 95 2083 B.
118 2069 159 2075 -—-
182 2052 228 2092 43)
251 2054 300 2090 in]
323 2064 370 2083 om
385 2055 416 2083 L.
435 2056 467 2086 B.
480 2057 517 2085 M.
540 2058 638 2090 Gu.1.
655 2060 684 2089 2.
702 2068 747 2097 pr.
791 2057 889 2085 Facile
908 2056 1013 2084 absor-

65 2096 127 2125 beri
150 2096 248 2135 potuit
265 2106 281 2124 a
298 2106 358 2136 seq.
378 2107 451 2126 voce
469 2098 607 2137 lunonis,
637 2110 728 2138 quum
750 2099 896 2138 scriptum
918 2101 982 2127 erat
998 2100 1012 2125 ῐ

65 2140 197 2167 lunonis.
241 2138 299 2167 vix
321 2144 402 2168 recte
424 2140 524 2171 abesse
549 2143 667 2181 poterit.
697 2159 733 2164 —
767 2143 812 2180 44)
843 2140 922 2179 esse]
956 2150 1013 2170 om.

65 2183 123 2209 Gu.
142 2184 170 2213 1.
204 2198 239 2202 —
271 2183 316 2212 45)
341 2182 552 2220 putabantur]
571 2184 746 2223 putabatur
767 2185 825 2212 Gu.
843 2187 868 2214 1.
898 2199 938 2204 —
966 2183 1013 2217 46)

64 2222 130 2262 aul]
153 2233 210 2253 om.
227 2224 257 2252 L.
271 2223 309 2251 M.
327 2224 383 2253 Gu.
400 2227 428 2256 1.
443 2227 474 2256 2.
493 2237 535 2265 pr.
559 2227 643 2256 Male.
667 2243 706 2248 ——
729 2229 775 2261 47)
799 2224 933 2264 aliquid]
957 2224 1016 2252 all-

65 2268 136 2305 qui-s·
152 2266 184 2295 L.
198 2276 244 2305 pr.
263 2282 305 2288 —
327 2267 375 2302 48)
398 2267 510 2306 clivia]
535 2270 616 2297 cliva
640 2269 695 2297 Gu.
714 2272 742 2300 2.
763 2284 799 2289 —
824 2271 872 2302 49)
894 2266 1015 2306 ardua]

66 2308 211 2336 dicuntur
225 2307 292 2338 add.
308 2309 339 2337 B.
358 2325 394 2330 —
417 2311 460 2345 50)
479 2310 706 2349 immolabatur]
724 2311 772 2339 Sic
786 2310 816 2338 L.
828 2310 864 2340 M.
881 2310 975 2341 Gu.1.
986 2312 1015 2341 2.

67 2360 113 2390 pr.
132 2351 160 2379 S.
204 2351 445 2380 immolabantur
465 2354 544 2392 vulg.
574 2370 614 2376 —
643 2355 689 2390 51)
713 2353 867 2392 appellata
887 2353 945 2390 est]
968 2352 1016 2380 Sic

68 2393 104 2423 M.
123 2393 179 2422 Gu.
191 2396 219 2426 2.
254 2399 294 2420 cst
310 2405 378 2433 app.
396 2395 475 2434 vulg.
497 2412 539 2418 —
562 2399 606 2431 52)
630 2397 808 2425 centumviri
822 2394 1014 2431 iudicabant]

118 2453 282 2482 GRAMMA'I.
304 2464 370 2482 ωτ.
395 2454 427 2482 ΙΙ.

1053 1680 1170 1702 centum
1187 1671 1368 1701 iudicabant
1385 1672 1443 1698 rin·
1458 1670 1489 1698 L.
1515 1684 1551 1690 —-
1575 1671 1619 1702 53)
1645 1666 1908 1705 circumluvium]
1934 1665 2002 1694 Cir-

1053 1717 1278 1745 cumliminzssam
1301 1715 1333 1743 L.
1360 1729 1395 1734 -—
1421 1712 1466 1746 54)
1493 1710 1657 1748 Cambam]
1680 1709 1729 1738 Sic
1750 1710 1784 1738 B.
1798 1709 1836 1738 M.
1860 1709 1918 1738 Gu.
1934 1711 1959 1739 1.
1973 1710 2001 1738 2.

1054 1770 1098 1798 pr.
1136 1758 1254 1787 Cuham
1267 1756 1346 1793 vulg.
1366 1771 1409 1775 —
1430 1753 1476 1793 55)
1499 1753 1604 1792 quam]
1629 1763 1684 1782 om.
1699 1752 1732 1783 B.
1755 1767 1796 1774 —
1816 1752 1864 1789 56)
1885 1749 2002 1779 deriva-

1053 1808 1120 1830 tum
1132 1800 1208 1838 esse]
1229 1810 1288 1827 esse
1304 1798 1396 1828 deris).
1412 1796 1445 1826 B.
1465 1796 1520 1825 Gu.
1536 1800 1561 1828 1.
1586 1812 1628 1818 —
1649 1798 1698 1833 57)
1726 1792 1904 1832 condicere]
1928 1792 2003 1821 Con-

1055 1843 1121 1872 dere
1135 1845 1166 1873 L,
1190 1858 1231 1864 -
1253 1841 1301 1875 58)
1326 1838 1566 1877 Commetacala]
1594 1838 1715 1867 Commo
1732 1843 1758 1866 et
1774 1837 1868 1865 acula
1883 1833 1949 1875 (sic)
1964 1834 2003 1863 M.

1059 1904 1091 1908 —-
1117 1888 1164 1921 59)
1187 1882 1387 1922 sacraficium]
1405 1882 1558 1920 sacrtfltia
1571 1881 1604 1909 B.
1626 1897 1668 1903 —-
1690 1880 1738 1917 60)
1760 1876 1929 1915 amoveant]
1949 1876 2002 1905 ad-

1055 1933 1193 1956 moveant
1211 1928 1267 1954 Gu.
1284 1928 1311 1957 1.
1333 1941 1375 1948 —
1397 1927 1441 1960 61)
1457 1923 1632 1963 faciebant]
1649 1924 1777 1961 faciunt
1793 1920 2003 1959 relfaciebanl

1056 1971 1086 2000 B.
1110 1985 1153 1992 —-·
1174 1969 1222 2007 62)
1249 1966 1402 2007 Culigna]
1425 1978 1483 1998 om.
1504 1966 1583 1996 hane
1606 1967 1733 2005 glossam
1754 1965 1784 1994 L.
1808 1980 1851 1986 -—
1880 1962 1928 2002 63)
1951 1960 2004 1992 κύ-

1055 2011 1133 2050 λικα]
1156 2011 1252 2040 kelika
1267 2011 1320 2039 Gu.
1330 2013 1359 2043 2.
1375 2010 1414 2038 M.
1459 2010 1556 2050 cylica
1569 2012 1690 2040 κυλεικα
1710 2007 1744 2038 Β.
1789 2017 1847 2036 om.
1864 2006 1920 2036 Gu.
1935 2007 1960 2036 1.
1972 2021 2005 2026 -

1054 2058 1102 2091 64)
1115 2053 1300 2093 flaminica]
1313 2053 1469 2092 flaminea
1487 2053 1522 2082 L.
1557 2053 1663 2092 flama
1682 2051 1720 2080 M.
1747 2066 1788 2072 —
1815 2052 1863 2085 65)
1884 2047 2006 2087 Sacrifi—

1057 2096 1208 2136 candum]
1231 2096 1419 2135 sacrificium
1434 2096 1467 2125 L.
1497 2111 1539 2118 —-
1567 2097 1612 2131 66)
1637 2091 1838 2132 constitutas]
1862 2091 2006 2121 Cervaria

1057 2141 1123 2169 ovis
1137 2139 1264 2176 dicitur,
1288 2149 1363 2178 quae
1373 2149 1432 2178 pro
1449 2148 1536 2167 cerva
1550 2138 1730 2166 immolatur
1742 2135 1809 2166 add.
1822 2135 1933 2171 Gu.2.‚
1956 2132 2005 2162 sed

1058 2182 1158 2212 eadem
1181 2182 1276 2220 glossa
1297 2182 1329 2210 in
1344 2181 1410 2212 eod.
1424 2180 1491 2210 cod.
1507 2190 1598 2220 supra
1612 2180 1730 2218 legitur.
1749 2195 1791 2201 —
1812 2176 1861 2218 67)
1886 2176 2004 2215 Capra-

1058 2224 1122 2263 lia]
1148 2225 1276 2264 Cuprali
1298 2224 1336 2252 Μ.
1363 2224 1418 2252 Gu.
1432 2226 1463 2255 2.
1511 2223 1653 2262 Cuprilla
1674 2223 1706 2251 L.
1722 2222 1756 2252 Β.
1778 2221 1834 2250 Gu.
1851 2223 1877 2251 1.
1900 2229 1943 2257 ΡΙ·-
1969 2233 2002 2237 -

1058 2267 1106 2307 68)
1127 2265 1315 2307 appellatur]
1338 2266 1553 2306 appellabatur
1576 2266 1634 2296 Gu.
1652 2269 1680 2298 1.
1703 2280 1745 2286 —
1768 2263 1817 2302 69)
1841 2259 1929 2298 solet]
1952 2269 2005 2286 ⁸⁰-

1058 2311 1119 2338 lent
1130 2310 1162 2339 B.
1183 2327 1221 2332 —
1245 2312 1280 2338 70
1321 2309 1481 2348 Camfera]
1509 2309 1687 2348 Caneplzora
1703 2308 1731 2336 S.
1752 2322 1795 2329 —
1816 2309 1861 2337 71)
1879 2299 2004 2336 multe—r]

1059 2363 1117 2383 om.
1131 2353 1163 2381 L.
1185 2369 1226 2374 —
1247 2307 1294 2394 72)
1318 2351 1462 2392 canuam]
1477 2351 1525 2381 sic
1539 2352 1571 2381 B.
1588 2351 1626 2380 M.
1644 2351 1777 2380 Gu.1.2.
1795 2358 1838 2386 pr.
1882 2353 1959 2372 cuna
1976 2342 2003 2368 L·

1058 2406 1167 2425 eanum
1189 2395 1267 2434 vulg.
1300 2411 1338 2418 -—
1369 2393 1416 2435 73)
1440 2394 1499 2434 εει]
1522 2404 1579 2423 om.
1599 2394 1636 2422 M.
1665 2407 1707 2414 -—
1735 2392 1780 2421 74)
1805 2380 2002 2422 contignum]

1561 2445 1594 2478 G
