2263 2668
375 171 450 206 260
995 167 1135 202 SEXTI
1161 168 1361 204 ΡΟΜΡΕΙΙ
1387 169 1527 204 FESTI

204 274 234 298 ἐ.
252 272 367 299 adiectae
376 265 589 310 appellantur
614 262 647 295 in
673 262 821 305 equitum
848 261 1019 303 centuriis,
1062 273 1149 306 quae
1175 268 1249 297 sunt
1275 264 1454 297 adfectae*
1474 263 1505 297 ei
1531 273 1669 296 numero
1697 263 1937 306 centuriarum,
1972 277 2053 309 quas
2073 265 2148 299 Pri-

376 328 447 352 scus
465 314 665 357 Tarquinius
692 324 750 346 rex
777 313 953 347 constituit.

249 376 287 400 Ὗ.
306 375 326 400 is
538 365 773 398 Sestertius
802 364 921 398 dicitur
947 369 1164 409 quarta-pars
1191 365 1334 407 denarii,
1378 376 1446 409 quo
1472 370 1627 409 tempore
1652 363 1730 397 his*
1753 364 1897 399 decussis
1923 367 2071 409 valebat,
2113 367 2150 400 id

375 421 423 451 est
443 416 652 461 dupundius,
686 416 721 450 S.
750 412 770 464 Η
799 413 1035 449 Sinistrael
1059 428 1173 460 aves,
1203 417 1511 460 sinistrumque
1539 421 1587 449 est
1613 416 1863 450 sinistimum
1891 418 2003 462 auspi·
2040 417 2148 465 [145]

205 469 480 509 'f.auspicio-cium,
507 468 528 500 i.
551 467 644 511 quod
672 468 752 500 sinat
778 467 859 502 fieri.
903 467 1009 500 Varro
1036 467 1060 502 1.
1081 468 1122 501 V.
1150 468 1397 512 epistolicarum
1423 469 1653 512 quaestionum
1680 467 1741 500 ait:
1767 468 1799 501 A
1826 468 2027 502 deorum*
2053 470 2151 503 sede

264 515 315 531 “¹¹¹¹
376 530 464 553 cum
491 518 530 551 in
557 518 776 553 meridiem
804 524 991 564 spectes,
1035 519 1084 552 ad
1118 520 1287 552 sinistra
1320 524 1414 553 sunt
1447 524 1591 564 partes
1626 519 1768 552 mundi
1795 521 2055 562 exorientes,
2099 522 2150 554 ad

375 571 589 604 dexteram
617 570 884 610 occidentes3
910 571 1069 604 factum
1097 572 1298 613 arbitror,
1326 577 1368 604 ut
1394 572 1569 604 sinistra
1596 571 1775 604 meliora
1799 572 2006 616 auspicia,
2034 583 2152 616 quam

377 622 555 656 dextera
589 633 678 655 esse
710 622 1011 656 existimentur.
1047 622 1138 655 idem
1164 623 1234 656 fere
1261 624 1403 655 sentiunt
1425 623 1554 656 Sinnius
1579 621 1718 667 Capito,
1762 627 1795 655 et
1818 622 1961 658 Cincius.
2013 624 2152 657 Senti-

204 674 491 715 *nquiamul-nare,
535 678 706 719 satagere,
743 673 870 707 dictum
897 686 916 707 a
942 673 1084 715 sentina,
1119 686 1219 718 quam
1247 674 1371 708 multae
1398 678 1528 718 aquae*
1551 675 1640 707 navis
1667 684 1743 707 cum
1770 675 1906 720 recipit,
1938 675 2150 720 periclitatur.

216 716 266 736 ²⁰¹⁰
285 718 367 744 aquae
376 725 541 760 Caecilius
568 726 601 758 in
624 725 831 758 Aethrione:

479 776 581 810 Cum
605 777 822 810 Mercurio
850 777 967 821 capit
994 776 1236 819 consilium,
1276 781 1518 821 postquam
1544 777 1730 810 sentinat
1754 777 1863 810 satis.

375 826 639 862 Senatores2
662 841 682 861 a
709 833 876 862 senectute
903 828 969 861 dici
995 828 1072 861 satis
1098 833 1242 869 constat,
1279 840 1362 872 quos
1388 829 1479 862 initio
1505 829 1671 861 Romulus
1698 829 1801 873 elegit
1827 833 1978 869 centum,
2010 838 2153 872 quorum

375 880 514 915 consilio
541 891 647 924 remp.
669 880 919 913 administraret.
946 880 1056 923 itaque
1083 881 1181 913 etiam
1202 881 1317 913 Patres
1343 880 1504 925 appellati
1530 885 1603 913 sunt
1630 885 1662 913 et
1688 891 1774 913 nunc
1801 891 1876 914 curn
1901 885 2068 913 senatores
2091 879 2154 912 ad-

249 934 285 958 's-
306 932 323 957 ii
377 942 447 964 esse
478 931 651 973 iubentur,
693 932 878 975 quibusque
909 932 942 964 in
977 936 1091 964 senatu
1123 932 1316 964 sententiam
1348 932 1460 965 dicere
1490 931 1578 965 licet.
1614 932 1693 975 quia
1715 931 1752 964 hi
1764 935 1788 972 ⁸,
1832 932 1889 975 qui
1916 936 1993 976 post
2016 932 2154 964 lustrum

377 982 550 1017 conditum
577 995 618 1016 ex
642 983 824 1017 iunioribus
849 982 1078 1028 magistratum
1106 988 1283 1027 ceperunt,
1311 988 1344 1016 et
1369 983 1401 1016 in
1428 988 1542 1017 senatu
1569 983 1763 1016 sententiam
1791 983 1923 1024 dicunt,
1950 987 1984 1016 et
2002 994 2069 1016 non
2091 994 2154 1016 vo-

376 1039 493 1068 cantur
513 1035 690 1068 Senatores
717 1040 808 1075 ante,
855 1046 954 1078 quam
981 1035 1015 1067 in
1042 1035 1222 1068 senioribus
1247 1040 1321 1067 sunt
1346 1035 1444 1068 censi.
1504 1035 1682 1068 Senatus
1709 1034 1931 1069 decretum
1957 1046 1977 1067 a
2002 1035 2155 1069 consulto

377 1086 492 1119 Aelius
516 1086 635 1119 Gallus
661 1086 708 1120 sic
735 1086 923 1130 distinguit,
950 1091 986 1118 ut
1008 1086 1042 1118 id
1066 1086 1155 1119 dicat
1178 1086 1377 1130 particulam
1400 1086 1568 1130 quandam
1595 1098 1664 1119 esse
1685 1091 1816 1120 senatus
1837 1085 1993 1127 consulti,
2019 1091 2056 1119 ut
2078 1097 2156 1120 cum

377 1138 547 1182 provincia
574 1138 671 1171 alicui
698 1137 902 1178 decernitur,
946 1137 1039 1181 quod
1066 1143 1177 1171 tamen
1203 1138 1312 1183 ipsum
1336 1143 1466 1172 senatus
1492 1138 1634 1172 consulti
1661 1142 1719 1173 est.
1777 1138 1899 1171 Senis
1926 1137 2068 1171 crinibus
2093 1148 2155 1170 nu-

250 1194 286 1217 ‘f-
305 1192 326 1217 is
379 1190 493 1222 bentes
529 1194 700 1231 ornantur,
750 1189 843 1233 quod
867 1188 943 1221 his*
965 1194 1097 1222 ornatus
1124 1190 1357 1224 vetustissimus
1383 1190 1453 1223 fuit.
1490 1190 1627 1234 quidam
1653 1189 1746 1233 quod
1773 1200 1814 1223 eo
1840 1189 1989 1223 Vestales
2014 1189 2157 1235 virgines

223 1245 258 1269 Ὗ.
274 1252 351 1278 spon-
381 1245 555 1283 ornentur,
603 1252 744 1284 quarum
777 1241 958 1275 castitatem
992 1241 1066 1274 viris
1098 1241 1162 1274 suis
1188 1245 1341 1286 sponoe*
1395 1267 1404 1276 .
1458 1270 1465 1276 .
1523 1268 1529 1274 .
1584 1267 1592 1274 .
1646 1253 1666 1274 a
1692 1241 1819 1276 ceteris.
1871 1241 2037 1284 Sentes,
2081 1251 2158 1275 cum

253 1279 330 1305 deant
379 1297 507 1326 constet
535 1303 604 1325 esse
630 1292 756 1336 spinas,
797 1298 830 1325 et
851 1292 1005 1326 Afranius
1031 1292 1064 1324 in
1087 1293 1243 1327 Abducta
1270 1293 1405 1326 dixerit:

484 1343 614 1384 Quam
641 1345 849 1378 senticosa
876 1344 1008 1377 verba
1034 1349 1292 1388 pertorquet
1317 1345 1488 1382 turba*;

378 1405 443 1439 pro
469 1395 608 1438 spinosis
635 1395 744 1440 accipi
780 1395 890 1429 (lebet.
943 1395 1132 1437 Senium,
1174 1408 1193 1429 a
1219 1396 1312 1429 senili
1335 1396 1517 1430 acerbitate
1544 1399 1576 1428 et
1601 1395 1687 1428 vitiis
1714 1394 1861 1436 dictum,
1904 1393 2017 1439 posuit
2037 1392 2157 1427 Caeci-

378 1446 441 1480 lius
466 1446 499 1478 in
520 1447 709 1490 Hymnide:

479 1497 577 1530 Sine
605 1510 718 1531 suam
746 1502 1008 1531 senectutem
1036 1497 1164 1531 ducat
1191 1498 1333 1542 utique
1360 1497 1412 1531 ad
1439 1496 1598 1530 senium
1625 1496 1815 1530 sorbitio.

379 1548 588 1591 Senonas,
615 1549 735 1583 Gallos
759 1549 892 1582 Verrius
920 1550 964 1582 ait
991 1549 1166 1582 existimari
1192 1549 1375 1594 appellari,
1402 1549 1480 1593 quia
1506 1549 1584 1581 novi
1610 1549 1760 1582 venerint
1785 1543 2017 1596 exsstransal-
2053 1544 2158 1592 [146]

380 1599 459 1644 pina
479 1601 635 1645 regione,
663 1612 707 1635 ae
729 1601 885 1645 primum
913 1601 1114 1645 appellatos
1136 1601 1252 1640 ξένους
1274 1605 1392 1645 postea
1414 1600 1581 1634 Senonas.
1634 1596 2003 1646 Septentriones³
2029 1602 2159 1642 septem

382 1651 496 1685 stellae
523 1653 746 1697 appellantur
773 1663 796 1684 ιι
821 1656 955 1697 septem
982 1651 1088 1685 bobus
1112 1652 1247 1693 iunctis,
1275 1663 1358 1696 quos
1382 1652 1509 1685 triones
1532 1663 1555 1685 a
1578 1655 1675 1685 terra
1700 1651 1823 1685 rustici
1848 1649 2040 1694 appellent,
2066 1649 2159 1692 quod

381 1702 486 1736 iuncti
518 1704 622 1737 simul
654 1707 787 1737 terram
822 1707 942 1747 arent,
985 1704 1079 1747 quasi
1111 1704 1278 1737 terriones.
1315 1704 1462 1748 quidam
1484 1714 1508 1736 α
1529 1707 1663 1748 septem
1687 1703 1816 1744 stellis,
1859 1701 1952 1745 quod
1977 1700 2013 1734 id
2039 1705 2161 1734 astrum

383 1754 508 1787 Graeci
534 1754 676 1800 ἅμαξαν
703 1755 841 1795 dicant,
869 1755 952 1799 quia
979 1754 1085 1788 habet
1112 1760 1241 1799 partem
1268 1755 1443 1799 quandam
1470 1755 1615 1788 temonis
1639 1755 1765 1800 specie.
1821 1753 1924 1787 Unde
1947 1753 1999 1786 ait
2019 1752 2160 1787 Ennius:

384 1804 570 1850 Superat
603 1810 712 1840 temo
749 1807 919 1839 stellas.
980 1806 1055 1840 Sed
1082 1811 1114 1839 et
1141 1807 1272 1852 physici
1298 1818 1374 1840 eum
1401 1807 1497 1839 situm
1522 1810 1654 1852 septem
1680 1806 1864 1840 stellarum
1891 1808 2013 1839 conten
2053 1830 2060 1837 .
2104 1829 2112 1837 .
2153 1830 2160 1837 .

385 1858 535 1901 templati
548 1861 572 1898 *,
603 1858 851 1902 septentriones
877 1858 949 1891 dici
975 1858 1081 1900 aiunt,
1117 1858 1210 1902 quod
1236 1859 1281 1891 ita
1307 1862 1381 1891 sunt
1405 1858 1496 1892 sitae
1521 1862 1654 1903 septem
1679 1858 1821 1900 stellae,
1848 1861 1883 1890 ut
1908 1861 2021 1890 ternae
2046 1856 2162 1900 proxi-

386 1919 459 1940 mae
491 1909 607 1953 speeie
642 1908 802 1956 efficiant
836 1910 929 1943 velut
962 1910 1105 1955 trigona.
1168 1910 1348 1945 Scensas
1382 1909 1516 1955 antiqui
1548 1909 1732 1951 dicebant,
1773 1919 1880 1954 quam
1913 1919 2001 1943 nunc
2032 1918 2160 1943 caenas,

230 1340 241 1350 ²
250 1339 269 1364 s.
282 1338 351 1373 lupa.

216 1851 246 1875 ‘t
265 1856 374 1879 contem-

262 1886 331 1918 plati.

391 2015 501 2050 opinor.
523 2018 597 2045 Urs.
620 2034 660 2040 —
685 2018 714 2055 1)
725 2018 895 2057 sinistrae]
912 2017 1064 2047 Videndus
1077 2018 1254 2048 Plutarchus
1297 2029 1400 2048 versus
1420 2017 1591 2048 dimidiatus
1612 2017 1740 2047 habetur
1754 2017 1833 2057 apud
1842 2017 2004 2047 Varronem
2025 2016 2056 2045 in
2073 2016 2123 2047 lib.
2132 2018 2161 2048 6.

394 2056 573 2100 iiiProblem.
598 2060 653 2088 Pro
669 2060 819 2089 adeor-um
835 2060 910 2097 sede,
926 2061 956 2089 in
969 2062 1100 2099 margine
1115 2062 1255 2091 emenda-
1299 2062 1336 2091 de
1359 2062 1442 2100 Ling.
1464 2062 1527 2090 Lai·
1569 2062 1648 2092 Urs·
1680 2078 1715 2082 —
1752 2060 1781 2100 4)
1805 2058 2065 2099 Septimontium]
2088 2058 2162 2088 Vide

395 2106 498 2130 vimus,
517 2102 809 2138 auspiciorum-rede,
818 2114 855 2132 ex
868 2104 934 2132 loco
951 2104 1129 2143 similiapud
1139 2105 1255 2133 Varro·
1299 2114 1391 2143 supra
1415 2104 1447 2132 in
1470 2105 1610 2133 Sacrani.
1646 2104 1723 2132 Urs.
1753 2119 1795 2124 —
1828 2101 1858 2144 5)
1883 2101 1999 2141 Syna]
2022 2101 2161 2150 Verbum,

395 2147 460 2165 uem
477 2140 506 2167 5¹1
520 2141 651 2173 lib.5,de
662 2145 745 2183 Ling.
759 2146 861 2175 Lat.in
878 2156 939 2184 quo
953 2146 994 2174 sic
1005 2151 1065 2175 est:
1088 2147 1256 2186 Auspicio·
1300 2147 1385 2176 cuius
1415 2151 1548 2176 extrema
1576 2151 1693 2176 tantum
1722 2145 1823 2175 littera
1850 2145 1881 2174 in
1910 2144 2073 2184 exemplari
2093 2144 2162 2173 reh-

395 2190 462 2207 rum
484 2182 556 2209 endo
579 2185 654 2214 sede.
677 2187 717 2214 sic
737 2189 813 2216 enim
836 2192 880 2216 est
899 2188 930 2217 in
947 2189 1150 2228 manuscripto
1168 2190 1257 2227 libro,
1300 2200 1359 2228 qua
1380 2193 1438 2227 est,
1460 2194 1600 2228 putamus
1622 2189 1730 2226 fuisse,
1752 2188 1924 2224 Praetoris,-
1946 2192 2060 2217 tantum
2083 2186 2160 2216 enim

395 2232 450 2270 Em
473 2226 610 2261 auspicio
638 2228 751 2256 orando
775 2229 850 2258 sede.
888 2241 957 2260 nam
982 2241 1057 2270 quae
1082 2237 1257 2270 sequuntur,
1300 2232 1389 2271 spatii
1413 2231 1551 2261 relictum
1575 2236 1629 2262 est.
1653 2231 1702 2260 vel
1725 2230 1750 2259 si
1777 2230 1870 2268 magis
1891 2230 2006 2269 placet,
2035 2233 2159 2257 curato-

396 2275 429 2311 ινξ
450 2266 556 2313 {empto
583 2270 744 2305 αιιερὶοἰίε,
775 2272 948 2309 glossemata
970 2279 1048 2303 sunt.
1101 2275 1254 2304 videndus
1297 2276 1349 2303 ris.
1370 2278 1532 2313 utrumque
1561 2275 1592 2303 in
1616 2273 1766 2302 veteribus
1794 2273 1892 2311 legum
1915 2271 2085 2310 fragmentis
2108 2279 2160 2300 re-

394 2306 504 2355 L¹v3u⁸.
520 2308 570 2337 Ιώ·
592 2310 621 2341 5·
650 2314 677 2337 e*
699 2311 857 2350 Di⁰f¹ysiu⁸
884 2315 935 2343 lib·
951 2317 981 2346 2.
1024 2317 1102 2345 Ure.
1144 2318 1179 2346 In
1202 2328 1254 2346 su-
1296 2317 1418 2356 peritur.
1462 2317 1498 2346 In
1520 2317 1584 2355 lege
1598 2316 1727 2345 Mamilia
1750 2316 1831 2354 apud
1847 2315 2009 2354 scriptores
2026 2313 2064 2342 de
2083 2311 2159 2341 limi-

394 2350 564 2387 periorlbus
580 2351 657 2388 lege:
672 2353 888 2393 sinistrumque
910 2362 942 2384 et
964 2359 1150 2388 sinistimum
1164 2371 1252 2398 ausp.
1295 2360 1374 2388 tibus
1397 2369 1536 2398 agrorum
1564 2359 1608 2388 sic
1640 2363 1694 2390 est.
1753 2358 1853 2397 Deque
1883 2367 1916 2387 ea
1938 2366 1971 2386 re
2001 2354 2158 2391 curatoris,

394 2407 436 2437 Τ·
458 2390 487 2432 2)
510 2392 696 2438 &mamm-J
730 2394 857 2431 Agellius
880 2399 930 2427 lib·
954 2400 982 2430 3.
1013 2409 1076 2438 cap.
1099 2404 1127 2433 8.
1151 2402 1254 2430 Livius
1296 2402 1349 2440 qui
1370 2401 1426 2431 hac
1448 2403 1512 2440 lege
1535 2402 1609 2438 erit,
1631 2401 1705 2430 iuris
1727 2399 1838 2436 dictio,
1869 2399 2159 2437 reciperatorumque

397 2432 445 2462 lib.
469 2435 516 2466 23.
540 2439 570 2464 et
592 2438 640 2468 26.
672 2436 747 2464 Urs.
772 2453 812 2457 —
841 2437 872 2477 3)
895 2441 1142 2483 Septentriones]
1166 2445 1254 2473 Ennii
1295 2444 1394 2481 datio,
1431 2444 1561 2474 addictio
1588 2447 1660 2472 esto.
1690 2452 1757 2471 cum
1787 2446 1908 2471 curator
1935 2439 1990 2468 hac
2010 2438 2074 2477 lege
2099 2448 2158 2467 non
