2263 2668
517 150 583 185 DE
609 146 999 184 SIGNIFICATIONE
1028 148 1314 186 VERBORUM.
1366 149 1513 184 LIBER
1540 148 1631 184 XIV.
1979 152 2055 187 609

97 242 239 274 deductus
259 245 290 274 in
312 254 408 274 arcem
432 248 487 274 etc.
520 244 562 273 De
585 243 706 283 templis
729 241 919 281 auguralibus
942 240 1012 270 alibi
1037 241 1150 272 dictum
1174 247 1226 273 est.
1259 243 1293 272 In
1314 242 1372 272 fine
1394 250 1482 272 extra
1505 241 1604 272 urbem
1626 241 1761 281 reposuit
1776 241 1902 272 Fulvius
1917 243 2054 283 Ursinus,

98 287 151 317 sed
173 288 293 316 omnino
308 287 414 316 Festus
437 286 598 326 scripserat
619 287 699 315 intra
721 284 830 314 urbem.
857 284 931 313 Vide
953 294 1044 323 supra
1061 286 1280 315 Prosimurium.
1303 286 1392 317 Dae.
1422 286 1498 315 Vide
1520 286 1552 314 in
1567 284 1706 315 Publicus
1722 296 1798 325 ager.
1826 285 1892 315 Vid.
1910 287 1942 316 in
1961 286 2056 326 Quin-

98 341 153 371 que
171 341 278 370 genera
299 330 457 370 signorum.
495 330 667 358 Ciceronem
685 329 721 358 ll.
744 329 780 357 de
800 327 937 366 Legibus.
963 325 1068 356 Goth..
1113 327 1233 368 Templo
1261 328 1336 358 coeli
1366 327 1531 368 regionibus
1561 327 1722 368 designato.
1760 328 1917 367 Templum
1941 329 2055 360 dicitur

96 371 148 401 hic
170 373 254 401 locus
275 382 366 401 manu
387 371 559 411 designatus
581 373 611 401 in
635 381 720 409 aere,
744 375 812 410 post
834 380 922 409 quem
944 369 1058 399 factum
1081 370 1162 399 illico
1186 375 1323 410 captatur
1346 371 1520 410 augurium,
1540 376 1615 400 teste
1638 371 1742 399 Servio
1758 370 1781 399 I.
1806 375 1835 399 et
1857 371 1907 402 VI.
1931 372 2052 404 Aeneid.

97 413 211 445 Idem.
243 414 344 444 Lituo.
375 415 448 444 Vide
468 417 554 445 Serv.
578 415 641 444 Ecl.
657 417 688 446 9.
733 412 842 442 Idem.

264 459 374 491 Picus
402 468 471 486 rex
497 458 588 487 Pico
617 468 692 487 ave.
720 456 778 495 (Ad
800 455 928 496 p.212.)
956 455 998 484 De
1021 455 1090 485 Pico
1120 466 1174 486 ave
1197 460 1227 485 et
1249 466 1317 495 rege
1339 456 1410 485 vide
1431 466 1487 484 suo
1510 455 1577 484 loco
1603 455 1699 485 Picus.
1743 455 1831 484 Picus
1855 455 2054 495 Aboriginum

97 509 153 529 rex
175 499 310 529 Faunum
324 497 511 539 *procreavit
540 505 570 529 et
591 500 721 529 Faunum
744 499 807 528 sive
830 499 956 527 Fatuum
978 503 1007 526 et
1029 498 1162 527 Fatuam.
1202 499 1276 527 Nam
1299 505 1328 527 et
1348 499 1388 527 ita
1412 498 1597 527 dicebantur.
1634 497 1756 526 Servius
1775 498 1838 527 VII.
1864 498 1936 528 Aen.
1961 500 2052 538 (47.):

101 540 230 580 Quidam
246 542 325 571 Deus
347 549 388 571 est
409 541 569 573 Fatuellus.
608 541 708 572 Huius
730 553 810 571 uxor
832 548 873 571 est
894 540 1010 578 Fatua‚·
1032 540 1119 570 iidem
1142 549 1208 570 sunt
1234 540 1352 570 Faunus
1374 549 1399 569 et
1422 541 1527 570 Fauna
1550 546 1605 570 etc.
1642 541 1762 569 faunus
1786 551 1801 569 e
1824 551 1927 571 sorore
1950 542 2053 571 Fauna

97 584 235 613 Latinum
258 585 402 623 suscepit,
441 586 526 614 cuius
556 591 658 625 postea
688 595 778 623 gener
801 585 921 614 Aeneas.
965 583 1029 613 Etsi
1058 595 1126 612 cum
1149 585 1267 613 Faunus
1298 584 1375 612 idem
1400 584 1458 612 Pan
1483 584 1575 612 Arcas
1602 583 1708 620 suerit,
1745 583 1829 611 cuius
1855 584 1890 612 ab
1914 584 2053 614 Evandro

97 627 197 655 cultus
218 627 335 656 Latium
358 628 415 656 suit
443 629 568 665 inlatus,
607 638 674 657 cum
704 629 734 656 in
758 627 841 656 Latio
870 636 1009 665 regnasse
1031 637 1130 656 merae
1152 637 1247 665 nugae
1270 626 1306 655 ab
1329 627 1365 655 iis
1392 626 1551 664 confictae,
1587 626 1639 665 qui
1662 625 1720 654 hoc
1742 626 1930 664 ignorarunt.
1963 626 2052 659 Dac.

98 668 172 699 Vide
194 670 328 699 Lactant.
351 670 400 698 lib.
413 670 436 699 I.
459 672 526 709 (22,
552 673 609 709 9,):

264 711 492 744 Pollubrum.
537 714 571 742 lu
595 714 729 752 Odyssea
752 712 863 742 veteri:
886 710 1035 752 Argenteo
1057 709 1184 751 polubro
1206 718 1232 739 et
1254 722 1342 740 aureo
1362 718 1456 750 gutta.
1489 710 1587 751 (Hom.
1612 710 1719 749 Odyss.
1736 710 1765 748 I,
1790 709 1887 749 136.):

637 757 770 796 Χέρνιβα
793 752 824 787 δ’
846 752 1018 794 ἀμφίπολος
1039 751 1161 795 προχόῳ
1185 754 1302 792 ἐπέχευε
1327 754 1462 794 φέρουσα

635 802 735 841 Καλῇ,
758 799 895 840 χρυσείῃ,
918 794 992 838 ὑπὲρ
1016 793 1178 837 ἀργυρέοιο
1202 797 1335 837 λέβητος,

638 843 815 881 Νίψασθαι.

98 878 229 921 Προχὸῳ
244 883 367 926 χρυσείῃ
383 895 470 913 aureo
483 891 584 923 guno,
608 881 766 925 ἀργυρέοιο
789 883 911 924 λέβητος
933 890 1066 923 argenteo
1086 881 1236 923 pollubro.
1277 882 1390 921 Aquam
1414 891 1486 910 vero
1510 881 1604 921 ipsam
1626 881 1747 921 χέρνιβα
1769 880 1926 912 vocabant.
1948 879 2052 911 Scal.

97 923 180 953 Haec
202 930 272 954 sunt
294 936 309 955 e
332 927 416 956 Pauli
438 927 586 966 Epitome.
630 928 728 957 Verba
751 928 827 956 Festi
850 927 961 955 reiecta
984 927 1066 955 suere
1089 927 1119 954 in
1143 925 1201 954 fine
1224 925 1315 954 huius
1338 925 1409 953 libri
1437 929 1508 963 post
1531 929 1620 963 caput
1641 930 1818 963 promptum.
1864 924 1971 952 Locum
1994 923 2053 953 adi.

94 966 204 995 Fabius
228 968 330 998 Pictor
352 969 403 998 lib.
416 969 510 998 XVL:
539 969 662 1010 Aquam
685 969 820 1000 manibus
838 967 1017 1010 pedibusque
1039 967 1127 1003 dato,
1151 967 1320 1007 pollubrum
1343 968 1462 996 sinistra
1485 977 1575 995 manu
1598 973 1706 1002 teneto,
1730 964 1838 994 dextra
1861 977 1962 995 vasum
1986 977 2053 996 cum

95 1018 185 1049 aqua.
215 1009 303 1040 Dac.
348 1013 438 1050 Lege:
470 1011 540 1040 Eius
561 1011 659 1042 eadem
674 1011 832 1054 formula,
862 1023 937 1052 quae
958 1018 999 1040 est
1019 1009 1147 1050 polubri.
1190 1011 1263 1039 Vide
1286 1021 1376 1049 supra
1402 1008 1590 1047 Pollubrum3
1623 1020 1638 1037 a
1660 1007 1778 1047 polluo,
1807 1007 1976 1047 pollubrum
2000 1018 2053 1038 vas

95 1051 293 1091 excipiendae
316 1064 410 1093 aquae
433 1055 569 1083 manibus
593 1056 746 1084 abluendis
771 1056 914 1094 pollutae.
948 1054 1118 1083 Tenebatur
1140 1064 1229 1082 manu
1253 1054 1388 1086 sinistra,
1414 1053 1520 1081 dextra
1538 1062 1610 1080 vero
1630 1056 1744 1089 guttuS,
1767 1050 1847 1079 unde
1865 1061 1940 1089 aqua
1957 1051 2054 1080 effun-

95 1093 235 1125 debatur.
260 1094 372 1126 Idem.
410 1098 484 1126 Vide
507 1098 636 1127 Nonium
660 1099 738 1139 (pag.
752 1099 825 1131 554.
848 1096 961 1136 Mera).
993 1095 1098 1126 Goth.
1137 1095 1307 1126 Pelluvium.
1344 1095 1419 1124 Vide
1442 1105 1532 1134 supra
1558 1093 1712 1125 Pelluviae.
1735 1091 1847 1122 Idem.
1883 1094 1928 1123 Cf.
1950 1093 2053 1125 Herm.

95 1136 188 1168 Elem.
213 1138 315 1169 Doctr.
340 1140 426 1171 Metr.
450 1143 599 1179 pag.619.

263 1183 403 1213 Patres.
448 1184 542 1212 Infra:
581 1186 680 1213 Patres
702 1181 904 1223 appellantur,
934 1193 975 1211 ex
996 1180 1101 1222 quibus
1122 1180 1247 1210 Senatus
1269 1188 1318 1209 est.
1365 1179 1445 1218 Quos
1468 1179 1553 1208 initio
1583 1177 1670 1207 Urbis
1692 1176 1829 1207 conditae
1851 1176 1999 1207 Romulus
2021 1176 2053 1209 C.

96 1220 217 1262 delegit,
253 1235 377 1264 quorum
406 1224 531 1254 consilio
558 1233 646 1266 atque
670 1224 827 1265 prudentia
850 1224 939 1264 Resp.
963 1224 1218 1254 administraretur
1241 1231 1328 1264 atque
1350 1220 1530 1251 tenuioribus
1554 1231 1690 1261 agrorum
1711 1227 1808 1260 partes
1830 1219 2055 1249 attribuerentur

92 1263 213 1304 perinde
234 1277 272 1295 ac
293 1265 394 1296 liberis
411 1268 541 1307 propriis
564 1279 601 1297 ac
624 1268 736 1297 nummi
759 1266 1014 1303 distribuerentur,
1043 1268 1114 1307 quia
1137 1265 1270 1296 solebant
1293 1267 1352 1294 iam
1375 1263 1442 1293 inde
1464 1276 1482 1293 a
1504 1262 1636 1293 Romulo
1660 1263 1785 1291 nummis
1806 1263 1920 1302 argenti
1941 1263 2052 1302 signati

93 1306 298 1337 ultramarinis
325 1310 384 1346 uti,
422 1309 503 1350 quod
526 1309 664 1349 publicae
691 1317 717 1339 et
741 1311 876 1349 privatae
896 1311 1023 1338 rationes
1048 1309 1162 1338 docent.
1210 1310 1252 1337 Ex
1276 1308 1321 1337 his
1345 1307 1570 1346 cognoscimus,
1609 1315 1701 1344 quare
1725 1305 1797 1333 velit
1821 1305 1924 1334 Festus
1950 1310 2053 1344 patres

94 1351 207 1387 dictos,
243 1351 325 1389 quod
352 1357 495 1391 tunquam
523 1353 594 1381 filiis
616 1353 695 1392 plebi
718 1357 746 1381 et
769 1362 855 1389 agros
879 1352 1076 1381 attribuerent
1099 1357 1127 1381 et
1150 1362 1289 1380 nummos
1313 1352 1499 1389 largirentur.
1544 1349 1617 1378 Nam
1642 1349 1678 1377 de
1701 1348 1903 1376 ultramarinis
1926 1347 2055 1377 nummis

93 1393 240 1430 argenteis
264 1399 378 1423 certum
402 1399 454 1425 est.
500 1395 613 1424 Plinius
636 1395 686 1424 lib.
701 1395 842 1424 XXXIII.
867 1405 929 1434 cap.
945 1396 993 1426 3.:
1033 1393 1092 1433 Qui
1114 1406 1192 1423 nunc
1213 1395 1387 1423 victoriatus
1407 1391 1589 1432 appellatur,
1618 1390 1679 1430 lege
1703 1388 1808 1419 Clodia
1829 1401 1982 1429 percussus
2004 1397 2054 1421 est.

92 1435 195 1465 Antea
222 1436 297 1465 enim
326 1436 375 1466 hic
404 1449 538 1466 nummus
565 1449 606 1467 ex
628 1436 752 1478 Illyrico
775 1437 915 1467 advectus
937 1438 1042 1466 mercis
1065 1435 1131 1467 loco
1154 1436 1325 1465 habebatur.
1355 1435 1457 1465 Scal.
1502 1434 1583 1463 Idem
1607 1434 1726 1462 Sallust.
1750 1432 1780 1461 in
1804 1432 1907 1462 Catil.:
1944 1431 1991 1462 Hi
2010 1431 2058 1462 vel

92 1484 186 1507 aetate
208 1477 254 1508 vel
273 1490 361 1508 curae
383 1479 575 1509 similitudine
595 1488 695 1520 patres
718 1479 954 1520 appellabantur.
978 1479 1069 1509 Dac.
1110 1480 1194 1507 Adde
1218 1479 1295 1507 infra
1321 1478 1498 1508 Patrocinia.
1547 1475 1653 1506 Goth.

261 1521 421 1551 Publica
447 1522 629 1562 pondera.
662 1522 721 1563 (Ad
745 1521 872 1561 p.213.)
904 1522 960 1550 Hic
990 1522 1073 1550 locus
1097 1532 1250 1560 nunquam
1274 1527 1358 1550 antea
1383 1521 1478 1549 editus
1502 1525 1562 1556 est,
1600 1529 1668 1547 cum
1692 1528 1791 1546 rerum
1816 1517 2057 1556 conscriptarum

93 1568 169 1592 esset
191 1563 276 1592 utilis
299 1565 439 1601 cognitio.
478 1566 554 1594 Sunt
577 1571 675 1594 tamen
699 1565 844 1603 quaedam
869 1564 1058 1600 obscuriora,
1084 1565 1229 1603 quaedam
1253 1565 1342 1592 etium
1365 1563 1515 1592 mendosa.
1553 1563 1598 1591 Ex
1623 1561 1781 1600 plebiscito
1805 1560 1915 1589 Siliano
1938 1560 1988 1589 hic
2010 1569 2058 1590 re-

92 1605 153 1634 lato
178 1612 296 1635 constat
321 1607 380 1635 vini
404 1606 589 1647 quadrantal
610 1608 761 1645 octoginta
784 1607 886 1646 pondo
910 1608 1018 1642 statui3
1049 1608 1185 1646 congium
1211 1611 1348 1635 octavam
1372 1610 1487 1644 partem
1512 1605 1573 1634 eius
1598 1614 1678 1639 esse,
1702 1604 1740 1632 ita
1764 1603 1865 1632 decem
1888 1603 2004 1642 pondo,
2028 1606 2058 1631 et

91 1649 268 1685 sextarium,
290 1649 371 1687 quod
395 1654 480 1678 sexta
503 1650 599 1688 congii
623 1661 693 1689 pars
717 1650 766 1686 sit,
789 1649 1166 1688 duodequinquagesimam
1190 1654 1306 1688 partem
1331 1659 1392 1677 esse
1416 1646 1634 1688 quadrantalis.
1665 1647 1745 1675 Haec
1768 1645 1902 1685 pondera
1926 1651 1996 1675 sunt
2017 1645 2057 1673 li-

93 1690 266 1729 quidorum.
298 1691 457 1720 Aridorum
482 1702 553 1721 vero
577 1693 725 1721 sexdecim
749 1693 875 1721 sextarii
896 1692 926 1720 in
949 1691 1050 1721 modio
1073 1697 1151 1720 sunt.
1184 1691 1337 1720 sextarius
1360 1695 1457 1719 auten]
1482 1689 1530 1718 hic
1554 1689 1687 1728 aequalis
1711 1694 1753 1717 est
1776 1688 1906 1717 sextario
1930 1688 2001 1725 vini,
2024 1686 2056 1716 id

92 1736 138 1762 est
160 1732 291 1762 eiusdem
315 1734 467 1773 ponderis.
507 1735 601 1764 Verba
627 1735 698 1773 legis
720 1735 759 1763 ita
784 1735 974 1774 scripsimus,
1002 1739 1034 1763 ut
1056 1735 1085 1763 in
1111 1734 1236 1773 antiquo
1259 1734 1337 1762 libro
1362 1733 1528 1772 reperimus
1552 1742 1619 1760 curn
1644 1731 1689 1759 his
1712 1731 1905 1767 coniecturis,
1931 1740 2003 1770 quas
2025 1729 2056 1758 in

92 1775 224 1813 margine
249 1787 420 1815 posuimus:
454 1777 486 1806 Ι).
510 1778 548 1806 Μ.
572 1778 719 1816 significat
742 1776 812 1806 dolo
834 1776 923 1808 malo.
968 1775 1159 1816 Quadrantal
1181 1777 1243 1805 sive
1267 1775 1441 1815 amphoram
1466 1775 1528 1803 vini
1552 1785 1614 1804 esse
1638 1775 1786 1812 octoginta
1809 1773 1909 1812 pondo
1931 1776 2057 1812 apparet

92 1828 130 1847 ex
153 1818 228 1848 Plin.
252 1819 302 1847 lib.
315 1820 396 1848 XIV.
420 1820 546 1858 cap.4.‚
570 1830 628 1858 quo
653 1821 720 1849 loco
743 1820 890 1859 interpres
914 1820 1090 1848 Hermolaus
1113 1820 1190 1848 Festi
1214 1820 1390 1848 auctoritate
1414 1818 1524 1854 utitur,
1550 1817 1722 1846 Sea-tarium
1745 1827 1803 1845 esse
1825 1816 1924 1855 congii
1940 1822 2055 1855 partem

91 1868 209 1890 sextam
232 1869 257 1891 et
280 1862 443 1891 sextarium
466 1863 528 1891 vini
550 1864 653 1893 uncias
675 1862 781 1903 viginti
800 1861 924 1902 pendere
947 1861 1079 1891 Fannius
1102 1861 1212 1893 scribit,
1242 1862 1323 1891 Idem
1348 1862 1388 1890 ait
1411 1860 1575 1890 sextarium
1600 1870 1662 1889 esse
1687 1858 1778 1887 modii
1801 1863 1917 1897 partem
1940 1862 2055 1886 sextam

92 1903 249 1933 decimam.
294 1904 474 1933 Volusianus
500 1905 642 1937 Maecian,
667 1905 697 1934 in
721 1905 798 1933 libro
822 1905 858 1933 de
881 1916 959 1934 asse:
999 1903 1204 1943 Quaaelrantal,
1241 1903 1322 1944 quod
1348 1915 1425 1933 nunc
1450 1902 1582 1943 plerique
1609 1901 1783 1941 amphoram
1811 1908 1934 1937 vocant,
1969 1899 2056 1928 habet

92 1957 184 1976 urnas
206 1945 296 1983 duas,
326 1945 442 1976 modios
464 1955 539 1984 tres,
569 1947 714 1977 semodios
736 1959 806 1984 εσσε,
833 1949 954 1987 congios
977 1954 1062 1984 octo,
1085 1948 1235 1976 sextarios
1254 1947 1304 1978 48.
1329 1946 1461 1975 heminas
1477 1948 1529 1978 96.
1553 1945 1723 1985 quartarios
1743 1946 1814 1975 192.
1839 1941 1960 1981 cyathos
1979 1943 2053 1974 576.

91 1988 177 2019 Adde
199 1989 318 2018 Festum
343 1989 435 2018 verbo
458 1989 640 2030 quadrantal
665 1995 693 2020 et
715 1989 842 2020 hemina.
880 1990 933 2018 llla
956 1989 1066 2019 verba:
1094 1990 1138 2018 uti
1161 1996 1340 2030 coaequatur
1361 1987 1493 2018 sedulum
1516 1988 1618 2017 nescio
1641 1997 1677 2015 an
1700 1985 1881 2024 significent:
1903 1985 1946 2013 uti
1968 1996 2056 2014 coae-

91 2040 215 2072 quentur
236 2030 337 2061 sedulo
359 2032 403 2060 ita
425 2040 456 2061 ut
476 2031 662 2072 quadrantal
684 2037 742 2063 etc.
783 2033 839 2061 Illa
863 2033 966 2061 etiam:
1001 2031 1072 2060 dum
1094 2032 1206 2060 minore
1227 2029 1464 2074 patrisfamilias
1486 2037 1593 2068 taxat,
1622 2028 1709 2060 liceto
1732 2033 1785 2058 aut
1806 2027 1949 2057 mendosa
1972 2033 2051 2065 sunt,

92 2080 144 2104 aut
165 2074 224 2104 hoe
244 2074 426 2113 significant:
460 2076 572 2104 minore
592 2074 687 2104 multa
708 2083 734 2104 et
754 2073 1007 2117 patremfamilias
1029 2081 1144 2103 tantum
1167 2073 1253 2104 licere
1275 2073 1404 2103 multari.
1426 2073 1515 2103 Ant.
1539 2068 1647 2113 Aug.'
1678 2070 1834 2110 Egregium
1857 2080 1892 2099 ac
1913 2071 2052 2099 luculen-

91 2123 153 2147 tum
176 2116 235 2147 hoc
257 2117 441 2156 antiquitatis
464 2123 687 2147 monumentum
711 2118 752 2146 ita
776 2122 807 2146 et
829 2117 1047 2147 emendandum
1070 2121 1099 2145 et
1122 2116 1364 2154 distinguendum
1388 2126 1512 2145 censeo:

340 2159 393 2188 EX
417 2160 658 2189 PONDERIBUS
689 2160 900 2197 POBLICEIS,
937 2160 1077 2196 QUIBUS
1101 2159 1178 2188 HAG
1200 2159 1452 2189 TEMPESTATE
1475 2157 1649 2187 POPOLUS
1672 2156 1803 2190 OITIER
1826 2154 1963 2189 SOLET,
2001 2153 2048 2181 UT

174 2203 210 2232 ΕΙ
241 2201 504 2238 COAEQUETUR
533 2203 684 2231 SEl)OI.O
709 2203 746 2231 M.
772 2202 1034 2238 QUADRANTAL
1065 2202 1171 2230 VINEI
1203 2201 1433 2231 OCTOGINTA
1462 2201 1610 2236 PONDO,
1647 2200 1731 2228 SIET
1754 2198 1922 2227 CONGIUS
1946 2195 2049 2223 VINEI

176 2245 302 2275 DECEM
328 2245 359 2274 P.
384 2245 485 2282 SIET,
517 2246 600 2276 SEX.
624 2245 807 2282 SEXTAR13
845 2246 1014 2274 CONGIUS
1037 2245 1121 2274 SIET
1147 2245 1251 2274 VINEI
1276 2242 1707 2281 DUODEQUINQUAGINTA
1733 2240 1914 2276 SEXTAR15
1952 2236 2047 2273 QUA-

175 2287 357 2317 DRANTAL
379 2288 464 2317 SIET
488 2288 593 2317 VINEI
617 2288 834 2318 SEXTARIUS
857 2288 1009 2324 AEQUUS
1033 2287 1113 2316 CUM
1137 2287 1323 2317 LIBRARIO
1346 2288 1430 2317 SIET
1453 2285 1728 2322 SEXDECIMQUE
1750 2282 1890 2312 LIBRAE
1914 2280 1951 2309 IN
1974 2279 2046 2307 MO·

175 2332 240 2361 ΜΟ
265 2330 492 2408 SIENsi'Qms
521 2372 790 2402 MAGISTRATUS
822 2372 1019 2401 ADVERSUS
1047 2371 1151 2400 HAEC
1182 2372 1214 2401 ο.
1239 2372 1277 2402 Μ.
1299 2371 1482 2401 PONDERA
1510 2369 1738 2406 MODIOSQUE
1768 2363 1943 2400 VAsAQUE
1972 2362 2043 2392 Po-

172 2417 284 2446 BLICA
308 2415 459 2444 MODICA
482 2415 630 2445 MINORA
655 2415 858 2445 MAIORAVE
882 2415 1000 2444 FAXIT
1021 2414 1196 2445 IUSSITVE
1219 2415 1321 2446 FIERI
1344 2413 1528 2444 DOLUMVE
1550 2413 1712 2449 ADDUIT,
1740 2409 1822 2446 QUO
1845 2407 1894 2436 EA
1916 2405 2040 2442 FIANT,

138 2468 307 2498 GRAMMAT.
324 2476 391 2496 ur.
413 2465 450 2495 ll.
1484 2467 1518 2499 H
1530 2465 1555 2498 h
1570 2465 1634 2498 hh
