<?xml version="1.0" encoding="UTF-8"?>
<!DOCTYPE html PUBLIC "-//W3C//DTD XHTML 1.0 Transitional//EN"
    "http://www.w3.org/TR/xhtml1/DTD/xhtml1-transitional.dtd">
<html xmlns="http://www.w3.org/1999/xhtml" xml:lang="en" lang="en">
 <head>
  <title>
</title>
<meta http-equiv="Content-Type" content="text/html;charset=utf-8" />
  <meta name='ocr-system' content='tesseract 3.04.00' />
  <meta name='ocr-capabilities' content='ocr_page ocr_carea ocr_par ocr_line ocrx_word'/>
</head>
<body>
  <div class='ocr_page' id='page_1' title='image "./corpusgrammatico01linduoft_0834.png"; bbox 0 0 2263 2668; ppageno 0'>
   <div class='ocr_carea' id='block_1_1' title="bbox 237 171 1753 216">
    <p class='ocr_par' dir='ltr' id='par_1_1' title="bbox 237 171 1753 216">
     <span class='ocr_line' id='line_1_1' title="bbox 237 171 1753 216; baseline 0.001 -9"><span class='ocrx_word' id='word_1_1' title='bbox 237 181 312 216; x_wconf 75' lang='lat'>403</span> <span class='ocrx_word' id='word_1_2' title='bbox 664 172 1008 208; x_wconf 75' lang='lat' dir='ltr'>COMMENrAml</span> <span class='ocrx_word' id='word_1_3' title='bbox 1032 172 1081 206; x_wconf 82' lang='lat' dir='ltr'>IN</span> <span class='ocrx_word' id='word_1_4' title='bbox 1107 171 1249 206; x_wconf 79' lang='lat' dir='ltr'><strong>PAULl</strong></span> <span class='ocrx_word' id='word_1_5' title='bbox 1276 171 1472 206; x_wconf 82' lang='lat' dir='ltr'>mAcoNl</span> <span class='ocrx_word' id='word_1_6' title='bbox 1498 173 1753 209; x_wconf 83' lang='lat' dir='ltr'><strong>EXOERPTA</strong></span> 
     </span>
    </p>
   </div>
   <div class='ocr_carea' id='block_1_2' title="bbox 240 265 2183 442">
    <p class='ocr_par' dir='ltr' id='par_1_2' title="bbox 240 265 2183 442">
     <span class='ocr_line' id='line_1_2' title="bbox 241 265 2182 310; baseline 0.001 -14"><span class='ocrx_word' id='word_1_7' title='bbox 241 278 277 307; x_wconf 70' lang='lat' dir='ltr'>de</span> <span class='ocrx_word' id='word_1_8' title='bbox 299 276 379 304; x_wconf 74' lang='lat' dir='ltr'>furto</span> <span class='ocrx_word' id='word_1_9' title='bbox 403 269 520 310; x_wconf 76' lang='lat' dir='ltr'>publico</span> <span class='ocrx_word' id='word_1_10' title='bbox 544 266 664 306; x_wconf 85' lang='lat' dir='ltr'>proprie</span> <span class='ocrx_word' id='word_1_11' title='bbox 687 265 812 303; x_wconf 81' lang='lat' dir='ltr'>dicitur3</span> <span class='ocrx_word' id='word_1_12' title='bbox 844 275 912 293; x_wconf 88' lang='lat' dir='ltr'>nam</span> <span class='ocrx_word' id='word_1_13' title='bbox 935 265 959 293; x_wconf 91' lang='lat' dir='ltr'>is</span> <span class='ocrx_word' id='word_1_14' title='bbox 982 266 1034 303; x_wconf 85' lang='lat' dir='ltr'>qui</span> <span class='ocrx_word' id='word_1_15' title='bbox 1057 265 1201 304; x_wconf 89' lang='lat' dir='ltr'>populum</span> <span class='ocrx_word' id='word_1_16' title='bbox 1225 265 1360 301; x_wconf 72' lang='lat' dir='ltr'>fraudat,</span> <span class='ocrx_word' id='word_1_17' title='bbox 1388 266 1561 303; x_wconf 71' lang='lat' dir='ltr'><strong>peculatus,</strong></span> <span class='ocrx_word' id='word_1_18' title='bbox 1588 266 1649 295; x_wconf 88' lang='lat' dir='ltr'>hoc</span> <span class='ocrx_word' id='word_1_19' title='bbox 1672 272 1731 302; x_wconf 85' lang='lat' dir='ltr'>est,</span> <span class='ocrx_word' id='word_1_20' title='bbox 1754 267 1825 295; x_wconf 77' lang='lat' dir='ltr'>sui-ti</span> <span class='ocrx_word' id='word_1_21' title='bbox 1848 268 1959 305; x_wconf 85' lang='lat' dir='ltr'>publici</span> <span class='ocrx_word' id='word_1_22' title='bbox 1983 279 2078 308; x_wconf 87' lang='lat' dir='ltr'>poena</span> <span class='ocrx_word' id='word_1_23' title='bbox 2102 273 2182 298; x_wconf 86' lang='lat' dir='ltr'>tene-</span> 
     </span>
     <span class='ocr_line' id='line_1_3' title="bbox 240 308 2182 348; baseline -0.002 -5"><span class='ocrx_word' id='word_1_24' title='bbox 240 326 296 348; x_wconf 65' lang='lat' dir='ltr'>tur,</span> <span class='ocrx_word' id='word_1_25' title='bbox 341 315 413 344; x_wconf 85' lang='lat' dir='ltr'>lnde</span> <span class='ocrx_word' id='word_1_26' title='bbox 441 316 538 339; x_wconf 85' lang='lat' dir='ltr'>autem</span> <span class='ocrx_word' id='word_1_27' title='bbox 566 319 624 337; x_wconf 78' lang='lat' dir='ltr'>vox</span> <span class='ocrx_word' id='word_1_28' title='bbox 652 308 785 346; x_wconf 82' lang='lat' dir='ltr'>peculari</span> <span class='ocrx_word' id='word_1_29' title='bbox 815 312 909 335; x_wconf 84' lang='lat' dir='ltr'>tracta</span> <span class='ocrx_word' id='word_1_30' title='bbox 940 312 1001 344; x_wconf 88' lang='lat' dir='ltr'>est,</span> <span class='ocrx_word' id='word_1_31' title='bbox 1036 308 1117 346; x_wconf 90' lang='lat' dir='ltr'>quod</span> <span class='ocrx_word' id='word_1_32' title='bbox 1142 318 1208 337; x_wconf 86' lang='lat' dir='ltr'>cum</span> <span class='ocrx_word' id='word_1_33' title='bbox 1233 309 1395 347; x_wconf 82' lang='lat' dir='ltr'>antiquitus</span> <span class='ocrx_word' id='word_1_34' title='bbox 1419 318 1489 346; x_wconf 85' lang='lat' dir='ltr'>opes</span> <span class='ocrx_word' id='word_1_35' title='bbox 1512 309 1573 337; x_wconf 83' lang='lat' dir='ltr'>sere</span> <span class='ocrx_word' id='word_1_36' title='bbox 1596 310 1623 338; x_wconf 85' lang='lat' dir='ltr'>in</span> <span class='ocrx_word' id='word_1_37' title='bbox 1648 310 1807 348; x_wconf 85' lang='lat' dir='ltr'>pecoribus</span> <span class='ocrx_word' id='word_1_38' title='bbox 1830 311 2036 346; x_wconf 71' lang='lat' dir='ltr'>consisterent,</span> <span class='ocrx_word' id='word_1_39' title='bbox 2073 312 2182 340; x_wconf 83' lang='lat' dir='ltr'>multae</span> 
     </span>
     <span class='ocr_line' id='line_1_4' title="bbox 241 350 2183 401; baseline -0.004 -11"><span class='ocrx_word' id='word_1_40' title='bbox 241 370 348 401; x_wconf 87' lang='lat' dir='ltr'>pecore</span> <span class='ocrx_word' id='word_1_41' title='bbox 371 354 559 386; x_wconf 86' lang='lat' dir='ltr'>dicebantur,</span> <span class='ocrx_word' id='word_1_42' title='bbox 585 360 712 388; x_wconf 81' lang='lat' dir='ltr'>quarum</span> <span class='ocrx_word' id='word_1_43' title='bbox 734 350 758 378; x_wconf 84' lang='lat' dir='ltr'>si</span> <span class='ocrx_word' id='word_1_44' title='bbox 781 359 882 378; x_wconf 87' lang='lat' dir='ltr'>aversa</span> <span class='ocrx_word' id='word_1_45' title='bbox 905 351 1031 388; x_wconf 87' lang='lat' dir='ltr'>pecunia</span> <span class='ocrx_word' id='word_1_46' title='bbox 1055 355 1130 379; x_wconf 85' lang='lat' dir='ltr'>esset</span> <span class='ocrx_word' id='word_1_47' title='bbox 1149 350 1301 390; x_wconf 79' lang='lat' dir='ltr'><em>peculatus</em></span> <span class='ocrx_word' id='word_1_48' title='bbox 1324 351 1573 380; x_wconf 70' lang='lat' dir='ltr'>committebatur.</span> <span class='ocrx_word' id='word_1_49' title='bbox 1606 352 1680 380; x_wconf 85' lang='lat' dir='ltr'>Vide</span> <span class='ocrx_word' id='word_1_50' title='bbox 1700 351 1860 391; x_wconf 65' lang='lat' dir='ltr'>peculatus,</span> <span class='ocrx_word' id='word_1_51' title='bbox 1886 352 1972 383; x_wconf 82' lang='lat' dir='ltr'>Dae.</span> <span class='ocrx_word' id='word_1_52' title='bbox 2008 353 2041 382; x_wconf 85' lang='lat' dir='ltr'><em>A</em></span> <span class='ocrx_word' id='word_1_53' title='bbox 2061 365 2183 394; x_wconf 83' lang='lat' dir='ltr'>pecore,-</span> 
     </span>
     <span class='ocr_line' id='line_1_5' title="bbox 241 391 1888 442; baseline -0.005 -11"><span class='ocrx_word' id='word_1_54' title='bbox 241 416 256 432; x_wconf 82' lang='lat' dir='ltr'>a</span> <span class='ocrx_word' id='word_1_55' title='bbox 281 401 427 442; x_wconf 77' lang='lat' dir='ltr'><strong>peculatu.</strong></span> <span class='ocrx_word' id='word_1_56' title='bbox 449 396 522 423; x_wconf 76' lang='lat' dir='ltr'>Hinc</span> <span class='ocrx_word' id='word_1_57' title='bbox 546 391 761 432; x_wconf 75' lang='lat' dir='ltr'>depeculassere</span> <span class='ocrx_word' id='word_1_58' title='bbox 781 393 878 421; x_wconf 88' lang='lat' dir='ltr'>Nonio</span> <span class='ocrx_word' id='word_1_59' title='bbox 902 395 979 431; x_wconf 84' lang='lat' dir='ltr'>(pag.</span> <span class='ocrx_word' id='word_1_60' title='bbox 992 395 1043 425; x_wconf 87' lang='lat'>97.</span> <span class='ocrx_word' id='word_1_61' title='bbox 1067 393 1167 430; x_wconf 85' lang='lat' dir='ltr'>Merc.)</span> <span class='ocrx_word' id='word_1_62' title='bbox 1191 393 1227 421; x_wconf 81' lang='lat' dir='ltr'>ad</span> <span class='ocrx_word' id='word_1_63' title='bbox 1250 404 1313 422; x_wconf 84' lang='lat' dir='ltr'>eam</span> <span class='ocrx_word' id='word_1_64' title='bbox 1336 393 1459 421; x_wconf 81' lang='lat' dir='ltr'>sormam</span> <span class='ocrx_word' id='word_1_65' title='bbox 1485 395 1735 432; x_wconf 85' lang='lat' dir='ltr'>Deargentassere.</span> <span class='ocrx_word' id='word_1_66' title='bbox 1784 393 1888 423; x_wconf 75' lang='lat' dir='ltr'>Goth.</span> 
     </span>
    </p>
   </div>
   <div class='ocr_carea' id='block_1_3' title="bbox 240 442 2182 523">
    <p class='ocr_par' dir='ltr' id='par_1_3' title="bbox 240 442 2182 523">
     <span class='ocr_line' id='line_1_6' title="bbox 401 442 2182 485; baseline 0 -11"><span class='ocrx_word' id='word_1_67' title='bbox 401 444 669 476; x_wconf 79' lang='lat' dir='ltr'>Decultarunt.</span> <span class='ocrx_word' id='word_1_68' title='bbox 715 443 790 472; x_wconf 89' lang='lat' dir='ltr'>Vide</span> <span class='ocrx_word' id='word_1_69' title='bbox 814 442 937 472; x_wconf 74' lang='lat' dir='ltr'>deuotio.</span> <span class='ocrx_word' id='word_1_70' title='bbox 962 443 1050 473; x_wconf 89' lang='lat' dir='ltr'>Dac.</span> <span class='ocrx_word' id='word_1_71' title='bbox 1081 444 1119 472; x_wconf 87' lang='lat' dir='ltr'>Ut</span> <span class='ocrx_word' id='word_1_72' title='bbox 1141 444 1290 483; x_wconf 86' lang='lat' dir='ltr'>particula</span> <span class='ocrx_word' id='word_1_73' title='bbox 1311 445 1360 472; x_wconf 85' lang='lat' dir='ltr'>De</span> <span class='ocrx_word' id='word_1_74' title='bbox 1382 449 1500 483; x_wconf 86' lang='lat' dir='ltr'>augeat;</span> <span class='ocrx_word' id='word_1_75' title='bbox 1523 450 1557 474; x_wconf 89' lang='lat' dir='ltr'>ut</span> <span class='ocrx_word' id='word_1_76' title='bbox 1579 445 1608 473; x_wconf 89' lang='lat' dir='ltr'>in</span> <span class='ocrx_word' id='word_1_77' title='bbox 1632 445 1725 474; x_wconf 80' lang='lat' dir='ltr'>verbo</span> <span class='ocrx_word' id='word_1_78' title='bbox 1749 444 1918 485; x_wconf 77' lang='lat' dir='ltr'>depolitum.</span> <span class='ocrx_word' id='word_1_79' title='bbox 1949 446 1978 473; x_wconf 88' lang='lat' dir='ltr'>L.</span> <span class='ocrx_word' id='word_1_80' title='bbox 1996 449 2023 477; x_wconf 81' lang='lat' dir='ltr'>l.</span> <span class='ocrx_word' id='word_1_81' title='bbox 2038 445 2068 474; x_wconf 83' lang='lat' dir='ltr'>ff.</span> <span class='ocrx_word' id='word_1_82' title='bbox 2091 446 2182 485; x_wconf 88' lang='lat' dir='ltr'>depo-</span> 
     </span>
     <span class='ocr_line' id='line_1_7' title="bbox 240 484 989 523; baseline -0.007 -4"><span class='ocrx_word' id='word_1_83' title='bbox 240 495 297 523; x_wconf 74' lang='lat' dir='ltr'>siti,</span> <span class='ocrx_word' id='word_1_84' title='bbox 342 492 390 519; x_wconf 90' lang='lat' dir='ltr'>Sic</span> <span class='ocrx_word' id='word_1_85' title='bbox 412 489 488 517; x_wconf 74' lang='lat' dir='ltr'>infra</span> <span class='ocrx_word' id='word_1_86' title='bbox 509 484 621 515; x_wconf 77' lang='lat' dir='ltr'>Dedita</span> <span class='ocrx_word' id='word_1_87' title='bbox 643 486 731 514; x_wconf 88' lang='lat' dir='ltr'>valde</span> <span class='ocrx_word' id='word_1_88' title='bbox 756 487 835 516; x_wconf 85' lang='lat' dir='ltr'>data.</span> <span class='ocrx_word' id='word_1_89' title='bbox 882 484 989 514; x_wconf 73' lang='lat' dir='ltr'>Goth.</span> 
     </span>
    </p>
   </div>
   <div class='ocr_carea' id='block_1_4' title="bbox 402 533 2182 575">
    <p class='ocr_par' dir='ltr' id='par_1_4' title="bbox 402 533 2182 575">
     <span class='ocr_line' id='line_1_8' title="bbox 402 533 2182 575; baseline -0.001 -7"><span class='ocrx_word' id='word_1_90' title='bbox 402 536 691 568; x_wconf 76' lang='lat' dir='ltr'>Decalicaium.</span> <span class='ocrx_word' id='word_1_91' title='bbox 736 537 759 565; x_wconf 89' lang='lat' dir='ltr'>A</span> <span class='ocrx_word' id='word_1_92' title='bbox 783 538 897 566; x_wconf 81' lang='lat' dir='ltr'>Graeco</span> <span class='ocrx_word' id='word_1_93' title='bbox 920 533 1022 573; x_wconf 82' lang='grc' dir='ltr'><strong><em>κάλιξ,</em></strong></span> <span class='ocrx_word' id='word_1_94' title='bbox 1051 536 1146 574; x_wconf 81' lang='lat' dir='ltr'>calix,</span> <span class='ocrx_word' id='word_1_95' title='bbox 1172 538 1313 574; x_wconf 84' lang='lat' dir='ltr'>calicare,</span> <span class='ocrx_word' id='word_1_96' title='bbox 1337 536 1511 567; x_wconf 73' lang='lat' dir='ltr'>decalieare.</span> <span class='ocrx_word' id='word_1_97' title='bbox 1549 539 1623 568; x_wconf 85' lang='lat' dir='ltr'>Vide</span> <span class='ocrx_word' id='word_1_98' title='bbox 1644 538 1790 569; x_wconf 77' lang='lat' dir='ltr'>Calicauz.</span> <span class='ocrx_word' id='word_1_99' title='bbox 1815 538 1904 569; x_wconf 80' lang='lat' dir='ltr'>Dae.</span> <span class='ocrx_word' id='word_1_100' title='bbox 1944 538 2033 575; x_wconf 84' lang='lat' dir='ltr'>Quod</span> <span class='ocrx_word' id='word_1_101' title='bbox 2055 542 2083 567; x_wconf 84' lang='lat' dir='ltr'>et</span> <span class='ocrx_word' id='word_1_102' title='bbox 2105 538 2182 567; x_wconf 85' lang='lat' dir='ltr'>Cali-</span> 
     </span>
    </p>
   </div>
   <div class='ocr_carea' id='block_1_5' title="bbox 238 578 2182 669">
    <p class='ocr_par' dir='ltr' id='par_1_5' title="bbox 238 578 2182 669">
     <span class='ocr_line' id='line_1_9' title="bbox 239 578 2182 621; baseline -0.004 -6"><span class='ocrx_word' id='word_1_103' title='bbox 239 591 353 621; x_wconf 84' lang='lat' dir='ltr'>catum‚</span> <span class='ocrx_word' id='word_1_104' title='bbox 391 587 425 611; x_wconf 90' lang='lat' dir='ltr'>ut</span> <span class='ocrx_word' id='word_1_105' title='bbox 453 590 543 619; x_wconf 84' lang='lat' dir='ltr'>supra</span> <span class='ocrx_word' id='word_1_106' title='bbox 567 579 697 608; x_wconf 82' lang='lat' dir='ltr'>Calicata</span> <span class='ocrx_word' id='word_1_107' title='bbox 728 580 870 610; x_wconf 86' lang='lat' dir='ltr'>aedificia.</span> <span class='ocrx_word' id='word_1_108' title='bbox 909 578 1017 609; x_wconf 77' lang='lat' dir='ltr'>Goth.</span> <span class='ocrx_word' id='word_1_109' title='bbox 1062 579 1241 610; x_wconf 85' lang='lat' dir='ltr'>Decalicare</span> <span class='ocrx_word' id='word_1_110' title='bbox 1266 579 1390 609; x_wconf 89' lang='lat' dir='ltr'>verbum</span> <span class='ocrx_word' id='word_1_111' title='bbox 1420 581 1544 610; x_wconf 85' lang='lat' dir='ltr'>sortasse</span> <span class='ocrx_word' id='word_1_112' title='bbox 1572 582 1786 611; x_wconf 85' lang='lat' dir='ltr'>restituendum</span> <span class='ocrx_word' id='word_1_113' title='bbox 1813 581 1924 610; x_wconf 89' lang='lat' dir='ltr'>Lucilio</span> <span class='ocrx_word' id='word_1_114' title='bbox 1954 580 2035 621; x_wconf 87' lang='lat' dir='ltr'>apud</span> <span class='ocrx_word' id='word_1_115' title='bbox 2057 581 2182 610; x_wconf 81' lang='lat' dir='ltr'>Nonium</span> 
     </span>
     <span class='ocr_line' id='line_1_10' title="bbox 238 621 715 669; baseline -0.006 -14"><span class='ocrx_word' id='word_1_116' title='bbox 238 639 304 669; x_wconf 76' lang='lat' dir='ltr'>pag,</span> <span class='ocrx_word' id='word_1_117' title='bbox 316 630 366 660; x_wconf 88' lang='lat'>97.</span> <span class='ocrx_word' id='word_1_118' title='bbox 391 625 479 654; x_wconf 80' lang='lat' dir='ltr'>Mero.</span> <span class='ocrx_word' id='word_1_119' title='bbox 501 622 551 651; x_wconf 93' lang='lat' dir='ltr'>ubi</span> <span class='ocrx_word' id='word_1_120' title='bbox 574 622 614 650; x_wconf 88' lang='lat' dir='ltr'>sic</span> <span class='ocrx_word' id='word_1_121' title='bbox 637 621 715 661; x_wconf 80' lang='lat' dir='ltr'>lege:</span> 
     </span>
    </p>
   </div>
   <div class='ocr_carea' id='block_1_6' title="bbox 728 670 1613 756">
    <p class='ocr_par' dir='ltr' id='par_1_6' title="bbox 728 670 1613 756">
     <span class='ocr_line' id='line_1_11' title="bbox 728 670 1613 714; baseline 0.003 -13"><span class='ocrx_word' id='word_1_122' title='bbox 728 671 954 712; x_wconf 59' lang='lat' dir='ltr'>Depeculassere</span> <span class='ocrx_word' id='word_1_123' title='bbox 976 670 1076 713; x_wconf 77' lang='lat' dir='ltr'>dliqua</span> <span class='ocrx_word' id='word_1_124' title='bbox 1098 685 1218 713; x_wconf 81' lang='lat' dir='ltr'>speraris</span> <span class='ocrx_word' id='word_1_125' title='bbox 1239 672 1284 702; x_wconf 64' lang='lat' dir='ltr'>md</span> <span class='ocrx_word' id='word_1_126' title='bbox 1304 684 1342 702; x_wconf 86' lang='lat' dir='ltr'>ac</span> <span class='ocrx_word' id='word_1_127' title='bbox 1364 671 1613 714; x_wconf 71' lang='lat' dir='ltr'>deargenicz&#39;sser25</span> 
     </span>
     <span class='ocr_line' id='line_1_12' title="bbox 730 714 1566 756; baseline 0.002 -12"><span class='ocrx_word' id='word_1_128' title='bbox 730 714 952 745; x_wconf 78' lang='lat' dir='ltr'>Dc&#39;calicassere</span> <span class='ocrx_word' id='word_1_129' title='bbox 975 714 1060 756; x_wconf 79' lang='lat' dir='ltr'>a&#39;lque</span> <span class='ocrx_word' id='word_1_130' title='bbox 1074 715 1182 745; x_wconf 78' lang='lat' dir='ltr'>eburno</span> <span class='ocrx_word' id='word_1_131' title='bbox 1204 714 1320 756; x_wconf 65' lang='lat' dir='ltr'>spc‘culo</span> <span class='ocrx_word' id='word_1_132' title='bbox 1345 714 1566 756; x_wconf 76' lang='lat' dir='ltr'>depecula&#39;ssere.</span> 
     </span>
    </p>
   </div>
   <div class='ocr_carea' id='block_1_7' title="bbox 239 773 2187 987">
    <p class='ocr_par' dir='ltr' id='par_1_7' title="bbox 239 773 2187 987">
     <span class='ocr_line' id='line_1_13' title="bbox 403 773 2186 816; baseline -0.001 -11"><span class='ocrx_word' id='word_1_133' title='bbox 403 777 516 805; x_wconf 86' lang='lat' dir='ltr'>Dium</span> <span class='ocrx_word' id='word_1_134' title='bbox 542 773 658 816; x_wconf 77' lang='lat' dir='ltr'>fulgur.</span> <span class='ocrx_word' id='word_1_135' title='bbox 701 775 765 804; x_wconf 86' lang='lat' dir='ltr'>Iovi</span> <span class='ocrx_word' id='word_1_136' title='bbox 788 775 894 804; x_wconf 86' lang='lat' dir='ltr'>diurna</span> <span class='ocrx_word' id='word_1_137' title='bbox 917 774 1055 811; x_wconf 84' lang='lat' dir='ltr'>fulmina,</span> <span class='ocrx_word' id='word_1_138' title='bbox 1085 776 1242 804; x_wconf 86' lang='lat' dir='ltr'>Summano</span> <span class='ocrx_word' id='word_1_139' title='bbox 1262 780 1408 804; x_wconf 86' lang='lat' dir='ltr'>nocturna</span> <span class='ocrx_word' id='word_1_140' title='bbox 1429 781 1543 806; x_wconf 83' lang='lat' dir='ltr'>veteres</span> <span class='ocrx_word' id='word_1_141' title='bbox 1565 778 1755 813; x_wconf 70' lang='lat' dir='ltr'>tribuebant,</span> <span class='ocrx_word' id='word_1_142' title='bbox 1792 778 1871 816; x_wconf 91' lang='lat' dir='ltr'>quod</span> <span class='ocrx_word' id='word_1_143' title='bbox 1895 778 1945 806; x_wconf 89' lang='lat' dir='ltr'>ille</span> <span class='ocrx_word' id='word_1_144' title='bbox 1968 777 2042 813; x_wconf 86' lang='lat' dir='ltr'>diei,</span> <span class='ocrx_word' id='word_1_145' title='bbox 2070 776 2120 805; x_wconf 82' lang='lat' dir='ltr'>hic</span> <span class='ocrx_word' id='word_1_146' title='bbox 2142 781 2186 805; x_wconf 89' lang='lat' dir='ltr'>te-</span> 
     </span>
     <span class='ocr_line' id='line_1_14' title="bbox 240 816 2186 860; baseline -0.002 -8"><span class='ocrx_word' id='word_1_147' title='bbox 240 824 396 852; x_wconf 86' lang='lat' dir='ltr'>nebrarum</span> <span class='ocrx_word' id='word_1_148' title='bbox 420 823 520 858; x_wconf 64' lang='lat' dir='ltr'>pater3</span> <span class='ocrx_word' id='word_1_149' title='bbox 549 823 593 846; x_wconf 86' lang='lat' dir='ltr'>est</span> <span class='ocrx_word' id='word_1_150' title='bbox 614 818 690 846; x_wconf 88' lang='lat' dir='ltr'>enim</span> <span class='ocrx_word' id='word_1_151' title='bbox 714 817 891 847; x_wconf 82' lang='lat' dir='ltr'><strong><em>Summanus</em></strong></span> <span class='ocrx_word' id='word_1_152' title='bbox 913 817 1010 846; x_wconf 83' lang='lat' dir='ltr'>Pluto.</span> <span class='ocrx_word' id='word_1_153' title='bbox 1049 818 1145 846; x_wconf 88' lang='lat' dir='ltr'>Gloss.</span> <span class='ocrx_word' id='word_1_154' title='bbox 1170 816 1417 858; x_wconf 73' lang='grc' dir='ltr'><em>Κεραυνυβὸλιον</em></span> <span class='ocrx_word' id='word_1_155' title='bbox 1439 816 1591 858; x_wconf 77' lang='grc' dir='ltr'><em>ἡμερινόν.</em></span> <span class='ocrx_word' id='word_1_156' title='bbox 1633 820 1880 860; x_wconf 76' lang='grc' dir='ltr'><strong><em>Κεραυνοβόλιον</em></strong></span> <span class='ocrx_word' id='word_1_157' title='bbox 1902 817 1962 850; x_wconf 72' lang='grc' dir='ltr'>ἀπὸ</span> <span class='ocrx_word' id='word_1_158' title='bbox 1984 820 2065 858; x_wconf 76' lang='grc' dir='ltr'><em>πρωῒ</em></span> <span class='ocrx_word' id='word_1_159' title='bbox 2087 831 2186 850; x_wconf 86' lang='grc' dir='ltr'><strong><em>νυκτε-</em></strong></span> 
     </span>
     <span class='ocr_line' id='line_1_15' title="bbox 240 859 2187 905; baseline -0.001 -14"><span class='ocrx_word' id='word_1_160' title='bbox 240 865 341 905; x_wconf 69' lang='grc' dir='ltr'><em>ρινὸν,</em></span> <span class='ocrx_word' id='word_1_161' title='bbox 361 860 475 904; x_wconf 73' lang='lat' dir='ltr'>fulgur</span> <span class='ocrx_word' id='word_1_162' title='bbox 497 859 698 890; x_wconf 84' lang='lat' dir='ltr'><strong><em>Summanum.</em></strong></span> <span class='ocrx_word' id='word_1_163' title='bbox 742 859 917 889; x_wconf 81' lang='lat' dir='ltr'>Provorsum</span> <span class='ocrx_word' id='word_1_164' title='bbox 942 870 1013 889; x_wconf 88' lang='lat' dir='ltr'>vero</span> <span class='ocrx_word' id='word_1_165' title='bbox 1036 860 1136 898; x_wconf 80' lang='lat' dir='ltr'>fulgur</span> <span class='ocrx_word' id='word_1_166' title='bbox 1159 861 1329 897; x_wconf 76' lang='lat' dir='ltr'>dicebatur,</span> <span class='ocrx_word' id='word_1_167' title='bbox 1367 861 1448 899; x_wconf 88' lang='lat' dir='ltr'>quod</span> <span class='ocrx_word' id='word_1_168' title='bbox 1471 862 1616 891; x_wconf 80' lang='lat' dir='ltr'>incertum</span> <span class='ocrx_word' id='word_1_169' title='bbox 1640 868 1720 900; x_wconf 86' lang='lat' dir='ltr'>erat,</span> <span class='ocrx_word' id='word_1_170' title='bbox 1749 868 1841 892; x_wconf 83' lang='lat' dir='ltr'>noctu</span> <span class='ocrx_word' id='word_1_171' title='bbox 1864 873 1900 891; x_wconf 87' lang='lat' dir='ltr'>an</span> <span class='ocrx_word' id='word_1_172' title='bbox 1924 862 2054 891; x_wconf 82' lang='lat' dir='ltr'>interdiu</span> <span class='ocrx_word' id='word_1_173' title='bbox 2076 863 2187 891; x_wconf 77' lang='lat' dir='ltr'>factum</span> 
     </span>
     <span class='ocr_line' id='line_1_16' title="bbox 239 902 2187 945; baseline 0.002 -13"><span class='ocrx_word' id='word_1_174' title='bbox 239 912 328 942; x_wconf 72' lang='lat' dir='ltr'>esset,</span> <span class='ocrx_word' id='word_1_175' title='bbox 365 908 549 943; x_wconf 87' lang='lat' dir='ltr'>quapropter</span> <span class='ocrx_word' id='word_1_176' title='bbox 571 903 635 931; x_wconf 83' lang='lat' dir='ltr'>Iovi</span> <span class='ocrx_word' id='word_1_177' title='bbox 662 903 840 941; x_wconf 80' lang='lat' dir='ltr'>fulguratori</span> <span class='ocrx_word' id='word_1_178' title='bbox 863 907 891 931; x_wconf 86' lang='lat' dir='ltr'>et</span> <span class='ocrx_word' id='word_1_179' title='bbox 913 904 1071 931; x_wconf 84' lang='lat' dir='ltr'>Summano</span> <span class='ocrx_word' id='word_1_180' title='bbox 1094 903 1307 932; x_wconf 84' lang='lat' dir='ltr'>sacrificabant.</span> <span class='ocrx_word' id='word_1_181' title='bbox 1346 903 1421 932; x_wconf 88' lang='lat' dir='ltr'>Vide</span> <span class='ocrx_word' id='word_1_182' title='bbox 1441 915 1621 943; x_wconf 79' lang='lat' dir='ltr'>provorsum.</span> <span class='ocrx_word' id='word_1_183' title='bbox 1652 905 1740 935; x_wconf 90' lang='lat' dir='ltr'>Dac.</span> <span class='ocrx_word' id='word_1_184' title='bbox 1786 906 1899 935; x_wconf 86' lang='lat' dir='ltr'>Glossis</span> <span class='ocrx_word' id='word_1_185' title='bbox 1922 907 2016 934; x_wconf 84' lang='lat' dir='ltr'>Dium</span> <span class='ocrx_word' id='word_1_186' title='bbox 2039 902 2187 945; x_wconf 75' lang='grc' dir='ltr'><em>ἅστράπη.</em></span> 
     </span>
     <span class='ocr_line' id='line_1_17' title="bbox 243 945 1469 987; baseline -0.005 -7"><span class='ocrx_word' id='word_1_187' title='bbox 243 948 351 980; x_wconf 77' lang='lat' dir='ltr'>Goth.</span> <span class='ocrx_word' id='word_1_188' title='bbox 382 948 426 975; x_wconf 86' lang='lat' dir='ltr'>Cf.</span> <span class='ocrx_word' id='word_1_189' title='bbox 450 956 526 984; x_wconf 86' lang='lat' dir='ltr'>quae</span> <span class='ocrx_word' id='word_1_190' title='bbox 549 956 639 984; x_wconf 87' lang='lat' dir='ltr'>supra</span> <span class='ocrx_word' id='word_1_191' title='bbox 664 946 701 974; x_wconf 84' lang='lat' dir='ltr'>ad</span> <span class='ocrx_word' id='word_1_192' title='bbox 724 946 818 974; x_wconf 80' lang='lat' dir='ltr'>Dium</span> <span class='ocrx_word' id='word_1_193' title='bbox 840 945 980 975; x_wconf 66' lang='lat' dir='ltr'>diximus.</span> <span class='ocrx_word' id='word_1_194' title='bbox 1010 946 1105 974; x_wconf 85' lang='lat' dir='ltr'>Dium</span> <span class='ocrx_word' id='word_1_195' title='bbox 1124 945 1230 987; x_wconf 76' lang='lat' dir='ltr'>fulgur</span> <span class='ocrx_word' id='word_1_196' title='bbox 1253 951 1296 974; x_wconf 89' lang='lat' dir='ltr'>est</span> <span class='ocrx_word' id='word_1_197' title='bbox 1319 945 1469 975; x_wconf 88' lang='lat' dir='ltr'>diurnum.</span> 
     </span>
    </p>
   </div>
   <div class='ocr_carea' id='block_1_8' title="bbox 238 996 2188 1166">
    <p class='ocr_par' dir='ltr' id='par_1_8' title="bbox 238 996 2188 1166">
     <span class='ocr_line' id='line_1_18' title="bbox 402 996 2187 1038; baseline -0.002 -12"><span class='ocrx_word' id='word_1_198' title='bbox 402 997 588 1026; x_wconf 76' lang='lat' dir='ltr'>Dicassii.</span> <span class='ocrx_word' id='word_1_199' title='bbox 633 997 800 1033; x_wconf 88' lang='lat' dir='ltr'>Dicaverit,</span> <span class='ocrx_word' id='word_1_200' title='bbox 824 997 842 1025; x_wconf 89' lang='lat' dir='ltr'>i.</span> <span class='ocrx_word' id='word_1_201' title='bbox 865 1007 888 1027; x_wconf 88' lang='lat' dir='ltr'>e.</span> <span class='ocrx_word' id='word_1_202' title='bbox 912 996 1030 1027; x_wconf 79' lang='lat' dir='ltr'>dixerit.</span> <span class='ocrx_word' id='word_1_203' title='bbox 1062 997 1176 1025; x_wconf 86' lang='lat' dir='ltr'>Dicare</span> <span class='ocrx_word' id='word_1_204' title='bbox 1199 997 1275 1025; x_wconf 91' lang='lat' dir='ltr'>enim</span> <span class='ocrx_word' id='word_1_205' title='bbox 1299 1002 1327 1025; x_wconf 86' lang='lat' dir='ltr'>et</span> <span class='ocrx_word' id='word_1_206' title='bbox 1349 996 1444 1026; x_wconf 81' lang='lat' dir='ltr'>dicere</span> <span class='ocrx_word' id='word_1_207' title='bbox 1465 1007 1521 1036; x_wconf 88' lang='lat' dir='ltr'>pro</span> <span class='ocrx_word' id='word_1_208' title='bbox 1546 998 1649 1028; x_wconf 86' lang='lat' dir='ltr'>eodem</span> <span class='ocrx_word' id='word_1_209' title='bbox 1673 1004 1788 1028; x_wconf 84' lang='lat' dir='ltr'>veteres</span> <span class='ocrx_word' id='word_1_210' title='bbox 1811 999 2004 1038; x_wconf 77' lang='lat' dir='ltr'>usurpabant.</span> <span class='ocrx_word' id='word_1_211' title='bbox 2038 998 2118 1027; x_wconf 86' lang='lat' dir='ltr'>Unde</span> <span class='ocrx_word' id='word_1_212' title='bbox 2139 997 2187 1027; x_wconf 70' lang='lat' dir='ltr'>de.</span> 
     </span>
     <span class='ocr_line' id='line_1_19' title="bbox 240 1037 2188 1080; baseline -0.001 -9"><span class='ocrx_word' id='word_1_213' title='bbox 240 1042 339 1071; x_wconf 82' lang='lat' dir='ltr'>dicare</span> <span class='ocrx_word' id='word_1_214' title='bbox 362 1051 451 1079; x_wconf 86' lang='lat' dir='ltr'>supra</span> <span class='ocrx_word' id='word_1_215' title='bbox 475 1039 615 1078; x_wconf 86' lang='lat' dir='ltr'>exposuit</span> <span class='ocrx_word' id='word_1_216' title='bbox 635 1037 758 1068; x_wconf 73' lang='lat' dir='ltr'>dicendo</span> <span class='ocrx_word' id='word_1_217' title='bbox 782 1038 910 1080; x_wconf 75' lang='lat' dir='ltr'>deferre,</span> <span class='ocrx_word' id='word_1_218' title='bbox 935 1044 964 1067; x_wconf 85' lang='lat' dir='ltr'>et</span> <span class='ocrx_word' id='word_1_219' title='bbox 987 1044 1054 1077; x_wconf 89' lang='lat' dir='ltr'>post</span> <span class='ocrx_word' id='word_1_220' title='bbox 1074 1038 1254 1079; x_wconf 80' lang='lat' dir='ltr'>profanum,</span> <span class='ocrx_word' id='word_1_221' title='bbox 1278 1041 1344 1069; x_wconf 89' lang='lat' dir='ltr'>Deo</span> <span class='ocrx_word' id='word_1_222' title='bbox 1369 1038 1466 1076; x_wconf 79' lang='lat' dir='ltr'>clieta,</span> <span class='ocrx_word' id='word_1_223' title='bbox 1490 1040 1509 1071; x_wconf 88' lang='lat' dir='ltr'>i.</span> <span class='ocrx_word' id='word_1_224' title='bbox 1527 1050 1550 1069; x_wconf 90' lang='lat' dir='ltr'>e.</span> <span class='ocrx_word' id='word_1_225' title='bbox 1565 1042 1632 1070; x_wconf 89' lang='lat' dir='ltr'>Deo</span> <span class='ocrx_word' id='word_1_226' title='bbox 1653 1040 1764 1071; x_wconf 78' lang='lat' dir='ltr'>dicam.</span> <span class='ocrx_word' id='word_1_227' title='bbox 1797 1043 1829 1070; x_wconf 88' lang='lat' dir='ltr'>Et</span> <span class='ocrx_word' id='word_1_228' title='bbox 1852 1043 1881 1070; x_wconf 84' lang='lat' dir='ltr'>in</span> <span class='ocrx_word' id='word_1_229' title='bbox 1906 1042 1958 1070; x_wconf 91' lang='lat' dir='ltr'>illo</span> <span class='ocrx_word' id='word_1_230' title='bbox 1979 1041 2092 1079; x_wconf 76' lang='lat' dir='ltr'>Virgilii</span> <span class='ocrx_word' id='word_1_231' title='bbox 2112 1041 2188 1069; x_wconf 86' lang='lat' dir='ltr'>VlII.</span> 
     </span>
     <span class='ocr_line' id='line_1_20' title="bbox 239 1080 2188 1123; baseline -0.001 -10"><span class='ocrx_word' id='word_1_232' title='bbox 239 1089 309 1114; x_wconf 85' lang='lat' dir='ltr'>Aen.</span> <span class='ocrx_word' id='word_1_233' title='bbox 335 1082 450 1123; x_wconf 78' lang='lat'>(344.):</span> <span class='ocrx_word' id='word_1_234' title='bbox 476 1080 627 1121; x_wconf 83' lang='lat' dir='ltr'>Lupercal</span> <span class='ocrx_word' id='word_1_235' title='bbox 648 1081 808 1110; x_wconf 79' lang='lat' dir='ltr'>Parrhasio</span> <span class='ocrx_word' id='word_1_236' title='bbox 832 1080 941 1110; x_wconf 79' lang='lat' dir='ltr'>dictum</span> <span class='ocrx_word' id='word_1_237' title='bbox 965 1080 1066 1110; x_wconf 80' lang='lat' dir='ltr'>Panos</span> <span class='ocrx_word' id='word_1_238' title='bbox 1089 1080 1124 1109; x_wconf 80' lang='lat' dir='ltr'>de</span> <span class='ocrx_word' id='word_1_239' title='bbox 1145 1092 1223 1110; x_wconf 86' lang='lat' dir='ltr'>more</span> <span class='ocrx_word' id='word_1_240' title='bbox 1246 1081 1366 1122; x_wconf 81' lang='lat' dir='ltr'>Lycaei.</span> <span class='ocrx_word' id='word_1_241' title='bbox 1407 1083 1553 1118; x_wconf 72' lang='lat' dir='ltr'>Dictum,</span> <span class='ocrx_word' id='word_1_242' title='bbox 1576 1084 1676 1122; x_wconf 86' lang='lat' dir='ltr'>inquit</span> <span class='ocrx_word' id='word_1_243' title='bbox 1697 1084 1836 1121; x_wconf 84' lang='lat' dir='ltr'>Servius,</span> <span class='ocrx_word' id='word_1_244' title='bbox 1862 1083 2010 1121; x_wconf 73' lang='lat' dir='ltr'>dicatum,</span> <span class='ocrx_word' id='word_1_245' title='bbox 2036 1095 2188 1113; x_wconf 55' lang='lat' dir='ltr'>consecrao</span> 
     </span>
     <span class='ocr_line' id='line_1_21' title="bbox 238 1123 1753 1166; baseline 0 -11"><span class='ocrx_word' id='word_1_246' title='bbox 238 1135 309 1156; x_wconf 74' lang='lat' dir='ltr'>ium.</span> <span class='ocrx_word' id='word_1_247' title='bbox 334 1126 420 1155; x_wconf 89' lang='lat' dir='ltr'>Dac.</span> <span class='ocrx_word' id='word_1_248' title='bbox 467 1125 561 1154; x_wconf 90' lang='lat' dir='ltr'>Gloss.</span> <span class='ocrx_word' id='word_1_249' title='bbox 586 1125 721 1153; x_wconf 78' lang='lat' dir='ltr'>Dicassit</span> <span class='ocrx_word' id='word_1_250' title='bbox 743 1126 875 1164; x_wconf 80' lang='grc' dir='ltr'><strong><em>συνεχῶς</em></strong></span> <span class='ocrx_word' id='word_1_251' title='bbox 896 1124 986 1165; x_wconf 80' lang='grc' dir='ltr'><em>λέγει,-</em></span> <span class='ocrx_word' id='word_1_252' title='bbox 1018 1129 1046 1152; x_wconf 86' lang='lat' dir='ltr'>et</span> <span class='ocrx_word' id='word_1_253' title='bbox 1069 1123 1126 1152; x_wconf 80' lang='lat' dir='ltr'>alio</span> <span class='ocrx_word' id='word_1_254' title='bbox 1150 1123 1218 1153; x_wconf 88' lang='lat' dir='ltr'>loco</span> <span class='ocrx_word' id='word_1_255' title='bbox 1240 1125 1391 1161; x_wconf 77' lang='lat' dir='ltr'>Dicassit,</span> <span class='ocrx_word' id='word_1_256' title='bbox 1423 1124 1603 1166; x_wconf 76' lang='grc' dir='ltr'><strong><em>ἔπαγορεύει.</em></strong></span> <span class='ocrx_word' id='word_1_257' title='bbox 1652 1125 1753 1156; x_wconf 76' lang='lat' dir='ltr'>Goth.</span> 
     </span>
    </p>
   </div>
   <div class='ocr_carea' id='block_1_9' title="bbox 824 1238 1603 1274">
    <p class='ocr_par' dir='ltr' id='par_1_9' title="bbox 824 1238 1603 1274">
     <span class='ocr_line' id='line_1_22' title="bbox 824 1238 1603 1274; baseline 0.004 -3"><span class='ocrx_word' id='word_1_258' title='bbox 824 1238 938 1271; x_wconf 86' lang='lat' dir='ltr'>AD</span> <span class='ocrx_word' id='word_1_259' title='bbox 1042 1238 1603 1274; x_wconf 86' lang='lat' dir='ltr'>LIBRUMV.</span> 
     </span>
    </p>
   </div>
   <div class='ocr_carea' id='block_1_10' title="bbox 241 1311 2195 1820">
    <p class='ocr_par' dir='ltr' id='par_1_10' title="bbox 241 1311 2195 1820">
     <span class='ocr_line' id='line_1_23' title="bbox 402 1311 2190 1356; baseline -0.001 -14"><span class='ocrx_word' id='word_1_260' title='bbox 402 1312 567 1343; x_wconf 84' lang='lat' dir='ltr'>Elucum.</span> <span class='ocrx_word' id='word_1_261' title='bbox 611 1312 668 1341; x_wconf 88' lang='lat' dir='ltr'>Pro</span> <span class='ocrx_word' id='word_1_262' title='bbox 690 1313 756 1352; x_wconf 86' lang='lat' dir='ltr'>ipso</span> <span class='ocrx_word' id='word_1_263' title='bbox 780 1312 889 1342; x_wconf 80' lang='lat' dir='ltr'>affectu</span> <span class='ocrx_word' id='word_1_264' title='bbox 910 1312 1113 1341; x_wconf 79' lang='lat' dir='ltr'>Tertullianus</span> <span class='ocrx_word' id='word_1_265' title='bbox 1135 1312 1166 1341; x_wconf 91' lang='lat' dir='ltr'>in</span> <span class='ocrx_word' id='word_1_266' title='bbox 1188 1312 1264 1342; x_wconf 87' lang='lat' dir='ltr'>libro</span> <span class='ocrx_word' id='word_1_267' title='bbox 1287 1313 1323 1342; x_wconf 85' lang='lat' dir='ltr'>de</span> <span class='ocrx_word' id='word_1_268' title='bbox 1346 1324 1455 1342; x_wconf 89' lang='lat' dir='ltr'>corona</span> <span class='ocrx_word' id='word_1_269' title='bbox 1477 1313 1594 1354; x_wconf 83' lang='lat' dir='ltr'>(c.7.),</span> <span class='ocrx_word' id='word_1_270' title='bbox 1618 1324 1686 1343; x_wconf 89' lang='lat' dir='ltr'>cum</span> <span class='ocrx_word' id='word_1_271' title='bbox 1710 1314 1765 1343; x_wconf 88' lang='lat' dir='ltr'>ait:</span> <span class='ocrx_word' id='word_1_272' title='bbox 1798 1314 1836 1343; x_wconf 80' lang='lat' dir='ltr'>ab</span> <span class='ocrx_word' id='word_1_273' title='bbox 1860 1313 1943 1344; x_wconf 83' lang='lat' dir='ltr'>eluco</span> <span class='ocrx_word' id='word_1_274' title='bbox 1967 1312 2135 1356; x_wconf 78' lang='lat' dir='ltr'>defensare,</span> <span class='ocrx_word' id='word_1_275' title='bbox 2159 1311 2190 1341; x_wconf 87' lang='lat' dir='ltr'>id</span> 
     </span>
     <span class='ocr_line' id='line_1_24' title="bbox 241 1354 2191 1397; baseline -0.002 -11"><span class='ocrx_word' id='word_1_276' title='bbox 241 1356 318 1386; x_wconf 86' lang='lat' dir='ltr'>enim</span> <span class='ocrx_word' id='word_1_277' title='bbox 341 1361 385 1385; x_wconf 89' lang='lat' dir='ltr'>est</span> <span class='ocrx_word' id='word_1_278' title='bbox 409 1354 468 1386; x_wconf 75' lang='grc' dir='ltr'>ἀπὸ</span> <span class='ocrx_word' id='word_1_279' title='bbox 491 1357 544 1394; x_wconf 84' lang='grc' dir='ltr'>τῆς</span> <span class='ocrx_word' id='word_1_280' title='bbox 568 1354 777 1396; x_wconf 79' lang='grc' dir='ltr'><em>ἕωλοκρασίας.</em></span> <span class='ocrx_word' id='word_1_281' title='bbox 819 1356 855 1384; x_wconf 92' lang='lat' dir='ltr'>Et</span> <span class='ocrx_word' id='word_1_282' title='bbox 878 1356 953 1384; x_wconf 84' lang='lat' dir='ltr'>Gell.</span> <span class='ocrx_word' id='word_1_283' title='bbox 977 1355 1026 1383; x_wconf 90' lang='lat' dir='ltr'>lib.</span> <span class='ocrx_word' id='word_1_284' title='bbox 1041 1355 1127 1392; x_wconf 89' lang='lat' dir='ltr'>XVI,</span> <span class='ocrx_word' id='word_1_285' title='bbox 1152 1366 1216 1394; x_wconf 81' lang='lat' dir='ltr'>cap.</span> <span class='ocrx_word' id='word_1_286' title='bbox 1233 1358 1302 1388; x_wconf 66' lang='lat'>12:</span> <span class='ocrx_word' id='word_1_287' title='bbox 1336 1355 1520 1385; x_wconf 77' lang='lat' dir='ltr'>Tardimtem</span> <span class='ocrx_word' id='word_1_288' title='bbox 1543 1357 1636 1385; x_wconf 85' lang='lat' dir='ltr'>animi</span> <span class='ocrx_word' id='word_1_289' title='bbox 1657 1363 1682 1384; x_wconf 78' lang='lat' dir='ltr'>et</span> <span class='ocrx_word' id='word_1_290' title='bbox 1705 1364 1870 1396; x_wconf 83' lang='lat' dir='ltr'>stuporem,</span> <span class='ocrx_word' id='word_1_291' title='bbox 1900 1358 1950 1397; x_wconf 85' lang='lat' dir='ltr'>qui</span> <span class='ocrx_word' id='word_1_292' title='bbox 1971 1355 2191 1385; x_wconf 74' lang='lat' dir='ltr'>hallucinanti-</span> 
     </span>
     <span class='ocr_line' id='line_1_25' title="bbox 243 1396 2188 1439; baseline -0.002 -11"><span class='ocrx_word' id='word_1_293' title='bbox 243 1398 294 1428; x_wconf 80' lang='lat' dir='ltr'>bus</span> <span class='ocrx_word' id='word_1_294' title='bbox 314 1397 483 1439; x_wconf 83' lang='lat' dir='ltr'>plerumque</span> <span class='ocrx_word' id='word_1_295' title='bbox 504 1409 557 1426; x_wconf 81' lang='lat' dir='ltr'>usu</span> <span class='ocrx_word' id='word_1_296' title='bbox 577 1398 662 1428; x_wconf 82' lang='lat' dir='ltr'>venit.</span> <span class='ocrx_word' id='word_1_297' title='bbox 691 1396 793 1427; x_wconf 84' lang='lat' dir='ltr'>Scal.</span> <span class='ocrx_word' id='word_1_298' title='bbox 838 1399 861 1427; x_wconf 81' lang='lat' dir='ltr'><strong>A</strong></span> <span class='ocrx_word' id='word_1_299' title='bbox 886 1398 1000 1427; x_wconf 80' lang='lat' dir='ltr'>Graeco</span> <span class='ocrx_word' id='word_1_300' title='bbox 1025 1397 1116 1433; x_wconf 77' lang='grc' dir='ltr'><em>ἕωλος</em></span> <span class='ocrx_word' id='word_1_301' title='bbox 1137 1397 1282 1426; x_wconf 73' lang='lat' dir='ltr'>hesternus</span> <span class='ocrx_word' id='word_1_302' title='bbox 1306 1398 1407 1427; x_wconf 84' lang='lat' dir='ltr'>Festus</span> <span class='ocrx_word' id='word_1_303' title='bbox 1431 1398 1548 1427; x_wconf 88' lang='lat' dir='ltr'>videtur</span> <span class='ocrx_word' id='word_1_304' title='bbox 1571 1398 1720 1428; x_wconf 84' lang='lat' dir='ltr'>deducere</span> <span class='ocrx_word' id='word_1_305' title='bbox 1743 1399 1926 1437; x_wconf 81' lang='lat' dir='ltr'>transposito</span> <span class='ocrx_word' id='word_1_306' title='bbox 1950 1397 1963 1427; x_wconf 89' lang='grc' dir='ltr'><strong><em>Ζ</em></strong></span> <span class='ocrx_word' id='word_1_307' title='bbox 1984 1403 2012 1426; x_wconf 89' lang='lat' dir='ltr'>et</span> <span class='ocrx_word' id='word_1_308' title='bbox 2036 1397 2137 1426; x_wconf 80' lang='lat' dir='ltr'>addito</span> <span class='ocrx_word' id='word_1_309' title='bbox 2162 1408 2188 1431; x_wconf 88' lang='lat' dir='ltr'>c,</span> 
     </span>
     <span class='ocr_line' id='line_1_26' title="bbox 241 1439 2191 1479; baseline -0.002 -9"><span class='ocrx_word' id='word_1_310' title='bbox 241 1442 280 1470; x_wconf 89' lang='lat' dir='ltr'>ita</span> <span class='ocrx_word' id='word_1_311' title='bbox 304 1446 337 1470; x_wconf 89' lang='lat' dir='ltr'>ut</span> <span class='ocrx_word' id='word_1_312' title='bbox 358 1441 381 1469; x_wconf 93' lang='lat' dir='ltr'>is</span> <span class='ocrx_word' id='word_1_313' title='bbox 404 1440 501 1470; x_wconf 83' lang='lat' dir='ltr'>elucus</span> <span class='ocrx_word' id='word_1_314' title='bbox 523 1440 658 1477; x_wconf 84' lang='lat' dir='ltr'>dicatur,</span> <span class='ocrx_word' id='word_1_315' title='bbox 681 1440 733 1478; x_wconf 89' lang='lat' dir='ltr'>qui</span> <span class='ocrx_word' id='word_1_316' title='bbox 755 1439 894 1470; x_wconf 87' lang='lat' dir='ltr'>hesterno</span> <span class='ocrx_word' id='word_1_317' title='bbox 919 1441 1003 1478; x_wconf 88' lang='lat' dir='ltr'>vino,</span> <span class='ocrx_word' id='word_1_318' title='bbox 1026 1440 1170 1469; x_wconf 85' lang='lat' dir='ltr'>hesternis</span> <span class='ocrx_word' id='word_1_319' title='bbox 1193 1441 1288 1479; x_wconf 86' lang='lat' dir='ltr'>epulis</span> <span class='ocrx_word' id='word_1_320' title='bbox 1311 1441 1447 1479; x_wconf 77' lang='lat' dir='ltr'>languet,</span> <span class='ocrx_word' id='word_1_321' title='bbox 1471 1441 1549 1469; x_wconf 89' lang='lat' dir='ltr'>unde</span> <span class='ocrx_word' id='word_1_322' title='bbox 1573 1446 1601 1470; x_wconf 89' lang='lat' dir='ltr'>et</span> <span class='ocrx_word' id='word_1_323' title='bbox 1616 1441 1693 1469; x_wconf 77' lang='lat' dir='ltr'>infra</span> <span class='ocrx_word' id='word_1_324' title='bbox 1710 1441 1760 1472; x_wconf 87' lang='lat' dir='ltr'>lib.</span> <span class='ocrx_word' id='word_1_325' title='bbox 1776 1442 1867 1470; x_wconf 81' lang='lat' dir='ltr'>VllL:</span> <span class='ocrx_word' id='word_1_326' title='bbox 1891 1439 2038 1470; x_wconf 86' lang='lat' dir='ltr'>Helucum</span> <span class='ocrx_word' id='word_1_327' title='bbox 2055 1440 2090 1468; x_wconf 90' lang='lat' dir='ltr'>ab</span> <span class='ocrx_word' id='word_1_328' title='bbox 2107 1439 2191 1467; x_wconf 88' lang='lat' dir='ltr'>hiatu</span> 
     </span>
     <span class='ocr_line' id='line_1_27' title="bbox 243 1479 2193 1524; baseline -0.002 -11"><span class='ocrx_word' id='word_1_329' title='bbox 243 1489 271 1513; x_wconf 92' lang='lat' dir='ltr'>et</span> <span class='ocrx_word' id='word_1_330' title='bbox 295 1484 469 1513; x_wconf 81' lang='lat' dir='ltr'>oscitatione</span> <span class='ocrx_word' id='word_1_331' title='bbox 495 1482 607 1512; x_wconf 90' lang='lat' dir='ltr'>dictum</span> <span class='ocrx_word' id='word_1_332' title='bbox 632 1483 745 1511; x_wconf 81' lang='lat' dir='ltr'>scribit.</span> <span class='ocrx_word' id='word_1_333' title='bbox 790 1484 827 1512; x_wconf 84' lang='lat' dir='ltr'>At</span> <span class='ocrx_word' id='word_1_334' title='bbox 851 1484 965 1512; x_wconf 88' lang='lat' dir='ltr'>Gellius</span> <span class='ocrx_word' id='word_1_335' title='bbox 988 1483 1007 1512; x_wconf 88' lang='lat' dir='ltr'>l.</span> <span class='ocrx_word' id='word_1_336' title='bbox 1026 1493 1052 1513; x_wconf 89' lang='lat' dir='ltr'>e.</span> <span class='ocrx_word' id='word_1_337' title='bbox 1077 1481 1209 1512; x_wconf 75' lang='lat' dir='ltr'>Cloatius</span> <span class='ocrx_word' id='word_1_338' title='bbox 1234 1482 1345 1518; x_wconf 82' lang='lat' dir='ltr'>Verus,</span> <span class='ocrx_word' id='word_1_339' title='bbox 1382 1483 1496 1521; x_wconf 87' lang='lat' dir='ltr'>inquit,</span> <span class='ocrx_word' id='word_1_340' title='bbox 1527 1482 1676 1513; x_wconf 84' lang='lat' dir='ltr'>alucinari</span> <span class='ocrx_word' id='word_1_341' title='bbox 1693 1483 1818 1524; x_wconf 84' lang='lat' dir='ltr'>factum</span> <span class='ocrx_word' id='word_1_342' title='bbox 1841 1483 1943 1513; x_wconf 78' lang='lat' dir='ltr'>scribit</span> <span class='ocrx_word' id='word_1_343' title='bbox 1966 1493 2006 1511; x_wconf 76' lang='lat' dir='ltr'>ea:</span> <span class='ocrx_word' id='word_1_344' title='bbox 2027 1493 2076 1519; x_wconf 80' lang='lat' dir='ltr'>eo,</span> <span class='ocrx_word' id='word_1_345' title='bbox 2113 1479 2193 1522; x_wconf 75' lang='lat' dir='ltr'>quod</span> 
     </span>
     <span class='ocr_line' id='line_1_28' title="bbox 244 1523 2192 1566; baseline -0.002 -10"><span class='ocrx_word' id='word_1_346' title='bbox 244 1525 352 1556; x_wconf 79' lang='lat' dir='ltr'>dicitur</span> <span class='ocrx_word' id='word_1_347' title='bbox 377 1524 487 1555; x_wconf 85' lang='lat' dir='ltr'>Graece</span> <span class='ocrx_word' id='word_1_348' title='bbox 509 1523 628 1562; x_wconf 73' lang='grc' dir='ltr'><em>ἀλύειν,</em></span> <span class='ocrx_word' id='word_1_349' title='bbox 660 1524 736 1555; x_wconf 79' lang='lat' dir='ltr'>unde</span> <span class='ocrx_word' id='word_1_350' title='bbox 759 1524 871 1555; x_wconf 84' lang='lat' dir='ltr'>elucum</span> <span class='ocrx_word' id='word_1_351' title='bbox 895 1537 1008 1566; x_wconf 83' lang='lat' dir='ltr'>quoqne</span> <span class='ocrx_word' id='word_1_352' title='bbox 1030 1537 1087 1554; x_wconf 81' lang='lat' dir='ltr'>esse</span> <span class='ocrx_word' id='word_1_353' title='bbox 1106 1532 1208 1565; x_wconf 73' lang='lat' dir='ltr'>putat,</span> <span class='ocrx_word' id='word_1_354' title='bbox 1246 1536 1263 1553; x_wconf 86' lang='lat' dir='ltr'>a</span> <span class='ocrx_word' id='word_1_355' title='bbox 1287 1524 1371 1554; x_wconf 75' lang='lat' dir='ltr'>litera</span> <span class='ocrx_word' id='word_1_356' title='bbox 1393 1526 1423 1554; x_wconf 83' lang='lat' dir='ltr'>in</span> <span class='ocrx_word' id='word_1_357' title='bbox 1445 1537 1459 1554; x_wconf 94' lang='lat' dir='ltr'>e</span> <span class='ocrx_word' id='word_1_358' title='bbox 1482 1537 1626 1555; x_wconf 82' lang='lat' dir='ltr'>conversa.</span> <span class='ocrx_word' id='word_1_359' title='bbox 1671 1525 1755 1555; x_wconf 89' lang='lat' dir='ltr'>Unde</span> <span class='ocrx_word' id='word_1_360' title='bbox 1777 1526 1963 1564; x_wconf 84' lang='lat' dir='ltr'>colligimus,</span> <span class='ocrx_word' id='word_1_361' title='bbox 1992 1524 2109 1553; x_wconf 89' lang='lat' dir='ltr'>elucum</span> <span class='ocrx_word' id='word_1_362' title='bbox 2132 1534 2192 1552; x_wconf 87' lang='lat' dir='ltr'>non</span> 
     </span>
     <span class='ocr_line' id='line_1_29' title="bbox 242 1567 2192 1607; baseline -0.003 -9"><span class='ocrx_word' id='word_1_363' title='bbox 242 1569 338 1598; x_wconf 74' lang='lat' dir='ltr'>solum</span> <span class='ocrx_word' id='word_1_364' title='bbox 360 1568 548 1607; x_wconf 78' lang='lat' dir='ltr'>languidum,</span> <span class='ocrx_word' id='word_1_365' title='bbox 571 1568 797 1605; x_wconf 86' lang='lat' dir='ltr'>semisomnum‚</span> <span class='ocrx_word' id='word_1_366' title='bbox 821 1569 1045 1597; x_wconf 87' lang='lat' dir='ltr'>allucinatorem</span> <span class='ocrx_word' id='word_1_367' title='bbox 1068 1568 1130 1596; x_wconf 87' lang='lat' dir='ltr'>sive</span> <span class='ocrx_word' id='word_1_368' title='bbox 1152 1567 1287 1595; x_wconf 88' lang='lat' dir='ltr'>halonem</span> <span class='ocrx_word' id='word_1_369' title='bbox 1312 1567 1494 1605; x_wconf 84' lang='lat' dir='ltr'>significare,</span> <span class='ocrx_word' id='word_1_370' title='bbox 1517 1568 1567 1596; x_wconf 90' lang='lat' dir='ltr'>sed</span> <span class='ocrx_word' id='word_1_371' title='bbox 1590 1568 1676 1596; x_wconf 85' lang='lat' dir='ltr'>etiam</span> <span class='ocrx_word' id='word_1_372' title='bbox 1701 1569 1837 1597; x_wconf 84' lang='lat' dir='ltr'>morbum</span> <span class='ocrx_word' id='word_1_373' title='bbox 1862 1570 1908 1598; x_wconf 88' lang='lat' dir='ltr'>vel</span> <span class='ocrx_word' id='word_1_374' title='bbox 1933 1568 2070 1597; x_wconf 81' lang='lat' dir='ltr'>affectum</span> <span class='ocrx_word' id='word_1_375' title='bbox 2094 1567 2192 1606; x_wconf 84' lang='lat' dir='ltr'>ipsum</span> 
     </span>
     <span class='ocr_line' id='line_1_30' title="bbox 248 1609 2192 1650; baseline -0.002 -10"><span class='ocrx_word' id='word_1_376' title='bbox 248 1612 284 1640; x_wconf 91' lang='lat' dir='ltr'>ob</span> <span class='ocrx_word' id='word_1_377' title='bbox 307 1612 437 1640; x_wconf 77' lang='lat' dir='ltr'>hesterni</span> <span class='ocrx_word' id='word_1_378' title='bbox 460 1611 523 1640; x_wconf 83' lang='lat' dir='ltr'>vini</span> <span class='ocrx_word' id='word_1_379' title='bbox 545 1611 754 1650; x_wconf 84' lang='lat' dir='ltr'>repletionem,</span> <span class='ocrx_word' id='word_1_380' title='bbox 780 1621 868 1649; x_wconf 90' lang='lat' dir='ltr'>quem</span> <span class='ocrx_word' id='word_1_381' title='bbox 892 1610 997 1639; x_wconf 85' lang='lat' dir='ltr'>Graeci</span> <span class='ocrx_word' id='word_1_382' title='bbox 1020 1610 1223 1647; x_wconf 75' lang='grc' dir='ltr'><em>ἑωλοκρασίαν</em></span> <span class='ocrx_word' id='word_1_383' title='bbox 1245 1614 1363 1640; x_wconf 88' lang='lat' dir='ltr'>vocant.</span> <span class='ocrx_word' id='word_1_384' title='bbox 1402 1610 1450 1638; x_wconf 81' lang='lat' dir='ltr'>Sic</span> <span class='ocrx_word' id='word_1_385' title='bbox 1473 1610 1673 1639; x_wconf 87' lang='lat' dir='ltr'>Tertullianus</span> <span class='ocrx_word' id='word_1_386' title='bbox 1696 1611 1714 1638; x_wconf 90' lang='lat' dir='ltr'>l.</span> <span class='ocrx_word' id='word_1_387' title='bbox 1738 1621 1762 1641; x_wconf 83' lang='lat' dir='ltr'>c.</span> <span class='ocrx_word' id='word_1_388' title='bbox 1801 1612 1841 1639; x_wconf 80' lang='lat' dir='ltr'>De</span> <span class='ocrx_word' id='word_1_389' title='bbox 1865 1616 1962 1650; x_wconf 84' lang='lat' dir='ltr'>etymo</span> <span class='ocrx_word' id='word_1_390' title='bbox 1986 1614 2084 1638; x_wconf 78' lang='lat' dir='ltr'>autem</span> <span class='ocrx_word' id='word_1_391' title='bbox 2105 1609 2192 1637; x_wconf 84' lang='lat' dir='ltr'>Festo</span> 
     </span>
     <span class='ocr_line' id='line_1_31' title="bbox 245 1651 2194 1691; baseline -0.002 -8"><span class='ocrx_word' id='word_1_392' title='bbox 245 1655 342 1691; x_wconf 81' lang='lat' dir='ltr'>potius</span> <span class='ocrx_word' id='word_1_393' title='bbox 366 1654 527 1690; x_wconf 86' lang='lat' dir='ltr'>assentior,</span> <span class='ocrx_word' id='word_1_394' title='bbox 567 1654 622 1681; x_wconf 93' lang='lat' dir='ltr'>nisi</span> <span class='ocrx_word' id='word_1_395' title='bbox 645 1654 728 1681; x_wconf 86' lang='lat' dir='ltr'>malis</span> <span class='ocrx_word' id='word_1_396' title='bbox 757 1651 869 1682; x_wconf 82' lang='lat' dir='ltr'>elucum</span> <span class='ocrx_word' id='word_1_397' title='bbox 901 1663 962 1682; x_wconf 89' lang='lat' dir='ltr'>esse</span> <span class='ocrx_word' id='word_1_398' title='bbox 993 1653 1076 1691; x_wconf 87' lang='lat' dir='ltr'>quasi</span> <span class='ocrx_word' id='word_1_399' title='bbox 1107 1651 1200 1688; x_wconf 70' lang='lat' dir='ltr'>clune,</span> <span class='ocrx_word' id='word_1_400' title='bbox 1237 1652 1268 1680; x_wconf 88' lang='lat' dir='ltr'>id</span> <span class='ocrx_word' id='word_1_401' title='bbox 1300 1657 1345 1680; x_wconf 90' lang='lat' dir='ltr'>est</span> <span class='ocrx_word' id='word_1_402' title='bbox 1373 1653 1434 1680; x_wconf 80' lang='lat' dir='ltr'>sine</span> <span class='ocrx_word' id='word_1_403' title='bbox 1461 1651 1532 1681; x_wconf 81' lang='lat' dir='ltr'>luce.</span> <span class='ocrx_word' id='word_1_404' title='bbox 1580 1653 1619 1680; x_wconf 88' lang='lat' dir='ltr'>De</span> <span class='ocrx_word' id='word_1_405' title='bbox 1644 1651 1792 1681; x_wconf 80' lang='lat' dir='ltr'>alucinari</span> <span class='ocrx_word' id='word_1_406' title='bbox 1813 1653 1881 1681; x_wconf 91' lang='lat' dir='ltr'>vide</span> <span class='ocrx_word' id='word_1_407' title='bbox 1904 1652 2088 1681; x_wconf 74' lang='lat' dir='ltr'>Alucinatio.</span> <span class='ocrx_word' id='word_1_408' title='bbox 2135 1651 2194 1680; x_wconf 89' lang='lat' dir='ltr'>Sed</span> 
     </span>
     <span class='ocr_line' id='line_1_32' title="bbox 248 1691 2195 1736; baseline -0.001 -13"><span class='ocrx_word' id='word_1_409' title='bbox 248 1698 364 1726; x_wconf 86' lang='lat' dir='ltr'>omnino</span> <span class='ocrx_word' id='word_1_410' title='bbox 393 1695 491 1726; x_wconf 85' lang='lat' dir='ltr'>elucus</span> <span class='ocrx_word' id='word_1_411' title='bbox 521 1700 563 1725; x_wconf 86' lang='lat' dir='ltr'>est</span> <span class='ocrx_word' id='word_1_412' title='bbox 593 1706 629 1724; x_wconf 81' lang='lat' dir='ltr'>ex</span> <span class='ocrx_word' id='word_1_413' title='bbox 653 1696 766 1724; x_wconf 80' lang='lat' dir='ltr'>Graeco</span> <span class='ocrx_word' id='word_1_414' title='bbox 795 1691 914 1736; x_wconf 78' lang='grc' dir='ltr'><strong><em>η’λυγός.</em></strong></span> <span class='ocrx_word' id='word_1_415' title='bbox 958 1695 1091 1723; x_wconf 77' lang='lat' dir='ltr'>Tardum</span> <span class='ocrx_word' id='word_1_416' title='bbox 1122 1699 1150 1722; x_wconf 91' lang='lat' dir='ltr'>et</span> <span class='ocrx_word' id='word_1_417' title='bbox 1181 1694 1315 1723; x_wconf 86' lang='lat' dir='ltr'>hebetem</span> <span class='ocrx_word' id='word_1_418' title='bbox 1346 1694 1492 1732; x_wconf 71' lang='lat' dir='ltr'>significat</span> <span class='ocrx_word' id='word_1_419' title='bbox 1521 1695 1660 1734; x_wconf 78' lang='lat' dir='ltr'>proprie,</span> <span class='ocrx_word' id='word_1_420' title='bbox 1698 1695 1745 1723; x_wconf 85' lang='lat' dir='ltr'>vel</span> <span class='ocrx_word' id='word_1_421' title='bbox 1777 1696 1946 1724; x_wconf 82' lang='lat' dir='ltr'>tarditatem</span> <span class='ocrx_word' id='word_1_422' title='bbox 1974 1703 2008 1721; x_wconf 87' lang='lat' dir='ltr'>ac</span> <span class='ocrx_word' id='word_1_423' title='bbox 2030 1697 2195 1732; x_wconf 84' lang='lat' dir='ltr'>stuporem.</span> 
     </span>
     <span class='ocr_line' id='line_1_33' title="bbox 247 1733 2195 1779; baseline -0.001 -12"><span class='ocrx_word' id='word_1_424' title='bbox 247 1733 354 1778; x_wconf 76' lang='grc' dir='ltr'><strong><em>Ἠλυγὰ</em></strong></span> <span class='ocrx_word' id='word_1_425' title='bbox 377 1737 431 1778; x_wconf 76' lang='grc' dir='ltr'>ὅρη</span> <span class='ocrx_word' id='word_1_426' title='bbox 454 1739 535 1777; x_wconf 80' lang='lat' dir='ltr'>apud</span> <span class='ocrx_word' id='word_1_427' title='bbox 558 1743 676 1777; x_wconf 86' lang='lat' dir='ltr'>poetam</span> <span class='ocrx_word' id='word_1_428' title='bbox 699 1743 832 1767; x_wconf 74' lang='lat' dir='ltr'>veterem</span> <span class='ocrx_word' id='word_1_429' title='bbox 855 1736 890 1768; x_wconf 74' lang='grc' dir='ltr'>τὰ</span> <span class='ocrx_word' id='word_1_430' title='bbox 914 1737 945 1768; x_wconf 81' lang='grc' dir='ltr'>ἐν</span> <span class='ocrx_word' id='word_1_431' title='bbox 969 1735 1065 1779; x_wconf 77' lang='grc' dir='ltr'>σκότῳ</span> <span class='ocrx_word' id='word_1_432' title='bbox 1088 1735 1273 1776; x_wconf 74' lang='grc' dir='ltr'><em>κατεχόμενα.</em></span> <span class='ocrx_word' id='word_1_433' title='bbox 1310 1736 1387 1765; x_wconf 87' lang='lat' dir='ltr'>Hinc</span> <span class='ocrx_word' id='word_1_434' title='bbox 1410 1734 1538 1777; x_wconf 68' lang='grc' dir='ltr'>ήλυγός,</span> <span class='ocrx_word' id='word_1_435' title='bbox 1560 1736 1649 1765; x_wconf 88' lang='lat' dir='ltr'>homo</span> <span class='ocrx_word' id='word_1_436' title='bbox 1674 1737 1795 1773; x_wconf 80' lang='lat' dir='ltr'>elneus,</span> <span class='ocrx_word' id='word_1_437' title='bbox 1818 1737 1877 1765; x_wconf 90' lang='lat' dir='ltr'>hoc</span> <span class='ocrx_word' id='word_1_438' title='bbox 1902 1741 1945 1765; x_wconf 90' lang='lat' dir='ltr'>est</span> <span class='ocrx_word' id='word_1_439' title='bbox 1969 1735 1985 1767; x_wconf 84' lang='grc' dir='ltr'>ὁ</span> <span class='ocrx_word' id='word_1_440' title='bbox 2008 1734 2195 1773; x_wconf 79' lang='grc' dir='ltr'><strong><em>ἐπεσκιασμὲ-</em></strong></span> 
     </span>
     <span class='ocr_line' id='line_1_34' title="bbox 252 1777 2195 1820; baseline -0.001 -12"><span class='ocrx_word' id='word_1_441' title='bbox 252 1792 320 1815; x_wconf 83' lang='grc' dir='ltr'>ιὀς,</span> <span class='ocrx_word' id='word_1_442' title='bbox 342 1780 480 1810; x_wconf 79' lang='lat' dir='ltr'>tarditate</span> <span class='ocrx_word' id='word_1_443' title='bbox 503 1791 537 1810; x_wconf 85' lang='lat' dir='ltr'>ac</span> <span class='ocrx_word' id='word_1_444' title='bbox 560 1786 682 1820; x_wconf 88' lang='lat' dir='ltr'>stupore</span> <span class='ocrx_word' id='word_1_445' title='bbox 706 1780 843 1810; x_wconf 87' lang='lat' dir='ltr'>obsessus</span> <span class='ocrx_word' id='word_1_446' title='bbox 867 1785 896 1809; x_wconf 87' lang='lat' dir='ltr'>et</span> <span class='ocrx_word' id='word_1_447' title='bbox 918 1790 1093 1820; x_wconf 80' lang='lat' dir='ltr'>oppressus3</span> <span class='ocrx_word' id='word_1_448' title='bbox 1119 1780 1171 1808; x_wconf 88' lang='lat' dir='ltr'>sed</span> <span class='ocrx_word' id='word_1_449' title='bbox 1194 1785 1221 1808; x_wconf 88' lang='lat' dir='ltr'>et</span> <span class='ocrx_word' id='word_1_450' title='bbox 1242 1790 1296 1819; x_wconf 82' lang='lat' dir='ltr'>pro</span> <span class='ocrx_word' id='word_1_451' title='bbox 1319 1780 1385 1819; x_wconf 87' lang='lat' dir='ltr'>ipso</span> <span class='ocrx_word' id='word_1_452' title='bbox 1409 1780 1515 1808; x_wconf 86' lang='lat' dir='ltr'>affectu</span> <span class='ocrx_word' id='word_1_453' title='bbox 1539 1781 1676 1811; x_wconf 87' lang='lat' dir='ltr'>sumitur.</span> <span class='ocrx_word' id='word_1_454' title='bbox 1709 1779 1789 1809; x_wconf 87' lang='lat' dir='ltr'>Haec</span> <span class='ocrx_word' id='word_1_455' title='bbox 1806 1780 1927 1808; x_wconf 82' lang='lat' dir='ltr'>Salmas.</span> <span class='ocrx_word' id='word_1_456' title='bbox 1946 1778 1976 1807; x_wconf 88' lang='lat' dir='ltr'>in</span> <span class='ocrx_word' id='word_1_457' title='bbox 1993 1778 2083 1808; x_wconf 82' lang='lat' dir='ltr'>Solin.</span> <span class='ocrx_word' id='word_1_458' title='bbox 2108 1777 2195 1807; x_wconf 87' lang='lat' dir='ltr'>Dac.</span> 
     </span>
    </p>
   </div>
   <div class='ocr_carea' id='block_1_11' title="bbox 411 1830 1080 1871">
    <p class='ocr_par' dir='ltr' id='par_1_11' title="bbox 411 1830 1080 1871">
     <span class='ocr_line' id='line_1_35' title="bbox 411 1830 1080 1871; baseline 0.001 -12"><span class='ocrx_word' id='word_1_459' title='bbox 411 1830 545 1861; x_wconf 82' lang='lat' dir='ltr'>Emere.</span> <span class='ocrx_word' id='word_1_460' title='bbox 591 1832 665 1861; x_wconf 86' lang='lat' dir='ltr'>Vide</span> <span class='ocrx_word' id='word_1_461' title='bbox 686 1842 776 1871; x_wconf 81' lang='lat' dir='ltr'>supra</span> <span class='ocrx_word' id='word_1_462' title='bbox 798 1830 948 1860; x_wconf 77' lang='lat' dir='ltr'>Abemito.</span> <span class='ocrx_word' id='word_1_463' title='bbox 992 1831 1045 1860; x_wconf 84' lang='lat' dir='ltr'>Da</span> <span class='ocrx_word' id='word_1_464' title='bbox 1056 1842 1080 1860; x_wconf 90' lang='lat' dir='ltr'>c.</span> 
     </span>
    </p>
   </div>
   <div class='ocr_carea' id='block_1_12' title="bbox 256 1877 2197 2132">
    <p class='ocr_par' dir='ltr' id='par_1_12' title="bbox 256 1877 2197 2132">
     <span class='ocr_line' id='line_1_36' title="bbox 414 1877 2196 1921; baseline -0.002 -10"><span class='ocrx_word' id='word_1_465' title='bbox 414 1881 548 1911; x_wconf 85' lang='lat' dir='ltr'>Elices.</span> <span class='ocrx_word' id='word_1_466' title='bbox 595 1882 795 1911; x_wconf 76' lang='lat' dir='ltr'>Glossarium:</span> <span class='ocrx_word' id='word_1_467' title='bbox 820 1880 895 1911; x_wconf 80' lang='lat' dir='ltr'>Elix</span> <span class='ocrx_word' id='word_1_468' title='bbox 918 1879 1056 1920; x_wconf 66' lang='grc' dir='ltr'>α’νανῑνοή</span> <span class='ocrx_word' id='word_1_469' title='bbox 1080 1877 1191 1920; x_wconf 77' lang='grc' dir='ltr'><strong>ὀχετοῦ.</strong></span> <span class='ocrx_word' id='word_1_470' title='bbox 1225 1879 1389 1910; x_wconf 82' lang='lat' dir='ltr'>Elicatores</span> <span class='ocrx_word' id='word_1_471' title='bbox 1410 1878 1610 1921; x_wconf 72' lang='grc' dir='ltr'><strong><em>ὖδροσκόποι.</em></strong></span> <span class='ocrx_word' id='word_1_472' title='bbox 1646 1881 1720 1909; x_wconf 85' lang='lat' dir='ltr'>Male</span> <span class='ocrx_word' id='word_1_473' title='bbox 1734 1885 1880 1919; x_wconf 88' lang='lat' dir='ltr'>putantur</span> <span class='ocrx_word' id='word_1_474' title='bbox 1899 1879 1960 1908; x_wconf 90' lang='lat' dir='ltr'>dici</span> <span class='ocrx_word' id='word_1_475' title='bbox 1977 1879 2068 1915; x_wconf 79' lang='grc' dir='ltr'><strong><em>ἕλικες</em></strong></span> <span class='ocrx_word' id='word_1_476' title='bbox 2085 1879 2196 1908; x_wconf 87' lang='lat' dir='ltr'>Graece</span> 
     </span>
     <span class='ocr_line' id='line_1_37' title="bbox 256 1922 2196 1962; baseline 0.001 -14"><span class='ocrx_word' id='word_1_477' title='bbox 256 1922 284 1948; x_wconf 89' lang='lat' dir='ltr'>in</span> <span class='ocrx_word' id='word_1_478' title='bbox 307 1922 390 1952; x_wconf 90' lang='lat' dir='ltr'>lib.l.</span> <span class='ocrx_word' id='word_1_479' title='bbox 414 1925 443 1952; x_wconf 85' lang='lat' dir='ltr'>l).</span> <span class='ocrx_word' id='word_1_480' title='bbox 467 1925 503 1952; x_wconf 82' lang='lat' dir='ltr'>de</span> <span class='ocrx_word' id='word_1_481' title='bbox 526 1935 603 1962; x_wconf 80' lang='lat' dir='ltr'>aqua</span> <span class='ocrx_word' id='word_1_482' title='bbox 626 1930 655 1953; x_wconf 84' lang='lat' dir='ltr'>et</span> <span class='ocrx_word' id='word_1_483' title='bbox 678 1935 770 1962; x_wconf 85' lang='lat' dir='ltr'>aquae</span> <span class='ocrx_word' id='word_1_484' title='bbox 794 1924 875 1962; x_wconf 87' lang='lat' dir='ltr'>pluv.</span> <span class='ocrx_word' id='word_1_485' title='bbox 899 1925 929 1952; x_wconf 90' lang='lat' dir='ltr'>in</span> <span class='ocrx_word' id='word_1_486' title='bbox 947 1925 1105 1953; x_wconf 76' lang='lat' dir='ltr'>Pandectis</span> <span class='ocrx_word' id='word_1_487' title='bbox 1121 1924 1306 1952; x_wconf 76' lang='lat' dir='ltr'>Florentinis.</span> <span class='ocrx_word' id='word_1_488' title='bbox 1339 1924 1440 1962; x_wconf 90' lang='lat' dir='ltr'>Neque</span> <span class='ocrx_word' id='word_1_489' title='bbox 1463 1925 1555 1960; x_wconf 81' lang='lat' dir='ltr'>enim,</span> <span class='ocrx_word' id='word_1_490' title='bbox 1580 1929 1613 1952; x_wconf 89' lang='lat' dir='ltr'>ut</span> <span class='ocrx_word' id='word_1_491' title='bbox 1636 1929 1726 1962; x_wconf 85' lang='lat' dir='ltr'>puto,</span> <span class='ocrx_word' id='word_1_492' title='bbox 1751 1933 1879 1960; x_wconf 83' lang='lat' dir='ltr'>unquam</span> <span class='ocrx_word' id='word_1_493' title='bbox 1903 1922 1933 1950; x_wconf 87' lang='lat' dir='ltr'>id</span> <span class='ocrx_word' id='word_1_494' title='bbox 1958 1923 2099 1961; x_wconf 82' lang='lat' dir='ltr'>Ulpianus</span> <span class='ocrx_word' id='word_1_495' title='bbox 2123 1922 2196 1950; x_wconf 85' lang='lat' dir='ltr'>scri-</span> 
     </span>
     <span class='ocr_line' id='line_1_38' title="bbox 256 1964 2196 2005; baseline 0.001 -15"><span class='ocrx_word' id='word_1_496' title='bbox 256 1969 360 2001; x_wconf 85' lang='lat' dir='ltr'>pserat.</span> <span class='ocrx_word' id='word_1_497' title='bbox 391 1964 488 1995; x_wconf 87' lang='lat' dir='ltr'>Scal.</span> <span class='ocrx_word' id='word_1_498' title='bbox 533 1968 577 1996; x_wconf 82' lang='lat' dir='ltr'>Ab</span> <span class='ocrx_word' id='word_1_499' title='bbox 608 1968 752 1996; x_wconf 87' lang='lat' dir='ltr'>eliciendo</span> <span class='ocrx_word' id='word_1_500' title='bbox 782 1967 868 1995; x_wconf 85' lang='lat' dir='ltr'>elices</span> <span class='ocrx_word' id='word_1_501' title='bbox 892 1967 964 1995; x_wconf 89' lang='lat' dir='ltr'>dicti</span> <span class='ocrx_word' id='word_1_502' title='bbox 990 1967 1081 2002; x_wconf 82' lang='lat' dir='ltr'>sulci,</span> <span class='ocrx_word' id='word_1_503' title='bbox 1115 1977 1169 2005; x_wconf 81' lang='lat' dir='ltr'>per</span> <span class='ocrx_word' id='word_1_504' title='bbox 1192 1976 1267 2005; x_wconf 91' lang='lat' dir='ltr'>quos</span> <span class='ocrx_word' id='word_1_505' title='bbox 1290 1976 1364 2004; x_wconf 87' lang='lat' dir='ltr'>aqua</span> <span class='ocrx_word' id='word_1_506' title='bbox 1388 1976 1403 1994; x_wconf 89' lang='lat' dir='ltr'>e</span> <span class='ocrx_word' id='word_1_507' title='bbox 1425 1967 1505 2002; x_wconf 87' lang='lat' dir='ltr'>liris,</span> <span class='ocrx_word' id='word_1_508' title='bbox 1541 1966 1571 1994; x_wconf 91' lang='lat' dir='ltr'>id</span> <span class='ocrx_word' id='word_1_509' title='bbox 1597 1972 1641 1994; x_wconf 87' lang='lat' dir='ltr'>est</span> <span class='ocrx_word' id='word_1_510' title='bbox 1664 1966 1753 1998; x_wconf 87' lang='lat' dir='ltr'>sulcis</span> <span class='ocrx_word' id='word_1_511' title='bbox 1776 1965 1941 1993; x_wconf 86' lang='lat' dir='ltr'>minoribus</span> <span class='ocrx_word' id='word_1_512' title='bbox 1964 1969 2048 1993; x_wconf 77' lang='lat' dir='ltr'>extra</span> <span class='ocrx_word' id='word_1_513' title='bbox 2070 1969 2196 2001; x_wconf 80' lang='lat' dir='ltr'>segetem</span> 
     </span>
     <span class='ocr_line' id='line_1_39' title="bbox 258 2005 2197 2050; baseline 0.002 -19"><span class='ocrx_word' id='word_1_514' title='bbox 258 2005 400 2034; x_wconf 82' lang='lat' dir='ltr'>educitur.</span> <span class='ocrx_word' id='word_1_515' title='bbox 429 2008 540 2037; x_wconf 83' lang='lat' dir='ltr'>Colum.</span> <span class='ocrx_word' id='word_1_516' title='bbox 564 2010 613 2039; x_wconf 88' lang='lat' dir='ltr'>lib.</span> <span class='ocrx_word' id='word_1_517' title='bbox 627 2011 662 2039; x_wconf 86' lang='lat' dir='ltr'>ll.</span> <span class='ocrx_word' id='word_1_518' title='bbox 682 2012 806 2048; x_wconf 75' lang='lat' dir='ltr'>cap.8.:</span> <span class='ocrx_word' id='word_1_519' title='bbox 830 2008 890 2037; x_wconf 75' lang='lat' dir='ltr'>Sed</span> <span class='ocrx_word' id='word_1_520' title='bbox 912 2010 1044 2049; x_wconf 80' lang='lat' dir='ltr'>quamvis</span> <span class='ocrx_word' id='word_1_521' title='bbox 1067 2010 1228 2048; x_wconf 75' lang='lat' dir='ltr'>tempestive</span> <span class='ocrx_word' id='word_1_522' title='bbox 1249 2009 1382 2037; x_wconf 74' lang='lat' dir='ltr'>sementis</span> <span class='ocrx_word' id='word_1_523' title='bbox 1404 2008 1539 2050; x_wconf 61' lang='lat' dir='ltr'>confecia</span> <span class='ocrx_word' id='word_1_524' title='bbox 1560 2010 1627 2044; x_wconf 81' lang='lat' dir='ltr'>erit,</span> <span class='ocrx_word' id='word_1_525' title='bbox 1651 2008 1799 2037; x_wconf 78' lang='lat' dir='ltr'>cavebitur</span> <span class='ocrx_word' id='word_1_526' title='bbox 1822 2014 1933 2042; x_wconf 81' lang='lat' dir='ltr'>tamen,</span> <span class='ocrx_word' id='word_1_527' title='bbox 1957 2015 1987 2035; x_wconf 76' lang='lat' dir='ltr'>ut</span> <span class='ocrx_word' id='word_1_528' title='bbox 2007 2013 2138 2046; x_wconf 75' lang='lat' dir='ltr'>patentes</span> <span class='ocrx_word' id='word_1_529' title='bbox 2159 2005 2197 2035; x_wconf 80' lang='grc' dir='ltr'>Ζί-</span> 
     </span>
     <span class='ocr_line' id='line_1_40' title="bbox 260 2047 2196 2092; baseline 0.003 -20"><span class='ocrx_word' id='word_1_530' title='bbox 260 2055 308 2073; x_wconf 84' lang='lat' dir='ltr'>ras</span> <span class='ocrx_word' id='word_1_531' title='bbox 329 2047 494 2087; x_wconf 76' lang='lat' dir='ltr'>crebrosque</span> <span class='ocrx_word' id='word_1_532' title='bbox 516 2050 612 2081; x_wconf 79' lang='lat' dir='ltr'>sulcos</span> <span class='ocrx_word' id='word_1_533' title='bbox 633 2053 789 2092; x_wconf 85' lang='lat' dir='ltr'>aquarios,</span> <span class='ocrx_word' id='word_1_534' title='bbox 811 2061 883 2091; x_wconf 83' lang='lat' dir='ltr'>quos</span> <span class='ocrx_word' id='word_1_535' title='bbox 906 2050 1040 2080; x_wconf 80' lang='lat' dir='ltr'>nonnulli</span> <span class='ocrx_word' id='word_1_536' title='bbox 1061 2050 1146 2080; x_wconf 78' lang='lat' dir='ltr'>elices</span> <span class='ocrx_word' id='word_1_537' title='bbox 1168 2050 1458 2090; x_wconf 70' lang='lat' dir='ltr'>vocant,faciamus</span> <span class='ocrx_word' id='word_1_538' title='bbox 1481 2051 1572 2080; x_wconf 83' lang='lat' dir='ltr'>Dac.</span> <span class='ocrx_word' id='word_1_539' title='bbox 1612 2051 1684 2079; x_wconf 85' lang='lat' dir='ltr'>Vide</span> <span class='ocrx_word' id='word_1_540' title='bbox 1707 2051 1783 2080; x_wconf 77' lang='lat' dir='ltr'>infra</span> <span class='ocrx_word' id='word_1_541' title='bbox 1807 2048 1947 2085; x_wconf 83' lang='lat' dir='ltr'>Incillae,</span> <span class='ocrx_word' id='word_1_542' title='bbox 1971 2047 2095 2085; x_wconf 81' lang='lat' dir='ltr'>Inlices,</span> <span class='ocrx_word' id='word_1_543' title='bbox 2119 2047 2196 2078; x_wconf 77' lang='lat' dir='ltr'>Inli-</span> 
     </span>
     <span class='ocr_line' id='line_1_41' title="bbox 260 2087 1547 2132; baseline 0.005 -16"><span class='ocrx_word' id='word_1_544' title='bbox 260 2087 347 2116; x_wconf 83' lang='lat' dir='ltr'>cium.</span> <span class='ocrx_word' id='word_1_545' title='bbox 391 2090 431 2117; x_wconf 77' lang='lat' dir='ltr'>De</span> <span class='ocrx_word' id='word_1_546' title='bbox 453 2091 575 2121; x_wconf 85' lang='lat' dir='ltr'>elicibus</span> <span class='ocrx_word' id='word_1_547' title='bbox 598 2094 659 2122; x_wconf 72' lang='lat' dir='ltr'>dixi</span> <span class='ocrx_word' id='word_1_548' title='bbox 682 2095 719 2122; x_wconf 76' lang='lat' dir='ltr'>ad</span> <span class='ocrx_word' id='word_1_549' title='bbox 743 2095 761 2122; x_wconf 91' lang='lat' dir='ltr'>l.</span> <span class='ocrx_word' id='word_1_550' title='bbox 776 2097 803 2124; x_wconf 93' lang='lat'>1.</span> <span class='ocrx_word' id='word_1_551' title='bbox 830 2096 843 2131; x_wconf 88' lang='lat'>§</span> <span class='ocrx_word' id='word_1_552' title='bbox 866 2096 895 2124; x_wconf 89' lang='grc'>9.</span> <span class='ocrx_word' id='word_1_553' title='bbox 910 2095 938 2124; x_wconf 79' lang='lat' dir='ltr'>fl&#39;.</span> <span class='ocrx_word' id='word_1_554' title='bbox 961 2094 997 2122; x_wconf 87' lang='lat' dir='ltr'>de</span> <span class='ocrx_word' id='word_1_555' title='bbox 1020 2105 1095 2132; x_wconf 85' lang='lat' dir='ltr'>aqua</span> <span class='ocrx_word' id='word_1_556' title='bbox 1119 2099 1147 2122; x_wconf 87' lang='lat' dir='ltr'>et</span> <span class='ocrx_word' id='word_1_557' title='bbox 1169 2103 1262 2131; x_wconf 86' lang='lat' dir='ltr'>aquae</span> <span class='ocrx_word' id='word_1_558' title='bbox 1285 2093 1394 2132; x_wconf 87' lang='lat' dir='ltr'>pluvia.</span> <span class='ocrx_word' id='word_1_559' title='bbox 1442 2092 1547 2122; x_wconf 79' lang='lat' dir='ltr'>Goth.</span> 
     </span>
    </p>
   </div>
   <div class='ocr_carea' id='block_1_13' title="bbox 262 2130 2196 2226">
    <p class='ocr_par' dir='ltr' id='par_1_13' title="bbox 262 2130 2196 2226">
     <span class='ocr_line' id='line_1_42' title="bbox 423 2130 2196 2183; baseline 0.003 -19"><span class='ocrx_word' id='word_1_560' title='bbox 423 2135 564 2171; x_wconf 75' lang='lat' dir='ltr'>Ennam.</span> <span class='ocrx_word' id='word_1_561' title='bbox 609 2145 747 2183; x_wconf 83' lang='lat' dir='ltr'>Exempla</span> <span class='ocrx_word' id='word_1_562' title='bbox 772 2144 907 2173; x_wconf 84' lang='lat' dir='ltr'>desidero</span> <span class='ocrx_word' id='word_1_563' title='bbox 942 2145 1030 2175; x_wconf 85' lang='lat' dir='ltr'>Dac.</span> <span class='ocrx_word' id='word_1_564' title='bbox 1065 2146 1138 2173; x_wconf 88' lang='lat' dir='ltr'>Puto</span> <span class='ocrx_word' id='word_1_565' title='bbox 1161 2144 1351 2173; x_wconf 89' lang='lat' dir='ltr'>scribendum</span> <span class='ocrx_word' id='word_1_566' title='bbox 1375 2154 1436 2172; x_wconf 87' lang='lat' dir='ltr'>esse</span> <span class='ocrx_word' id='word_1_567' title='bbox 1459 2143 1504 2172; x_wconf 83' lang='lat' dir='ltr'>En</span> <span class='ocrx_word' id='word_1_568' title='bbox 1528 2145 1600 2179; x_wconf 84' lang='lat' dir='ltr'>iam,</span> <span class='ocrx_word' id='word_1_569' title='bbox 1625 2148 1656 2171; x_wconf 89' lang='lat' dir='ltr'>ut</span> <span class='ocrx_word' id='word_1_570' title='bbox 1678 2142 1721 2170; x_wconf 82' lang='lat' dir='ltr'>En</span> <span class='ocrx_word' id='word_1_571' title='bbox 1745 2142 1783 2170; x_wconf 89' lang='lat' dir='ltr'>sit</span> <span class='ocrx_word' id='word_1_572' title='bbox 1806 2142 1952 2181; x_wconf 86' lang='lat' dir='ltr'>particula</span> <span class='ocrx_word' id='word_1_573' title='bbox 1976 2130 2196 2180; x_wconf 81' lang='lat' dir='ltr'>interrogativa,</span> 
     </span>
     <span class='ocr_line' id='line_1_43' title="bbox 262 2179 1585 2226; baseline 0.002 -14"><span class='ocrx_word' id='word_1_574' title='bbox 262 2189 336 2219; x_wconf 71' lang='lat' dir='ltr'>quae</span> <span class='ocrx_word' id='word_1_575' title='bbox 359 2179 389 2207; x_wconf 74' lang='lat' dir='ltr'>in</span> <span class='ocrx_word' id='word_1_576' title='bbox 412 2179 539 2207; x_wconf 66' lang='lat' dir='ltr'>formula</span> <span class='ocrx_word' id='word_1_577' title='bbox 564 2183 604 2212; x_wconf 81' lang='lat' dir='ltr'>En</span> <span class='ocrx_word' id='word_1_578' title='bbox 625 2198 751 2225; x_wconf 84' lang='lat' dir='ltr'>unquam</span> <span class='ocrx_word' id='word_1_579' title='bbox 774 2187 897 2225; x_wconf 85' lang='lat' dir='ltr'>aliisque</span> <span class='ocrx_word' id='word_1_580' title='bbox 920 2198 1007 2226; x_wconf 88' lang='lat' dir='ltr'>saepe</span> <span class='ocrx_word' id='word_1_581' title='bbox 1030 2187 1112 2226; x_wconf 83' lang='lat' dir='ltr'>apud</span> <span class='ocrx_word' id='word_1_582' title='bbox 1134 2187 1247 2215; x_wconf 83' lang='lat' dir='ltr'>Livium</span> <span class='ocrx_word' id='word_1_583' title='bbox 1270 2187 1385 2223; x_wconf 72' lang='lat' dir='ltr'>legitur.</span> <span class='ocrx_word' id='word_1_584' title='bbox 1430 2187 1473 2216; x_wconf 85' lang='lat' dir='ltr'>Cf.</span> <span class='ocrx_word' id='word_1_585' title='bbox 1498 2186 1585 2215; x_wconf 75' lang='lat' dir='ltr'>insi-a.</span> 
     </span>
    </p>
   </div>
   <div class='ocr_carea' id='block_1_14' title="bbox 263 2228 2196 2319">
    <p class='ocr_par' dir='ltr' id='par_1_14' title="bbox 263 2228 2196 2319">
     <span class='ocr_line' id='line_1_44' title="bbox 426 2228 2196 2274; baseline -0.002 -10"><span class='ocrx_word' id='word_1_586' title='bbox 426 2228 625 2259; x_wconf 69' lang='grc' dir='ltr'>Εἶαῑιῑῖ(ῑ1ἰ’-</span> <span class='ocrx_word' id='word_1_587' title='bbox 668 2236 821 2274; x_wconf 80' lang='lat' dir='ltr'>Laudare,</span> <span class='ocrx_word' id='word_1_588' title='bbox 858 2239 1020 2268; x_wconf 85' lang='lat' dir='ltr'>nominare.</span> <span class='ocrx_word' id='word_1_589' title='bbox 1066 2237 1094 2266; x_wconf 88' lang='lat' dir='ltr'><em>E</em></span> <span class='ocrx_word' id='word_1_590' title='bbox 1114 2242 1158 2266; x_wconf 89' lang='lat' dir='ltr'>est</span> <span class='ocrx_word' id='word_1_591' title='bbox 1180 2237 1370 2266; x_wconf 87' lang='lat' dir='ltr'>intensivum.</span> <span class='ocrx_word' id='word_1_592' title='bbox 1414 2238 1462 2266; x_wconf 91' lang='lat' dir='ltr'>Sic</span> <span class='ocrx_word' id='word_1_593' title='bbox 1488 2236 1606 2265; x_wconf 79' lang='lat' dir='ltr'>emirari</span> <span class='ocrx_word' id='word_1_594' title='bbox 1628 2235 1721 2263; x_wconf 86' lang='lat' dir='ltr'>maius</span> <span class='ocrx_word' id='word_1_595' title='bbox 1745 2240 1806 2271; x_wconf 90' lang='lat' dir='ltr'>est,</span> <span class='ocrx_word' id='word_1_596' title='bbox 1838 2245 1925 2274; x_wconf 80' lang='lat' dir='ltr'>quam</span> <span class='ocrx_word' id='word_1_597' title='bbox 1947 2235 2056 2264; x_wconf 80' lang='lat' dir='ltr'>mirari.</span> <span class='ocrx_word' id='word_1_598' title='bbox 2097 2234 2196 2263; x_wconf 81' lang='lat' dir='ltr'>Horat.</span> 
     </span>
     <span class='ocr_line' id='line_1_45' title="bbox 263 2270 1380 2319; baseline 0.004 -16"><span class='ocrx_word' id='word_1_599' title='bbox 263 2270 336 2313; x_wconf 82' lang='lat' dir='ltr'>(Od-</span> <span class='ocrx_word' id='word_1_600' title='bbox 354 2271 383 2310; x_wconf 88' lang='grc' dir='ltr'>Ῑ,</span> <span class='ocrx_word' id='word_1_601' title='bbox 405 2272 441 2308; x_wconf 77' lang='grc'>5,</span> <span class='ocrx_word' id='word_1_602' title='bbox 464 2273 523 2310; x_wconf 88' lang='lat'>8.):</span> <span class='ocrx_word' id='word_1_603' title='bbox 549 2290 585 2294; x_wconf 91' lang='lat'>—</span> <span class='ocrx_word' id='word_1_604' title='bbox 609 2274 775 2306; x_wconf 68' lang='lat' dir='ltr'>emirabitur</span> <span class='ocrx_word' id='word_1_605' title='bbox 796 2279 930 2311; x_wconf 76' lang='lat' dir='ltr'>insolens,</span> <span class='ocrx_word' id='word_1_606' title='bbox 976 2281 1033 2308; x_wconf 92' lang='lat' dir='ltr'>Ubi</span> <span class='ocrx_word' id='word_1_607' title='bbox 1058 2281 1127 2309; x_wconf 89' lang='lat' dir='ltr'>olim</span> <span class='ocrx_word' id='word_1_608' title='bbox 1152 2281 1247 2319; x_wconf 83' lang='lat' dir='ltr'>plura.</span> <span class='ocrx_word' id='word_1_609' title='bbox 1294 2280 1380 2309; x_wconf 84' lang='lat' dir='ltr'>Dac-</span> 
     </span>
    </p>
   </div>
   <div class='ocr_carea' id='block_1_15' title="bbox 427 2320 1266 2371">
    <p class='ocr_par' dir='ltr' id='par_1_15' title="bbox 427 2320 1266 2371">
     <span class='ocr_line' id='line_1_46' title="bbox 427 2320 1266 2371; baseline 0.005 -20"><span class='ocrx_word' id='word_1_610' title='bbox 427 2320 641 2352; x_wconf 77' lang='lat' dir='ltr'>Elecehrae.</span> <span class='ocrx_word' id='word_1_611' title='bbox 686 2324 805 2354; x_wconf 85' lang='lat' dir='ltr'>Plautus</span> <span class='ocrx_word' id='word_1_612' title='bbox 827 2330 1024 2360; x_wconf 74' lang='lat' dir='ltr'>Menaechmis</span> <span class='ocrx_word' id='word_1_613' title='bbox 1047 2332 1103 2371; x_wconf 66' lang='grc' dir='ltr'>(Π,</span> <span class='ocrx_word' id='word_1_614' title='bbox 1126 2334 1162 2368; x_wconf 81' lang='lat'>3²</span> <span class='ocrx_word' id='word_1_615' title='bbox 1185 2332 1266 2368; x_wconf 77' lang='lat'>26,):</span> 
     </span>
    </p>
   </div>
   <div class='ocr_carea' id='block_1_16' title="bbox 268 2373 1691 2463">
    <p class='ocr_par' dir='ltr' id='par_1_16' title="bbox 268 2373 1691 2463">
     <span class='ocr_line' id='line_1_47' title="bbox 717 2373 1691 2419; baseline 0.006 -18"><span class='ocrx_word' id='word_1_616' title='bbox 717 2373 796 2403; x_wconf 87' lang='lat' dir='ltr'>Nam</span> <span class='ocrx_word' id='word_1_617' title='bbox 818 2378 858 2405; x_wconf 77' lang='lat' dir='ltr'>ita</span> <span class='ocrx_word' id='word_1_618' title='bbox 881 2387 945 2407; x_wconf 77' lang='lat' dir='ltr'>sunt</span> <span class='ocrx_word' id='word_1_619' title='bbox 968 2381 1015 2409; x_wconf 77' lang='lat' dir='ltr'>hic</span> <span class='ocrx_word' id='word_1_620' title='bbox 1038 2383 1197 2410; x_wconf 76' lang='lat' dir='ltr'>meretrices</span> <span class='ocrx_word' id='word_1_621' title='bbox 1219 2392 1316 2410; x_wconf 83' lang='lat' dir='ltr'>omnes</span> <span class='ocrx_word' id='word_1_622' title='bbox 1337 2379 1479 2410; x_wconf 77' lang='lat' dir='ltr'>elecebrae</span> <span class='ocrx_word' id='word_1_623' title='bbox 1500 2381 1691 2419; x_wconf 78' lang='lat' dir='ltr'>argentariae.</span> 
     </span>
     <span class='ocr_line' id='line_1_48' title="bbox 268 2421 1016 2463; baseline 0.007 -11"><span class='ocrx_word' id='word_1_624' title='bbox 268 2423 364 2462; x_wconf 84' lang='lat' dir='ltr'>Vulgo</span> <span class='ocrx_word' id='word_1_625' title='bbox 385 2421 538 2453; x_wconf 83' lang='lat' dir='ltr'>illecebrae</span> <span class='ocrx_word' id='word_1_626' title='bbox 556 2424 738 2463; x_wconf 76' lang='lat' dir='ltr'>argentariae</span> <span class='ocrx_word' id='word_1_627' title='bbox 759 2424 874 2462; x_wconf 86' lang='lat' dir='ltr'>legitur.</span> <span class='ocrx_word' id='word_1_628' title='bbox 920 2428 1016 2458; x_wconf 83' lang='lat' dir='ltr'>Scal.</span> 
     </span>
    </p>
   </div>
  </div>
 </body>
</html>
