2263 2668
251 187 327 222 454
680 177 1026 214 COMMENTARU
1049 177 1098 211 ΙΝ
1122 177 1264 213 PAULI
1289 179 1485 215 DIACONI
1509 178 1762 214 EXCERPTA

256 282 411 313 omissum,
439 280 471 303 ut
493 274 522 303 iu
547 270 669 312 Iupiter,
699 270 774 301 Iuno
795 271 878 308 (vide
899 267 1023 307 lunius).
1066 267 1141 299 Iuno
1163 275 1261 301 autem
1284 275 1314 301 et
1334 270 1442 308 Ianus,
1463 271 1596 309 Dianas,
1619 270 1694 301 Iuno
1715 276 1745 301 et
1767 270 1882 308 Diana,
1904 272 2031 312 Βίἰαηα,
2054 276 2183 306 eiusdem

257 322 385 362 originis.
420 317 478 346 Csr.
502 314 634 343 Schmidt
657 314 694 343 de
716 314 890 351 cognatione
912 312 1031 349 linguae
1053 312 1169 343 Sanscr.
1192 324 1258 343 cum
1282 314 1334 343 Gr.
1359 318 1388 344 et
1410 314 1493 343 Rom.
1516 314 1547 343 in
1568 313 1652 344 Jahn.
1678 314 1781 343 Annal.
1804 313 1910 343 Philol.
1933 320 1961 344 et
1984 317 2104 357 Paedag.
2117 319 2184 356 XII,

254 369 284 398 3,
309 364 419 404 p‚342.
451 359 495 388 Ex
519 356 621 386 eodem
643 356 725 386 fonte
741 355 905 396 Diespiter,
928 353 1051 384 Diiovis.
1079 355 1122 384 Cf.
1138 355 1232 386 Varro
1254 356 1290 386 de
1313 357 1343 385 L.
1365 356 1398 385 L.
1421 356 1462 394 V,
1487 359 1536 389 20.
1553 358 1605 396 Sp.
1628 362 1657 386 et
1672 355 1792 385 Flamen
1807 355 1920 394 Dialis,
1945 357 2022 387 lovis
2039 361 2184 391 sacerdos.

414 398 558 440 lugula.
603 398 800 428 Glossarium:
837 395 960 438 lugula,
996 395 1108 435 ἄστρον
1132 394 1295 437 Ὠρίωνος,
1331 395 1452 436 «ipolitus
1481 397 1523 435 ὥς
1549 409 1633 438 φησι.
1677 400 1754 427 Sane
1778 398 1908 427 Horatiis
1940 401 2073 431 meminit
2094 402 2185 433 Orio-

252 451 313 486 nis,
342 455 401 475 non
423 448 521 472 antem
542 441 667 479 iugulae.
711 441 769 471 Sed
789 441 958 480 legendum:
988 436 1023 470 ‘O
1037 437 1151 476 ’Ἄττιος
1173 439 1213 477 039
1234 450 1319 479 φησι.
1364 441 1456 471 Varro
1480 439 1564 481 (VII,
1585 451 1652 480 pag.
1664 441 1738 473 335.
1761 439 1840 482 Sp.):
1871 440 1976 481 lugula
1998 443 2111 482 signum
2133 453 2184 482 est,

253 489 332 533 quod
353 487 457 518 Attius
478 482 607 524 appellat
633 482 762 521 Oriona,
793 495 858 514 cum
880 483 941 514 ait.-
970 482 1057 511 citius
1082 481 1172 512 Orion
1193 484 1304 524 patefit.
1351 482 1391 512 Ita
1413 494 1468 513 nec
1491 483 1611 523 quidem
1633 483 1778 513 constabit
1799 493 1853 512 sua
1875 483 1948 513 fides
1970 485 2013 514 illi
2035 486 2185 523 glossario.

253 535 325 564 Nam
349 530 445 559 Attius
475 537 535 556 non
562 526 641 555 dixit
669 526 818 565 iugulem,
854 526 906 555 sed
928 523 1078 554 Orionem.
1120 525 1180 554 Sed
1205 531 1278 564 puto
1303 524 1491 564 μνημονικὸν
1514 523 1689 566 ἁμάρτημα,
1726 536 1792 555 cum
1814 526 1994 557 meminisset
2016 538 2031 556 a
2055 528 2187 559 Varrone

253 573 373 615 Iugulae
395 576 423 601 et
438 570 520 600 Attii
541 578 601 598 uno
623 568 654 597 in
676 569 742 598 loco
765 569 942 598 mentionem
966 566 1087 604 saetam,
1113 573 1232 606 putasse
1255 568 1291 596 ab
1315 568 1395 597 Attio
1418 569 1484 607 ipso
1506 569 1623 607 iugulae
1646 578 1764 608 quoque
1785 569 1964 600 mentionem
1986 569 2059 600 fieri.
2083 570 2186 602 Saul.

252 620 346 649 Plaut.
371 612 476 652 Amph.
492 613 521 649 I,
547 614 574 644 1.
598 612 711 649 (118.):

724 661 824 702 Neque
845 659 962 701 iugula,
995 671 1083 701 neque
1103 671 1258 701 vesperugo
1281 671 1370 700 neque
1392 659 1541 700 Virgiliae
1562 659 1711 690 occidunt.

253 720 338 750 Ratio
361 722 456 746 autem
479 713 606 743 nominis
629 723 667 742 ex
689 712 822 742 Vari-oue
845 712 864 740 l.
886 722 926 741 c.:
964 710 1063 740 Huius
1090 712 1182 754 signi(
1198 717 1284 750 caput
1314 709 1423 740 dicitur
1444 723 1459 739 e
1480 709 1572 740 stellis
1600 718 1740 752 quatuor,
1777 722 1851 751 quas
1878 711 1961 755 infra
1983 711 2058 742 duae
2079 712 2187 751 clame,

253 773 327 804 quas
349 757 498 799 appellant
520 755 668 792 humeros,
691 756 766 784 inter
786 766 858 796 quas
880 752 960 795 quod
981 752 1094 782 videtur
1115 752 1254 793 iugiilum.
1295 751 1378 782 Unde
1399 752 1500 793 iugula
1523 752 1613 783 dicta.
1650 753 1742 792 quue
1763 755 1892 792 rectius,
1917 765 2006 794 quam
2029 756 2109 794 quod
2131 766 2189 785 nu-

255 810 339 844 gatur
361 802 410 830 hic
433 800 544 828 Festus.
589 798 677 827 Dac.

413 841 550 882 Iugum.
593 840 675 870 Idem
698 839 800 868 Livius
822 839 873 868 lib.
886 838 937 867 111.
961 842 1029 867 sect.
1043 839 1107 870 24:
1148 836 1254 866 Tribus
1284 835 1377 865 hastis
1401 837 1500 876 iugum
1518 837 1578 877 fit,
1615 837 1696 867 humi
1711 838 1795 879 fixis
1817 838 1946 877 duabus,
1982 851 2121 881 superque
2141 850 2190 869 eas

253 896 414 917 transversa
436 896 495 913 una
517 881 656 923 deligata.
689 882 762 911 Vide
784 881 837 911 sub
859 882 956 920 iugum
979 881 1064 910 mitti.
1099 880 1172 909 Vide
1193 884 1222 908 et
1244 879 1306 908 Liv.
1328 879 1379 908 lib.
1391 879 1444 910 IX.
1468 884 1539 908 sect.
1553 881 1583 912 5.
1607 880 1661 909 Da
1671 892 1695 910 c.
1731 880 1814 909 Adde
1836 882 1963 911 Florum.
1995 882 2058 911 Alia
2081 882 2190 921 signifi-

254 930 368 960 catione
391 929 491 965 iugum
515 924 602 967 ζυγὸς
623 921 783 964 ἆκρωρὶαι,
814 922 1024 964 ζυγοκέφαλον.
1071 920 1178 951 Goth.

415 968 553 1009 lugere.
600 968 799 996 Glossarium:
824 965 922 1005 Iugit‚
946 966 1020 996 ἰκτὶν
1038 967 1108 1006 βοᾷ.
1143 965 1184 992 lta
1208 964 1284 992 enim
1307 963 1470 1002 legendum.
1502 964 1596 993 Varro
1612 965 1830 1004 Sexquiulyxe:
1853 963 1954 1005 lugere
1975 965 2103 995 volitans
2121 965 2191 996 mil-

251 1026 317 1050 vos,
340 1023 447 1053 aquam
469 1023 483 1040 e
505 1009 628 1040 nubibus
651 1017 755 1039 tortam
776 1007 889 1038 indicat
906 1007 992 1049 fore,
1015 1015 1046 1036 ut
1069 1005 1198 1046 tegillum
1220 1005 1278 1035 sibi
1296 1014 1401 1045 pastor·
1422 1013 1527 1035 sumat.
1562 1007 1635 1035 Vide
1657 1010 1686 1036 in
1711 1008 1912 1036 Coniectaneis
1936 1007 2063 1048 (p.36.).
2087 1007 2189 1038 Scal.

252 1058 372 1085 Glossae
396 1053 514 1083 tsid0ri:
545 1052 623 1092 Iugit
645 1051 766 1088 milvus,
789 1062 855 1081 cum
878 1060 974 1080 vocem
997 1050 1110 1078 emittit.
1135 1048 1224 1078 Duc.
1263 1048 1339 1077 Vide
1362 1049 1487 1078 Nonium
1512 1048 1591 1088 (pag.
1608 1052 1677 1081 179.
1703 1049 1803 1087 Mero.)
1827 1050 1857 1078 in
1886 1049 2046 1090 Tegillum,
2072 1051 2122 1080 ubi
2143 1052 2191 1080 υἰ-

248 1110 314 1139 gere
335 1096 446 1127 mulsus
468 1106 524 1137 pro
547 1096 641 1134 ingere
662 1093 774 1124 milvos.
804 1092 907 1122 Goth.
950 1093 1038 1121 Nonii
1066 1092 1164 1120 locum
1186 1091 1317 1129 Scaliger
1343 1091 1384 1119 sic
1409 1091 1594 1121 emendavit:
1629 1091 1729 1132 Inger-e
1751 1091 1879 1121 volitans
1903 1091 2010 1122 miluus
2031 1093 2110 1122 visus
2133 1097 2189 1122 cet.

415 1137 532 1179 luges.
578 1136 647 1165 Inde
669 1136 815 1166 adiectis-a
839 1136 989 1174 coniuges,
1019 1135 1142 1173 seiuges,
1167 1134 1287 1173 iniuges.
1331 1133 1473 1172 Apuleius
1498 1134 1547 1173 (de
1570 1135 1671 1163 Mund.
1694 1145 1722 1173 p.
1738 1135 1793 1171 59,
1819 1134 1893 1173 14.):
1927 1133 2060 1175 Quinque
2082 1136 2189 1167 coniu-

249 1195 298 1224 ges
321 1179 455 1222 copulae,
477 1181 514 1209 iis
536 1178 689 1209 ordinatae
710 1178 822 1209 vicibus
843 1178 1008 1207 attinentur.
1054 1177 1134 1205 Idem
1157 1176 1226 1205 alibi
1249 1174 1330 1216 (Met.
1351 1176 1411 1204 V11.
1434 1187 1464 1215 p.
1480 1178 1555 1213 189,
1579 1176 1635 1212 4.);
1665 1177 1727 1206 Nec
1749 1176 1828 1206 istud
1848 1175 1953 1217 puduit
1974 1188 2020 1205 me
2041 1188 2107 1207 cum
2128 1189 2192 1207 meo

248 1223 369 1266 famulo
392 1234 510 1263 meoque
531 1229 642 1251 vectore
663 1220 717 1250 illo
740 1233 811 1262 equo
833 1220 948 1260 factum
977 1229 1142 1248 conservum
1171 1226 1257 1259 atque
1285 1219 1443 1257 coniugem.
1487 1219 1559 1247 Inde
1587 1220 1701 1248 coniux
1730 1218 1766 1248 de
1795 1220 1874 1256 viro,
1911 1219 2037 1248 subaudi
2058 1220 2122 1258 vir‚·
2156 1219 2192 1249 de

251 1278 366 1303 uxore,
402 1265 529 1294 subaudi
551 1274 639 1293 uxor.
684 1264 780 1293 Gloss.
801 1262 923 1293 Isidori:
961 1260 1054 1290 Iniuoe
1082 1261 1133 1291 hos
1161 1259 1290 1290 nondum
1316 1261 1385 1300 iugo
1406 1262 1530 1291 iunctus.
1558 1260 1648 1291 Duc.
1694 1261 1776 1291 Adde
1799 1262 1879 1300 apud
1901 1262 2033 1290 Festum:
2067 1261 2192 1301 Iniuges.

253 1310 386 1339 Glossis:
412 1307 520 1347 Iugiies
542 1306 772 1347 συνεζευγμένοι.
821 1304 924 1336 Goth,

415 1348 596 1379 Iubilare.
641 1350 831 1378 Rusticorum
853 1348 942 1387 plane
965 1347 1106 1383 vei-bum,
1129 1352 1162 1376 ut
1183 1351 1212 1375 et
1233 1346 1295 1384 ipse
1317 1345 1399 1375 dicit.
1436 1346 1537 1374 Attius
1559 1345 1589 1374 in
1613 1345 1797 1385 Chrysippo:
1822 1345 1855 1375 10
1879 1345 1969 1383 buco,
1993 1346 2058 1386 quis
2081 1358 2124 1375 me
2145 1348 2192 1375 iu—

252 1393 352 1424 bilat?
383 1393 506 1422 Vicinus
528 1392 608 1421 Aius
631 1392 726 1430 (legex
757 1393 838 1429 tuus)
861 1391 1005 1430 antiquus.
1049 1390 1135 1418 Prius
1157 1389 1233 1418 enim
1255 1387 1387 1417 iobilare.
1431 1388 1504 1416 Nam
1527 1389 1556 1417 io
1579 1389 1761 1416 rusticorum
1785 1388 1973 1427 ἐπίφθεγμα,
2001 1394 2034 1416 ut
2055 1388 2085 1416 in
2108 1388 2193 1417 Atel-

254 1439 337 1466 lano:
360 1434 394 1465 Io
417 1435 491 1464 venit
513 1435 603 1463 simus
624 1445 642 1463 a
663 1432 746 1462 villa.
772 1432 870 1464 Scal.
904 1432 1017 1461 Rustici
1040 1430 1166 1461 iubilare
1188 1431 1330 1459 dicuntur
1353 1441 1420 1459 cum
1443 1431 1589 1467 clamant,
1612 1431 1718 1459 urbani
1741 1430 1886 1470 quiritari.
1920 1429 2014 1458 Varro
2036 1430 2087 1459 lib.
2101 1430 2134 1460 V.
2158 1431 2194 1459 de

253 1481 284 1508 L.
306 1480 336 1507 L.
360 1478 429 1518 (VI,
452 1487 517 1516 pag.
530 1475 629 1516 244.):
665 1475 702 1504 Ut
725 1477 865 1516 quiritur-e
886 1473 1079 1509 urbanorum,
1103 1474 1147 1502 sic
1168 1472 1292 1502 iubilare
1314 1474 1496 1502 rusticorum.
1541 1473 1653 1501 Ibidem
1676 1472 1797 1501 adducit
1820 1472 1919 1500 locum
1941 1471 2114 1511 Chrysippi.
2159 1473 2194 1501 In

254 1521 368 1551 Glossis
391 1520 615 1549 Graeco-Lata
650 1516 802 1553 Eiulatus‚
836 1515 994 1547 iubilatus:
1031 1513 1149 1556 κραυγὴ
1172 1513 1337 1556 ἀγροίκων,
1374 1514 1488 1545 clamor
1509 1516 1691 1546 rusticorum.
1742 1515 1780 1545 Et
1807 1514 1838 1544 in
1866 1514 2008 1553 glossario
2031 1515 2194 1551 Quiritans,

254 1561 471 1604 ἐπιβοώμενος,
493 1559 634 1591 clamans.
678 1560 765 1590 Duc.

419 1603 645 1633 Iuventutis.
691 1603 749 1631 Alii
771 1602 939 1637 iuventatis,
966 1610 1025 1628 non
1049 1599 1139 1634 male,
1162 1609 1223 1628 non
1245 1603 1359 1634 tamen,
1383 1603 1415 1627 ut
1439 1603 1597 1637 propterea
1621 1598 1780 1628 Iuventutis
1801 1598 1977 1628 reiiciamus.
2019 1599 2194 1630 Indifferen-

255 1655 300 1678 ter
323 1648 401 1678 enim
423 1652 584 1684 utrumque
606 1644 797 1683 usurpabant.
840 1644 874 1673 In
897 1641 1065 1671 Glossario:
1095 1639 1224 1679 lolinta,
1251 1638 1323 1680 ἤρα
1345 1638 1439 1680 (ἥβη).
1484 1641 1578 1679 Lego:
1607 1639 1736 1671 10venm.
1758 1639 1862 1672 Scal.
1907 1641 1993 1671 Adde
2015 1641 2142 1672 Nonium
2164 1642 2195 1671 in

259 1690 404 1726 Iuventus,
431 1687 551 1718 Iuventa
573 1692 601 1716 et
622 1686 793 1716 Iuvenilitas
817 1686 896 1725 (pag.
908 1686 980 1717 433.
1004 1684 1092 1715 Mero.
1113 1688 1142 1712 et
1163 1693 1228 1722 pag·
1245 1686 1315 1715 123.
1339 1683 1452 1720 Merc.).
1499 1682 1603 1713 Goth.

421 1730 565 1760 Iurare.
608 1730 718 1759 Notum
741 1739 780 1759 ex
802 1729 900 1759 edicto
924 1731 1069 1766 perpetuo
1093 1727 1250 1765 praetoris:
1279 1724 1483 1762 Sacerdotem,
1512 1724 1658 1754 Vestalem
1682 1732 1708 1754 et
1730 1722 1893 1754 Flaminem
1912 1723 2028 1755 Dialem
2051 1726 2081 1754 in
2103 1727 2198 1755 omnei

260 1785 322 1803 mea
344 1772 545 1803 iurisdictione
566 1773 663 1802 iurare
684 1783 741 1801 non
763 1783 876 1811 cogam.
922 1770 1024 1800 Livius
1048 1768 1099 1799 lib.
1115 1769 1226 1798 XXXI.
1249 1769 1292 1806 (c.
1306 1769 1390 1805 50.);
1424 1766 1454 1798 C.
1480 1766 1618 1797 Valerius
1639 1765 1782 1803 Flaccus,
1808 1778 1891 1807 quem
1911 1775 2088 1806 praesentem
2108 1779 2198 1798 crea-

259 1824 374 1853 veram,
411 1817 481 1855 quia
505 1813 627 1844 Flamen
651 1813 750 1844 Dialis
777 1821 855 1850 erat,
891 1813 986 1843 iurare
1013 1812 1043 1840 in
1064 1810 1141 1850 leges
1162 1822 1221 1841 non
1241 1817 1366 1850 poterat.
1410 1810 1485 1840 Vide
1507 1809 1658 1840 Plutarch.
1681 1809 1826 1838 Problem.
1850 1808 2001 1848 (Quaestt.
2025 1811 2109 1840 Rom.
2123 1810 2198 1848 44).

264 1857 362 1889 Scal.
398 1858 483 1887 Adde
506 1857 642 1894 Gell.X,
671 1859 717 1888 16.
765 1855 871 1886 Goth.

422 1898 634 1930 quenalia.
678 1899 735 1928 Alii
758 1897 913 1933 iuvenilia,
943 1906 1004 1925 non
1026 1895 1110 1927 male.
1156 1895 1221 1924 Non
1244 1895 1285 1924 ita
1308 1899 1421 1931 tamen,
1450 1899 1484 1923 ut
1506 1894 1654 1924 iuvenalia
1676 1893 1853 1924 reiiciamus.
1893 1893 1918 1922 A
1939 1894 2049 1924 iuvenis
2070 1894 2148 1924 enim
2170 1900 2198 1924 et

266 1940 402 1969 iuvenalis
428 1946 507 1970 recte
537 1941 656 1970 dicitur.
699 1941 848 1970 Iuvenalis
879 1940 970 1978 igitur
994 1939 1102 1967 Dianae
1130 1938 1288 1967 simulacra
1317 1937 1520 1975 fingebantur,
1555 1937 1604 1966 vel
1635 1937 1715 1976 quod
1745 1946 1777 1965 ea
1800 1941 1879 1965 aetas
1901 1937 2050 1966 venationi
2070 1937 2198 1968 maxime

268 1986 334 2018 apta
357 1988 415 2018 est,
437 1985 486 2012 cui
510 1989 623 2022 praeest
648 1984 753 2020 Diana,
781 1984 829 2012 vel
853 1984 921 2022 quia
945 1982 1059 2010 viarum
1084 1981 1142 2009 Dea
1164 1980 1334 2019 putabatur.
1379 1979 1575 2009 Callimachus
1598 1980 1628 2008 in
1651 1980 1774 2009 Dianam
1798 1979 1837 2015 (v.
1849 1980 1930 2016 38.):

954 2049 996 2055 --
1039 2047 1081 2053 —
1123 2031 1172 2061 καὶ
1195 2031 1248 2069 μὲν
1270 2028 1390 2071 ἀγυιαῖς

949 2073 1044 2115 Ἕσσῃ
1066 2073 1115 2104 καὶ
1137 2074 1300 2113 λιμένεσσιν
1322 2072 1494 2108 ἐπίσκοπος.

273 2121 359 2150 Dae.
405 2119 545 2152 Iuvenalis
567 2131 593 2153 et
618 2126 753 2156 Iuvenilis
776 2126 887 2165 glossis.
933 2123 1037 2155 Goth.

435 2169 610 2211 lugarius
631 2178 742 2207 vicus.
788 2177 869 2206 Publ.
893 2177 998 2206 Victor
1019 2176 1049 2204 in
1074 2181 1177 2204 octava
1200 2174 1320 2214 regione
1343 2174 1438 2203 urbis:
1466 2172 1559 2202 Vicus
1579 2172 1711 2212 inger-ius
1732 2171 1807 2201 idem
1831 2179 1856 2201 et
1878 2171 2040 2210 thurarius,
2064 2172 2114 2202 ubi
2133 2181 2199 2203 sunt

272 2224 341 2242 arae
366 2211 438 2260 Opis
460 2221 484 2241 et
509 2212 615 2244 Cereris
637 2228 699 2245 cum
723 2220 805 2258 signo
827 2218 998 2256 Vertumni5
1030 2217 1080 2246 ubi
1104 2218 1185 2246 nulla
1209 2217 1317 2246 mentio
1341 2227 1407 2246 arae
1429 2217 1560 2245 Iunonis.
1607 2215 1736 2250 Quidam
1762 2216 1909 2254 iugarium
1931 2215 2046 2244 dictum
2067 2216 2198 2245 scribunt

274 2256 310 2284 ab
333 2266 381 2283 ara
403 2265 485 2291 iuga,
510 2257 589 2294 quod
612 2258 647 2285 ad
670 2269 730 2287 eam
752 2262 894 2290 nubentes
916 2261 1006 2289 veteri
1028 2260 1090 2289 ritu
1113 2259 1242 2288 vinculis
1264 2260 1358 2289 iuncti
1380 2260 1499 2288 suerint.
1544 2258 1632 2287 Dac.

276 2337 303 2366 F
350 2337 363 2367 l
435 2296 530 2368 ἑίἰιιἀι
564 2298 638 2327 Vide
659 2298 770 2330 Exiles.
794 2303 883 2334 Dae.
925 2303 979 2331 Ubi
1001 2303 1115 2341 legetur
1137 2301 1197 2332 Ilia
1219 2312 1276 2341 pro
1299 2303 1357 2333 ina.
1395 2300 1474 2331 Ilum
1495 2300 1615 2330 videtur
1637 2299 1778 2338 appellari
1803 2299 1840 2328 ab
1861 2299 1976 2330 Isidoro
1991 2299 2090 2335 XVII,
2113 2301 2142 2331 9.
2166 2299 2198 2328 in

300 2350 348 2367 eru
363 2349 389 2368 a.
468 2346 504 2368 ot
533 2362 539 2369 .

438 2379 562 2411 Ilicet.
608 2382 664 2409 Vix
693 2381 753 2409 dici
778 2385 888 2422 possit,
926 2396 1013 2424 quem
1035 2386 1133 2414 locum
1154 2386 1256 2415 Festus
1279 2387 1315 2414 ob
1338 2386 1440 2415 oculos
1462 2384 1600 2421 haberet,
1639 2394 1706 2412 cum
1729 2383 1807 2413 dixit
1827 2381 1913 2413 Ilicet
1934 2392 1996 2411 esse
2016 2381 2077 2411 eine
2099 2379 2196 2413 dubio.

278 2423 351 2451 Nam
374 2420 456 2459 licet,
479 2429 512 2452 ut
534 2424 634 2462 pueris
657 2428 775 2460 notum,
798 2434 856 2453 vox
878 2432 937 2463 est,
960 2437 1047 2465 quam
1069 2437 1174 2465 praeco
1198 2428 1426 2466 pronuntiabat,
1450 2432 1483 2456 ut
1505 2427 1542 2456 de
1563 2426 1687 2455 consilio
1710 2426 1823 2454 iudices
1844 2425 1987 2460 mitteret,
2011 2427 2038 2453 et
2058 2422 2091 2452 in
2114 2424 2198 2454 fune-
