2263 2668
518 106 583 140 DE
610 103 996 140 SIGNIFICATIONE
1025 106 1308 144 VERBORUM.
1361 108 1507 142 LIBER
1533 109 1557 142 1.

1976 112 2025 145 13

172 199 418 233 similitudinem
458 210 692 244 personarum,
741 212 826 245 quae
874 199 953 233 ideo
1002 200 1107 233 minus
1148 200 1274 234 habent
1317 202 1549 243 dissensionis,
1602 213 1671 247 quo
1717 202 1823 236 minus
1871 206 2023 238 aemula—

172 252 278 284 tionis.

73 303 213 337 Avillas
240 314 345 347 agnus
366 298 391 317 ³⁹

418 302 557 335 recentis
584 308 704 346 partus,

73 356 205 401 Agnus
232 355 353 388 dicitur
379 365 398 386 a
426 353 559 387 Graeco
586 351 660 389 α’πό
686 353 755 390 τοῦ
781 352 893 399 dyved
909 348 949 397 ⁴⁰,
977 352 1071 396 quod
1098 352 1264 397 significat
1297 359 1440 397 castum,
1477 366 1517 388 eo
1551 355 1644 400 quod
1675 356 1715 389 sit
1748 355 1857 389 hostia
1890 367 1975 401 pura
1997 354 2019 374 ⁴¹

468 402 492 421 *12

174 412 207 439 et
232 406 452 439 immolationi
518 410 606 450 apta.

72 458 187 492 Avere
213 457 295 490 nihil
322 457 413 490 aliud
441 461 488 489 est
506 453 548 497 ⁴²³,
575 467 674 500 quam
702 466 839 500 cupere.
873 455 1084 499 Argumento
1113 459 1160 487 est
1187 455 1321 488 avidum
1348 463 1381 490 et
1404 458 1592 492 aviditatem
1608 454 1652 500 ⁴⁴,
1679 469 1719 491 ex
1744 457 1863 501 quibus
1889 459 2022 504 praeci-

173 521 241 554 pua
263 506 288 526 ⁴⁵
314 508 478 551 cupiditas
503 508 707 552 intellegitur
727 503 768 548 ⁴¹²⁵,
797 517 899 550 quum
926 506 1091 551 significet
1118 511 1150 539 et
1176 507 1337 551 gaudere.

72 561 256 606 Adscripti
282 560 493 600 dicebantur,
520 559 576 603 qui
603 560 635 591 in
663 559 812 592 colonias
833 554 857 574 ⁴⁷

72 613 281 646 Adsciscere
308 616 356 645 est
376 608 402 628 ⁴⁸
427 611 611 655 adiungere
638 611 690 643 vel
718 620 891 643 assumere.

72 664 301 708 Adseriplicii
320 659 345 680 ⁴⁹
371 663 473 695 veluti
499 662 635 706 quidam
663 662 775 706 scripti
802 661 1012 701 dicebantur,
1039 660 1095 704 qui
1122 661 1317 705 supplendis
1341 663 1529 707 legionibus
1556 661 1836 697 adscribebantur.

172 725 337 748 accensos
362 714 536 755 dicebant,
568 713 661 757 quod
695 714 738 746 ad
773 713 944 758 legionum
978 723 1111 746 censum
1140 719 1246 745 essent
1272 713 1431 759 adscripti
1451 711 1484 747 ⁵⁰.

956 763 1113 797 Nonnulli
1131 763 1370 809 ferentarios,
1398 766 1490 809 quod
1519 766 1627 799 fundis
1654 764 1888 809 lapidibusque
1915 775 2017 809 proe-

416 817 519 850 modo
548 817 687 857 ferrent,
715 828 801 860 quae
828 817 860 848 in
887 816 999 849 hostes
1026 816 1172 848 iacerent
1193 813 1228 849 ⁵³.

172 767 281 799 vestiti
307 767 448 799 inermes
474 770 687 809 sequerentur
714 766 904 798 exercitum.

172 818 279 850 liatnri
307 829 346 850 ea
365 813 390 834 ⁵²

884 559 1018 591 nomina
1045 557 1228 600 dedissent,
1255 564 1292 592 ut
1318 564 1425 593 essent
1450 560 1571 594 coloni.

1887 659 1962 694 Hos
1986 667 2018 693 et

1539 714 1685 756 Quidam
1713 713 1847 746 velatos
1868 709 1910 754 ⁵¹,
1939 712 2017 756 quia

1282 817 1349 850 Alii
1375 818 1532 851 rorarios
1553 815 1595 859 ⁵⁴,
1628 817 1718 860 quod
1746 816 1780 849 id
1809 828 1914 861 genus
1944 815 2016 848 ho-

173 870 313 907 minum,
341 873 516 911 antequam
544 870 630 901 acies
657 869 800 908 coirent,
827 868 859 899 in
887 868 1023 900 modum
1051 868 1189 900 rorantis
1216 869 1419 912 tempestatis
1448 869 1619 902 dimicaret
1640 867 1674 903 5⁵.

71 921 281 954 Auctarium
304 917 328 937 5¹⁵
353 921 508 952 dicebant
534 921 674 964 antiqui,
702 920 794 964 quod
820 930 919 964 super
939 916 963 937 ⁵⁷
989 930 1176 952 mensuram
1204 920 1257 953 vel
1285 921 1417 964 pondus
1442 921 1560 954 iustum
1589 919 1803 954 adiiciebatur
1825 915 1836 935 ⁵

172 973 280 1005 mulus
304 976 439 1004 vocatur
465 972 496 1004 in
520 972 645 1004 modio.

71 1024 223 1058 Aactum
250 1024 432 1056 vocabatur
458 1023 604 1068 spacium
633 1023 730 1063 circi,
757 1022 848 1065 quod
876 1034 976 1068 super
996 1019 1021 1040 ⁵⁹
1045 1021 1217 1055 definitum
1237 1017 1249 1038 ⁶

71 1076 266 1120 Argennon
289 1072 312 1092 ⁰¹
339 1081 512 1119 argentum
539 1074 780 1119 percandidum
803 1071 837 1108 ⁶².

1836 914 1868 961 ε’,
1895 923 1930 952 ut
1958 929 2016 951 cu-

1251 1016 1263 1036 ⁰
1289 1023 1428 1056 modum
1454 1023 1611 1057 victoriae
1638 1022 1835 1067 adiungitur.

72 1127 217 1160 Arbiter
242 1125 362 1160 dicitur
387 1126 506 1169 iudex,
533 1126 626 1170 quod
647 1123 672 1143 ⁰³
698 1126 795 1158 totius
821 1126 868 1158 rei
890 1121 915 1142 ⁶⁴
940 1123 1065 1157 habeat
1091 1124 1260 1157 arbitrium
1283 1121 1308 1142 ⁰⁵
1335 1129 1368 1159 et
1393 1125 1595 1160 facultatem.

71 1179 270 1212 Amicimzm
298 1177 375 1210 utris
401 1178 597 1222 pediculum
614 1173 656 1220 ⁶⁶,
685 1188 724 1209 ex
751 1188 819 1220 quo
846 1177 957 1210 vinum
984 1176 1183 1209 diffunditur
1204 1173 1239 1209 ⁶⁷.

75 1229 242 1263 Arbosem
264 1226 288 1246 ⁶⁹
314 1239 376 1272 pro
404 1230 523 1261 arbore
550 1229 673 1272 antiqui
701 1228 856 1261 dicebant
878 1225 902 1245 ⁶⁹
930 1232 962 1261 et
984 1224 1009 1244 ⁷⁰
1035 1228 1193 1261 robosem
1213 1223 1236 1244 ⁷¹
1264 1239 1328 1274 pro
1356 1228 1488 1262 robore.

74 1281 269 1314 Arbitrium
285 1277 311 1297 ⁷²
338 1280 458 1313 dicitur
483 1281 659 1321 sententia,
687 1292 773 1323 quae
799 1280 841 1312 ab
869 1280 993 1312 arbitro
1011 1276 1036 1296 ⁷³

1062 1280 1222 1313 statuitur.

71 1332 328 1374 Arbitrarium,
356 1344 459 1374 quum
487 1332 600 1365 adhuc
626 1343 677 1365 res
703 1331 794 1376 apud
823 1332 981 1364 arbitrum
1001 1327 1027 1347 '¹⁴
1052 1332 1189 1376 geritur.

70 1384 259 1418 Amicitiae
283 1384 482 1416 vocabulum
510 1384 552 1416 ab
579 1395 693 1416 amore
719 1383 913 1424 deducitur,
941 1384 1089 1426 quamvis
1116 1383 1282 1416 interdum
1309 1382 1545 1428 vituperandus
1572 1382 1613 1414 sit
1639 1389 1743 1414 amor.

1795 1378 1849 1411 Ab
1876 1376 2016 1419 antiquis

171 1439 280 1468 autem
308 1436 422 1468 ameci
446 1439 479 1468 et
504 1446 650 1468 amecae
676 1447 738 1479 per
764 1446 783 1468 e
808 1436 950 1467 litteram
978 1434 1203 1468 efferebantur
1222 1431 1258 1470 ⁷⁵.

71 1486 325 1532 Adpromissor
352 1491 400 1519 est
416 1483 457 1529 ⁷⁶,
484 1487 558 1530 qui,
588 1486 680 1531 quod
707 1498 766 1520 suo
793 1487 927 1520 nomine
953 1486 1122 1531 promisit,
1148 1486 1240 1520 idem
1266 1497 1330 1532 pro
1358 1486 1463 1519 altero
1489 1496 1624 1529 quoque
1650 1481 1801 1528 promisit
1816 1477 1849 1512 ⁷⁷.

72 1569 118 1610 36)
145 1569 288 1608 vocitata]
313 1571 411 1598 vociltz
429 1570 468 1600 M.
490 1586 531 1592 -—
554 1568 601 1611 37)
617 1571 647 1608 a]
671 1581 728 1599 om.
746 1571 780 1602 B.
802 1586 846 1593 -
872 1569 918 1609 38)
941 1570 1017 1610 meo]

73 1623 129 1642 om.
153 1612 185 1643 L.
205 1613 236 1640 B.
265 1613 320 1640 Gu.
341 1616 364 1643 1.
381 1623 425 1651 pr.
444 1630 478 1634 —-
504 1615 548 1649 39)
571 1613 682 1652 agnus]
699 1614 746 1641 Sic
762 1614 793 1642 B.
807 1613 845 1641 M.
870 1614 926 1642 Gu.
945 1616 972 1644 1.
989 1617 1019 1646 2.

72 1665 118 1694 pr.
156 1655 245 1692 Vulg.
269 1665 378 1693 agnas,
399 1671 437 1675 —-
461 1656 506 1692 40)
525 1652 584 1685 α’πό
599 1658 652 1685 τοῦ
671 1654 782 1695 ἁγνοῦ]
811 1656 859 1684 Sic
875 1657 908 1685 B.
926 1656 981 1686 Gu.
993 1659 1020 1688 1.

73 1703 167 1736 apotu
190 1707 273 1735 agnu
294 1697 331 1725 M.
357 1697 411 1725 Gu.
429 1700 457 1729 2.
501 1694 590 1737 ἁγνός
611 1698 712 1736 Vulg.,
743 1697 823 1736 quod
849 1709 905 1726 om.
922 1698 954 1728 L.
1000 1709 1020 1726 a

75 1741 190 1769 Graeco
214 1738 278 1779 ᾰγν.
298 1750 354 1769 om.
370 1750 415 1778 pr.
435 1756 472 1761 -—
496 1740 543 1777 41)
565 1741 606 1768 ¹vit
621 1741 722 1769 hostia
733 1739 830 1779 pura]
849 1741 949 1769 hostia
960 1752 1021 1780 pu-

73 1793 109 1810 ra
125 1784 165 1810 sit
185 1782 220 1812 Β.
243 1797 283 1803 —-
306 1782 354 1817 42)
373 1782 587 1822 immolationi]
609 1784 724 1811 molatu
745 1783 777 1813 L.
803 1799 841 1804 -·-
871 1783 920 1821 43)
943 1783 1024 1811 nillil

73 1824 164 1853 ιιιίἶιιιί
179 1824 233 1862 est]
248 1824 329 1852 nihil
340 1830 382 1852 est
396 1824 487 1852 alind
504 1825 534 1854 L.
557 1841 600 1846 ———
621 1825 667 1865 44)
682 1827 869 1864 Argumenta
883 1825 935 1864 eat]
950 1827 1022 1854 For-

73 1873 150 1896 tasse
169 1867 313 1905 scriptum
333 1872 395 1895 erat
415 1867 513 1895 Auere
527 1867 609 1895 nihil
620 1868 712 1896 aliud
725 1879 785 1896 csse
801 1879 892 1907 quam
909 1879 1022 1907 cupere,

74 1914 249 1949 argumento
276 1915 316 1936 est
338 1909 466 1937 avidam
486 1915 512 1938 et
533 1909 679 1938 aviditas.
707 1928 749 1933 —
776 1912 823 1952 45)
844 1910 1022 1949 praecipua]

74 1963 131 1980 om.
146 1952 177 1980 L.
200 1968 232 1972 -
255 1952 302 1989 46)
326 1952 521 1990 intellegitur]
542 1953 591 1981 Sic
613 1954 670 1982 Gu.
690 1956 720 1984 2.
763 1953 848 1991 Vulg.
868 1954 1022 1991 inlelligi-

74 2000 134 2024 ίαν.
178 1993 233 2021 Sed
258 2003 311 2031 ego
329 1993 358 2021 in
382 1993 591 2033 orthographia
613 2001 732 2024 secutus
756 2006 819 2024 sum
843 1995 947 2029 codd„
970 1993 1022 2032 qui

74 2036 271 2075 antiquiorem
292 2035 430 2064 exhibent
455 2037 641 2076 scripturam.
667 2055 703 2060 —
737 2037 783 2076 47)
805 2040 859 2076 qui
882 2039 915 2065 ιἠ.
937 2037 1022 2064 colo-

74 2079 157 2118 nias]
182 2081 214 2106 in
235 2079 326 2107 colom
350 2080 404 2116 qui
424 2079 455 2107 B.
480 2095 522 2100 —
548 2080 596 2116 48)
623 2085 664 2107 eat
685 2091 743 2108 om.
762 2080 795 2110 Β.
820 2097 854 2101 -
882 2081 927 2116 49)
951 2077 1021 2107 Ad-

74 2119 236 2160 ecriplicii]
245 2120 444 2158 Adscrzptilii
458 2121 500 2158 B.,
519 2126 551 2149 ut
567 2122 645 2150 idem
661 2123 727 2151 cod.
738 2123 827 2160 paulo
845 2126 912 2160 post
926 2120 1021 2149 habet.

74 2165 131 2193 Sed
147 2164 230 2192 nolui
248 2163 276 2193 h.
294 2163 311 2193 l.
331 2163 476 2192 veriorem
493 2163 670 2202 scripturam
684 2166 831 2202 recipere,
855 2174 889 2191 ne
905 2168 1021 2202 etymo-

74 2208 149 2245 logia
166 2206 384 2234 obliteraretur.
396 2222 438 2227 —
453 2209 498 2239 50>
516 2216 590 2233 cen-r.
601 2212 695 2234 essent
709 2205 821 2244 acl-5012]
838 2211 931 2233 esse-nt
945 2216 1020 2234 cens.

75 2261 154 2279 aser.
179 2249 210 2277 B.
240 2265 274 2269 —
305 2250 354 2285 51)
374 2247 502 2286 velato-9]
526 2249 629 2276 velites
651 2249 681 2278 L.
727 2248 850 2276 ιἐἰΙαΙω,Ὗ
872 2249 904 2276 B.
949 2248 1020 2277 For-

74 2298 149 2321 tasse
177 2301 278 2319 veram
307 2290 461 2319 lectionem
485 2295 613 2328 praestat
633 2291 665 2320 L.
713 2291 842 2328 Vdites,
866 2290 945 2329 quod
970 2301 1020 2319 no·

75 2345 139 2363 men
155 2333 369 2362 Grammaticus
385 2333 459 2361 male
476 2343 492 2360 a
511 2331 638 2360 velando
662 2333 775 2361 dicium
801 2343 862 2361 esse
888 2333 1018 2371 putabat.

76 2377 132 2406 Pro
154 2378 229 2415 quia
246 2375 321 2405 Scal.
345 2375 433 2404 habet
454 2374 543 2413 qnod.
566 2391 606 2396 —
628 2378 672 2408 52)
696 2377 742 2414 eo]
764 2386 793 2403 co
812 2376 839 2404 L.
856 2376 887 2404 B.
910 2386 955 2414 pr.
979 2393 1018 2398 —

1062 1574 1107 1605 53)
1130 1581 1209 1610 quae
1225 1572 1256 1599 in
1272 1571 1370 1599 hostes
1383 1569 1523 1608 iacerent]
1545 1579 1603 1597 om.
1618 1569 1651 1598 L.
1674 1584 1716 1589 —
1736 1566 1784 1603 54)
1801 1561 1948 1599 rorarios]
1963 1571 2014 1588 ro-
2044 1570 2047 1571 ’

1062 1624 1155 1641 ranos
1169 1615 1230 1642 Sive
1251 1615 1387 1641 rorarios
1403 1614 1434 1641 L.
1456 1628 1498 1633 —
1527 1614 1572 1648 55)
1593 1611 1629 1639 id
1639 1621 1707 1649 geu.
1725 1609 1805 1636 llom.
1823 1603 1892 1644 etc.]
1917 1603 1952 1632 id
1964 1614 2015 1642 ge-

1062 1667 1121 1684 nus
1133 1656 1212 1684 lzom.
1230 1667 1353 1684 currens
1370 1657 1402 1683 in
1416 1653 1539 1682 modum
1563 1653 1593 1681 L.
1638 1654 1751 1680 coirent
1766 1652 1796 1679 in
1815 1647 1940 1677 modum
1954 1656 2014 1675 ror.

1063 1704 1148 1737 temp.
1170 1698 1314 1727 dimicare
1331 1699 1362 1726 B.
1381 1698 1438 1726 Gu.
1457 1699 1481 1727 1.
1495 1705 1541 1734 pr.
1565 1711 1606 1717 —
1629 1694 1675 1733 56)
1689 1690 1890 1729 Auctarium]
1906 1694 2016 1717 aucta-

1064 1743 1179 1769 tarium
1201 1742 1235 1769 L.
1261 1757 1304 1763 —
1331 1738 1376 1777 57)
1397 1737 1499 1777 Super]
1521 1748 1616 1776 supra
1638 1737 1677 1767 M.
1706 1753 1747 1759 —
1777 1735 1825 1772 58)
1843 1731 2014 1762 adiicieba—

1065 1783 1130 1823 ίαν]
1153 1783 1280 1812 adicieb.
1299 1782 1355 1810 Gu.
1373 1785 1401 1813 2.
1421 1796 1465 1802 -
1492 1782 1537 1817 59)
1555 1779 1653 1820 super]
1674 1788 1769 1816 Supra
1786 1777 1825 1806 M.
1843 1777 1873 1806 S.
1896 1790 1939 1796 —-
1966 1770 2013 1811 60)

1066 1825 1167 1865 desim]
1187 1825 1289 1863 diffiu.
1305 1825 1337 1852 B.
1356 1824 1411 1852 Gn.
1429 1825 1458 1854 1.
1479 1839 1522 1844 —-
1545 1824 1593 1862 61)
1608 1819 1781 1861 Argennon]
1797 1819 1844 1848 Sic
1858 1818 1896 1847 M.
1915 1817 2012 1846 Gu·2-

1065 1878 1111 1906 pr.
1132 1869 1161 1898 S.
1205 1867 1294 1905 Vulg.
1313 1866 1466 1905 Argenon.
1490 1882 1533 1887 —-
1554 1867 1599 1903 62)
1614 1863 1773 1904 percarui]
1794 1859 1936 1901 ἅργέννον
1957 1856 2012 1885 ad-

1066 1910 1110 1938 dit
1128 1911 1184 1938 Gu.
1202 1912 1227 1940 1.
1257 1926 1296 1930 —
1331 1908 1375 1948 63)
1392 1907 1485 1947 quod]
1504 1909 1558 1946 qui
1574 1908 1606 1938 L.
1628 1924 1670 1929 -—
1692 1906 1737 1945 64)
1757 1904 1811 1943 rei]
1837 1913 1892 1932 om.
1911 1901 1968 1929 Gu.
1985 1902 2010 1929 1.

1064 1969 1098 1974 —-
1133 1953 1181 1989 65)
1202 1951 1373 1990 arbitrium]
1400 1951 1602 1979 arbitrarium
1623 1951 1656 1980 L.
1680 1955 1727 1971 '—-
1755 1948 1802 1985 66)
1821 1940 2010 1985 pediculum]

1059 1993 1260 2034 pendiculum
1281 2004 1329 2033 pr.
1351 2010 1393 2015 —
1421 1991 1468 2034 67)
1494 1991 1693 2033 difficnclilur]
1719 1988 1903 2028 defunditur
1926 1987 1957 2015 L.
1971 1984 2010 2013 M·

1065 2036 1181 2074 defend.
1196 2037 1227 2066 B.
1251 2053 1288 2058 ——
1313 2035 1362 2074 68)
1375 2035 1531 2075 Arhosem]
1551 2036 1684 2065 Arbosen
1699 2034 1731 2064 Β.
1760 2032 1949 2061 Arbosenum
1966 2037 2011 2066 pr.

1063 2097 1106 2102 —
1128 2079 1175 2117 69)
1199 2085 1261 2107 ant.
1279 2078 1348 2118 dia]
1377 2078 1434 2106 dic.
1458 2084 1523 2108 ant.
1550 2079 1582 2107 Β.
1610 2094 1651 2100 --
1687 2076 1733 2115 70)
1758 2074 1798 2115 et]
1825 2084 1883 2104 om.
1905 2073 1938 2101 L.
1967 2085 2010 2092 -

1063 2138 1106 2143 —
1128 2120 1173 2160 71)
1190 2120 1331 2162 robosem]
1351 2121 1524 2149 roho-renum
1545 2132 1590 2160 pr.
1611 2137 1653 2142 --
1674 2117 1720 2158 72)
1743 2114 1928 2153 Arbitrium]
1946 2114 2009 2142 Ar-

1064 2165 1229 2192 him-arium
1242 2165 1274 2193 L.
1297 2180 1340 2186 —
1368 2167 1416 2201 73)
1441 2164 1480 2192 ab
1496 2163 1625 2202 arbitro]
1649 2162 1687 2191 ab
1705 2161 1831 2190 arbitrio
1853 2159 1884 2187 L.
1907 2167 1940 2185 ex
1958 2166 2007 2200 ar-¹

1063 2207 1154 2234 bitrio
1172 2207 1204 2236 Β.
1227 2224 1268 2228 ——
1289 2206 1337 2243 74)
1359 2206 1521 2245 arbitrum]
1544 2206 1707 2235 arbitrium
1722 2204 1760 2232 M.
1781 2219 1824 2224 --
1849 2201 1897 2238 75)
1914 2205 2007 2244 amecl

1064 2255 1088 2276 et
1106 2260 1164 2279 am.
1183 2247 1254 2289 etc.]
1277 2250 1370 2277 amici
1387 2255 1414 2277 et
1429 2251 1524 2277 ameci
1543 2250 1573 2278 L.
1616 2248 1722 2277 Amici
1737 2252 1764 2274 et
1780 2245 1874 2274 ameci
1890 2252 1944 2281 per
1965 2239 2005 2266 ίι-

1063 2299 1158 2320 teram
1187 2303 1201 2320 e
1223 2292 1262 2320 ab
1285 2297 1347 2320 ant.
1375 2297 1477 2320 autem
1502 2291 1548 2331 eff:
1572 2292 1604 2322 B.
1633 2289 1763 2319 exhibet.
1800 2303 1838 2309 —-
1877 2285 1922 2330 76)Ι
1946 2277 2003 2329 ι’ῥῖῑ]

1063 2344 1120 2363 om.
1142 2334 1175 2365 Β.
1196 2350 1237 2357 -
1258 2338 1303 2370 77)
1319 2334 1478 2374 promisit]
1503 2335 1552 2364 sic
1570 2335 1627 2364 Gu.
1642 2337 1671 2367 2.
1718 2331 1806 2369 Vulg.
1822 2329 1982 2367 promltlbb·
