2263 2668
746 142 975 177 EXEMPLA
999 139 1364 175 ELOCUTIONUM.

1959 143 2034 178 245

87 237 211 271 Libera
237 246 292 269 me
318 233 386 267 hae
411 231 492 270 ren.
520 233 640 268 Cicero
662 235 696 267 in
723 235 820 270 Catil.
848 237 892 271 I.:
916 235 1059 280 IlIagno
1085 245 1140 267 me
1166 239 1258 267 meta
1285 234 1460 270 liberabis.
1499 237 1621 272 Libera
1646 249 1702 273 me
1728 238 1769 272 ab
1795 237 1853 272 illa
1879 248 1924 272 re.
1956 238 2029 273 Te-

189 291 272 323 rent.
299 286 420 320 Δηὼ-,ε
449 285 567 333 Quam
588 286 745 331 primum
771 287 818 321 ab
844 287 910 321 hoc
933 297 988 320 me
1015 285 1129 319 libera
1153 287 1319 320 miseram
1344 292 1446 322 metu.

87 356 219 400 Largus
245 355 376 388 illarum
402 351 556 388 rerum²³.
582 354 676 399 Virg.
704 356 787 389 Aen.
816 355 891 388 XL:
926 355 1070 399 Largus
1096 365 1209 399 opum.

88 408 283 441 Lustramur
304 406 353 438 illi
379 406 462 439 Deo.
490 405 583 450 Virg.
611 406 694 441 Aen.
711 407 770 439 111.
780 404 822 440 ²⁴:
847 407 1125 450 Lustramurque
1151 405 1237 439 Iovi.

88 458 253 492 Liberalis
279 457 376 489 huius
401 458 458 492 rei.
486 457 554 490 Sal.
583 454 728 490 cati1.²⁵:
754 458 930 492 Pecuniae
956 457 1120 491 liberales
1147 460 1255 490 erant.

88 509 266 543 Ludificor
291 509 395 540 illum.
421 507 490 542 Sal.
518 504 641 552 1ug.2⁶:
668 509 776 543 Pacis
801 519 901 542 mora
917 509 1116 554 principem
1143 507 1335 554 ludificari.

89 560 180 595 Ludi
202 560 342 593 deorum
365 556 479 591 sunt²³.
514 559 602 593 Cic:
641 559 728 593 Cum
763 572 787 594 a
820 561 913 594 ludis
946 561 1140 594 concionem
1169 558 1374 599 advocavit,
1416 557 1593 600 Cerealia,
1628 557 1808 599 Floralia,
1844 558 2028 602 Ludosque

192 611 419 655 Apollinares
444 610 602 643 Deorum
629 611 877 645 immortalium
908 623 999 652 esse,
1034 622 1101 643 non
1133 615 1275 645 nostros.
1309 609 1399 643 Ludi
1424 610 1498 643 Deo
1525 616 1606 644 sunt.
1637 610 1708 647 Sal.
1733 609 1900 644 Hist.11.:
1940 610 2026 643 Cum

189 662 301 694 multa
322 662 509 694 dissereret
534 662 646 696 Ludis
671 663 829 708 Apollini
860 662 1086 697 Circensibus,

89 730 236 765 Locatus
269 729 328 763 illi.
362 728 431 762 Cic.
460 729 492 762 in
511 728 791 764 Frumentariaffl:
823 731 967 764 Fundus
1000 734 1077 763 erat
1106 731 1224 764 colono
1256 730 1401 763 locatus.
1427 728 1571 764 Locatus
1593 729 1714 764 fundus
1739 723 1860 764 foris²⁹.
1892 727 2028 761 Terent.

191 780 359 826 Adelph:
383 780 509 826 Agelli
530 782 716 827 paululum
743 783 836 828 quod
862 783 983 817 locitas
999 782 1104 828 soris.

1033 926 1082 960 M.

91 1028 233 1063 Memini
267 1028 353 1061 illius
379 1024 469 1061 rei³⁰.
502 1028 597 1072 Virg.
632 1029 714 1061 Aen.
748 1028 824 1062 XL:
867 1028 944 1063 Nec
977 1033 1131 1063 veterum
1165 1028 1305 1061 memini
1332 1028 1486 1061 laetorve
1522 1028 1704 1060 malorum.

1925 919 2030 968 [532]

1765 1025 1905 1060 Memini
1936 1024 2029 1056 illam

192 1076 306 1113 rem³¹.
333 1079 428 1112 Idem
452 1079 485 1111 in
512 1080 615 1113 Buc.:
640 1080 805 1113 Alter-nos
830 1080 959 1114 Musae
984 1081 1178 1113 meminisse
1202 1080 1372 1113 volebant.
1424 1079 1520 1112 Idem
1545 1075 1670 1113 ibid.³²:
1702 1078 1804 1112 Haec
1829 1076 1967 1110 memini
1994 1078 2027 1107 et

193 1132 320 1165 victum
337 1130 482 1176 frustra
510 1131 717 1163 contendere
749 1131 906 1175 Thyrsin.
935 1132 1006 1167 Cic.
1029 1133 1061 1164 in
1088 1132 1186 1165 Catil.
1212 1131 1270 1163 111.
1280 1128 1324 1164 ³³:
1359 1130 1434 1164 Sed
1460 1141 1521 1163 eas
1548 1141 1636 1175 qaas
1661 1134 1789 1164 vosmet
1816 1129 1881 1173 ipsi
1907 1126 2026 1160 memi-

191 1182 290 1215 nistis
316 1186 421 1226 atque
446 1181 589 1214 vidistis.
641 1182 782 1214 Memini
810 1184 902 1216 illam
928 1195 999 1216 rem
1026 1185 1144 1218 facere.
1174 1183 1269 1227 Virg.
1297 1183 1379 1215 Aen.
1401 1178 1542 1215 Vlll.³⁴:
1569 1181 1665 1214 Nam
1691 1181 1829 1215 memini
1853 1179 2028 1212 Hesionae

192 1234 356 1267 visentem
383 1243 500 1277 regna
524 1233 654 1266 sororis
680 1234 1019 1268 Laomedontiadem
1045 1235 1230 1268 Priamum
1258 1233 1445 1267 Salamina
1466 1237 1639 1277 petentem
1665 1233 1828 1266 Protinus
1845 1229 2027 1264 Arcadiae

192 1284 333 1329 gelidos
358 1284 504 1317 invisere
519 1283 627 1329 fineS.
653 1284 772 1319 Cicero
792 1287 823 1318 in
850 1283 1008 1319 Pison.³⁵:

1043 1286 1292 1325 Meministine,
1327 1296 1484 1325 coenum,
1515 1296 1592 1317 cum
1626 1284 1677 1317 ad
1702 1288 1735 1318 te
1762 1284 1850 1317 hora
1884 1281 1921 1314 Γ.
1949 1290 2026 1313 cnm

197 1335 235 1369 C.
262 1335 390 1368 Pisone
415 1335 601 1378 venissem,
636 1337 750 1369 nescio
783 1348 849 1381 quo
878 1341 912 1370 te
938 1349 956 1371 e
977 1338 1168 1383 gurgustio
1195 1337 1345 1381 prodire
1374 1336 1524 1369 involuto
1556 1336 1672 1380 capite
1697 1336 1874 1368 soleatum.
1900 1332 2026 1384 Memi-

193 1387 276 1420 nisse
302 1386 395 1419 illum
432 1386 558 1420 fecisse.
610 1387 717 1420 Huius
750 1389 944 1422 elocutionis
978 1400 1088 1422 rarum
1127 1388 1288 1422 invenitur
1320 1388 1519 1432 exemplum.
1552 1387 1646 1431 Virg.
1670 1387 1797 1431 Georg.
1830 1386 1885 1417 lib·
1918 1379 2026 1416 1V.³⁰:

193 1437 358 1482 Namque
382 1437 445 1470 sub
477 1437 648 1471 Oebaliae
668 1440 808 1472 memini
833 1451 888 1473 me
913 1440 1068 1473 turribus
1094 1441 1188 1473 arcis
1219 1439 1403 1484 Corycium
1434 1439 1562 1473 vidisse
1594 1449 1718 1474 senem.
1753 1436 1892 1471 Memini
1924 1433 2026 1467 domi.

194 1489 331 1523 Terent.
355 1486 490 1522 Eun-³⁷:
510 1489 618 1527 Domi
633 1489 781 1536 focique
795 1491 868 1538 sac
892 1492 1041 1526 vicissim
1068 1492 1273 1526 memineris.

94 1632 189 1661 iussis
202 1643 276 1672 gens
290 1632 395 1671 Lydia
411 1634 530 1662 Divum
549 1634 650 1663 addidi
672 1645 686 1663 e
703 1635 774 1665 Cod.
801 1636 858 1666 Gn.
875 1636 927 1665 ubi
942 1641 1040 1666 tamen

93 1680 137 1704 est
153 1676 254 1703 iustis.
278 1691 320 1697 —
338 1675 383 1715 19)
406 1676 485 1705 Haec
499 1677 611 1706 locutio
631 1688 697 1706 cum
716 1680 851 1718 exemplo
868 1690 919 1708 suo
935 1690 1039 1709 recens

93 1717 216 1746 accessit
232 1728 247 1746 e
263 1718 335 1747 cod.
353 1718 410 1748 Gu.
430 1720 522 1747 Locus
544 1720 601 1749 Sal.
619 1725 676 1749 est:
694 1721 756 1751 Cat.
779 1725 841 1753 c.4.
866 1739 893 1743 —
927 1721 973 1761 20)
985 1722 1040 1750 Ad-

93 1760 157 1788 didi
179 1759 258 1788 hane
282 1761 502 1798 eloquutionem
525 1772 590 1791 cum
616 1764 752 1801 exemplo
774 1774 827 1792 suo
852 1774 867 1792 e
892 1764 962 1792 cod.
984 1766 1040 1793 Gu.

93 1802 190 1831 Locus
211 1807 255 1831 est
278 1803 338 1832 Cic.
364 1803 429 1833 niv.
451 1804 481 1831 iu
505 1804 588 1833 caeo.
609 1815 672 1843 cap.
697 1809 726 1844 7,
752 1809 801 1839 23.
833 1823 874 1828 —
903 1804 952 1846 21)
979 1807 1039 1836 Cic.

91 1854 149 1882 pro
168 1844 284 1873 Cluent.
301 1848 352 1877 71.
374 1845 407 1874 A.
428 1846 466 1874 M.
490 1862 533 1868 —
553 1845 600 1887 22)
622 1847 730 1876 Libero
749 1854 776 1876 te
797 1849 857 1876 hac
877 1854 903 1876 et
924 1848 959 1876 de
979 1849 1037 1876 hac

95 1897 126 1914 re
149 1886 220 1915 Cod-
241 1887 276 1916 A.
300 1887 336 1916 M.
357 1887 438 1916 Idem
461 1890 492 1916 in
515 1889 581 1918 Cat.
607 1892 635 1921 1.
657 1890 685 1920 5.
709 1891 742 1919 A.
761 1891 796 1919 M.
819 1891 890 1919 Cod.
908 1891 1036 1918 Gu.l1a-

95 1928 145 1956 bet
164 1929 197 1956 in
220 1928 329 1957 Caecil.
351 1930 402 1958 sed
421 1940 496 1959 corr.
511 1931 542 1959 in
557 1932 694 1968 margine.
720 1933 785 1963 Ter,
809 1933 892 1961 And.
909 1936 936 1964 2.
948 1936 974 1964 2.
989 1932 1036 1963 15.

96 1971 130 2000 A.
148 1970 186 2000 M.
207 1970 343 1998 Elocutio
356 1972 468 2000 Libera
488 1984 533 2001 me
550 1973 588 2001 ab
604 1974 661 2002 illa
675 1986 706 2002 re
719 1975 798 2003 deest
812 1976 842 2002 in
857 1975 928 2004 Cod.
948 1975 982 2002 A.
997 1973 1035 2001 M.

97 2012 228 2042 Voculae
248 2012 287 2039 ab
308 2012 364 2041 hoc
386 2015 561 2044 exciderunt
590 2016 621 2044 in
643 2017 714 2046 Cod.
738 2018 794 2046 Gu.
817 2016 852 2044 tle
876 2017 932 2044 lzoc
953 2016 1037 2043 dedit

97 2056 131 2085 A.
155 2054 193 2083 M.
212 2054 262 2082 sed
279 2059 380 2083 contra
394 2057 566 2086 senteutiam
582 2058 711 2086 Gramm.
734 2061 782 2087 De
795 2064 892 2087 tamen
912 2058 992 2085 abest
1005 2057 1035 2084 in

98 2097 171 2127 Cod.
191 2096 225 2125 A.
249 2095 288 2127 Μ.
307 2097 453 2125 Miseram
468 2100 538 2128 Cod.
562 2100 595 2128 A.
609 2101 648 2128 M.
670 2118 710 2122 —
732 2104 776 2135 23)
798 2102 924 2138 Largus
937 2109 1036 2136 optem.

103 2140 191 2178 Virg.
213 2138 291 2167 Aen.
313 2140 371 2167 XI.
390 2142 459 2171 338.
477 2142 508 2169 A.
525 2141 564 2171 M.
588 2142 662 2170 nihil
679 2143 811 2180 amplius.
834 2157 875 2162 —-
894 2143 937 2175 24)
953 2142 1036 2175 Quae

98 2181 236 2221 proxime
255 2186 421 2218 sequuntur
444 2183 517 2211 duae
539 2184 741 2222 eloqnutiones
761 2184 869 2212 desunt
898 2183 978 2220 apud
1000 2183 1034 2211 A.

99 2224 140 2253 M.
157 2223 236 2260 Virg.
259 2223 328 2252 Aen.
352 2223 401 2259 111,
424 2226 493 2256 279.
527 2241 568 2248 --
594 2225 639 2265 25)
663 2226 718 2253 Sal.
742 2226 802 2254 Cat.
826 2235 887 2264 cap.
906 2227 936 2256 7.
969 2224 1035 2253 edd.

100 2266 180 2294 Cort.
197 2265 276 2294 Gerl.
297 2281 339 2286 —
368 2265 415 2300 26)
437 2266 499 2295 Sal.
518 2265 586 2305 Ing.
607 2268 656 2299 40.
680 2267 713 2296 A.
733 2267 770 2296 M.
794 2268 863 2305 Cap.
888 2268 936 2298 36.
968 2266 1035 2295 edd.

100 2308 180 2337 cort.
205 2307 284 2336 Gerl.
312 2305 507 2345 Praecipem
536 2308 607 2337 Cod.
632 2310 666 2337 A.
691 2308 730 2338 M.
758 2310 929 2347 Principem
962 2308 1035 2337 cod.

101 2350 159 2379 Gu.
181 2349 339 2378 Consulem
371 2349 449 2388 apud
481 2349 539 2378 Sal.
569 2350 617 2378 ubi
646 2350 732 2379 etiam
762 2350 920 2390 ludificare
941 2351 1036 2380 forma

101 2392 207 2423 activa.
227 2409 270 2414 —
291 2391 339 2429 27)
363 2391 479 2430 Integer
499 2391 550 2421 hic
571 2392 712 2422 articulus
734 2393 814 2423 deest
835 2393 915 2433 apud
937 2393 972 2424 A.
994 2393 1034 2425 Μ.

1084 1636 1178 1665 Locus
1207 1636 1266 1666 Cic.
1296 1644 1356 1663 non
1383 1631 1560 1671 repperitur.
1591 1632 1684 1661 Locus
1708 1630 1828 1660 Salustii
1855 1629 1915 1658 eius
1943 1628 2025 1664 frag-

1083 1679 1189 1708 mentis
1210 1688 1311 1707 receus
1339 1676 1460 1703 accedit.
1484 1689 1523 1696 —-
1545 1673 1591 1713 28)
1613 1675 1725 1703 Locum
1747 1684 1808 1702 non
1829 1669 1975 1700 indicavit
1992 1669 2024 1716 A.

1083 1722 1123 1750 M.
1149 1721 1215 1749 Act.
1240 1721 1269 1748 in
1292 1718 1373 1746 verr.
1396 1717 1437 1752 Il,
1462 1716 1512 1746 111.
1538 1727 1565 1745 c.
1586 1720 1636 1752 22,
1657 1717 1707 1749 55.
1730 1732 1770 1738 —
1792 1717 1836 1748 29)
1861 1713 2023 1750 Eloquuno

1082 1763 1155 1791 haec
1173 1773 1239 1790 cum
1255 1759 1388 1798 exemplo
1409 1759 1538 1786 Terentii
1559 1758 1638 1786 deest
1657 1758 1690 1786 in
1706 1757 1776 1787 Cod.
1792 1756 1825 1786 A.
1844 1756 1882 1784 M.
1906 1755 2022 1782 Terent.

1083 1806 1136 1833 Ad.
1158 1805 1194 1840 V,
1214 1805 1242 1839 8,
1264 1804 1311 1834 26,
1338 1801 1387 1829 ubi
1399 1802 1495 1838 foras
1518 1800 1633 1838 legitur.
1655 1814 1696 1821 —-
1722 1798 1769 1833 30)
1794 1798 1921 1826 ΛΙεῙηίηί
1946 1800 2022 1823 vete-

1079 1857 1146 1875 rum
1162 1851 1187 1873 et
1209 1851 1322 1872 veteres.
1347 1844 1376 1873 C.
1401 1844 1433 1872 A.
1453 1843 1491 1871 M.
1508 1842 1588 1880 Virg.
1609 1841 1680 1870 Aen.
1705 1842 1756 1871 Xl.
1780 1843 1849 1872 280.
1873 1840 1906 1868 A.
1922 1838 1960 1867 M.
1982 1853 2020 1858 —-

1078 1889 1124 1925 31)
1136 1886 1294 1925 Eloquutio
1309 1886 1432 1914 Memini
1445 1885 1532 1912 illam
1547 1895 1607 1912 rem
1622 1884 1703 1913 deest
1715 1884 1746 1912 in
1762 1883 1832 1913 Cod.
1849 1882 1881 1911 A.
1894 1882 1931 1909 M.
1941 1879 2021 1909 Idem

1078 1930 1143 1958 Ecl.
1165 1929 1233 1958 Vll.
1259 1931 1306 1960 19.
1329 1929 1363 1958 A.
1378 1927 1415 1957 M.
1438 1927 1518 1962 Quae
1540 1931 1607 1966 post
1628 1926 1686 1955 hoc
1708 1927 1831 1954 alterum
1854 1923 2019 1962 exemplum

1079 1976 1261 2008 sequuntur,
1290 1970 1386 1999 omnia
1409 1969 1516 1998 desunt
1536 1969 1569 1997 in
1592 1968 1664 1998 cod.
1686 1968 1721 1998 A.
1738 1969 1776 1997 M.
1799 1985 1841 1990 —-
1869 1966 1916 2004 32)
1939 1964 2019 2001 Virg.

1078 2014 1141 2042 Ecl.
1164 2014 1227 2047 Vll,
1251 2015 1300 2045 69.
1322 2013 1357 2041 In
1380 2012 1452 2042 cod.
1476 2012 1532 2040 Gu.
1557 2016 1615 2041 est:
1649 2017 1675 2041 et
1699 2013 1752 2041 ric.
1778 2011 1810 2048 f.
1833 2015 1854 2038 t.
1878 2019 1901 2037 c.
1926 2007 2018 2046 (sie).

1080 2057 1162 2090 Quae
1180 2055 1336 2084 verborum
1360 2054 1440 2091 signa
1462 2054 1580 2093 explevi
1603 2064 1641 2082 ex
1665 2054 1730 2093 ipso
1756 2052 1886 2090 Virgilio.
1910 2066 1947 2072 —
1970 2046 2016 2088 33)

1079 2098 1138 2126 Cic.
1157 2098 1218 2126 Cat.
1235 2108 1277 2128 or.
1291 2097 1342 2134 ΙΙΙ,
1367 2099 1414 2128 10.
1438 2097 1509 2125 Cod.
1530 2096 1586 2125 Gu.
1604 2095 1713 2125 Sedeas
1736 2106 1796 2135 qua
1818 2098 1946 2122 suosmet
1963 2095 2017 2119 cet.

1079 2141 1165 2178 Apud
1183 2140 1241 2169 Cic.
1260 2144 1301 2169 est
1317 2138 1371 2167 secl
1390 2144 1417 2166 et
1437 2139 1504 2176 lias,
1526 2139 1612 2169 male.
1636 2155 1678 2161 —
1699 2139 1746 2176 34)
1763 2137 1840 2175 virg.
1857 2137 1926 2165 Aen.
1939 2133 2016 2167 VIII,

1080 2184 1148 2215 157.
1174 2193 1252 2221 seqq.
1275 2183 1427 2210 Jlaeslone
1450 2181 1523 2211 Cod.
1546 2181 1601 2211 Gu.
1623 2178 1923 2209 Laometontiadem
1946 2175 2016 2204 Cod-

1079 2225 1136 2254 Gu.
1153 2242 1188 2246 —
1206 2224 1251 2264 35)
1275 2224 1335 2254 Cic.
1356 2224 1390 2252 in
1410 2224 1468 2253 Pis.
1489 2234 1514 2253 c.
1533 2225 1563 2256 6.
1578 2223 1629 2252 ubi
1645 2229 1702 2252 est:
1723 2222 1799 2251 liora
1814 2223 1906 2259 fere
1927 2219 2016 2265 qllin-

1078 2272 1120 2297 ta.
1148 2283 1190 2289 -
1220 2267 1270 2302 36)
1289 2266 1370 2304 Virg.
1397 2267 1448 2295 Ge.
1473 2265 1524 2303 IV,
1551 2267 1620 2298 125.
1646 2268 1714 2298 127.
1740 2264 1891 2293 Turribus
1918 2261 2016 2289 altis

1078 2308 1174 2338 editur
1191 2309 1268 2348 apud
1287 2309 1368 2348 Virg.
1390 2323 1432 2330 --
1453 2308 1501 2347 37)
1513 2309 1578 2339 Ter.
1588 2309 1663 2337 Eun.
1683 2307 1830 2345 1v,7‚45.
1854 2305 1931 2333 Citat
1945 2311 2014 2330 eun-

1077 2351 1142 2381 dem
1160 2351 1256 2380 locum
1271 2352 1362 2380 Prisc.
1380 2351 1428 2386 Vl,
1449 2353 1496 2383 16.
1513 2360 1580 2389 pag·
1600 2353 1672 2383 278.
1696 2350 1738 2378 Cf.
1761 2358 1833 2387 quae
1853 2345 1955 2375 notavi
1977 2340 2014 2389 {ul

1076 2395 1172 2424 Plaut.
1195 2393 1278 2424 Trin.
1298 2394 1348 2433 IV,
1366 2395 1393 2432 1,
1413 2395 1463 2426 22.
1479 2393 1586 2424 Editur
1601 2392 1681 2433 apud
1699 2392 1765 2421 Ter.
1783 2395 1823 2418 ut
1836 2388 2010 2416 memimrz-s.
