2263 2668
229 154 305 189 533
661 147 1009 183 GOMMENTARII
1033 149 1082 184 IN
1107 148 1252 186 PAULI
1277 148 1474 184 DIACONI
1499 148 1759 187 EXGERPTA

229 253 276 278 cet
298 256 452 287 perperam
476 245 504 272 in
528 241 656 280 vulgatis
678 241 764 271 libris
791 238 969 271 Vellicenses
992 253 1046 282 pro
1076 241 1248 273 Velitienses
1269 242 1359 272 hodie
1381 242 1506 280 legatur.
1552 243 1628 272 Cum
1659 254 1696 273 ex
1719 244 1765 274 his
1787 245 1867 275 Festi
1888 246 1987 276 verbis
2009 253 2111 286 pateat
2135 260 2188 280 ve·

229 296 306 321 teres
329 290 426 319 curias
449 290 570 325 praeter
593 288 723 323 quatuor
746 290 943 322 exauguratas
966 285 1074 315 fuisse:
1107 290 1136 315 et
1157 286 1190 314 in
1212 287 1312 315 locum
1335 295 1435 314 earum
1459 295 1553 315 novas
1576 292 1784 325 consecratas5
1820 288 1883 318 iure
1907 289 1973 328 quis
1997 291 2187 330 dubitaverit,

229 343 322 372 quare
345 332 383 360 M.
406 330 498 357 Varro
522 327 611 366 (pag.
628 328 698 359 155.
723 327 796 365 Sp.)
821 337 875 356 suo
898 332 1032 367 tempore
1055 333 1171 358 veteres
1193 335 1295 365 vocet,
1332 339 1391 357 non
1420 338 1530 366 noves,
1566 339 1634 358 cum
1660 330 1716 358 ait:
1757 329 1863 360 Curiae
1892 330 2016 360 duorum
2041 345 2188 373 generum,

229 387 298 404 riam
321 380 346 402 et
370 371 419 400 ubi
441 377 577 399 curarent
599 368 765 398 sacerdotes
787 380 830 398 res
853 368 987 408 divinas,
1015 378 1041 400 et
1064 372 1164 401 curiae
1185 379 1305 408 veteres,
1336 378 1362 400 et
1383 369 1434 400 ubi
1455 379 1572 400 senatus
1593 371 1739 401 humanas
1761 380 1793 401 ut
1815 375 1898 402 curia
1920 373 2064 406 Hostilia.
2108 377 2188 406 Fru—

228 422 287 446 stra
318 415 393 443 enim
423 418 557 442 vocasset
586 417 717 449 veteres,
756 411 815 441 nisi
843 417 872 442 et
899 423 995 442 novae
1024 423 1145 453 quoque
1173 416 1233 443 iam
1256 419 1317 443 tum
1341 418 1446 443 essent.
1490 414 1549 443 Sed
1572 424 1633 443 non
1656 414 1781 444 dubium
1803 417 1905 454 potius
1928 422 2044 446 veteres
2067 417 2188 458 dixisse,

228 459 297 497 quia
319 457 388 485 illae
411 460 534 484 vocatae
557 454 687 494 primum
709 455 825 492 curiae,
848 465 916 484 nam
941 466 1036 486 novae
1059 456 1160 486 adhuc
1183 467 1243 485 non
1267 461 1360 485 erant.
1385 455 1486 487 Scal.
1518 458 1607 486 sacra
1632 463 1732 487 autem
1756 468 1884 488 evocare
1906 459 2041 488 solebant
2063 470 2078 488 e
2099 461 2185 499 locis,

228 510 304 538 quos
327 499 470 536 religione
494 498 654 526 solverent.
687 498 805 536 Ulpian.
829 499 912 537 Digg.
934 499 987 537 leg.
1000 500 1022 528 Ι.
1046 498 1091 530 tit.
1105 502 1153 531 8.:
1179 499 1348 529 sacrarium
1371 500 1460 528 etiam
1483 498 1514 528 in
1536 498 1674 540 aedificio
1694 501 1811 540 privato
1835 513 1893 530 esse
1910 509 2022 542 potest,
2045 509 2072 532 et
2093 502 2187 533 solent

228 543 283 583 qui
304 553 369 570 eum
392 539 489 570 locum
513 539 637 569 liberare
660 539 798 580 religione
819 539 938 578 volunt,
962 553 1050 571 sacra
1071 541 1139 571 inde
1160 553 1286 572 evocare.
1329 541 1420 571 Dae.

389 582 562 613 Notlzum.
607 582 705 619 Illud,
734 583 834 622 spurio
855 590 939 623 patre
963 592 1064 622 natus,
1088 585 1196 614 salsum
1220 590 1277 622 θεῖς
1307 584 1422 613 malim:
1451 584 1567 623 spurius
1589 585 1700 614 incerto
1722 592 1808 624 patre
1829 592 1934 623 natus,
1964 590 1999 615 ut
2019 586 2114 616 Iulius
2130 588 2188 617 Pa-

226 626 267 655 ris
289 630 374 655 notat
396 626 427 654 in
451 625 588 664 epitome.
620 625 678 654 Sed
700 625 820 654 videtur
842 626 978 664 spurium
1002 638 1057 665 pro
1080 627 1196 657 incerto
1220 628 1373 666 accipere,
1396 632 1427 655 et
1448 626 1587 657 Servium
1610 627 1682 656 facit
1705 628 1804 666 Spurii
1827 627 1929 658 filium.
1960 629 2034 660 Vide
2058 629 2185 666 Quintil.

226 668 278 698 lib.
290 669 340 697 ΙΙΙ.
363 667 514 697 Plutarch.
535 668 566 697 in
589 668 735 707 problem.
756 668 914 697 Iustinian.
937 669 1018 700 lib.I.
1040 670 1279 707 institutionum,
1316 669 1361 699 tit.
1384 669 1421 698 de
1445 670 1568 708 nuptiis.
1615 671 1655 699 De
1683 671 1778 699 matre
1801 672 1863 702 Ser.
1887 671 1979 700 Tullii
2005 671 2036 701 in
2058 673 2185 710 Lugdu-

226 711 309 740 nensi
333 712 367 741 T.
390 710 507 739 Claudii
530 711 601 750 imp.
626 712 761 740 oratione
784 711 912 740 dicitur:
949 710 1067 742 Servius
1091 712 1208 742 Tullius
1229 714 1255 741 si
1277 720 1392 742 nostros
1413 713 1562 752 sequimur
1583 713 1700 751 captiva
1723 720 1809 742 natus
1834 712 1976 752 Ocresia3
2010 715 2037 743 si
2061 715 2184 755 Tuscos,

228 752 311 783 Coeli
331 752 482 795 quondam
509 753 658 783 Vivennae
679 752 802 783 sodalis.
846 754 948 783 Livius
971 765 1056 784 serva
1076 761 1180 784 natum
1202 766 1262 784 non
1285 755 1429 792 credidit,
1455 755 1509 784 sed.
1530 756 1635 784 Servio
1658 755 1774 793 Tullio,
1798 756 1851 794 qui
1872 757 2014 796 princeps
2038 757 2185 790 Cornicu-

226 796 314 833 lnno,
342 801 373 825 et
395 795 518 825 Ocresia
540 802 659 834 natum;
693 797 788 825 Servii
811 807 991 836 praenomen
1013 803 1084 827 nato
1107 798 1168 827 filio
1192 803 1316 826 matrem
1339 798 1533 836 imposuisse,
1563 798 1642 837 quod
1665 798 1696 826 in
1717 799 1863 828 servitute
1884 804 1972 828 natus
1994 804 2081 831 esset.
2122 801 2185 830 Pli-

226 839 292 867 nius
315 838 379 867 sive
403 839 470 877 quis
493 839 585 876 alius,
619 840 649 868 in
671 840 747 868 libro
771 840 808 868 de
830 840 903 868 viris
925 840 1016 870 illust.
1039 842 1160 870 Servius
1184 841 1299 869 Tullius
1322 841 1353 871 P.
1377 840 1570 869 Corniculani
1592 846 1621 870 et
1644 841 1783 870 Ocresiae
1808 842 1945 880 captivae
1966 842 2061 879 filius3
2098 843 2183 872 cuius

226 881 316 909 verba
338 881 425 910 facile
448 882 559 911 mutari
581 887 710 922 possunt
732 883 764 911 in
787 884 837 922 Sp.
862 887 891 911 et
913 882 1071 914 Oclesiam.
1099 884 1188 913 Ant.
1207 884 1305 923 Aug.
1350 884 1477 922 Spurius
1505 888 1567 920 est,
1605 883 1690 912 cuius
1719 889 1804 923 pater
1825 885 2000 923 ignoratur,
2037 890 2126 923 atque
2148 890 2184 915 ut

226 923 382 952 Lucretius
405 924 557 963 loquitur,
579 924 737 965 volgivaga
758 936 856 954 venere
877 934 1054 966 conceptus;
1085 927 1170 955 cuius
1194 926 1373 955 vocabulum
1397 926 1506 956 Graeci
1527 937 1587 955 uon
1610 926 1731 956 habent.
1765 927 1840 956 Nam
1863 924 1996 965 νόθους,
2026 937 2102 966 quos
2123 938 2182 963 vos·

225 971 312 1003 cant,
342 966 365 994 ii
387 967 538 996 naturales
562 969 642 1007 apud
665 969 829 1005 Romanos,
859 972 889 997 et
911 973 1026 1007 patrem
1049 975 1163 998 certum
1186 968 1313 1007 habeut3
1343 967 1459 1000 σκότιοι
1481 974 1580 998 autem
1603 970 1686 998 furto
1709 969 1848 1008 concepti
1869 975 1950 1000 sunt.
1992 970 2101 1009 Spurio
2125 980 2181 1010 pa—

224 1013 270 1036 tre
292 1013 378 1038 natos
399 1010 526 1038 ioculari
549 1011 631 1039 dicto
654 1015 764 1040 vocant
786 1012 926 1049 Romani,
963 1012 1032 1050 quia
1063 1023 1129 1041 cuin
1156 1017 1241 1050 pater
1272 1022 1374 1040 eorum
1404 1012 1573 1050 ignoretur,
1608 1012 1713 1041 matris
1741 1022 1804 1042 esse
1831 1013 1985 1046 dicuntur.
2029 1013 2087 1042 sed
2109 1013 2181 1052 quia

224 1061 378 1090 nunquam
407 1053 511 1081 matris
540 1053 715 1083 dicebantur
743 1053 827 1082 liberi
855 1053 920 1083 iure
941 1055 1092 1092 Romano,
1129 1065 1226 1093 neque
1253 1055 1331 1083 enim
1354 1055 1510 1084 dicebatur
1533 1055 1563 1083 L.
1587 1055 1684 1084 Titius
1708 1055 1798 1084 Gaiae
1824 1055 1918 1092 filius,
1953 1056 2006 1085 secl
2027 1056 2061 1085 L.
2082 1055 2180 1087 Titius

224 1093 319 1122 Marci
339 1094 431 1132 filius,
462 1101 622 1135 propterea
644 1107 694 1125 eos
717 1096 866 1126 vocabant
888 1098 990 1135 Spurii
1012 1097 1105 1134 filios,
1138 1103 1170 1126 ut
1192 1097 1288 1126 Titius
1313 1098 1415 1137 Spurii
1426 1097 1534 1135 filius,
1564 1108 1579 1126 a
1602 1102 1688 1137 parte
1711 1098 1827 1127 scilicet
1848 1098 1968 1136 matris,
1999 1098 2080 1127 unde.
2100 1109 2182 1137 pro-

225 1137 319 1165 creati
340 1137 371 1166 in
396 1138 490 1166 lucem
513 1139 710 1177 prodierunt,
747 1149 823 1178 quae
845 1139 968 1168 honeste
991 1140 1138 1169 nominari
1162 1151 1222 1168 non
1248 1145 1356 1179 potest.
1399 1141 1474 1169 Nam
1497 1139 1636 1180 Spurium
1660 1150 1724 1169 eam
1747 1146 1861 1180 partem
1884 1140 2032 1170 vocabant
2052 1145 2180 1172 veteres.

224 1179 374 1209 Auctoree
396 1180 585 1218 Plutarchus,
614 1182 776 1221 Apuleius,
813 1182 955 1212 Isidorus.
1000 1183 1110 1212 Omnes
1132 1184 1209 1212 enim
1231 1185 1360 1222 spurium
1384 1180 1445 1215 υἷπό
1465 1186 1520 1222 τῆς
1542 1186 1658 1222 σπορᾶς
1680 1188 1818 1213 vocatam
1840 1184 1946 1213 dicunt
1967 1188 2179 1222 campartem.

224 1221 290 1250 Hoc
311 1223 351 1251 ita
373 1233 436 1252 esse
456 1229 577 1263 praeter
598 1235 649 1261 ea,
673 1235 749 1263 quae
771 1225 909 1264 superius
932 1236 947 1253 a
971 1226 1055 1255 nobis
1079 1226 1158 1254 dicta
1182 1231 1268 1263 sunt,
1290 1225 1381 1255 Iidem
1403 1226 1524 1263 fecerit,
1547 1236 1622 1265 quos
1645 1226 1733 1255 etiam
1750 1225 1895 1256 Favonius
1917 1226 2073 1256 vocabant.
2102 1226 2180 1257 Nam

220 1263 349 1305 favonia
371 1276 444 1302 ova,
481 1277 557 1305 quae
581 1267 692 1296 Graece
714 1265 866 1307 ὑπηνέμια
887 1268 1047 1305 dicuntur,
1080 1279 1115 1297 ea
1137 1273 1219 1305 sunt,
1256 1279 1333 1307 quae
1355 1269 1416 1297 sine
1437 1270 1514 1298 initu
1537 1269 1627 1298 maris
1648 1273 1794 1308 concepta
1817 1274 1899 1300 sunt.
1941 1267 2067 1298 Favonii
2087 1268 2180 1307 igitur

224 1309 311 1344 quasi
331 1308 395 1337 sine
415 1314 510 1347 patre.
554 1310 635 1345 Quin
658 1315 686 1339 et
706 1310 884 1340 Plutarchus
906 1321 974 1339 curn
998 1312 1050 1342 sP.
1073 1322 1132 1350 quo
1156 1312 1277 1350 spurius
1299 1311 1475 1349 notabatur,
1505 1312 1721 1350 interpretetur
1743 1312 1806 1340 sine
1827 1317 1928 1351 patre,
1959 1310 2106 1349 significat
2126 1321 2178 1341 eos

223 1348 302 1378 filios
323 1350 388 1379 sine
409 1356 494 1390 patre
515 1357 649 1382 vocatos.
678 1354 771 1382 Recte
792 1354 881 1391 igitur
903 1352 953 1382 hie
975 1354 1056 1393 apud
1079 1354 1197 1382 Festum
1221 1359 1355 1383 nostrum
1380 1353 1512 1383 Nothum
1535 1354 1595 1383 dici
1616 1354 1718 1391 illum,
1743 1364 1831 1393 quem
1854 1354 1944 1392 vulgo
1966 1353 2070 1392 spurio
2092 1359 2178 1393 patre

222 1397 325 1421 natum
348 1394 503 1425 vocabant.
549 1395 638 1431 Quod
663 1406 751 1434 quam
774 1396 984 1435 imprudenter
1005 1397 1170 1425 doctissimi
1192 1397 1252 1425 viri
1273 1402 1389 1426 mutare
1412 1397 1513 1425 conati
1534 1397 1612 1432 sint,
1637 1407 1725 1425 nemo
1748 1407 1808 1425 non
1830 1396 1929 1425 videt:
1951 1401 2014 1425 tum
2039 1395 2107 1434 quia
2125 1396 2178 1426 iis-

222 1434 289 1462 dem
304 1436 404 1464 verbis
420 1436 528 1474 legitur
550 1438 629 1477 apud
653 1438 905 1475 abbreviatorem,
929 1443 992 1467 tum
1012 1440 1100 1468 etiam
1123 1444 1246 1478 propter
1268 1450 1333 1468 eam
1355 1449 1489 1476 causam,
1511 1449 1586 1478 quae
1603 1450 1620 1467 a
1640 1439 1725 1468 nobis
1747 1439 1778 1467 in
1800 1439 1930 1468 medium
1954 1438 2103 1477 producta
2122 1443 2176 1468 eet.

221 1476 280 1505 Sed
304 1483 332 1506 et
354 1479 535 1509 Plutarchus
558 1485 660 1519 aperte
681 1480 811 1521 (quaest.
827 1480 927 1521 103.):
965 1481 1025 1512 Διά
1047 1482 1075 1512 τί
1095 1480 1167 1517 τούς
1189 1478 1342 1521 ἀπάτορας
1364 1483 1514 1522 σπυυρὶου
1538 1480 1627 1517 υἱοὺς
1653 1484 1797 1518 walonica,-
1830 1492 1898 1512 nam
1920 1481 1995 1510 falsa
2017 1485 2063 1510 est
2083 1480 2175 1511 lectio

221 1520 356 1558 vulgata,
388 1520 535 1561 σποριοῦς
557 1521 659 1561 vimis-3
695 1533 847 1562 nunquam
871 1525 947 1552 enim
970 1524 1121 1553 hominem
1143 1525 1234 1562 vulgo
1257 1529 1436 1562 conceptum
1461 1525 1589 1563 spurium
1604 1522 1725 1563 filium,
1760 1524 1814 1552 sed
1834 1524 1965 1563 spurium
1986 1523 2174 1563 simpliciter,

220 1565 251 1590 et
270 1564 364 1602 spurii
373 1563 478 1604 filium
500 1566 657 1595 vocabunt.
686 1565 817 1595 Delenda
841 1576 911 1604 ergo
934 1567 1040 1595 menda
1063 1567 1100 1596 de
1123 1567 1228 1595 codice
1250 1566 1414 1595 Plutarchi.
1438 1565 1540 1596 Scal.
1570 1567 1610 1594 Et.
1629 1567 1705 1594 illud
1728 1566 1765 1595 de
1787 1566 1903 1605 Spuriis
1926 1566 2045 1604 quidem
2068 1575 2174 1596 verum

221 1609 273 1633 est.
317 1606 358 1634 De
380 1606 478 1635 nothis
500 1608 622 1647 probari
645 1618 705 1637 non
727 1613 841 1647 potest,
878 1619 974 1648 neque
996 1609 1073 1638 enim
1095 1610 1250 1647 ignoratur
1271 1620 1372 1639 eorum
1395 1614 1489 1648 pater.
1534 1609 1622 1638 Nunc
1642 1608 1724 1637 aliud
1748 1608 1950 1646 quaerendum
1972 1613 2034 1645 est,
2065 1613 2094 1637 et
2115 1607 2174 1638 hoc

219 1646 318 1685 ipsum
346 1649 487 1678 continue
510 1651 613 1680 Festus
642 1651 859 1688 subiunxerat‚
898 1651 952 1680 sed
981 1653 1050 1690 quia
1080 1651 1272 1681 librariorum
1299 1653 1416 1681 incuria
1440 1657 1618 1690 corruptum
1640 1651 1717 1686 fuit,
1752 1651 1933 1689 interpretes
1954 1650 2054 1679 adhuc
2075 1650 2173 1685 latuit.

221 1689 294 1728 Lege
317 1691 423 1721 modo:
460 1691 550 1731 Quocl
573 1692 635 1722 Ser.
661 1692 779 1722 Tullius
801 1695 854 1735 qui
875 1692 993 1723 Romae
1017 1695 1165 1734 regnavit,
1201 1702 1288 1724 naeus
1311 1706 1352 1724 ex
1374 1693 1540 1724 concubina
1563 1693 1664 1734 Spurii
1689 1691 1773 1723 Tulli
1798 1693 1939 1724 Tiburtis.
1984 1693 2069 1722 Hanc
2095 1694 2174 1727 enim

218 1732 267 1761 ille
288 1734 434 1763 rationem
456 1735 575 1772 reddit,
610 1745 666 1764 cur
687 1736 772 1765 nothi
795 1736 898 1775 spurio
922 1741 1007 1776 patre
1030 1738 1092 1767 nati
1112 1737 1294 1767 dicerentur.
1339 1739 1450 1767 Sensus
1478 1742 1537 1767 est:
1575 1747 1658 1777 quem
1684 1734 1792 1765 Graeci
1818 1734 1937 1766 nothum
1964 1734 2082 1772 dicunt,
2117 1734 2175 1766 Ιιοσ

220 1780 275 1811 est,
297 1787 338 1805 ex
357 1784 451 1806 maire
471 1787 531 1807 non
553 1777 685 1817 legitima
707 1787 824 1816 natum,
846 1779 872 1808 is
894 1779 976 1820 apud
997 1778 1151 1810 Romanos
1171 1781 1272 1820 spurio
1291 1787 1377 1820 patre
1399 1787 1487 1809 natus
1508 1778 1632 1815 dicitur,
1658 1779 1728 1819 quia
1751 1777 1870 1808 Servius
1898 1776 2012 1807 Tullius
2033 1788 2075 1808 εει·
2095 1788 2175 1808 con-

221 1815 325 1846 cuhina
347 1826 374 1847 et
395 1821 494 1859 spurio
524 1820 610 1850 Tullo
639 1820 758 1850 Tiburte
780 1829 867 1850 natus
888 1830 939 1853 est.
979 1823 1027 1851 Nil
1050 1823 1160 1853 verius.
1203 1824 1288 1858 Quae
1311 1828 1478 1861 sequuntur
1500 1822 1543 1850 sic
1566 1821 1671 1859 legito:
1701 1820 1770 1849 Nisi
1780 1819 1870 1862 forie
1889 1819 2038 1851 malumus
2059 1818 2175 1851 creden

224 1855 337 1887 Ocrisia
356 1859 553 1892 Corniculana
577 1864 695 1903 captiva
718 1874 782 1893 eum
804 1872 967 1904 susceptum
990 1873 1083 1894 maire
1103 1866 1247 1896 serviente.
1283 1866 1325 1894 De
1345 1866 1451 1894 Servio
1474 1865 1572 1894 Tullio
1596 1864 1647 1893 alii
1669 1863 1728 1891 alia
1749 1863 1886 1892 afferunt.
1917 1862 1993 1892 Vide
2008 1862 2070 1892 Liv.
2085 1862 2136 1892 lib.
2149 1862 2173 1891 L

221 1903 251 1926 et
271 1899 388 1940 Dionys,
412 1904 461 1934 lib.
474 1905 524 1934 IV.
555 1905 644 1936 Dac.
689 1906 766 1935 Vide
789 1907 943 1936 Novellam
970 1908 1038 1946 περὶ
1067 1905 1181 1938 νόθων.
1221 1907 1347 1948 Spurius
1371 1915 1457 1947 patre
1483 1914 1578 1936 natus.
1618 1907 1745 1945 Spurius
1767 1906 1881 1939 incerto
1904 1910 1988 1944 patre
2010 1909 2108 1947 natus,
2137 1905 2172 1937 A.

220 1939 277 1968 nisi
293 1941 433 1988 ·Spurium
453 1955 567 1986 patrem
589 1959 645 1987 pro
669 1949 784 1978 incerto
807 1950 943 1988 accipias.
985 1950 1061 1979 Vide
1084 1950 1278 1986 Quinctilian.
1294 1951 1346 1980 111.
1374 1951 1460 1979 lnstt.
1484 1950 1522 1978 de
1544 1949 1666 1988 nuptiis.
1706 1947 1759 1977 Eae
1780 1946 1955 1978 concubina.
1994 1947 2040 1976 EX
2062 1947 2172 1977 0118δῖ3

220 1987 337 2030 captiva
360 1987 492 2017 Servium
515 1991 647 2020 Tullium
669 1996 773 2021 natum
795 1992 904 2022 ferunt.
935 1993 1056 2032 Dionys.
1071 1992 1122 2022 IV.
1146 1994 1226 2032 (pag.
1238 1995 1312 2025 207.
1328 2003 1354 2024 c.
1370 1992 1412 2031 1.)
1435 1993 1501 2021 ideo
1524 1991 1619 2021 Servii
1640 2001 1821 2030 praenomen
1842 1990 1887 2019 illi
1909 1991 2083 2029 impositum
2105 2001 2173 2021 cre·

220 2023 279 2061 (ht,
307 2027 373 2064 quia
397 2039 479 2059 serva
503 2039 599 2062 natus.
635 2034 720 2063 Adde
742 2034 818 2063 Plin.
841 2034 872 2063 in
895 2035 972 2064 libro
997 2036 1033 2064 de
1057 2035 1128 2064 viris
1152 2037 1328 2067 illustribus,
1359 2034 1467 2065 Goth.
1515 2033 1655 2063 Tribulis.
1688 2033 1827 2063 Tiburtis.
1862 2032 2040 2063 Maluimus.
2072 2032 2171 2063 Malu-

218 2077 294 2096 mus.
330 2067 453 2108 Oelifiae
477 2071 699 2107 Corniculanae.
734 2077 871 2105 Oelifiam
896 2078 1094 2107 Corniculum.
1139 2076 1246 2108 Idem.
2002 2103 2005 2109 .

381 2111 561 2146 Nobilem.
606 2120 679 2157 Lege
701 2121 730 2148 in
754 2120 826 2148 fine:
854 2118 960 2149 Livius
982 2121 1012 2149 in
1038 2120 1180 2160 Virgine:
1206 2120 1386 2150 Ornamento
1409 2116 1548 2149 incedunt
1567 2117 1704 2158 gnobili5
1727 2128 1795 2147 nam
1817 2116 1921 2147 ultima
1943 2127 2006 2146 vox
2027 2117 2168 2148 abundat.

218 2149 318 2181 Scal.
348 2150 467 2183 Nobilis
488 2168 505 2184 α
528 2169 631 2196 nosco,
654 2163 736 2194 novi.
759 2170 859 2192 notum
882 2162 1006 2200 nobilis,
1031 2169 1063 2192 ut
1085 2175 1101 2192 a
1123 2170 1233 2193 motum
1257 2161 1382 2191 mobilis.
1418 2163 1536 2201 Antiqui
1556 2159 1688 2201 gnobilis
1710 2160 1812 2190 addito
1828 2172 1866 2200 g,
1888 2164 1923 2190 ut
1942 2171 2070 2199 gnarus,
2089 2172 2168 2200 gna-

216 2199 277 2240 ¹¹†⁸›
295 2205 418 2234 gnavus.
451 2198 544 2227 Locus
569 2201 661 2230 Plauti
684 2214 698 2232 e
722 2205 856 2234 Pseudol.
878 2211 933 2234 act.
948 2205 998 2236 IV.
1023 2217 1064 2236 sc.
1079 2210 1114 2242 2,
1139 2204 1225 2245 (11.)ι
1258 2205 1318 2234 Sed
1339 2204 1380 2233 ibi
1403 2203 1544 2245 ignobilis
1567 2203 1655 2232 hodie
1676 2208 1758 2233 recte
1778 2204 1906 2242 legitur,
1929 2202 1961 2232 id
1984 2207 2027 2232 est
2050 2203 2167 2243 ignora-

214 2232 293 2273 bilis,
316 2236 442 2274 ignotus.
479 2240 535 2269 Ista
558 2249 583 2269 et
607 2243 699 2273 oculis
721 2248 805 2283 meis,
829 2247 861 2275 id
885 2253 927 2276 est
950 2254 978 2276 et
1001 2247 1079 2276 idem
1104 2248 1242 2283 Plautus,
1266 2245 1360 2278 oculis
1382 2248 1453 2275 meis
1476 2252 1529 2276 etc.
1567 2245 1589 2275 E
1611 2245 1749 2276 Pseudol.
1765 2245 1808 2283 II,
1834 2249 1869 2283 1,
1892 2245 1990 2284 (18.):

279 2320 284 2327 ·
747 2286 806 2324 Qui
828 2288 922 2319 oculis
946 2292 1017 2319 meis
1040 2289 1156 2320 obviam
1179 2289 1358 2331 ignor-abilis
1380 2288 1544 2319 obiicitur?

213 2320 318 2349 Amas
340 2321 370 2350 in
393 2321 542 2352 Diomede.
589 2325 657 2353 Attii
682 2329 772 2356 verba
796 2332 838 2358 sic
861 2332 929 2360 alibi
952 2333 1046 2371 (apud
1070 2333 1143 2362 Non.
1168 2333 1347 2372 pag.351.):

746 2369 824 2408 Ergo
847 2384 892 2401 me
913 2374 1016 2413 Argos
1036 2376 1204 2415 conferam,
1230 2386 1298 2405 nam
1321 2375 1370 2405 hic
1381 2373 1476 2416 fuam
1496 2373 1627 2414 gnobilis

747 2410 792 2439 Ne
815 2415 862 2442 cui
883 2426 1047 2454 cognoscar
1068 2425 1147 2447 noto.
