2263 2668
488 153 552 187 DE
578 151 967 187 SIGNIFICATIONE
994 152 1279 189 VERBORUM.
1332 154 1478 189 LIBER
1497 153 1623 189 xvlss.
1952 157 2026 190 729

77 246 133 276 Ubi
156 254 233 276 tesca
258 251 344 276 vocat
367 246 467 286 spacia
491 246 646 284 coelestia,
677 256 751 284 quae
773 245 824 274 alii
846 246 964 284 templa.
1009 246 1119 275 Ennius
1136 248 1155 276 Ι.
1178 247 1296 278 annal:

538 289 619 318 Unus
643 290 696 318 erit
718 300 801 329 quem
824 295 856 316 tu
878 287 962 317 tolles
984 289 1015 318 in
1038 289 1156 319 caerula
1179 290 1253 320 coeli

537 329 665 370 Templa.

78 373 282 412 Superiusque
303 372 378 401 illud
400 372 653 412 hemisphaerium
673 372 823 411 intellige,
846 371 927 410 quod
950 373 1094 412 templum
1117 378 1290 413 tescumque
1314 375 1438 412 dicitur,
1477 374 1546 413 quia
1571 373 1718 411 undique,
1751 377 1782 401 ut
1805 372 1906 402 Naevii
1928 374 2026 403 verbis

77 420 162 453 utar,
186 415 286 444 aethra
312 416 430 444 caerula
454 421 573 455 septum
597 421 654 444 est:

535 457 606 487 Hoc
629 457 679 486 ubi
701 456 801 486 aethra
823 454 941 486 caerula
962 465 1071 496 septum
1094 466 1152 488 stat
1174 458 1424 499 hemisphaerium.

79 500 189 528 Versus
214 499 295 527 Accii
319 509 357 528 ex
377 499 511 529 Varrone
534 501 677 538 Scaliger:

537 542 610 580 Quis
632 551 662 571 tu
684 553 713 570 es
735 539 884 577 mortalis,
907 542 958 580 qui
977 542 1008 570 in
1031 541 1142 572 deserta
1164 542 1289 573 Lemnia

532 584 569 613 Et
593 593 670 613 tesca
693 591 720 612 te
741 591 882 623 apportas
902 582 994 613 loca?

81 625 172 655 Tescn
195 636 210 654 a
235 626 350 655 Graeco
381 623 505 663 δάσκια,
542 626 689 657 umbrosa.
718 626 809 655 Dac.
854 626 926 653 Vide
957 626 1079 655 Godosr.
1103 628 1262 657 Hermanni
1296 629 1414 657 Dissert.
1446 628 1482 656 de
1507 626 1642 665 Aeschyli
1666 625 1830 654 Philocteta
1859 625 1889 653 in
1913 627 2026 664 Opusc.

77 668 110 696 T.
124 668 171 697 111.
188 671 302 707 p.118.
317 679 377 707 seq.
407 669 518 698 Versus
541 669 691 698 Ciceronis
712 674 755 697 est
778 678 814 696 ex
837 677 926 707 opere
949 669 1114 707 deperdito.
1154 671 1228 700 Vide
1252 671 1344 700 Orell.
1369 672 1428 699 Cic.
1452 671 1530 709 Opp.
1554 670 1616 698 Vol.
1629 669 1675 698 IV.
1701 669 1731 696 P.
1745 668 1780 696 II.
1800 678 1827 706 p.
1843 668 1915 699 582.
1934 678 1962 696 n.
1976 670 2024 699 13.

246 709 430 740 Tonsilla.
476 712 548 740 Attii
575 722 693 740 carmen
717 711 889 740 mendosum
912 716 961 739 est.
993 712 1080 741 Ant.
1104 713 1196 753 Aug.
1246 712 1407 742 Tonsillam
1432 714 1473 741 ait
1495 724 1552 740 esse
1578 712 1694 739 Verrius
1714 709 1816 749 palum
1839 708 1972 738 dolatum
1996 711 2026 738 in

78 763 199 781 acumen
222 760 248 781 et
271 752 391 792 cuspide
410 753 640 796 praeferratum,
676 761 707 782 ut
730 754 901 782 esristimant
924 752 1060 793 quidam,
1091 767 1154 783 cum
1173 756 1278 795 figitur
1298 757 1327 784 in
1351 754 1448 784 littore
1472 755 1553 782 navis
1576 751 1744 792 religandae
1766 763 1879 781 caussa.
1922 751 2027 781 Pacu-

78 795 141 823 vius
163 795 195 823 in
214 794 329 824 Medo.-
352 796 478 825 Accessi
499 796 541 825 ad
562 808 623 825 eam
648 804 673 824 et
696 794 847 825 tonsillam
867 797 934 834 pegi
956 795 1037 825 laevo
1060 798 1090 825 in
1113 796 1218 826 littore.
1265 796 1345 826 Idem
1369 799 1398 826 in
1419 795 1572 826 Phinidis:
1599 796 1701 824 Tacere
1723 802 1749 823 et
1772 792 1907 822 tonsillas
1930 793 2027 823 littore

78 837 108 864 in
132 835 214 866 laevo
238 836 320 867 edite.
352 837 452 869 Scal.
499 839 593 867 Aliter
615 839 749 867 Isidorus
771 837 822 868 lib.
840 838 926 874 XIX,
952 842 1018 869 11.:
1052 839 1214 875 Tonsillne,
1245 840 1356 878 inquit,
1387 840 1488 868 uncini
1499 838 1612 880 ferrei,
1643 836 1689 866 vel
1710 836 1811 876 lignei,
1839 834 1880 864 ad
1902 847 1974 875 quos
1996 837 2027 865 in

78 877 165 908 litore
187 878 302 918 defixos
325 881 442 909 nauium
454 880 550 921 fimes
572 880 740 921 religantur.
773 881 831 908 Sed
853 880 954 909 melius
976 881 1081 910 Festus
1104 882 1164 910 sive
1188 883 1318 911 Verrius.
1343 882 1430 911 Dac.
1464 881 1578 910 Accius
1600 881 1631 908 in
1654 877 1797 908 Phinidis.
1831 878 1904 906 Vera
1928 878 2025 915 lectio,

79 932 139 949 uon
161 920 342 958 Phoenissis,
368 928 401 951 ut
423 924 478 952 viri
503 924 594 954 docti.
633 924 716 952 Accii
740 922 879 952 Phinidas
902 934 988 962 saepe
1011 924 1133 953 Nonius.
1174 925 1262 962 Lege:

702 966 807 995 Tacete
828 973 854 993 et
876 965 1012 995 tonsillas
1034 965 1133 995 littore
1155 968 1184 996 in
1208 966 1290 996 laevo
1313 965 1395 995 edite.

79 1005 133 1034 Vel
155 1007 185 1035 in
209 1005 303 1045 laeto,
325 1013 360 1037 ut
382 1018 473 1048 supra
496 1009 575 1048 apud
599 1008 767 1039 Pacuxium.
798 1008 831 1036 Iu
855 1008 934 1036 MSS.
958 1013 1037 1037 erat:
1061 1010 1090 1037 in
1114 1008 1180 1038 leda
1204 1010 1250 1038 vel
1272 1008 1372 1038 illeda.
1398 1008 1506 1037 Idem.
1542 1007 1643 1037 Palus.
1677 1007 1748 1035 Vide
1771 1015 1859 1044 supra
1884 1005 2027 1046 Prymne-

78 1050 146 1080 sius.
195 1048 300 1079 Goth.

245 1092 410 1122 Tonsam.
457 1094 654 1123 Glossarium:
681 1094 810 1130 Tonsae,
834 1095 942 1124 κῶπαι.
977 1093 1034 1123 Sed
1057 1105 1071 1122 a
1097 1092 1259 1130 tundendo,
1286 1105 1344 1122 non
1368 1105 1382 1122 a
1405 1092 1567 1128 tondendo,
1592 1096 1624 1120 ut
1648 1091 1709 1119 vult
1733 1091 1854 1127 Festus,
1879 1091 1947 1129 quia
1969 1090 2027 1119 illis

79 1144 155 1172 aqua
178 1135 326 1164 tunditur.
349 1135 437 1166 Dae.
472 1136 557 1166 Poste
579 1135 741 1166 recumbite.
782 1137 873 1174 Lego:

635 1178 716 1208 Pone
738 1178 893 1207 recumbite
913 1185 1062 1218 vestraque
1081 1185 1201 1217 pectora
1222 1177 1321 1217 pellite
1343 1179 1441 1208 tonsis.

78 1219 121 1247 lta
146 1224 179 1247 ut
202 1230 263 1248 mos
287 1225 314 1249 et
338 1227 436 1258 gestus
460 1221 602 1258 remigum
626 1222 820 1260 exprimatur.
857 1221 903 1248 Sic
925 1221 1003 1249 infra
1024 1231 1099 1260 pone
1118 1228 1218 1260 petunt
1242 1225 1297 1250 etc.
1321 1220 1429 1249 Idem.
1467 1219 1504 1248 Et
1527 1220 1558 1248 in
1581 1219 1688 1248 Asota.
1727 1219 1844 1246 Asotam
1866 1217 1929 1246 sive
1952 1216 2028 1245 Aso-

80 1267 141 1290 tum
165 1262 251 1290 Ennii
275 1263 377 1292 laudat
400 1269 487 1292 etiam
506 1265 599 1292 Varro
623 1263 735 1293 Iib.1V.
759 1263 796 1292 de
819 1264 848 1291 L.
867 1264 895 1290 L.
916 1263 962 1301 (V.
980 1273 1046 1301 pag.
1060 1266 1110 1293 63.
1129 1262 1200 1302 Sp.).
1231 1263 1287 1292 Sed
1311 1264 1427 1291 monuit
1443 1262 1589 1300 Scaliger,
1612 1261 1767 1299 legendum
1791 1271 1850 1289 non
1872 1260 1902 1288 in
1919 1258 2028 1295 Asota,

79 1305 129 1332 sed
153 1305 183 1333 in
207 1304 360 1335 Sotadico.
398 1307 469 1334 Nam
494 1307 665 1335 Sotadicum
689 1306 809 1344 scripsit
832 1305 952 1334 Ennius.
988 1305 1117 1334 Asotam
1140 1316 1212 1334 vero
1236 1307 1297 1334 sive
1320 1306 1448 1334 Asotum
1472 1304 1627 1334 Caecilius.
1654 1303 1740 1332 Dae.
1779 1303 1924 1331 Nimirum
1948 1301 2029 1340 apud

81 1347 242 1376 Varronem
265 1353 322 1376 est:
346 1359 364 1376 a
388 1360 444 1387 quo
466 1356 506 1377 est
529 1349 558 1376 in
582 1348 663 1378 Sota⁴
704 1347 793 1376 Ennii
815 1347 845 1376 h.
865 1358 888 1376 e.
913 1348 943 1376 in
968 1346 1110 1377 Sotadico
1133 1347 1236 1385 Ennii,
1260 1349 1322 1377 sive
1345 1349 1374 1376 in
1399 1346 1605 1377 Sotadicorum
1629 1344 1714 1374 libris
1738 1344 1832 1373 Ennii.
1873 1345 1917 1373 Cf.
1936 1344 2030 1372 Scali-

79 1399 139 1427 ger.
162 1391 192 1418 iu
218 1391 298 1418 (toni.
322 1400 380 1428 pag
403 1393 452 1422 29.
479 1390 580 1429 steph.

245 1431 478 1472 Tymbraeus.
525 1434 624 1462 Potius
648 1444 662 1461 a
688 1431 851 1471 Thymbra,
878 1432 950 1461 urbe
970 1432 1102 1461 Troadis.
1129 1432 1258 1462 Eustath.
1284 1433 1312 1461 in
1337 1432 1456 1462 Homer.
1491 1431 1564 1460 Vide
1588 1429 1714 1468 Hesych.
1739 1430 1769 1458 in
1796 1427 1932 1469 Θύμβρα.
1972 1429 2028 1457 Lo-

79 1484 129 1502 cus
150 1474 279 1512 virgilii,
305 1485 392 1513 quem
415 1476 520 1504 Festus
541 1476 699 1513 intelligit,
723 1480 766 1503 est
789 1485 803 1503 e
825 1475 875 1503 III.
900 1475 970 1503 Aen.
994 1476 1083 1511 (S5.):

592 1518 639 1547 Da
660 1518 811 1557 propriam
839 1516 1013 1556 Thymbraee
1036 1516 1170 1553 domum,
1197 1515 1234 1545 da
1259 1518 1372 1546 moenia
1387 1515 1492 1558 fessis.

79 1558 131 1587 Da
141 1570 164 1588 cv

246 1600 415 1630 Tolle-no.
449 1601 512 1640 (Ad
536 1613 564 1641 p.
579 1601 667 1640 272.)
698 1601 774 1630 Vide
796 1600 1001 1640 Reciprocare.
1032 1601 1120 1630 Ant.
1144 1601 1237 1640 Aug.
1281 1601 1393 1637 Trabs,
1431 1611 1505 1639 quae
1534 1610 1624 1638 super
1654 1600 1775 1628 alteram
1798 1599 1880 1628 humi
1904 1599 2029 1628 defixam

78 1648 246 1672 transversa
275 1644 440 1681 deligatur,
476 1645 517 1673 ita
548 1650 581 1673 ut
610 1645 645 1672 ab
675 1645 769 1672 altera
800 1649 884 1681 parte
907 1648 1121 1682 praegravante
1145 1646 1278 1682 pondere
1301 1643 1390 1671 modo
1414 1643 1604 1678 sustollatur,
1644 1643 1731 1671 modo
1756 1642 1894 1670 deorsum
1919 1647 2028 1679 agatur.

80 1686 191 1714 Graece
215 1685 381 1724 κηλώνιον,
403 1686 484 1716 unde
506 1693 534 1716 et
555 1686 669 1717 celonia
691 1687 769 1715 dixit
793 1686 915 1714 Plautus
941 1686 1060 1714 Poenul.
1086 1686 1150 1714 Act.
1168 1685 1200 1713 V.
1223 1688 1310 1722 sc.3,
1334 1686 1421 1722 (43.):

721 1728 796 1758 Sunt
821 1727 934 1757 Graeca
958 1727 1088 1764 celonia,
1118 1726 1235 1757 sustolli
1257 1727 1359 1758 solent.

81 1770 190 1809 Estque
213 1769 322 1800 rolleno
346 1782 405 1800 non
429 1782 445 1800 a
467 1772 622 1808 tollendo,
646 1772 697 1800 sed
721 1771 757 1800 ab
781 1771 902 1809 obliquo
928 1768 1079 1809 κήλωνος,
1105 1771 1189 1809 quasi
1213 1769 1330 1807 celeno,
1355 1776 1384 1799 et
1407 1782 1423 1800 c
1446 1771 1475 1799 in
1499 1778 1509 1798 1
1532 1769 1636 1798 toleno.
1684 1769 1770 1798 Dae.

245 1812 435 1843 Τοῖσι-αντ.
459 1812 519 1854 (Ad
542 1827 570 1854 p.
584 1813 668 1855 272.)
694 1814 801 1842 Versus
824 1814 927 1842 Ennii:

658 1856 746 1885 Ferro
770 1855 889 1885 caedere
911 1868 956 1892 se,
985 1866 1072 1895 quam
1098 1853 1185 1884 dictis
1207 1854 1252 1883 his
1276 1854 1418 1884 toleraret.

79 1896 182 1927 Scal.
221 1896 324 1927 Tolera
347 1898 383 1927 ab
407 1899 529 1937 antiquo
554 1897 629 1933 tolo,
654 1899 735 1937 quod
759 1909 774 1927 a
797 1901 890 1934 ταλῶ,
913 1898 1048 1927 sustineo.
1089 1898 1121 1925 111
1147 1907 1232 1926 versu
1255 1898 1326 1925 Acci
1351 1905 1402 1926 aut
1425 1902 1467 1926 est
1490 1907 1545 1936 pro
1568 1895 1658 1924 haud.
1698 1896 1783 1923 Ennii
1810 1904 1925 1922 versum
1950 1894 2030 1922 varie

78 1941 154 1969 varii
177 1942 348 1969 emendant:
382 1942 481 1970 Douza
504 1942 685 1979 scripturam
706 1942 785 1970 Festi
808 1941 957 1979 sequitur,
988 1940 1130 1978 additque
1154 1940 1256 1969 eodem
1280 1941 1370 1969 modo
1394 1940 1525 1969 dictum:
1554 1937 1657 1978 aquila
1679 1945 1773 1967 rostro
1792 1943 1893 1976 pectus
1914 1934 2030 1964 secide-

78 1990 134 2012 ναι.
159 1983 250 2012 Dac.
295 1984 418 2022 Legitur
439 1986 516 2013 enim
539 1985 628 2022 vulgo
652 1983 741 2013 Ferro
764 1983 907 2020 secedere,
943 1993 1035 2022 quare
1059 1983 1160 2010 Donza
1184 1981 1272 2012 Ferro
1294 1981 1456 2019 secaetlere,
1491 1982 1540 2011 vel
1562 1979 1701 2017 seciam,
1739 1979 1903 2018 composito
1926 1978 2029 2014 verbo,

78 2025 234 2064 legendum
261 2026 445 2065 opinabatur.
491 2028 528 2055 At
549 2027 637 2063 longe
660 2027 764 2055 melius
787 2026 925 2054 Ursinus:
957 2024 1045 2054 Ferro
1068 2036 1097 2053 se
1119 2023 1219 2061 caedi,
1243 2025 1324 2063 quod
1348 2026 1400 2054 Ms.
1422 2037 1452 2054 se
1475 2022 1563 2055 caede
1586 2022 1715 2052 exhibet.

245 2066 364 2098 Toles.
410 2070 548 2098 Glossae:
583 2067 689 2106 Totae,
718 2068 807 2105 tolia,
838 2065 987 2105 tonsillae,
1016 2068 1194 2107 παρίσθμια.
1233 2067 1277 2096 Ab
1302 2078 1336 2097 eo
1363 2066 1517 2104 Talarius,
1541 2062 1772 2104 πλεονοτρόφος.
1797 2060 1899 2093 Scal.
1942 2064 2028 2109 11ch-

76 2112 184 2150 ἰσθμια
208 2116 305 2140 autem
329 2112 486 2150 glandulae
510 2111 655 2148 saucium,
691 2122 758 2140 nam
781 2112 890 2150 ἵσθμος
914 2111 1058 2139 dicuntur
1086 2111 1201 2147 fauces,
1239 2110 1306 2149 quia
1330 2111 1360 2138 in
1385 2110 1505 2139 modum
1529 2108 1629 2138 isthmi
1653 2109 1731 2137 inter
1753 2116 1785 2135 os
1809 2110 1838 2134 et
1859 2105 1956 2143 gulam
1980 2114 2027 2131 in-

76 2153 216 2183 teriectae
239 2158 317 2183 sunt.
361 2153 450 2183 Dac.

243 2194 474 2226 Tullianum.
500 2196 559 2236 (Ad
582 2207 611 2235 p.
625 2194 710 2234 272.)
736 2195 829 2224 Varro
852 2195 903 2224 lib.
918 2195 965 2226 IV.
988 2194 1025 2223 de
1049 2194 1079 2222 L.
1102 2194 1130 2223 L.
1155 2194 1202 2234 (V.
1220 2204 1286 2234 pag.
1304 2197 1372 2226 150.
1395 2196 1463 2227 153.
1483 2192 1546 2232 Sp.)
1570 2193 1677 2222 Carcer
1700 2203 1715 2220 a
1740 2188 1922 2225 coercendo,
1946 2186 2026 2225 quod

77 2237 159 2266 exire
182 2237 390 2275 prohibentur.
423 2238 456 2267 Iu
480 2239 538 2267 huc
560 2249 629 2278 pars
654 2248 729 2277 quae
751 2238 804 2267 sub
827 2243 907 2267 terra
924 2237 1110 2274 Tullianum,
1133 2237 1199 2265 ideo
1224 2237 1305 2276 quod
1328 2236 1462 2266 additum
1485 2247 1501 2264 a
1525 2235 1623 2264 Tullio
1644 2244 1721 2273 rege.
1754 2234 1795 2262 De
1819 2242 1852 2260 eo
1874 2229 1941 2259 vide
1963 2229 2024 2256 Sal-

77 2280 144 2308 lust.
164 2281 242 2315 (Cat.
260 2282 325 2317 55.)
348 2286 377 2310 et
398 2281 582 2312 Marlianum.
627 2281 714 2310 Dae.
1862 2312 1866 2317 .

244 2322 382 2352 Taxat.
427 2321 533 2361 Iussit,
570 2325 614 2353 ius
634 2324 681 2353 sit.
712 2321 811 2352 Scal.
855 2322 1037 2352 Alienissima
1065 2328 1149 2359 sunt,
1186 2332 1260 2361 quae
1282 2321 1331 2350 hic
1354 2321 1457 2350 Festus
1482 2319 1586 2354 tradit,
1625 2329 1718 2357 neque
1741 2316 1815 2346 enim
1839 2312 1891 2360 ¹¹.¹⁰.
1908 2319 1983 2341 taxo
2000 2323 2022 2359 ,a

77 2372 184 2404 tango,
207 2365 258 2393 sed
276 2377 290 2393 a
308 2366 423 2395 Graeco
446 2365 558 2403 τάσσω,
584 2366 666 2405 quod
689 2376 704 2394 a
729 2366 849 2394 Graecis
870 2365 1066 2405 scriptoribus
1090 2370 1254 2404 usurpatur
1276 2364 1377 2394 eadem
1400 2363 1538 2400 notione,
1562 2373 1619 2401 qua
1642 2370 1718 2390 taxo
1741 2359 1776 2386 ab
1799 2357 1917 2403 Latinis.
1939 2354 2023 2403 ‘An-

77 2407 199 2436 stoteles
221 2407 272 2435 lib.
286 2408 321 2437 Il.
346 2408 416 2437 Oec.
441 2413 525 2441 e.2.:
550 2408 695 2449 Hippias,
719 2409 834 2447 inquit,
857 2408 1044 2437 Atheniensis
1067 2419 1212 2437 nummum
1237 2405 1318 2446 apud
1331 2405 1522 2436 Athenienses
1544 2403 1701 2443 legitimum
1726 2412 1777 2430 usu
1800 2395 1971 2432 interdixit,
1996 2403 2021 2424 et

123 2458 291 2486 Gustum-r.
311 2469 379 2488 Lar.
404 2459 436 2488 ΙΙ.
1503 2458 1529 2490 Z
1545 2469 1562 2489 z
1578 2468 1595 2488 z
1611 2467 1628 2487 Ζ
