2263 2668
221 172 297 207 54⁰
648 166 994 201 COMMENTARII
1021 168 1069 202 IN
1095 166 1239 202 PAULI
1264 165 1461 202 DIACONI
1487 165 1752 202 ΕΧΟΕΒΡΤᾹΙ

385 261 510 293 Νἰσιίί
533 259 649 289 conis.
692 260 781 289 Ennii
805 270 924 289 carmen
946 260 997 290 lib.
1011 261 1050 290 X.
1072 261 1248 291 mendosum
1275 265 1328 290 est.
1350 258 1440 290 Ant.
1464 259 1558 300 Aug.
1591 259 1688 290 Νἰοὶίι
1711 263 1803 293 canis.
1833 262 1880 291 Ob
1902 261 2023 292 odorem
2046 265 2179 294 serarum

221 306 344 338 naribus
367 306 513 334 obiectum
538 301 695 332 oculorum
719 307 747 332 et
769 303 973 332 membrorum
996 303 1063 332 nisu
1085 304 1185 343 gestit.
1226 303 1337 334 Versus
1360 302 1450 332 Ennii
1475 302 1518 331 sic
1542 303 1612 342 legit
1635 304 1741 344 Scalig.
1764 305 1794 334 in
1819 305 2017 335 coniectaneis
2041 307 2076 337 ad
2099 309 2178 338 Var-

220 361 287 381 ron,
312 353 387 388 (pag.
404 345 473 378 154·
498 344 544 373 ed.
566 343 637 384 Sl.):

755 404 797 410 -
839 404 882 410 —-
925 387 1112 429 Animus-que
1131 390 1161 418 in
1182 396 1298 429 pectore
1321 386 1412 417 latrat

757 429 854 459 Sicuti
875 430 1022 470 siquando
1045 430 1143 462 vinclo
1168 432 1301 460 venatica
1325 441 1398 460 aeno

753 472 840 512 Apta
862 472 936 502 solet
958 474 1042 510 cani',
1067 473 1150 515 forte
1167 472 1265 515 feram
1290 473 1317 502 si
1338 484 1379 503 ex
1401 483 1472 503 nure
1493 475 1597 514 sagaci

756 513 870 553 Sensit,
897 527 966 545 voce
987 527 1041 545 sua
1063 517 1157 546 niciot
1179 514 1332 556 ululatque
1353 515 1396 545 ibi
1418 524 1511 546 acute.

219 567 298 607 Apta
320 564 421 595 vinclo
444 575 519 594 aeno
543 569 587 594 est
609 564 729 604 iuncta,
754 575 887 595 connexa
910 566 1022 598 vinclo.
1060 565 1142 597 Gani'
1165 578 1220 607 pro
1244 567 1336 596 canis.
1372 566 1411 596 At
1434 568 1572 597 Gifanius
1594 567 1727 607 legebat:

759 616 862 647 Veluti
882 618 909 647 si
930 616 1052 657 quando
1074 617 1180 648 vinclis
1202 618 1334 647 venatica
1358 629 1457 648 venooe

753 660 840 700 Apta
863 659 950 697 solet,
976 661 1002 689 si
1013 660 1101 702 forte
1113 660 1219 704 feram
1241 672 1282 689 εει·
1307 672 1376 689 nare
1398 662 1514 700 sagaci.

220 710 316 746 Quem
338 719 398 738 non
421 718 546 747 sequor,
582 719 678 746 neque
701 710 778 739 enim
801 712 852 740 illa
875 712 1009 741 venatica
1030 722 1128 741 venox
1150 712 1270 750 probari
1293 722 1382 750 posse
1405 712 1544 740 arbitror.
1593 709 1677 741 Unde
1700 713 1764 753 ipsa
1787 712 1933 751 gannitio.
1976 711 2068 750 Lege:
2102 711 2180 742 unde

219 752 343 781 nictatio
366 752 431 789 ipsa
452 751 596 789 gannitio.
620 752 706 782 Dae.
741 753 869 783 Nexari.
902 754 1024 784 Nictari.
1058 753 1183 784 Scribet.
1213 754 1339 783 Scribes.
1369 754 1536 784 Nictabere.
1568 755 1740 784 Nectabere.
1770 753 1911 794 Pugilem.
1943 755 2052 794 Pugile.
2083 754 2181 785 Nictit

220 794 312 823 canis.
345 793 418 822 Inde
441 792 610 823 Nicticulus
633 795 712 833 apud
737 796 862 826 Varron.
885 796 922 826 de
946 797 976 828 L.
997 798 1028 826 L.
1048 796 1100 827 [V.
1124 796 1203 836 (pag.
1220 799 1289 829 102.
1313 799 1364 836 Sp.
1387 797 1439 826 ubi
1461 807 1542 826 nunc
1565 796 1738 827 noctulucus
1758 798 1900 837 lcgitur.).
1931 797 2087 828 Venenum.
2118 797 2181 827 Ve-

218 846 290 867 nox.
328 835 415 873 Apta
437 834 529 874 solet‚·
551 838 578 865 si
590 836 677 878 forie
689 837 781 880 feras
801 850 843 868 ex
864 850 934 868 nare
955 840 1058 879 sagaci
1080 838 1177 868 Sensit
1201 844 1255 868 cet.
1293 839 1399 869 Nictit.
1430 840 1531 870 Nictu.
1571 838 1663 869 Unde.
1697 841 1733 869 Et
1755 840 1835 869 unde
1857 840 1906 869 vel
1928 845 1957 869 et
1978 839 2060 871 inde.
2093 838 2180 869 Gan-

217 878 301 907 nitio.
335 877 410 907 Vide
433 888 523 917 supra
548 876 698 910 Gannitio.
726 879 833 912 Goth.
866 882 961 911 Locus
983 882 1114 911 Lucretii
1137 887 1182 911 est
1201 882 1252 911 lib.
1265 881 1322 920 VI,
1345 884 1418 914 836.
1454 883 1496 911 De
1520 883 1640 912 Caecilii
1663 883 1730 912 loco
1753 883 1791 912 cf.
1813 883 1949 922 Spengel.
1972 882 2076 922 Fragg.
2092 883 2179 914 Caec.

217 921 290 950 Stat.
312 930 380 960 pag.
393 920 445 952 24.

382 962 524 1003 Niquis
546 964 672 993 scivit.
698 965 758 1004 (Ad
782 976 845 1004 pag.
863 966 945 1007 185.)
969 967 1052 996 Hanc
1074 966 1237 995 centuriam
1259 977 1276 994 a
1298 966 1404 996 Servio
1419 968 1521 996 Tullio
1543 967 1710 998 institutam
1735 967 1811 996 dicit
1826 967 1946 1006 Festus,
1967 967 1998 998 in
2022 977 2081 1007 qua
2098 963 2178 998 'lice-

218 1009 264 1034 ret
286 1005 314 1034 ei
337 1005 510 1043 suffragium
533 1006 628 1043 serre,
654 1009 703 1046 qui
727 1019 785 1037 non
808 1009 926 1038 tulisset
949 1010 980 1039 in
1002 1021 1072 1047 sua,
1097 1020 1134 1038 ne
1155 1009 1220 1048 quis
1244 1009 1318 1039 civis
1341 1010 1472 1049 suffragii
1494 1011 1560 1039 iure
1581 1011 1763 1050 privaretur.
1809 1010 1899 1040 Dae.

381 1046 587 1087 Ningulus.
629 1050 717 1079 Ennii
744 1061 849 1080 versus
873 1053 1032 1081 mendosus
1056 1057 1113 1089 est,
1149 1057 1178 1081 et
1201 1052 1269 1090 quia
1293 1052 1381 1082 video
1404 1054 1529 1082 Paulum
1553 1054 1666 1082 referre
1689 1053 1779 1082 verba
1802 1052 1907 1082 Marcii
1927 1052 2022 1090 vatis,
2056 1051 2137 1093 quod,
2159 1063 2176 1081 a

217 1089 303 1118 Festo
326 1091 591 1129 praetermittitur;
623 1093 753 1122 arbitror
775 1094 877 1123 deesse
899 1096 1012 1134 aliquot
1033 1095 1142 1130 verba,
1172 1095 1202 1123 in
1227 1095 1336 1133 quibus
1359 1095 1446 1124 Ennii
1469 1106 1573 1125 versus
1596 1095 1681 1132 linis,
1710 1101 1740 1125 et
1761 1096 1867 1125 Marcii
1890 1095 2032 1124 orationis
2055 1095 2176 1124 initium

216 1132 262 1162 sit.
285 1132 344 1162 An
354 1140 376 1162 t.
398 1132 493 1172 Aug.
525 1133 675 1173 Ningulus
697 1136 810 1165 dictum
832 1147 888 1176 pro
911 1149 962 1167 nec
985 1137 1078 1175 ullus,
1102 1148 1170 1166 nam
1193 1148 1252 1166 non
1275 1138 1462 1176 geminabant
1484 1139 1601 1176 literas,
1625 1143 1655 1168 et
1670 1150 1689 1167 n
1705 1139 1924 1178 interpositum.
1955 1138 2086 1167 Confusa
2106 1142 2177 1167 sunt

215 1175 384 1204 testimonia
406 1176 495 1204 Ennii
518 1181 548 1206 et
569 1177 676 1207 Martii.
708 1177 810 1209 Scal.
854 1180 930 1209 Male
953 1181 1063 1210 Paulus
1085 1181 1198 1210 Marcio
1226 1181 1289 1209 vati
1318 1181 1439 1219 tribuit,
1477 1191 1553 1220 quae
1579 1186 1651 1210 sunt
1672 1180 1779 1219 Ennii,
1815 1182 1901 1212 cuius
1918 1180 2015 1215 lyei-ha
2037 1180 2081 1215 sic
2104 1180 2175 1216 olim

217 1218 346 1247 restituit
367 1218 499 1248 Merula:

796 1263 856 1302 Qui
867 1264 957 1307 ferro
979 1266 1127 1295 minitaris
1148 1272 1181 1294 ut
1204 1266 1235 1294 in
1259 1272 1286 1295 te
1306 1263 1438 1305 ningulu’
1461 1263 1551 1295 moclo

795 1306 843 1336 Ire
864 1315 960 1348 queat.

215 1352 269 1382 Vel
291 1354 417 1393 propius
440 1353 478 1383 ad
500 1354 680 1394 scripturam
702 1357 865 1387 Marsilius:

793 1399 852 1437 Qui
864 1400 955 1443 jin-ro
976 1402 1124 1439 minitere,
1154 1410 1241 1443 atque
1262 1403 1293 1432 in
1316 1409 1342 1431 te
1364 1401 1502 1442 ningulus
1523 1409 1581 1431 mei

793 1441 841 1471 Ire
862 1451 957 1484 queat.

216 1489 257 1518 De
274 1489 414 1526 Horatio,
438 1490 489 1529 qui
513 1491 593 1520 solus
616 1490 760 1521 adversus
782 1497 842 1523 tres
861 1495 992 1523 Albanos
1015 1495 1161 1524 dimicans
1183 1495 1332 1533 singulos,
1354 1499 1446 1534 prout
1469 1496 1551 1534 sequi
1574 1500 1729 1535 poterant,
1751 1495 1875 1525 adortus
1898 1493 2061 1534 superavit.
2092 1492 2171 1523 Nin-

210 1530 299 1571 gulus
321 1537 417 1561 autem
440 1543 496 1571 pro
519 1545 571 1563 nec
593 1532 686 1570 ullus,
710 1534 844 1573 neculus,
868 1536 1002 1574 nigulus,
1026 1537 1172 1576 ningulus.
1197 1538 1283 1567 Dac.
1328 1536 1479 1577 Ningulus
1501 1543 1545 1566 est
1568 1549 1602 1566 ne
1622 1537 1764 1577 singulus.
1803 1538 1948 1576 Antiquos
1970 1537 2049 1566 enim
2071 1536 2171 1566 credi-

212 1574 272 1604 bile
296 1580 339 1603 est
361 1574 479 1615 ingulus
499 1576 549 1604 vel
572 1575 709 1605 hinculus
731 1578 842 1608 dixisse
866 1590 921 1618 pro
943 1579 1092 1619 singulus,
1116 1580 1196 1608 unde
1219 1584 1318 1608 ortum
1341 1579 1494 1619 ningulus,
1518 1585 1554 1609 ut
1576 1590 1614 1609 ex
1635 1580 1727 1609 hilum
1751 1580 1877 1609 nihilum
1901 1585 1930 1609 et
1951 1578 2054 1611 nilum.
2090 1579 2170 1608 Fons

213 1622 256 1646 est
278 1618 420 1646 sanserit.
444 1616 496 1646 &ka
518 1628 629 1655 unum,
659 1617 801 1658 ekaika(s)
825 1621 967 1659 singulus.
1012 1623 1087 1651 Nam
1110 1622 1147 1651 ab
1170 1621 1222 1651 eka
1244 1621 1326 1651 haud
1347 1622 1439 1651 dubie
1461 1622 1573 1652 factum
1597 1621 1686 1661 erika,
1715 1633 1805 1663 engo,
1831 1622 1912 1652 unde
1934 1621 2088 1652 descendit
2108 1633 2171 1652 un·—

213 1660 279 1699 cia5
303 1665 391 1699 atque
415 1660 450 1688 ab
473 1659 532 1689 hoc
554 1660 674 1689 demum
695 1661 829 1702 inguluS‚
852 1663 994 1704 singulus,

374 1701 500 1742 Niger.
522 1703 582 1743 (Ad
604 1714 669 1743 pag.
686 1704 769 1744 185.)
794 1705 923 1736 Historia
947 1707 1032 1736 nobis
1054 1708 1165 1746 ignota.
1187 1706 1275 1737 Ani.
1297 1706 1392 1747 Aug.
1433 1706 1558 1745 Nigrum
1581 1707 1712 1747 lapidem
1733 1708 1824 1736 morti
1848 1706 1966 1736 Romuli
1989 1706 2170 1736 destinatum

212 1743 308 1781 primo
331 1745 388 1782 ait3
418 1745 526 1775 deinde
548 1747 721 1776 Faustulum
745 1749 908 1778 nutricium
932 1750 1049 1778 Romuli
1071 1750 1182 1779 ibidem
1205 1750 1366 1789 sepultum.
1399 1750 1524 1789 Reliqua
1548 1761 1606 1779 non
1630 1750 1825 1789 assequimur.
1863 1749 2004 1789 Lapidem
2026 1748 2107 1778 huuc
2125 1749 2170 1780 u-

212 1788 300 1817 θινον
321 1787 425 1818 λέοντα
447 1793 538 1818 vocat
561 1789 719 1829 Dionysius
741 1790 983 1821 Halicarnasseus
1007 1792 1092 1833 (pag.
1106 1795 1158 1825 74.
1183 1803 1246 1832 cap.
1261 1792 1350 1832 87.),
1388 1792 1473 1821 cuius
1495 1793 1602 1831 verba,
1640 1793 1707 1831 quia
1731 1798 1861 1822 mentem
1881 1792 1962 1821 Festi
1984 1791 2071 1821 nobis
2086 1802 2170 1831 -ape-

214 1827 312 1874 fiunt,
336 1835 364 1859 et
386 1830 508 1860 lacunas
532 1832 653 1872 explere
675 1839 822 1872 possunt,
844 1836 1000 1866 adducam.
1031 1836 1178 1874 Loquiiur
1200 1840 1299 1864 autem
1323 1835 1360 1864 de
1382 1845 1498 1874 pugna,
1520 1846 1596 1875 quae
1619 1835 1698 1865 inter
1722 1836 1880 1865 Romulum
1903 1839 1932 1864 et
1946 1834 2167 1871 Remumfuit',

213 1878 249 1918 m!
268 1880 322 1908 qua
346 1872 432 1901 etiam
450 1874 559 1904 Remus
581 1875 709 1905 interiit:
733 1876 764 1907 ἐν
786 1875 877 1918 ταύτῃ
901 1879 977 1918 φασί
999 1890 1075 1914 τινες
1097 1881 1133 1920 τῇ
1154 1876 1233 1920 μάχῃ
1256 1875 1308 1908 τόν
1333 1875 1512 1909 Φαυστῦλον
1535 1876 1569 1915 ὃς
1591 1878 1773 1918 ἐξεθρέψατο
1797 1877 1869 1915 τούς
1890 1877 2078 1914 νεανίσκους,
2104 1878 2167 1908 δια-

214 1912 300 1960 ληυσαι
321 1912 375 1953 τήν
396 1915 459 1956 ἔριν
483 1919 542 1948 τῶν
571 1915 712 1957 ἀδελφῶν
739 1918 944 1960 βουλόμενον,
984 1919 1026 1958 αῖς
1054 1918 1142 1952 οὐδὲν
1171 1919 1236 1956 οἷός
1258 1918 1285 1951 τ’
1308 1915 1349 1959 ἦν
1369 1917 1496 1958 ἀνύσαι,
1532 1922 1573 1957 εἰς
1595 1921 1706 1959 μέσους
1727 1920 1867 1952 ὤσασθαι
1887 1918 1958 1956 τούς
1980 1919 2168 1960 μαχομένους

214 1956 346 2004 οἷνοπλον
367 1955 504 1989 θανᾶτου
527 1963 584 1990 τοῦ
604 1962 742 2001 ταχίστου
764 1967 863 2002 τυχεῖν
885 1961 1162 2004 προθυμούμενον,
1199 1961 1274 2004 ὅπερ
1298 1962 1421 2004 ἐγένετο·
1456 1963 1536 1999 τινὲς
1558 1963 1589 1994 δὲ
1611 1964 1662 1994 καὶ
1683 1962 1737 1994 τὸν
1758 1963 1862 1994 λέοντα
1883 1961 1937 1994 τὸν
1958 1963 2095 1999 λίθινον,
2133 1959 2168 1998 33

215 1994 308 2046 ἒκέῐξθ
330 2000 384 2036 τῆς
407 1997 518 2040 ἆγορᾶς
539 2005 593 2042 τῆς
615 2007 675 2035 τῶν
693 2001 847 2043 Ῥωμαίων
870 2005 901 2038 ἐν
923 2009 966 2049 τῷ
987 2008 1133 2047 κρατίστῳ
1156 2007 1255 2048 χωρίῳ
1284 2004 1365 2046 παρὰ
1388 2009 1453 2042 τοῖς
1475 2006 1614 2047 ἐμβόλοις
1635 2006 1683 2037 ἐπὶ
1706 2008 1749 2047 τῷ
1770 2005 1882 2046 σώματι
1906 2008 1960 2038 τοῦ
1986 2001 2166 2036 Φαυστύλου

212 2040 338 2076 τεθῆναί
366 2051 472 2079 φασιν,
507 2044 583 2076 ἔνθα
612 2047 713 2078 ἔπεσεν
741 2045 799 2079 ὑπὸ
828 2051 880 2087 τῆς
910 2048 1063 2088 εὑρόντων
1092 2049 1247 2088 ταφέντος.
1292 2048 1369 2078 Acro
1398 2048 1546 2087 interpres
1576 2054 1661 2078 vetus
1691 2049 1805 2078 Horatii
1833 2050 1864 2078 in
1888 2048 2009 2088 Epodos
2030 2047 2163 2078 Horatii:

215 2078 315 2109 Varro
335 2093 389 2120 pro
412 2086 511 2114 rosiris
532 2087 694 2127 sepulcrum
710 2088 835 2120 Romuli
858 2091 956 2121 disrit:
979 2091 1030 2120 uhi
1050 2093 1136 2121 etiam
1159 2093 1190 2121 in
1214 2091 1298 2120 huius
1320 2092 1362 2120 rei
1383 2093 1553 2120 memor-iam
1577 2090 1653 2121 duos
1674 2090 1772 2121 leones
1791 2099 1901 2121 erectos
1913 2090 2015 2134 fuisse
2036 2096 2162 2127 constat,

212 2120 288 2151 unde
305 2122 428 2171 factum
444 2134 497 2174 'esf
524 2136 555 2156 ut
581 2141 636 2169 pro
664 2134 767 2161 rostris
788 2135 896 2163 mortui
917 2133 1118 2164 laudarentur.
1145 2132 1246 2164 Scal.
1274 2134 1332 2162 ‘De
1356 2133 1518 2171 Quintilio,
1553 2135 1604 2173 qui
1627 2135 1748 2163 Romuli
1771 2139 1869 2172 partes
1891 2133 2073 2172 sequebatur
2095 2137 2124 2161 et
2146 2141 2164 2161 a

211 2173 271 2202 ‘1¹1⁰
294 2165 366 2194 ‘hell
392 2166 542 2205 Qulmllii,
571 2173 639 2201 vide
663 2173 788 2204 Fabiam
811 2181 840 2205 et
865 2176 999 2215 Quintia.
1044 2178 1148 2206 Aiebat
1172 2178 1271 2205 forsan
1295 2177 1400 2205 Festus
1423 2177 1597 2206 Faustulum
1621 2187 1638 2206 a
1657 2176 1805 2213 Quintilio
1826 2177 1995 2216 sepultum3=
2032 2174 2138 2205 Duo-v
2170 2191 2173 2195 <

255 2247 262 2254 ι
374 2207 549 2257 Nequam.
594 2214 637 2242 Ex
660 2227 694 2244 ne
716 2222 744 2245 et
767 2218 939 2259 quidquam.
985 2220 1068 2249 Varr.
1090 2220 1144 2250 lib.
1157 2220 1209 2249 [X.
1233 2219 1269 2248 de
1294 2219 1324 2248 [ι.
1343 2219 1389 2249 L.=
1427 2219 1466 2248 Ut
1494 2230 1535 2249 ex
1562 2230 1621 2249 non.
1649 2227 1676 2248 et
1703 2218 1786 2257 volo,
1821 2218 1911 2249 nolo.-
1946 2219 1991 2249 sic
2017 2227 2058 2248 ex
2079 2229 2115 2247 ne
2134 2224 2162 2247 a

209 2246 371 2289 quzclquum
394 2257 461 2279 ziem
484 2252 579 2281 media
603 2258 713 2285 extrita
735 2259 869 2299 syllaba,
894 2269 1030 2291 coactum
1052 2270 1094 2291 est
1115 2273 1237 2302 nequam
1261 2266 1316 2292 etc.
1362 2261 1452 2291 Dac.
1865 2274 1869 2276 “
1968 2275 1970 2277 ·
2094 2274 2098 2277 ·
2120 2274 2125 2279 ’

269 2333 282 2341 -
371 2291 525 2340 N‘J’wm-
572 2296 611 2324 De
633 2297 688 2325 hoc
712 2301 782 2337 quid
806 2303 908 2332 iudicii
930 2305 1026 2333 nostri
1050 2305 1102 2339 sit,
1132 2305 1201 2333 vide
1224 2305 1254 2332 in
1279 2305 1488 2333 Coniectaneis.
1533 2304 1564 2333 ln
1589 2303 1749 2342 glossario:
1779 2302 1947 2339 Bar-dama,
1977 2300 2101 2339 νᾶννος,
2123 2299 2159 2331 τὸ

207 2341 330 2385 σζιευος,
360 2334 627 2383 sci-ibaharbaius.
672 2341 795 2371 Pumilio
819 2345 965 2374 Graecum
990 2358 1106 2385 quoque
1129 2352 1173 2375 est
1194 2348 1386 2388 πυγμαλίωνς
1422 2348 1501 2375 idem
1524 2347 1599 2375 enim
1623 2358 1637 2375 θ
1661 2349 1827 2386 πυγμᾱῖθς»
1855 2351 1889 2375 Πῑ
1912 2356 1927 2374 ³
1950 2346 2040 2380 Sim⁰s
2071 2352 2158 2381 “W'‘

207 2376 297 2411 λιων,
327 2379 356 2404 et
377 2377 492 2406 Similia.
538 2380 629 2408 Porro
653 2389 787 2419 superest
809 2390 925 2416 tamum
950 2383 1107 2418 de'verbis
1131 2390 1223 2426 Festi,
1255 2390 1291 2418 ad
1314 2390 1507 2418 imitationem
1531 2390 1675 2418 eiusmodi
1700 2389 1868 2424 hominum,
1900 2387 2035 2425 aqualem
2057 2384 2158 2414 humi-

207 2416 263 2445 lem
287 2421 316 2447 et
338 2428 522 2458 concavum,
545 2432 632 2460 quem
656 2425 744 2461 vulgo
768 2426 887 2457 situlum
910 2430 1069 2459 barbatum
1091 2437 1217 2468 vocant,
1241 2432 1356 2461 dictum
1379 2432 1480 2461 fuisse.
1514 2432 1639 2470 Reliqua
1662 2431 1816 2470 supplebis
1837 2439 1875 2458 ax
1891 2429 1988 2457 Gellio
2010 2428 2155 2457 lih.xlx.
