2263 2668
247 102 297 136 42
670 103 813 137 PAULI
838 103 961 138 DlAc.
984 104 1245 140 EXCERPTA
1270 107 1335 141 EX
1360 108 1448 142 LIB.
1475 108 1620 144 POMP.
1645 109 1784 144 FESTl

256 194 456 230 Coenacula
481 194 651 235 dicuntur,
690 195 733 228 ad
759 207 847 239 quae
873 197 967 230 scalis
994 198 1193 232 ascenditur.

256 246 530 281 Centumviralia
557 245 680 278 iudicia
706 258 725 279 a
752 249 963 281 centumviris
997 254 1069 282 sunt
1103 246 1225 285 dicta1.
1284 251 1372 284 Nam
1404 262 1508 294 quum
1543 257 1648 286 essent
1673 253 1806 286 Romae
1831 254 1966 299 triginta
1990 261 2023 289 et
2048 257 2196 302 quinque

351 306 469 344 tribus,
514 315 600 347 quae
629 302 681 338 et²
709 307 818 340 curiae
853 313 928 341 sunt
962 309 1092 350 dictae,
1138 309 1220 342 terni
1248 321 1287 342 ex
1312 311 1450 355 singulis
1477 310 1649 345 tribubus³
1676 318 1750 346 sunt
1776 313 1872 347 electi
1898 313 1942 347 ad
1968 314 2195 361 iudicandum,

350 357 407 400 qui
432 357 627 389 centumviri
653 358 815 401 appellati
835 364 926 398 sunt;
952 365 1003 402 et,
1030 361 1109 395 licet
1127 362 1275 405 quinque
1295 363 1455 407 ampliuS‚
1483 374 1585 407 quam
1607 370 1758 409 centum,
1785 362 1944 405 fuerint⁴;
1970 371 2099 410 tamen,
2125 379 2194 413 quo

349 407 477 440 facilius
503 407 764 452 nominarentur,
808 413 1002 445 centumviri
1026 418 1098 445 sunt
1121 412 1209 446 dicti.

254 467 465 501 Centaurion
490 467 771 501 medicamentum
799 480 818 502 a
845 469 994 505 Chirone
1021 476 1177 505 centauro
1204 472 1381 505 inventum.

253 518 402 551 Censere
426 529 513 551 nunc
538 518 702 563 significat
728 525 862 565 putare,
904 535 992 557 nunc
1018 524 1177 564 suadere‚
1212 534 1299 556 nunc
1325 523 1518 559 decernere.

253 569 377 603 Censio
398 569 541 652 hastagia
564 570 755 615 dicebatur,
799 571 924 616 quum⁵
945 575 1040 608 militi
1068 572 1214 609 multaefl
1239 574 1373 608 nomine
1400 576 1444 609 ob
1472 576 1631 610 delictum
1657 576 1798 610 militare
1825 576 2065 620 indicebatur⁷‚
2101 580 2195 624 quod

351 620 460 654 hastas
512 626 591 657 aret.

254 676 453 726 Cerealips⁸
479 692 583 725 genus
610 683 739 725 simiae,
779 681 887 728 quae⁹
913 685 1064 719 ultimam
1091 691 1221 731 partem
1249 686 1377 720 caudae
1403 686 1554 720 villosam
1563 684 1588 704 ¹⁰
1613 686 1725 720 habet.

254 731 410 765 Cerritus
420 727 442 748 ¹¹
462 731 604 766 furiosus
615 730 650 769 ¹².

254 782 402 825 Cervus,
437 784 529 826 quod
553 785 686 832 κέρατα
697 780 731 826 ¹³,
764 785 800 818 id
828 791 875 820 est
901 798 1026 821 cornua
1052 793 1165 834 gerat,
1200 785 1350 823 dictus¹⁴.

254 834 381 868 Cereos
407 834 636 869 Saturnalibus
662 839 789 870 muneri
801 834 824 855 ¹⁵
847 838 972 872 dabant
997 839 1194 874 humiliores
1220 840 1476 884 potentioribuS,
1523 839 1600 884 quia
1632 840 1779 874 candelis
1813 851 1994 884 pauperes,
2039 841 2194 888 locuple—

351 890 399 918 tes
409 881 432 903 ¹⁶
460 887 563 920 cereis
589 888 766 921 utebantur
774 885 808 921 ¹⁷.

254 945 376 979 Celsus
403 958 421 979 a
445 947 579 981 Graeco
606 945 776 985 κέλλειν18
802 949 918 984 dictus.

253 1005 393 1040 Celeres
424 1007 547 1051 antiqui
579 1007 749 1049 dixerunt,
798 1020 882 1053 quos
915 1021 1001 1044 nunc
1027 1009 1154 1054 equites
1178 1010 1336 1051 dicimus,
1380 1022 1399 1043 a
1424 1009 1544 1044 Celere
1570 1011 1783 1044 interfectore
1809 1011 1929 1053 Remi,
1977 1012 2035 1054 qui
2058 1011 2150 1045 initio
2175 1023 2195 1046 a

349 1058 499 1092 Romulo
526 1059 563 1092 iis
586 1061 795 1103 praepositus
822 1057 936 1101 fuit¹⁹;
987 1063 1044 1106 qui
1070 1062 1222 1106 primitus
1232 1058 1256 1078 ²⁰
1279 1062 1374 1097 electi
1397 1058 1562 1096 fuerunt²¹
1583 1074 1623 1096 ex
1649 1063 1785 1108 singulis
1813 1063 1909 1097 curiis
1936 1060 2059 1106 deni²²‚
2098 1063 2195 1098 ideo-

350 1121 417 1153 que
444 1110 578 1144 omnino
605 1112 742 1145 trecenti
767 1112 872 1146 fuere.

252 1166 470 1203 Cermalus²³
495 1171 590 1204 locus
617 1171 650 1204 in
677 1172 760 1205 urbe
788 1172 834 1206 sic
860 1173 1055 1205 nominatus.

252 1219 443 1255 Columnae
468 1221 597 1265 dictae,
632 1223 725 1267 quod
734 1220 759 1240 ²⁴
778 1220 955 1257 culmina²⁵
976 1225 1161 1257 sustineant.

251 1270 409 1306 Cernuus
434 1274 641 1308 calciamenti
668 1286 784 1320 genus.

250 1322 458 1368 Crepidines
467 1322 492 1343 ²⁸
514 1337 591 1359 saxa
616 1327 848 1371 prominentia.

253 1375 408 1409 Cloacae
432 1388 451 1409 a
476 1377 656 1411 colluendo
683 1378 802 1412 dictae.

250 1426 382 1460 Clamas
407 1428 515 1462 simias
542 1426 596 1461 a²⁷
617 1430 767 1463 clunibus
789 1426 903 1462 tritis28
925 1429 1029 1462 dictas
1055 1428 1236 1462 existimant
1246 1427 1280 1462 ²⁹.

250 1477 474 1513 Crustumina
499 1481 602 1514 tribus
629 1493 648 1514 a
674 1481 863 1514 Tuscorum
889 1481 972 1513 urbe
995 1480 1214 1514 Crustumena
1242 1481 1329 1514 dicta
1358 1477 1448 1513 est30.

252 1528 507 1564 Clucidalam³¹
532 1532 634 1567 dulce
661 1537 694 1565 et
720 1544 820 1566 suave
847 1533 1030 1566 dicebatur.

249 1579 416 1616 Cloelia³²
441 1583 568 1617 familia
593 1596 613 1617 a
639 1581 809 1618 cloelio³³
831 1585 966 1618 Aeneae
993 1583 1116 1618 comite
1144 1589 1192 1616 est
1218 1583 1398 1628 appellata.

328 1690 358 1733 1)
381 1698 450 1722 sunt
467 1692 563 1733 dieta]
583 1693 667 1722 dicta
681 1699 753 1722 sunt
767 1693 800 1722 Β,
810 1693 849 1723 Μ.
871 1709 913 1715 -
933 1689 966 1732 2)
984 1691 1022 1731 εἰ]
1039 1703 1096 1723 om.
1110 1693 1141 1723 L.
1156 1709 1198 1714 -—
1240 1692 1294 1728 M„
1324 1691 1354 1720 in
1377 1701 1435 1729 quo
1460 1695 1505 1719 est
1527 1691 1627 1720 hellin.
1674 1691 1730 1719 Gu.
1743 1693 1774 1722 2.
1796 1690 1892 1726 kelta,
1913 1690 2004 1717 kelle-s·
2018 1698 2073 1736 pr..
2106 1686 2193 1726 κέλης

245 1733 274 1768 3)
297 1735 449 1774 tribubus]
474 1737 574 1765 tribas
590 1738 623 1766 L.
644 1753 687 1759 ·-
707 1737 738 1774 4)
756 1738 892 1773 fuerint]
916 1736 1086 1763 variassent
1101 1736 1132 1765 L.
1155 1752 1197 1757 —
1240 1735 1320 1772 vulg.
1363 1733 1450 1772 κέλης
1470 1744 1556 1772 eques
1572 1734 1599 1761 S.
1645 1743 1701 1761 om.
1720 1733 1749 1762 L.
1769 1733 1825 1762 Gu.
1839 1736 1866 1764 1·
1888 1748 1931 1754 ·-
1955 1730 1998 1770 19)
2011 1729 2103 1769 fult]
2115 1731 2192 1767 fue·

246 1773 274 1814 5)
298 1778 407 1817 quum]
430 1780 478 1807 Sic
495 1779 527 1808 L.
545 1780 601 1810 Gu.
616 1783 643 1812 2.
664 1789 709 1818 pr.
726 1780 754 1808 S.
800 1778 876 1807 dum
896 1778 976 1816 vulg.
1001 1794 1036 1799 ——
1062 1780 1091 1813 6)
1113 1779 1197 1806 mul—
1239 1783 1287 1805 rat
1304 1777 1338 1806 B.
1368 1792 1410 1798 ——·
1439 1776 1485 1815 ΞΟ)
1503 1776 1669 1815 primitus]
1687 1777 1826 1814 primum
1846 1775 1876 1803 L.
1907 1792 1943 1796 —
1974 1776 2020 1808 21)
2041 1771 2190 1811 fuerunt]

246 1820 301 1852 iae]
325 1822 455 1849 mulctae
467 1822 498 1850 L.
521 1839 557 1843 —
576 1819 607 1863 7)
630 1821 838 1860 indicebatur]
863 1820 1077 1849 indicebantur
1099 1821 1196 1853 Gu.2.
1234 1822 1361 1857 fuerant
1379 1819 1411 1847 B.
1441 1836 1482 1840 —
1511 1817 1559 1858 22)
1587 1817 1676 1867 deni]
1701 1829 1759 1847 om.
1781 1818 1812 1845 L.
1828 1818 1861 1846 Β.
1886 1817 1942 1868 Gn.
1960 1820 1990 1864 1..
2007 1825 2054 1854 pr.
2077 1831 2119 1838 —-
2140 1813 2190 1896 233

247 1875 284 1878 -
308 1859 338 1899 8)
365 1863 532 1904 Cercolz'ps]
556 1865 748 1894 Davideratur
763 1864 814 1893 hie
831 1864 974 1893 articulus
989 1863 1019 1892 in
1037 1863 1107 1892 edit.
1120 1864 1194 1894 Scal.
1240 1861 1406 1900 Cermalas]
1427 1871 1486 1891 om.
1499 1861 1581 1890 hunc
1594 1861 1753 1890 articulum
1768 1859 1800 1889 L.
1822 1876 1865 1881 —-
1886 1859 1932 1899 24)
1956 1858 2072 1894 dictae,
2096 1867 2155 1897 quo

246 1904 274 1928 et
285 1900 384 1931 Docer.
410 1905 447 1933 At
461 1906 587 1937 habetur
601 1907 679 1947 apud
690 1907 814 1936 Godofr.
851 1906 1043 1945 Carclzolipis
1052 1907 1082 1934 L.
1100 1907 1155 1935 Gu.
1168 1909 1194 1938 1.
1238 1904 1307 1933 inde
1322 1904 1422 1932 dictae
1441 1904 1498 1934 Gu.
1517 1907 1543 1935 1.
1586 1915 1616 1932 eo
1639 1903 1724 1942 quod
1739 1903 1770 1933 B.
1792 1919 1835 1924 —
1855 1901 1903 1943 25)
1926 1900 2080 1939 culmina]
2104 1900 2190 1928 colu-—

249 1942 414 1982 Cat-tolipis
429 1947 461 1975 B.
484 1959 529 1987 pr.
577 1950 772 1989 Cot-clzolopis
792 1950 831 1978 M.
878 1950 1073 1988 Clzorcolopis
1095 1949 1150 1979 Gu.
1167 1951 1194 1980 2.
1238 1949 1324 1977 mina
1339 1948 1370 1978 L.
1392 1963 1434 1968 —
1455 1947 1504 1984 26)
1528 1944 1710 1985 Crepidines]
1737 1944 1925 1984 Caepadines
1939 1945 1975 1974 B.
1988 1944 2028 1973 M.
2044 1944 2190 1975 6113.-

248 1984 436 2025 Corcltolz'pis
450 1990 529 2027 vulg.
551 2007 591 2014 —
613 1995 641 2029 9)
668 1993 756 2032 qaae]
782 1994 837 2031 qui
853 1993 908 2022 Gu.
926 1995 952 2024 1.
979 2009 1017 2013 —-
1039 1991 1084 2030 10)
1107 1992 1195 2020 villo-
1237 1991 1286 2027 27)
1311 1989 1348 2029 a]
1370 2000 1428 2019 om.
1453 1989 1484 2019 L.
1501 1989 1539 2017 M.
1562 2006 1604 2011 -
1632 1989 1680 2027 28)
1707 1989 1805 2023 tritis]
1828 1986 1928 2016 tribas
1949 1987 1982 2016 B.
2002 2001 2045 2008 ——
2067 1984 2115 2024 29)
2137 1996 2188 2014 ex-

245 2027 329 2068 sam]
348 2030 484 2066 pilosam
500 2033 531 2060 L.
558 2049 601 2056 -—
629 2032 675 2074 11)
701 2035 854 2074 Cer-ritus]
879 2035 928 2063 Sic
943 2035 977 2063 B.
993 2035 1032 2063 M.
1050 2035 1106 2063 Gu.
1123 2036 1152 2066 1.
1165 2036 1193 2065 2.
1239 2031 1390 2072 [stimant]
1414 2033 1504 2061 aiunt
1518 2032 1548 2060 L.
1574 2048 1609 2053 —
1634 2031 1682 2072 30)
1705 2031 1790 2059 dicta
1804 2030 1863 2070 est]
1882 2031 1932 2059 Sic
1946 2030 1978 2059 L.
1994 2029 2026 2058 B.
2042 2028 2099 2057 Gu.
2113 2031 2141 2060 1.
2157 2030 2186 2060 2.

244 2071 274 2100 S.
307 2086 344 2092 —-
377 2070 424 2111 12)
442 2074 607 2114 furiosus]
631 2077 698 2107 add.
715 2079 746 2108 L.
777 2077 910 2107 Plautus
930 2079 964 2105 in.
982 2077 1196 2115 Amphitrione
1239 2077 1318 2114 vulg.
1340 2087 1397 2106 om.
1420 2081 1472 2104 est.
1493 2089 1535 2095 ——
1557 2073 1605 2114 31)
1631 2072 1852 2113 Clacidatum]
1874 2073 1923 2102 Sic
1935 2073 1969 2101 B.
1983 2071 2022 2101 M.
2043 2071 2100 2100 Gn.
2117 2072 2184 2102 1.2.

246 2113 317 2142 Iube
339 2113 421 2141 lianc
438 2117 624 2153 proce-ritum
652 2121 852 2158 circumferri.
897 2120 996 2150 Berol.
1023 2120 1095 2149 Iube
1115 2119 1196 2147 hanc
1237 2129 1282 2158 pr.
1297 2120 1324 2147 S.
1367 2116 1564 2147 Clutidatnm
1581 2118 1612 2145 L.
1650 2116 1854 2145 Cludidatum
1868 2116 1950 2153 vulg.
1967 2131 2008 2136 -
2028 2111 2080 2162 32)
2102 2110 2186 2143 (27⁰⁶-

240 2157 439 2194 proccrritam
454 2158 651 2195 circumferri.
685 2162 799 2191 Concae
813 2174 832 2191 a
849 2162 994 2191 coluendo
1010 2162 1116 2192 dictae.
1140 2163 1193 2190 Lo-
1237 2161 1295 2201 lia]
1314 2160 1425 2190 Clodia
1440 2161 1471 2189 L.
1507 2158 1612 2189 Clocm
1625 2160 1659 2188 B.
1681 2176 1723 2181 —
1744 2159 1793 2193 33)
1817 2157 1942 2197 Cloelio]
1960 2156 2065 2186 Clanio
2080 2155 2113 2185 B.
2129 2155 2183 2184 Gu.

246 2208 299 2227 cus
320 2198 417 2227 Plauti
440 2204 536 2228 exstat
555 2201 701 2240 Amphitr.
718 2204 760 2239 ΙΙ,
789 2207 822 2241 2,
856 2205 924 2237 143.
967 2205 1102 2234 Eundem
1123 2205 1195 2233 citat
1239 2207 1265 2235 1.
1277 2208 1306 2235 2.
1326 2214 1371 2243 pr.
1418 2202 1514 2233 Clolio
1530 2202 1567 2231 M.
1615 2202 1764 2230 Cloantho
1775 2202 1807 2230 L.
1830 2216 1872 2223 —
1893 2202 1941 2238 34)
1966 2197 2100 2237 clatum]
2117 2197 2183 2234 Cly·

245 2242 326 2271 Serv·
341 2240 378 2269 ad
393 2240 464 2271 Aen·
478 2242 532 2278 Vl,
555 2245 626 2275 229-
649 2259 690 2265 -·
713 2244 756 2283 13)
779 2246 900 2285 κέρατα]
924 2253 1028 2276 cerata
1041 2248 1080 2276 M.
1097 2248 1152 2276 Gu.
1166 2250 1194 2279 2.
1237 2252 1302 2275 tam
1315 2247 1349 2277 L.
1373 2262 1416 2267 —
1436 2245 1483 2285 35)
1505 2243 1632 2283 κλυτόν]
1652 2246 1801 2282 famosa-s·
1821 2244 1919 2282 clyton
1940 2253 1984 2281 pr.
2029 2240 2109 2277 vulg.
2129 2236 2181 2266 ad-

245 2294 289 2322 pr.
332 2294 388 2312 om.
405 2284 460 2314 Gu.
478 2287 503 2315 1.
527 2301 567 2306 —-
591 2286 634 2323 14)
658 2284 774 2323 dictus]
800 2288 913 2316 dicitur
930 2290 968 2318 M.
990 2306 1032 2312 —
1054 2289 1101 2329 15)
1123 2301 1194 2318 ιηιι-
1237 2289 1486 2327 ditursamosum
1499 2292 1568 2327 post
1580 2285 1700 2324 κλυτόν,
1721 2286 1774 2316 sed
1790 2296 1847 2317 om.
1863 2286 1894 2315 L.
1906 2286 1938 2315 B.
1949 2284 1988 2313 Μ.
2005 2283 2061 2311 Gu.
2073 2282 2136 2329 152·
2150 2279 2179 2307 S·

245 2324 319 2364 neri]
342 2337 467 2355 manera
485 2327 517 2355 L.
540 2344 582 2348 --
604 2328 651 2366 16)
673 2328 842 2365 locupletes]
867 2341 932 2358 vero
949 2331 1015 2360 add.
1030 2333 1062 2360 L.
1082 2348 1123 2354 —
1147 2330 1192 2374 17)
1237 2333 1328 2361 cliton
1340 2332 1381 2361 M.
1427 2332 1531 2359 cluton
1549 2330 1642 2363 Gu.2.
1686 2340 1745 2360 om.
1762 2330 1791 2358 L.
1808 2329 1865 2358 Gu.
1878 2331 1904 2359 1-
1926 2342 1966 2349 ·-·
1987 2325 2036 2360 36)
2057 2320 2180 2359 dmum]

246 2370 335 2396 cereis
357 2368 451 2408 μικτὰ]
476 2370 553 2399 αἰεί).
576 2381 631 2400 cer.
652 2370 682 2399 L.
708 2386 744 2391 —
770 2367 816 2410 18)
840 2370 969 2409 κέλλειν]
992 2373 1039 2401 Sic
1057 2374 1162 2412 scripsi
1178 2384 1194 2403 e
1237 2385 1292 2402 nos
1309 2375 1445 2412 gloriam
1468 2373 1534 2402 add.
1559 2373 1588 2400 L.
1615 2389 1656 2394 —
1684 2374 1729 2408 37)
1755 2369 1894 2408 inclitus]
1917 2369 1965 2396 Sic
1981 2367 2010 2394 L.
2028 2365 2059 2394 Β.
2077 2364 2133 2392 Gu.
2152 2366 2178 2395 1.
