2263 2668
222 144 244 166 x
851 122 1533 159 PRAEFATIO

223 226 351 268 aliquot
376 222 457 255 locis
484 221 638 264 vulgares
660 219 751 252 Festi
778 219 880 252 libros
908 217 1086 251 emendare
1109 219 1238 263 coepit;
1264 218 1424 262 reliquiae
1450 230 1529 252 vero
1553 218 1595 252 ad
1615 217 1741 251 Aldum
1763 218 1949 253 Manutium
1972 231 2165 265 pervenere,

223 277 280 321 qui
307 279 440 309 conatus
467 277 514 304 est
540 282 617 304 cum
644 271 752 303 Paulli
778 271 936 315 Epitome
965 281 1018 303 eas
1046 269 1249 314 coniungere
1276 274 1308 303 et
1333 270 1426 313 quasi
1453 283 1554 304 unum
1581 281 1702 314 corpus
1730 282 1769 303 ex
1796 270 1985 315 duplicibus
2011 274 2167 306 membris

225 328 400 361 conficere.
454 323 560 355 Simili
592 323 718 356 ratione
753 334 793 356 ex
819 328 961 365 utroque
987 322 1073 354 libro
1100 322 1270 354 confectus
1297 321 1380 353 alter
1407 322 1492 355 liber
1517 322 1664 356 exstabat
1691 322 1782 366 apud
1806 322 1977 356 Achillem
2003 324 2167 365 museum,

225 379 347 413 Aldino
373 375 592 418 locupletior,
620 386 737 418 reapse
763 379 873 407 tamen
901 373 1128 418 imperfectus,
1180 373 1232 406 Ea
1258 384 1309 405 res
1330 373 1434 405 movit
1455 374 1635 407 Antonium
1655 373 1878 418 Augustinum
1899 380 2040 419 accepto
2063 377 2168 409 veteri

224 432 439 464 monumento
466 426 557 458 Festi
577 438 596 458 a
616 426 774 459 Rainutio
801 426 960 459 Farnesio
983 424 1159 458 Cardinale
1187 424 1256 467 (cui
1283 424 1318 456 id
1344 424 1523 458 Michaelis
1546 426 1639 459 Silvii
1662 424 1845 458 Cardinalis
1871 429 2066 460 testamento
2090 428 2169 461 reli-

226 487 316 515 ctum
344 479 429 523 erat)
465 477 509 510 ad
543 482 720 521 utrumque
753 483 922 511 auctorem
950 477 1088 509 Festum
1122 481 1154 509 et
1179 476 1335 509 Paullum
1370 477 1487 510 ordine
1520 478 1703 511 litterarum
1729 477 1845 522 paullo
1873 478 2003 521 aptiore
2030 479 2168 513 coniun-

224 532 390 577 gendum3
435 529 561 562 lectore
596 541 663 573 qua
688 529 780 563 licuit
806 530 977 562 admonito
1006 539 1120 562 eorum
1148 539 1234 572 quae
1256 527 1346 561 Festi
1372 540 1525 573 quaeque
1551 530 1661 564 Paulli
1688 534 1810 571 essent,
1851 529 2008 573 neglecta
2034 541 2170 574 quoque

223 595 328 628 prava
353 582 515 614 librorum
543 581 632 614 Festi
658 581 833 622 divisione,
862 593 961 624 quam
988 580 1094 614 Aldus
1122 580 1319 614 confecerat.
1372 580 1441 613 Sed
1469 593 1544 615 cum
1572 581 1754 625 antiquitati
1780 592 1837 613 sua
1864 592 1904 614 ac
1929 581 2106 625 peculiaris
2130 582 2171 615 sit

224 636 376 668 maiestas
404 638 435 665 et
462 633 588 674 forma,
634 633 772 666 Fulvius
799 633 935 666 Ursinus
964 632 1055 664 idem
1082 637 1172 666 vetus
1199 637 1448 665 monumentum
1475 633 1583 674 Festi,
1629 644 1668 666 ex
1692 632 1925 665 Farnesiorum
1953 632 2169 674 bibliotheca,

225 687 273 720 uti
300 690 369 719 erat
395 685 495 728 plane
521 684 672 717 mutilum
699 696 739 718 ac
765 685 930 727 lacerum,
965 683 1082 716 iisdem
1110 684 1254 728 pagellis
1280 683 1397 716 iisdem
1424 684 1516 717 lineis
1541 684 1815 728 repraesentavit,
1844 684 1904 717 nisi
1929 684 2022 727 quod
2049 684 2170 719 chara-

226 744 315 772 ctere
348 737 463 769 Italico
499 735 542 768 de
574 747 632 768 suo
663 736 798 781 ingenio
834 748 873 770 ac
907 747 970 780 per
1004 736 1226 769 coniecturam
1254 735 1375 779 partim
1403 747 1514 769 exesas
1539 736 1661 780 partim
1688 735 1853 779 fugientes
1879 736 2052 768 sententias
2078 736 2170 769 Festi

224 790 369 833 primum
403 787 586 831 supplevit3
625 787 662 820 iis
687 793 798 821 autem
827 799 912 831 quae
938 787 1039 831 plene
1066 788 1233 820 exstabant
1259 798 1299 820 ac
1324 786 1395 831 legi
1421 792 1592 832 poterant,
1634 787 1840 821 coniecturas
1866 787 2009 831 margini
2036 787 2167 821 adiecit.

224 841 327 874 Festo
353 840 399 872 ita
425 839 543 872 mutilo
569 839 728 882 schedas,
765 851 852 883 quae
875 839 966 883 apud
993 839 1216 884 Pomponium
1242 838 1386 871 Laetum
1412 839 1562 882 fuissent,
1599 839 1690 872 idem
1717 838 1872 880 Ursinus,
1909 839 1956 871 uti
1982 850 2042 872 eae
2069 843 2171 881 erant,

224 891 372 925 subiecit.
425 891 526 924 Hunc
553 891 608 923 alii
633 891 784 933 insecuti,
824 895 935 935 spreto
961 895 1073 924 tantae
1098 890 1264 924 vetustatis
1290 895 1505 924 monumento
1532 896 1631 935 atque
1658 890 1859 935 exemplari,
1889 890 2024 924 Antonii
2049 891 2171 936 Augu-

224 943 298 976 stini
325 943 460 976 editioni
487 942 695 976 Ursinianam
723 943 916 976 confudere.
969 943 1038 975 Nos
1067 947 1198 982 contra;
1238 946 1394 986 utrasque
1421 943 1507 976 enim
1533 943 1711 988 separatim
1738 942 1919 983 edidimus,
1958 943 2071 986 priore
2097 941 2171 986 qui-

225 996 304 1028 dem
335 995 413 1028 loco
447 999 522 1038 post
548 995 701 1027 Verrium
727 995 906 1037 Flaccum,
947 993 1017 1028 hoc
1051 999 1099 1027 est
1125 994 1216 1027 Festi
1248 994 1474 1038 fragmentum
1506 995 1553 1027 uti
1584 1006 1707 1040 purum
1741 1005 1781 1028 ac
1806 994 1947 1038 simplex
1972 994 2051 1038 fuit,
2095 1004 2172 1027 cum

225 1046 358 1080 schedis
385 1047 566 1090 Pomponii
591 1046 703 1085 Laeti3
743 1046 890 1079 secundo
918 1046 1140 1090 compositum
1167 1057 1206 1079 ex
1233 1045 1352 1079 Paullo
1378 1046 1529 1080 Diacono
1557 1052 1590 1080 et
1614 1047 1713 1079 Festo
1742 1046 1785 1078 ab
1812 1045 1958 1079 Antonio
1984 1045 2172 1090 Augustino

225 1109 357 1142 corpus.
412 1098 497 1131 Nam
525 1103 556 1131 et
581 1098 744 1142 simplicia
770 1103 884 1131 natura
909 1098 1039 1142 priora3
1070 1103 1102 1131 et
1128 1097 1194 1130 hac
1220 1108 1357 1142 quoque
1382 1098 1508 1131 ratione
1535 1098 1663 1144 magnis
1688 1097 1764 1131 viris
1791 1098 1860 1130 laus
1885 1109 1942 1130 sua
1969 1107 2009 1132 ac
2035 1097 2174 1142 propria

224 1150 392 1188 redditur3
428 1149 486 1182 sed
514 1154 546 1182 et
571 1151 738 1183 vetustatis
764 1150 972 1183 venerandae
998 1150 1125 1193 species
1151 1150 1287 1183 curiosis
1314 1155 1542 1189 conservatum
1583 1155 1615 1183 et
1641 1149 1775 1193 reliquis
1801 1153 1879 1194 post
1905 1149 2062 1183 Ursinum
2087 1147 2173 1181 divi-

225 1201 326 1234 nandi
354 1202 487 1234 occasio
513 1201 620 1234 maior
645 1206 752 1246 patet:
795 1207 830 1234 ut
857 1201 945 1234 nihil
972 1201 1098 1242 dicam,
1134 1201 1200 1234 hac
1227 1201 1324 1234 etiam
1352 1202 1496 1235 editione
1522 1213 1682 1246 magnum
1708 1201 1741 1234 in
1769 1212 1809 1234 eo
1836 1201 1972 1235 lectioni
1999 1201 2173 1233 adiumen-

225 1257 314 1294 tum,
357 1252 448 1296 quod
477 1253 639 1297 primores
666 1253 844 1294 dictiones,
889 1253 932 1286 de
959 1264 1099 1296 quarum
1124 1253 1396 1297 interpretatione
1422 1254 1548 1298 agitur,
1588 1253 1654 1287 hac
1679 1257 1759 1286 nota
1782 1253 1943 1297 peculiari
1969 1251 1989 1285 9
2012 1264 2032 1285 a
2058 1250 2174 1285 ceteris

226 1304 399 1336 distinctae
425 1308 524 1347 atque
550 1309 722 1349 separatae
747 1309 840 1346 sunt,
877 1309 913 1337 ut
939 1305 1049 1348 primo
1077 1305 1194 1337 obtutu
1220 1306 1254 1337 in
1279 1304 1413 1338 lectoris
1440 1305 1543 1338 oculis
1567 1305 1751 1348 incurrant,
1790 1315 1876 1347 quae
1903 1303 2028 1347 alioqui
2054 1303 2173 1336 absce-

226 1355 341 1388 dentes
373 1366 413 1389 ac
445 1356 581 1399 reliquis
614 1355 830 1400 commixtae,
872 1361 1012 1401 propter
1039 1356 1182 1389 eundem
1208 1361 1359 1390 tenorem
1384 1357 1583 1399 litterarum,
1630 1356 1748 1390 lectori
1774 1356 1942 1389 fastidium
1968 1354 2172 1388 adferebant.

226 1406 304 1441 Hoc
331 1412 364 1439 te
389 1407 499 1448 volui,
529 1408 663 1441 Lector.
1441 1417 1443 1421 ’

390 1458 560 1493 Hactenus
582 1459 824 1492 Gothofredus.
877 1460 932 1492 Ex
955 1460 1072 1503 quibus
1098 1459 1307 1504 intelligitur,
1333 1459 1429 1492 nobis
1455 1459 1488 1492 in
1515 1459 1582 1493 hac
1610 1459 1755 1493 editione
1782 1457 1978 1491 adornanda
2003 1457 2072 1490 duo
2099 1461 2174 1490 ante

227 1510 339 1543 omnia
368 1509 469 1544 fuisse
504 1511 652 1555 agenda;
698 1511 843 1555 primum
874 1511 1030 1555 quidem,
1070 1516 1107 1544 ut
1132 1511 1241 1543 Paulli
1267 1513 1448 1554 epitomum
1475 1523 1494 1543 a
1520 1512 1611 1544 Festi
1637 1510 1783 1553 reliquiis
1809 1510 1912 1554 plane
1937 1519 2176 1554 separaremuS,

228 1561 350 1594 deinde
377 1566 414 1595 ut
440 1562 590 1596 ordinem
618 1562 870 1606 alphabeticum
897 1574 916 1594 a
943 1563 1108 1606 prioribus
1135 1562 1317 1595 editoribus
1344 1562 1527 1604 invectum,
1556 1574 1656 1606 quem
1680 1573 1789 1605 neque
1815 1561 1951 1594 Paullus
1977 1572 2085 1604 neque
2107 1559 2177 1593 Fe-

229 1619 293 1645 stus
319 1613 439 1646 iustum
467 1619 566 1658 atque
595 1619 746 1647 exactum
773 1614 1007 1655 observarant,
1037 1615 1231 1647 tolleremus
1258 1619 1290 1646 et
1316 1617 1492 1657 utrumque
1519 1625 1603 1659 opus
1630 1614 1673 1647 ad
1700 1613 1870 1658 pristinam
1897 1624 1990 1646 suam
2016 1612 2177 1646 rationem

231 1670 328 1706 atque
362 1666 506 1698 nativam
537 1667 769 1700 condicionem
796 1665 1043 1700 reduceremus,
1096 1667 1206 1708 Atque
1233 1664 1319 1698 haec
1346 1666 1415 1698 aliis
1442 1677 1579 1710 quoque
1606 1665 1650 1699 de
1675 1665 1796 1699 caussis
1821 1664 2006 1698 necessaria
2033 1675 2102 1697 esse
2127 1662 2178 1696 vi-

232 1715 402 1749 debantur.
454 1718 541 1750 Nam
567 1729 670 1762 saepe
691 1730 710 1751 e
730 1717 822 1750 Festi
848 1717 1042 1762 fragmentis
1069 1717 1238 1750 uberiores
1263 1716 1550 1761 interpretationes
1575 1718 1699 1762 petitae
1724 1716 1909 1750 inconsulto
1928 1715 2036 1749 Paulli
2057 1714 2178 1760 glossis

234 1772 323 1799 erant
350 1768 532 1810 admixtae,
566 1774 603 1802 ut
630 1769 717 1803 futili
744 1769 956 1814 epitomatori
983 1769 1091 1802 honos
1119 1768 1307 1802 accessisset
1332 1780 1400 1811 quo
1427 1769 1528 1813 plane
1553 1769 1722 1803 videretur
1746 1768 1911 1813 indignus,
1961 1767 2054 1800 Tum
2075 1765 2179 1799 Paul-

235 1816 283 1847 lus
310 1820 432 1861 pariter
459 1826 558 1864 atque
580 1821 696 1854 Festus
723 1826 755 1854 et
781 1821 900 1854 similes
926 1821 1071 1866 glossas,
1117 1821 1196 1853 licet
1227 1820 1410 1854 secundum
1443 1821 1564 1854 iustum
1598 1821 1749 1854 ordinem
1776 1819 2027 1864 alphabeticum
2053 1817 2178 1851 disiun-

236 1872 321 1907 ctas,
347 1877 623 1915 composuerunt,
651 1878 684 1906 et
710 1884 950 1917 saepenumero
977 1873 1270 1916 interpretamenta
1294 1883 1353 1904 sua
1379 1876 1478 1915 atque
1506 1872 1689 1905 orationem
1715 1871 1882 1915 particulis
1909 1869 2121 1904 coniunctivis
2147 1873 2180 1903 et

237 1922 450 1954 consecutivis
483 1925 738 1965 coniunxerunt,
783 1936 870 1968 quae
896 1924 1007 1957 omnia
1033 1925 1119 1957 iusto
1147 1924 1264 1957 ordine
1290 1922 1506 1968 alphabetico
1533 1923 1723 1957 introducto
1750 1923 1852 1968 plane
1877 1921 2028 1955 tollenda
2053 1921 2179 1954 oratio-

237 1970 335 2012 nique
356 1972 550 2014 scriptorum
571 1977 669 2019 plane
690 1977 771 2008 alins
794 1976 890 2009 color
910 1976 1115 2009 inducendus
1137 1980 1215 2009 erat.
1267 1975 1375 2019 Igitur
1396 1986 1462 2008 non
1485 1975 1708 2008 dubitavimus
1726 1975 1835 2008 Paulli
1856 1973 2039 2018 epitomam
2060 1983 2179 2006 secun-

238 2020 317 2053 dum
350 2023 589 2064 antiquissimos
615 2027 759 2061 Codices
794 2039 893 2060 manu
927 2032 1076 2060 exaratos
1112 2028 1229 2069 edere,
1272 2026 1363 2060 Festi
1395 2032 1504 2060 autem
1538 2027 1728 2072 fragmenta
1760 2037 1800 2060 ac
1829 2025 1971 2059 schedas
1997 2023 2179 2058 secundum

237 2072 348 2105 Fulvii
374 2072 485 2106 Ursini
512 2076 687 2110 editionem
714 2079 857 2122 referre,
892 2078 959 2112 hac
984 2084 1095 2112 tamen
1122 2079 1294 2121 cautione,
1329 2082 1366 2111 ut
1392 2078 1547 2123 disruptis
1574 2084 1606 2112 et
1632 2079 1730 2112 motis
1756 2078 1836 2111 loco
1863 2088 1923 2111 suo
1950 2075 2081 2110 schedis
2105 2074 2179 2116 illis,

239 2135 325 2167 quae
351 2124 442 2168 apud
463 2125 685 2169 Pomponium
708 2130 849 2163 Laetum
876 2130 1024 2172 fuerant,
1060 2130 1210 2164 ordinem
1238 2130 1383 2163 nativum
1410 2142 1573 2174 suumque
1598 2131 1710 2164 locum
1735 2130 1985 2175 assignaremus

404 2176 505 2215 Quod
533 2188 611 2209 vero
638 2179 681 2210 ad
708 2182 825 2213 armilia
852 2183 967 2214 attinet
992 2182 1123 2223 critica,
1150 2182 1270 2226 quibus
1295 2182 1328 2214 in
1354 2181 1421 2216 hac
1447 2182 1593 2215 editione
1618 2182 1712 2215 noxis
1738 2182 1786 2215 usi
1813 2191 1941 2219 sumus;
1966 2177 2067 2212 facile
2088 2178 2178 2222 patet

241 2225 285 2257 ad
312 2225 401 2258 Festi
426 2227 614 2272 fragmenta
639 2240 680 2262 ac
705 2231 844 2264 schedas
870 2244 889 2264 a
915 2233 1010 2266 nobis
1036 2233 1119 2266 nihil
1145 2233 1291 2278 potuisse
1318 2233 1470 2266 adhiberi
1496 2234 1590 2275 novi,
1633 2245 1736 2278 quum
1762 2234 1924 2266 laceratus
1949 2229 2005 2263 ille
2027 2239 2067 2262 ac
2091 2226 2177 2260 male

241 2276 374 2310 habitus
400 2278 506 2311 codex
531 2279 756 2312 bibliothecae
782 2281 1000 2317 Farnesianae
1026 2285 1091 2318 iam
1118 2285 1151 2317 in
1176 2284 1270 2330 regia
1296 2284 1503 2319 bibliotheca
1529 2286 1750 2330 Neapolitana
1776 2288 1974 2322 asservetur,
2008 2279 2052 2312 ad
2077 2286 2176 2320 quam

243 2328 337 2360 nobis
360 2329 467 2362 aditus
493 2331 631 2374 patebat
657 2331 775 2364 nullus.
827 2333 944 2374 Neque
971 2336 1147 2379 quicquam
1175 2337 1318 2370 salutare
1345 2337 1470 2381 sperari
1496 2338 1620 2381 poterit
1646 2340 1785 2371 tractato
1811 2335 1870 2367 illo
1896 2331 1998 2366 veteri
2020 2328 2138 2363 codice
2157 2338 2177 2360 a

244 2379 393 2413 manibus
419 2382 527 2426 pretio
554 2382 735 2417 conductis.
787 2381 935 2416 Maxime
961 2385 1046 2418 enim
1072 2387 1201 2420 videtur
1227 2399 1296 2421 esse
1317 2389 1551 2430 necessarium,
1578 2393 1614 2421 ut
1635 2388 1740 2421 homo
1762 2386 1880 2429 aliquis
1901 2380 2040 2428 egregie
2060 2378 2177 2413 doctus
