2263 2668
259 133 285 166 4
677 135 820 168 PAULI
846 135 967 168 DIAC.
997 135 1253 171 EXCERPTA
1277 139 1341 172 EX
1367 140 1456 173 LlB.
1482 140 1625 174 POMP.
1655 139 1792 172 FESTI

262 225 402 260 Armitu
425 221 435 241 ¹
475 225 646 259 dicebatur
679 227 774 272 virgo
809 228 1013 272 sacrificans,
1055 230 1108 263 cui
1140 230 1259 265 lacinia
1289 236 1391 277 togae
1426 233 1460 266 in
1494 233 1672 266 humerum
1707 237 1777 266 erat
1817 232 1939 266 reiecta
1959 229 1981 266 ².
2052 233 2204 279 Legibus

364 277 461 309 etiam
493 277 697 310 Laurentum
730 284 878 313 sanctum
914 287 961 313 est
983 277 1018 322 ³,
1053 293 1095 314 ne
1118 278 1131 299 ⁴
1164 293 1304 327 pomum
1340 295 1380 317 ex
1413 285 1522 318 alieno
1558 286 1691 330 legatur
1724 285 1757 317 in
1784 295 1932 326 armum,
1957 284 1992 318 id
2019 290 2085 328 est,
2111 285 2205 330 quod

363 326 492 359 humeri
519 338 600 360 onus
627 329 676 362 sit.

259 379 465 412 Armenium
500 378 535 411 id
569 391 675 424 genus
711 383 842 425 pecoris
876 382 1083 427 appellatur,
1117 384 1208 427 quod
1245 390 1293 418 est
1317 385 1476 420 idoneum
1503 387 1547 421 ad
1575 399 1661 433 opus
1688 398 1867 423 armorum.
1920 387 2068 421 Invenies
2091 392 2204 422 tamen

358 428 514 462 feminine
535 426 547 447 ⁵
574 436 754 465 urmentas
779 434 871 478 apud
900 435 1042 467 Ennium
1068 437 1214 480 positum
1235 433 1256 470 ⁶.

256 479 406 521 Album,
434 481 527 524 quod
553 494 613 515 nos
638 483 795 528 dicimus,
823 497 842 518 a
870 486 1021 526 Graece,
1055 487 1148 530 quod
1176 492 1224 520 est
1246 484 1258 504 ⁷
1283 484 1395 535 α’λφός
1415 485 1445 530 ²³,
1480 490 1686 535 appellatum
1709 486 1730 523 ⁹.

358 531 519 567 dixerunt.
573 535 674 568 Unde
701 536 791 568 credi
818 543 943 582 potest,
971 549 1091 571 nomen
1117 539 1256 583 Alpium
1285 551 1304 571 a
1331 540 1477 574 candore
1504 543 1626 575 nivium
1654 541 1836 575 vocitatum
1859 537 1892 574 ¹⁰.

257 581 404 616 Albesia
428 580 451 600 ¹¹
478 589 570 618 scuta
595 586 807 630 dicebantur,
835 589 951 632 quibus
979 590 1156 630 Albenses,
1183 591 1239 633 qui
1265 597 1339 624 sunt
1365 591 1471 625 Marsi
1498 593 1644 638 generis,
1672 593 1721 626 usi
1746 598 1829 628 sunt.
1881 593 1979 626 Haec
2000 591 2121 626 eadem
2139 591 2203 626 de-

357 645 497 668 cumana
523 638 727 671 vocabantur
747 635 787 682 ¹²,
815 640 907 683 quod
936 646 1042 673 essent
1067 642 1285 686 amplissima,
1317 648 1353 675 ut
1379 643 1556 678 decumani
1583 645 1710 678 fluctus.

258 684 409 719 Albiana
433 683 456 703 ¹³
483 699 565 733 ager
598 694 685 722 trans
720 690 871 725 Tiberim
902 691 1021 726 dicitur
1044 687 1068 710 ¹*
1099 705 1119 726 a
1150 693 1228 727 luco
1261 694 1482 729 Albionarum
1506 693 1545 740 ¹⁵,
1578 708 1645 740 quo
1679 697 1756 730 loco
1780 692 1804 713 ¹⁶
1838 695 1901 729 bos
1927 695 2006 729 alba
2032 694 2201 729 sacrifica-

357 738 454 770 batur
474 735 506 774 Π,

253 787 388 821 Albula
414 790 547 824 Tiberis
571 785 596 807 ’Β
627 791 744 825 fluvius
777 793 883 827 dictus
917 798 963 826 est
983 790 1006 811 ¹⁹
1039 795 1081 828 ab
1115 796 1193 829 albo
1221 808 1327 840 aquae
1353 798 1486 839 colore;
1519 798 1653 833 Tiberis
1679 803 1791 833 autem
1817 810 1837 831 a
1853 794 1879 815 ²⁰
1903 796 2066 832 Tiberino
2092 796 2198 831 Silvio

355 852 437 886 rege
463 842 692 885 Albanorum,
719 845 812 888 quod
839 845 864 877 is
890 845 923 878 in
950 857 991 879 eo
1018 848 1191 881 exstinctus
1219 854 1275 883 est.

1794 488 1909 524 Sabini
1937 493 2050 523 tamen
2080 489 2203 535 alpum

252 890 367 924 Ambo
394 904 435 925 ex
462 894 596 928 Graeco
624 895 762 929 ductum
780 893 803 913 ²¹
830 897 977 937 videtur,
1005 899 1096 941 quod
1124 900 1172 931 illi
1199 899 1307 946 ἄμφω
1327 896 1352 916 ²²
1379 900 1502 934 dicunt.

250 942 447 977 Ambactus
473 946 565 990 apud
591 947 734 980 Ennium
762 948 876 993 lingua
903 949 1037 982 Gallica
1062 962 1172 983 servus
1200 952 1390 996 appellatur
1409 949 1444 985 ²³.

253 993 324 1027 Am
350 998 555 1040 praepositio
582 998 762 1042 loquelaris
789 1000 953 1045 significat
980 1001 1126 1044 circum,
1152 1003 1242 1036 unde
1269 1015 1371 1049 supra
1396 1015 1508 1037 servus
1537 1004 1726 1045 ambactus,
1758 1003 1795 1036 id
1827 1007 1875 1037 est
1901 1002 2118 1038 circumactus
2143 1001 2198 1034 di-

354 1047 447 1081 citur.

255 1095 397 1132 Ambest
422 1099 467 1132 ita
493 1100 609 1133 tertiae
631 1112 794 1146 personae
820 1103 959 1135 verbum
987 1108 1050 1145 est,
1078 1108 1113 1137 ut
1138 1104 1264 1138 nullam
1291 1105 1392 1139 aliam
1418 1105 1544 1140 habeat
1566 1103 1591 1124 ²⁴
1618 1106 1886 1141 declinationem.

337 1205 367 1247 1)
389 1208 527 1248 Armitu]
554 1209 601 1238 Sic
617 1210 647 1239 L.
669 1210 707 1241 M.
737 1211 792 1240 Gu.
818 1214 843 1243 1.
867 1215 895 1244 2.
946 1213 1032 1251 Vulg.
1055 1213 1199 1251 Armata,

250 1249 331 1286 quod
355 1260 388 1279 eo
411 1251 533 1280 videtur
555 1263 616 1281 esse
646 1258 759 1292 ortum,
784 1255 863 1292 quod
887 1254 943 1283 hoc
965 1256 1067 1286 vocab.
1092 1257 1127 1285 ab
1156 1268 1202 1286 αι’-

248 1292 356 1320 mando
379 1293 538 1331 duxerunt,
561 1294 590 1325 h,
614 1306 637 1324 e.
661 1298 756 1324 sirmi-5*
778 1299 930 1326 instruere.
982 1298 1040 1327 Sed
1062 1300 1201 1328 derivan-

248 1332 320 1362 dum
344 1340 386 1364 est
409 1337 444 1364 ab
468 1348 562 1373 armo,
586 1338 603 1366 i.
627 1348 649 1368 e.
671 1339 810 1377 humero,
833 1344 866 1368 ut
888 1340 948 1378 ipse
963 1341 1040 1369 Fest.
1059 1343 1200 1381 explicat.

246 1376 298 1404 Est
321 1377 413 1413 igitur
434 1382 549 1407 urmilu
578 1382 664 1418 virgo
695 1392 808 1410 armum
839 1383 955 1411 oblecta
977 1384 1083 1412 lacinia
1100 1390 1200 1423 iogae,

246 1419 339 1447 veluti
361 1421 486 1450 verbum
510 1428 584 1451 esset
607 1425 725 1461 armis-e,
749 1425 778 1453 id
802 1430 845 1454 est
866 1436 985 1453 armum
1007 1427 1146 1465 obtegere.
1162 1445 1197 1449 —

245 1462 273 1498 2)
296 1463 414 1502 reiecta]
438 1465 546 1493 relecta
569 1466 605 1493 M.
628 1482 670 1487 —
692 1469 720 1503 3)
740 1473 879 1495 ¹runelum
901 1467 954 1506 est]
979 1470 1025 1497 Sic
1042 1469 1081 1500 Μ.
1100 1470 1157 1499 Gu.
1172 1473 1199 1501 2.

246 1506 407 1534 sancitam.
430 1507 514 1544 Vulg.
567 1508 709 1537 Videatur
732 1511 839 1538 Struve
866 1510 938 1538 iiber
961 1511 1007 1539 die
1031 1512 1093 1541 Lat.
1119 1513 1198 1543 Decl.

247 1546 309 1574 und
332 1548 415 1577 Coni.
443 1561 470 1588 p,
487 1550 556 1582 294.
575 1561 598 1579 s.
615 1561 642 1580 v.
666 1552 787 1580 Saucia.
852 1554 942 1580 etium
965 1555 1115 1582 sancitum
1135 1560 1200 1582 erat

246 1589 396 1618 Laurenti
418 1592 450 1622 L.
473 1609 514 1614 —
535 1592 563 1632 4)
588 1593 633 1631 ne]
657 1605 710 1621 nec
732 1605 778 1633 pr.
800 1611 843 1616 —
864 1597 895 1633 5)
910 1596 1071 1635 feminine]
1095 1597 1142 1625 Sic
1167 1598 1198 1625 L.

246 1630 282 1659 M.
315 1633 370 1663 Gu.
402 1636 430 1665 1.
451 1638 481 1667 2.
513 1636 541 1664 S.
593 1638 744 1673 feminino
771 1648 876 1675 genere
904 1639 937 1667 Β.
988 1639 1075 1677 Vulg.
1102 1641 1199 1677 femi-

246 1675 293 1701 nei
311 1678 438 1714 generis.
469 1693 511 1698 —
548 1682 575 1712 6)
596 1679 744 1718 positum]
768 1691 825 1709 om.
848 1681 879 1710 L.
909 1697 950 1702 -—
987 1683 1015 1718 7)
1040 1681 1124 1720 quod
1143 1682 1197 1721 est]

249 1725 304 1746 om.
325 1719 358 1747 B.
384 1736 419 1740 —-
445 1720 471 1757 8)
495 1717 628 1760 α’λφός]
653 1722 702 1750 Sic
722 1723 754 1750 B.
789 1723 892 1752 Recte.
915 1723 980 1752 Vid.
1003 1725 1072 1753 Lex.
1091 1725 1196 1756 Graec.

248 1767 268 1785 s.
296 1768 324 1790 v.
357 1758 461 1800 ἅλῳός.
507 1763 592 1801 Vulg.
621 1762 758 1803 ἅλῳον.
790 1766 846 1794 Gu.
872 1769 900 1797 2.
924 1766 1045 1805 alplzon.
1091 1767 1128 1796 M.
1152 1768 1199 1795 al-

239 1800 310 1835 fon.
333 1803 362 1831 L.
386 1805 481 1843 alplzi.
519 1806 583 1837 Oni,
604 1816 648 1844 pr.
672 1824 714 1829 —-
735 1810 765 1845 9)
789 1808 990 1848 appellatum]
1015 1815 1056 1837 est
1072 1820 1199 1849 praepo-

249 1841 329 1870 nitur
350 1847 456 1884 vulgo,
481 1849 561 1886 quod
585 1860 643 1878 om.
666 1850 699 1878 B.
724 1850 779 1878 Gu.
798 1854 823 1881 1.
838 1853 866 1881 2.
889 1869 930 1873 -
956 1853 998 1889 10)
1018 1852 1197 1892 vocitatum]

250 1890 389 1915 vocatum
412 1890 443 1918 L.
466 1906 508 1912 —
531 1891 575 1930 11)
598 1892 736 1930 Albesia]
760 1892 910 1922 Albensia
924 1895 955 1923 L.
975 1911 1017 1917 —
1041 1897 1084 1931 12)
1111 1906 1199 1924 roca-

250 1924 379 1965 bantur]
410 1933 558 1961 vocabant
579 1935 613 1964 L.
658 1935 827 1964 vocabatur
849 1947 894 1975 pr.
937 1953 980 1959 --·
1023 1939 1069 1975 13)
1092 1938 1200 1966 Albio-

1243 1214 1366 1254 habeat]
1390 1214 1500 1243 habeat
1522 1216 1563 1246 al.
1586 1215 1617 1245 L.
1641 1226 1685 1254 pr.
1712 1233 1748 1237 —
1772 1216 1819 1252 25)
1845 1213 2007 1253 Ambegni]
2031 1213 2081 1243 Sic.
2103 1213 2138 1242 B.
2157 1212 2197 1243 M.

1245 1258 1301 1288 Gu.
1327 1260 1352 1288 1.
1374 1269 1422 1297 pr.
1445 1259 1473 1286 S.
1516 1258 1682 1297 Amhiegni
1704 1259 1736 1287 L.
1780 1258 1866 1296 Vulg.
1887 1257 2048 1295 Ambigni.
2078 1271 2122 1278 —-
2149 1256 2197 1291 26)

1242 1299 1356 1338 vervex]
1379 1300 1482 1329 verbex
1505 1302 1562 1329 Gu.
1582 1304 1611 1332 2.
1655 1301 1756 1329 rerbix
1777 1300 1816 1330 M.
1842 1317 1877 1322 —-
1902 1301 1950 1336 27)
1968 1297 2195 1337 appellabatur]

1242 1343 1414 1381 appellatur
1437 1344 1491 1372 Gu.
1518 1347 1543 1375 1.
1580 1359 1620 1364 —-
1660 1342 1709 1381 28)
1730 1341 1889 1381 Abemito]
1912 1342 2065 1370 Ahemitco
2088 1341 2121 1369 Β.
2155 1355 2197 1388 -Ι-

1242 1385 1288 1423 29)
1313 1384 1445 1424 auferto]
1469 1387 1574 1423 aufero
1599 1386 1630 1414 L.
1652 1401 1695 1407 —
1721 1383 1769 1425 30)
1793 1385 1917 1423 antiqui
1939 1382 2090 1421 dicebant]
2115 1387 2196 1410 anti-

1243 1429 1298 1466 qui
1320 1429 1397 1455 enim
1421 1427 1569 1456 (licebant.
1592 1428 1624 1456 L.
1650 1443 1693 1450 —-
1721 1427 1768 1467 31)
1789 1425 2002 1465 Ambarvales]
2026 1426 2092 1456 Om.
2113 1423 2195 1453 hunc

1242 1471 1400 1498 articulum
1423 1471 1460 1499 M.
1504 1471 1538 1499 In
1560 1472 1588 1499 S.
1612 1470 1711 1499 addita
1736 1470 1844 1499 deinde
1866 1474 1909 1498 est
1931 1469 2042 1507 glossa:
2063 1467 2195 1497 Ambar-

1241 1514 1322 1540 valis
1342 1513 1444 1541 liosliu
1469 1519 1526 1550 est,
1555 1524 1633 1552 quae
1654 1515 1697 1541 rei
1719 1512 1841 1541 [livinae
1863 1522 1960 1539 causa
1982 1512 2095 1539 circum
2117 1520 2196 1558 arva

1242 1554 1368 1583 ducitur
1391 1556 1428 1583 ab
1452 1557 1509 1587 iis.
1533 1558 1585 1594 qui
1599 1567 1659 1594 pro
1676 1556 1828 1594 frugibus
1845 1556 1982 1592 faciunt.
2004 1568 2048 1575 -·
2077 1551 2123 1590 32)
2147 1551 2196 1579 di-

1241 1597 1395 1636 cebantur]
1419 1598 1468 1626 sic
1484 1599 1541 1627 Gu.
1557 1601 1586 1630 2.
1623 1598 1707 1636 Vulg.
1725 1597 1971 1637 appellabantur.
1992 1611 2036 1618 —
2055 1595 2104 1632 33)
2117 1595 2195 1623 Am-

2130 1641 2147 1655 'l

1241 1664 1405 1703 burbialew]
1430 1665 1632 1694 Ambarvales
1655 1665 1695 1694 M.
1729 1681 1772 1686 —
1808 1665 1857 1703 34)
1882 1662 2088 1702 ducebantur]
2111 1661 2194 1690 dice-

1240 1708 1351 1736 bantur
1373 1706 1443 1749 (sic)
1467 1708 1505 1737 M.
1549 1707 1726 1736 dicebantur
1750 1709 1808 1737 Gu.
1832 1711 1861 1740 2.
1890 1723 1934 1729 —-
1963 1707 2009 1744 35)
2033 1704 2194 1743 circuitus]

1240 1751 1415 1778 circumitus
1439 1751 1494 1781 Gu.
1511 1753 1540 1782 2.
1561 1767 1605 1773 —
1625 1753 1670 1785 36)
1690 1751 1723 1778 in
1745 1749 1952 1787 latitudinem]
1977 1747 2144 1777 altitudine
2159 1747 2193 1776 B.

1239 1808 1282 1815 —
1309 1791 1357 1832 37)
1376 1795 1407 1821 in
1431 1792 1672 1832 longitudinem]
1697 1793 1831 1833 Apposui
1852 1792 1899 1821 his
1921 1792 2044 1820 lacunae
2065 1790 2193 1829 signum,

1240 1845 1308 1864 nam
1331 1835 1478 1864 excidisse
1507 1836 1627 1865 videtur
1653 1836 1761 1865 modus
1790 1834 2003 1873 longitudiniS,
2031 1833 2088 1863 nisi
2113 1833 2193 1861 forte

1241 1882 1328 1917 putes
1350 1877 1432 1906 hune
1455 1889 1517 1907 esse
1539 1878 1698 1907 verborum
1721 1877 1798 1906 idem
1822 1876 1907 1917 quod
1926 1876 2102 1915 aedificium
2122 1885 2193 1924 seri-

1242 1931 1324 1949 sum:
1347 1922 1380 1949 in
1401 1920 1622 1960 longitudinem
1645 1920 1747 1949 eudem
1769 1926 1812 1949 est
1833 1930 1992 1955 mensura,
2020 1929 2083 1958 qua
2105 1916 2193 1947 aedt-

250 1967 302 2006 na]
327 1970 493 2001 Albinnum
515 1976 545 2005 [Ι.
571 1993 607 1999 -
638 1977 685 2015 14)
708 1977 834 2017 dim-mr]
860 1990 916 2008 om.
939 1980 972 2009 B·
1001 1997 1044 2002 —
1074 1981 1119 2018 15>
1142 1981 1199 2009 Al.
1232 1964 1356 2002 ficium.
1381 1980 1420 1985 —
1443 1963 1489 2003 38)
1513 1963 1603 2003 idem]
1627 1963 1663 1991 id
1683 1963 1739 1992 Gu.
1757 1967 1782 1995 1.
1806 1979 1849 1985 -—
1878 1964 1925 2000 39)
1948 1961 2002 1990 sed
2022 1961 2060 2000 et]
2084 1970 2141 1990 om.
2158 1960 2191 1989 L.

250 2010 422 2050 bionarwn]
445 2016 615 2047 Albionara
636 2019 669 2049 B.
696 2021 753 2050 Gu.
779 2024 805 2053 1.
828 2032 873 2060 pr.
898 2038 941 2044 —
973 2025 1016 2058 16)
1041 2034 1098 2061 quo
1121 2023 1198 2062 loco]

249 2054 282 2080 in
305 2064 362 2091 quo
385 2056 448 2083 loco
466 2057 495 2084 L.
513 2059 567 2087 Gu.
587 2064 614 2090 1.
636 2072 683 2099 pr.
728 2065 761 2092 in
783 2075 842 2102 quo
865 2064 933 2092 luco
956 2064 990 2094 B.
1013 2081 1056 2087 —·
1082 2067 1131 2102 17)
1147 2077 1199 2094 sa-

249 2096 460 2136 crificabatur]
474 2100 689 2131 immolabatur
701 2106 730 2135 L.
753 2122 796 2127 —-
818 2105 864 2146 18)
886 2107 1011 2146 Tiberis]
1032 2108 1082 2136 Sic
1097 2119 1197 2138 omnes

250 2138 339 2168 codd.
384 2140 471 2178 Vulg.
501 2143 626 2179 Tiberis.
665 2162 707 2167 —
743 2151 785 2186 19)
809 2148 912 2177 dictus
935 2149 988 2188 est]
1016 2151 1064 2178 Sic
1087 2151 1144 2179 Gu.
1167 2155 1196 2183 2.

250 2186 291 2208 est
313 2181 412 2210 dictus
436 2183 466 2212 B.
510 2184 595 2221 Vulg.
622 2197 678 2214 om.
701 2195 751 2217 est.
779 2206 820 2213 —-
849 2191 895 2231 20)
919 2204 938 2220 a
959 2192 1111 2231 Tiberino]
1135 2205 1194 2223 om.

249 2233 269 2250 a
291 2223 339 2261 L„
365 2225 415 2262 qui
438 2224 526 2255 habet
554 2227 684 2263 merlo,
707 2235 739 2257 ut
758 2232 795 2261 M.
820 2234 876 2263 Gu.
898 2238 923 2266 1.
939 2237 967 2265 2.
991 2236 1019 2263 S.
1062 2236 1103 2264 At
1124 2237 1193 2265 vide

249 2265 326 2293 infra
340 2276 361 2294 s.
378 2277 406 2296 v.
430 2268 551 2296 Tiberi-s·-
601 2269 711 2306 Tubero
728 2272 760 2299 R.
781 2289 822 2295 ——-
843 2276 890 2310 21)
913 2276 1051 2313 ductum]
1076 2277 1194 2306 dictam,

250 2307 281 2336 L.
296 2308 328 2337 B.
344 2308 381 2337 M.
397 2310 425 2338 S.
446 2327 488 2332 —
509 2313 558 2347 22)
573 2309 695 2349 ἄμφω]
720 2315 827 2350 ampliu
853 2317 905 2345 Gn.
922 2322 951 2349 2.
995 2319 1110 2348 dicitur
1132 2319 1193 2360 ἅμ-

248 2361 302 2387 φω
326 2351 379 2380 Gu,
405 2354 431 2383 1.
457 2369 499 2375 —-
521 2353 567 2394 23)
589 2355 771 2392 appellatur]
796 2356 842 2384 Sic
864 2358 896 2385 B.
920 2360 955 2387 Μ.
979 2362 1034 2391 Gu.
1057 2366 1081 2392 1.
1097 2367 1125 2394 2.
1145 2374 1192 2402 pr.

250 2391 364 2421 dicitur
381 2394 464 2434 Vulg.
509 2396 565 2425 Pro
582 2407 685 2425 servu-v
700 2398 727 2427 S.
746 2396 832 2426 habet
850 2405 947 2430 actus.
970 2418 1011 2423 -—-
1034 2403 1077 2441 24)
1095 2406 1192 2433 alium

1242 2012 1269 2034 et
1291 2016 1348 2035 om.
1370 2006 1403 2034 B.
1427 2006 1484 2035 Gu.
1510 2009 1537 2038 1.
1565 2022 1608 2028 —
1642 2005 1688 2045 40)
1711 2004 1896 2045 appellatur]
1920 2005 2006 2043 Vulg.
2029 2003 2149 2032 additur
2170 2013 2191 2030 a

1241 2048 1456 2077 circumeundo
1484 2047 1763 2088 supplicandoque,
1796 2059 1886 2087 quam
1916 2045 2190 2093 interpretationem

1241 2102 1300 2121 om.
1323 2092 1354 2122 B.
1380 2091 1436 2119 Gu.
1461 2094 1487 2122 1.
1511 2094 1541 2123 2.
1565 2101 1610 2130 pr.
1634 2093 1663 2122 S.
1686 2096 1811 2120 tractam
1833 2091 1898 2121 scil.
1919 2090 1955 2119 ab
1985 2089 2086 2119 eodem
2114 2091 2190 2116 arh-

1240 2135 1322 2170 culo,
1347 2134 1398 2172 qui
1418 2133 1495 2162 infra
1518 2134 1626 2171 legitur
1647 2139 1717 2173 post
1739 2144 1805 2163 voc.
1829 2133 1934 2162 Antes.
1964 2148 2001 2154 ·-
2038 2128 2084 2170 41)
2104 2128 2190 2158 Ado-

1238 2176 1335 2215 lescit]
1361 2175 1523 2205 Adulas-eit
1543 2177 1577 2207 B.
1603 2193 1637 2198 -—
1677 2178 1723 2214 42)
1749 2176 1875 2215 Graeco]
1897 2173 2044 2204 vocabulo
2066 2171 2133 2200 add.
2156 2172 2187 2220 L.

1239 2237 1274 2241 —-
1299 2220 1344 2257 43)
1368 2218 1491 2258 ἁλίζω]
1514 2220 1563 2247 Sic
1584 2219 1689 2258 scripsi
1712 2224 1832 2248 secutus
1854 2219 1911 2247 Gu.
1925 2221 1953 2250 2.
1977 2215 2042 2244 cod.
2065 2219 2186 2263 opt.,‘in

1237 2271 1297 2299 quo
1311 2266 1354 2289 est
1376 2262 1473 2298 aliso,·
1499 2272 1595 2301 prope
1615 2262 1696 2291 abest
1708 2262 1740 2291 B.
1764 2263 1908 2297 οαλιζω,
1930 2258 2007 2287 unde
2019 2257 2056 2286 Μ.
2079 2257 2185 2285 oali-90.

1237 2305 1293 2332 Gu-
1312 2307 1339 2335 2.
1363 2301 1545 2342 οἷλδαίνω,
1569 2304 1621 2333 sed
1644 2305 1674 2333 in
1696 2304 1754 2333 hoc
1778 2304 1842 2333 cod.
1863 2303 1991 2332 Graecae
2007 2309 2094 2328 voces
2108 2310 2123 2327 a
2139 2310 2186 2347 re-

1236 2347 1369 2375 centiore
1399 2357 1488 2376 manu
1517 2347 1635 2376 additae
1664 2351 1742 2377 sunt.
1787 2346 1875 2375 Unice
1896 2352 1998 2373 verum
2021 2342 2184 2390 essearlai—

1236 2393 1300 2418 tror
1323 2388 1427 2426 ἁλίζω,
1461 2389 1542 2429 quod
1564 2394 1609 2419 est
1629 2389 1784 2427 colligere,
1815 2386 1983 2422 cumulare,
2004 2395 2052 2413 cui
2074 2383 2185 2423 signifi-
