2263 2668
237 167 311 203 462
665 156 1008 194 COMMENTARII
1034 155 1082 190 ΙΝ
1107 157 1251 192 PAULI
1277 159 1473 194 DIACONI
1497 159 1749 195 EXCERPTA

239 267 323 291 ctum
342 260 473 297 impensa
495 255 652 282 diceretur.
695 249 832 289 Apicius:
861 247 947 277 Indet
968 249 1128 288 impensam
1148 253 1377 292 praescriptam,
1407 251 1439 279 id
1461 256 1506 280 est
1527 253 1699 283 sarcturam.
1745 253 1856 285 Arnob.
1879 256 1928 285 lib.
1943 257 2004 286 VII.
2027 259 2176 297 impensa-

240 314 304 333 rum
328 304 465 331 varietate
488 295 624 325 conditis.
665 292 816 321 Palladius
838 291 890 320 lib.
901 291 938 321 L:
968 291 1103 330 Impense
1121 296 1256 333 pumicea
1273 294 1385 335 farciri
1407 304 1516 324 muros.
1559 294 1651 325 Duc.

401 342 614 378 Impescere.
658 335 733 363 Vide
756 332 947 373 Compescere.
990 333 1079 362 Dae,

402 381 638 420 Impomenta.
685 377 812 406 Verbum
842 386 996 405 sacrorum
1025 376 1116 406 fuisse
1138 378 1291 417 suspicor,
1329 383 1362 406 ut
1384 379 1543 418 imponere,
1580 379 1623 408 ita
1647 385 1680 408 ut
1702 381 1878 419 impomenta
1901 391 1933 410 ea
1957 382 2034 411 dicta
2056 383 2163 412 suerint

241 440 314 469 quae
337 427 392 455 diis
414 422 621 452 offerebantur.
665 419 753 448 Ovid.
776 419 864 458 (Faat.
880 418 909 455 1,
933 417 1028 457 127.):
1061 417 1175 449 Cereale
1196 419 1330 450 sacerdos
1352 422 1475 459 imponit
1497 421 1597 450 libum.
1642 422 1667 450 A
1690 433 1768 461 pono
1790 425 1941 462 ponimen,
1969 436 2090 464 pomeri,
2115 407 2176 464 po:

239 477 362 500 mentum
386 472 414 496 et
438 467 660 504 impermutata,
683 468 718 492 ut
741 473 755 491 a
779 470 884 490 moveo
906 461 1063 498 movimen,
1085 473 1215 499 momen,
1239 470 1412 492 momentum
1435 469 1490 493 etc.
1515 464 1600 494 Dan.
1646 465 1711 493 Non
1732 467 1870 504 ponimen
1891 477 1907 494 a
1928 477 2023 506 pono,
2047 467 2099 496 sed
2119 478 2175 506 po—

240 515 344 545 simen,
373 518 506 548 poemen,
535 516 647 546 pomeri.
691 505 765 534 Nam
786 505 884 544 ipsum
903 514 982 543 pono
1005 508 1189 534 contractum
1212 516 1249 533 ex
1269 516 1371 544 poeno.

402 551 654 590 Importunus.
700 548 759 583 Qui
781 552 870 586 portu
895 551 978 575 caret
1000 551 1030 575 et
1050 548 1174 587 proprie
1197 549 1248 586 qui
1271 548 1345 576 alios
1368 547 1518 586 quiescere
1542 559 1600 578 non
1623 550 1745 589 patitur.
1789 550 1876 580 Dae.

403 594 640 631 Imputatum.
687 591 761 619 Vide
783 589 882 619 Purus.
927 588 1015 618 Dae.

404 634 578 665 Imbrica.
623 634 659 662 Et
679 632 844 662 imbricitur
864 632 894 660 in
916 631 1075 669 glossario:
1105 631 1288 667 Imbricitur,
1317 629 1497 670 ὀμβροῦται,
1525 633 1668 673 βρέχεται.
1711 634 1767 663 Sed
1792 635 1855 663 sine
1878 635 1971 664 dubio
1994 635 2107 664 fallitur
2129 635 2177 663 ille

241 682 385 720 scriptor,
409 679 459 716 qui
483 678 562 716 apud
586 676 713 704 Ennium
736 674 905 704 Imbricitur
927 684 984 713 pro
1005 673 1175 703 Imbricitor
1195 675 1299 712 legerit
1320 675 1350 702 in
1373 675 1432 702 illis
1454 676 1589 705 versibus
1613 687 1650 706 ex
1671 678 1778 706 Annali
1800 678 1912 706 decimo
1936 678 2078 716 septimo:

814 715 1016 754 Concurrunt,
1046 715 1134 745 veluti
1155 718 1231 745 venti
1252 728 1316 746 cum
1339 718 1458 756 spiritus
1480 720 1574 747 austri

814 758 997 795 Imbricitor,
1021 758 1176 800 aquiloque
1198 770 1249 788 suo
1272 770 1335 788 cum
1349 760 1479 799 flamine
1501 768 1604 790 contra

815 800 892 830 Indu
914 802 990 830 mari
1011 810 1117 840 magno
1130 803 1245 842 fluctus
1266 800 1408 830 extollere
1429 810 1549 833 certant.

241 848 338 880 Scal.
362 848 421 876 lam
445 856 530 885 saepe
554 846 721 875 monuimus
737 845 855 873 Festum
878 845 992 882 integra
1014 850 1169 873 auctorum
1191 845 1257 872 loca
1280 844 1398 872 solitum
1421 844 1579 882 exhibere,
1601 851 1634 874 ut
1656 857 1688 875 ea
1712 847 1743 875 in
1765 847 1839 885 ipsis
1861 846 2034 876 auctoribus
2055 846 2174 885 reperit.

239 892 367 922 Imbrica
392 890 481 927 igitur
503 893 693 928 tempestate,
716 887 746 916 id
770 892 814 915 est
837 887 954 925 pluvia;
982 887 1018 915 ab
1040 887 1132 915 imber
1154 887 1311 921 imbricus,
1342 886 1421 915 unde
1442 888 1554 917 Auster
1575 887 1714 917 imbricus
1737 890 1841 918 Plauto
1865 889 1966 925 (Mero.
1983 889 2024 925 V,
2047 892 2082 924 2,
2105 890 2177 926 δᾶ),

240 936 307 974 quia
330 933 437 962 imbres
461 932 534 968 ciet,
558 932 637 960 unde
659 936 689 959 et
710 928 874 959 imbricitor
895 929 990 958 Ennio
1013 929 1132 958 dicitur.
1154 929 1242 958 Dac.
1283 929 1481 969 Tempestate5
1509 941 1524 958 a
1548 936 1732 970 tempestate.
1772 932 1814 959 Ita
1835 932 1919 970 lego,
1941 936 1973 961 ut
1994 931 2118 960 imbrice
2140 932 2177 959 sit

239 990 253 1007 a
276 979 450 1015 tempestate
473 974 584 1013 pluvia.
618 974 702 1002 Adde
725 972 851 1001 Nonium
874 973 904 1001 in
927 971 1065 1001 Imbrices
1087 972 1165 1010 (pag.
1183 974 1251 1003 125.
1278 971 1392 1010 Merc.).
1421 970 1525 1003 Goth.
1565 972 1661 1002 Imber
1683 974 1835 1002 descendit
1858 985 1874 1003 a
1894 975 1959 1003 rad.
1981 974 2098 1002 Sanscr.
2117 972 2175 1001 him

239 1021 305 1055 nix,
334 1018 412 1048 unde
437 1018 618 1045 Graecorum
640 1012 782 1055 χειμ-ών
804 1014 881 1042 idem
903 1014 1055 1052 significat.
1102 1015 1145 1043 Ex
1169 1014 1269 1043 eadem
1293 1014 1391 1042 radice
1413 1015 1495 1043 venit
1518 1015 1606 1044 hiems
1629 1015 1786 1055 (him-am
1809 1015 1950 1056 Sanscr.).
1994 1016 2028 1045 ln
2052 1015 2176 1044 vocibus

238 1062 344 1098 imber,
374 1058 533 1098 ὄμβρος,
563 1058 682 1092 umbra,
709 1057 825 1093 eadem,
849 1057 886 1086 de
909 1067 965 1096 qua
989 1066 1090 1096 saepe,
1114 1057 1262 1085 vocalium
1285 1056 1464 1094 demutatio,
1488 1068 1563 1096 quae
1586 1059 1698 1087 variam
1720 1059 1820 1090 reddit
1843 1060 1973 1088 eiusdem
1996 1059 2098 1097 stirpis
2119 1068 2177 1086 no—

239 1105 353 1134 minalis
376 1102 423 1131 vel
446 1101 574 1131 verbalis
596 1100 849 1139 significationem.

400 1143 624 1183 Implorare.
667 1143 743 1172 Vide
764 1140 975 1181 Endoplorato.
1002 1141 1088 1171 Dae.
1134 1141 1216 1170 Adde
1238 1142 1316 1170 infra
1339 1140 1472 1171 Plorare.
1519 1140 1623 1172 Goth.

401 1185 676 1225 Impudicatus.
719 1184 922 1223 Impudicare‚
944 1184 1129 1223 impudicum
1153 1185 1265 1220 facere,
1287 1184 1365 1214 idem
1388 1186 1467 1223 quod
1490 1185 1686 1223 depudicare,
1710 1197 1768 1224 quo
1792 1196 1862 1215 usus
1885 1185 2038 1216 Laberius.
2070 1185 2157 1215 Dae.

400 1229 476 1268 Imp
486 1240 531 1258 os.
577 1228 774 1257 Glossarium:
802 1227 913 1263 Imm,
934 1224 1113 1263 ἅνεξοὺσιος.
1158 1228 1247 1265 Lege:
1276 1227 1383 1266 Impos.
1430 1226 1533 1256 Scal.

402 1271 419 1299 Ι
425 1283 443 1300 η
464 1271 678 1311 procinctu.
724 1270 924 1299 Glossarium:
952 1269 987 1298 In
1007 1270 1162 1308 procinctu
1184 1269 1215 1300 ἐν
1237 1272 1375 1311 προτομῇ
1396 1269 1528 1308 πολέμου
1553 1273 1658 1308 στῆναι
1679 1270 1752 1310 μετὰ
1775 1270 1901 1309 ἐσθῆτος
1922 1268 2089 1309 ὑπατικῆς,
2109 1268 2180 1308 ἤτοι

238 1314 400 1347 διαθέσθαι
423 1314 454 1344 ἐν
476 1311 636 1352 παρατάξει
659 1312 789 1352 πολέμου
813 1309 967 1353 ἀγράφως.
998 1310 1098 1341 Scal.
1141 1312 1175 1340 In
1203 1312 1363 1351 procinctu
1391 1322 1453 1340 esse
1482 1313 1594 1341 dicitur
1618 1313 1719 1349 miles,
1753 1324 1821 1342 cum
1847 1313 1884 1341 ad
1908 1323 2035 1352 pugnam
2058 1317 2178 1352 paratus

238 1363 267 1387 et
289 1358 438 1386 accinctus
461 1361 628 1395 exspectat,
665 1356 736 1384 dum
759 1356 840 1393 signa
861 1360 977 1383 canant.
1020 1355 1091 1383 Inde
1114 1359 1323 1383 testamentum
1345 1355 1376 1382 in
1400 1354 1557 1392 procinctu
1579 1355 1689 1384 factum
1713 1356 1840 1392 dicitur,
1879 1365 1946 1384 oum
1972 1356 2056 1384 miles
2079 1355 2177 1384 statim

238 1406 423 1440 pugnaturus
445 1398 583 1427 heredem
605 1409 704 1427 coram
726 1397 976 1426 commilitonibus
998 1397 1129 1426 nominat
1151 1397 1213 1425 sine
1235 1396 1365 1436 scriptis.
1398 1396 1474 1425 Vide
1495 1397 1682 1426 Proeinctam
1704 1398 1836 1426 classem.
1858 1397 1944 1427 Dae.
1981 1397 2066 1426 Adde
2088 1407 2177 1435 supra

239 1440 484 1482 Endoprocincm.
533 1439 634 1470 Goth.

400 1483 594 1513 Imbutum.
639 1483 679 1511 De
703 1482 739 1511 bu
762 1482 885 1511 effutitia
908 1493 1070 1521 puerorum
1092 1482 1202 1511 vocula
1225 1492 1318 1521 supra
1341 1482 1482 1512 diximus.
1507 1480 1605 1511 Scal.
1644 1482 1716 1511 Vide
1739 1481 1874 1511 Exbuae.
1896 1481 1984 1511 Dae.
2021 1481 2107 1510 Adde
2128 1490 2177 1508 su-

237 1537 291 1567 pra
314 1525 486 1555 Bulubaua.

401 1566 656 1606 Impenetrale.
700 1568 855 1597 penetrare
885 1572 928 1596 est
955 1567 1074 1605 penitus
1103 1567 1229 1603 iutrare3
1268 1564 1454 1605 impenetrale
1475 1576 1532 1604 pro
1554 1564 1786 1604 impenetrabile,
1825 1566 1907 1604 quod
1929 1566 2047 1605 penitus
2068 1566 2179 1594 intrare

239 1622 294 1640 non
318 1611 399 1640 licet.
443 1608 665 1649 Impenetrabile
686 1611 773 1638 etiam
796 1610 854 1638 dici
875 1610 984 1648 possit,
1019 1609 1102 1647 quod
1123 1614 1276 1646 penetrare
1299 1618 1359 1637 non
1382 1612 1495 1647 potest,
1533 1612 1565 1636 ut
1585 1606 1779 1646 penetrabile,
1813 1608 1895 1646 quod
1917 1612 2069 1647 penetrat,
2099 1607 2179 1636 unde

236 1651 410 1692 penetrabile
431 1651 533 1689 telum,
556 1651 733 1691 penetrabile
744 1651 860 1693 frigus.
902 1651 992 1681 Duc.

401 1693 621 1733 Impleoeum.
667 1694 708 1722 Ab
731 1696 762 1723 in
783 1700 812 1722 et
831 1692 943 1732 plecte,
980 1693 1060 1732 quod
1083 1704 1099 1721 a
1119 1693 1215 1724 πλέκω
1239 1697 1344 1730 necto,
1378 1692 1454 1721 uude
1474 1691 1633 1731 perplexus
1655 1691 1867 1732 πεπλεγμένος,
1900 1691 2063 1731 implexus,
2094 1691 2180 1731 ἐμπε·

239 1738 405 1778 πλεγμένος.
428 1736 517 1766 Dae.
560 1737 636 1775 Lege
658 1737 738 1776 apud
762 1737 895 1766 Paullum
917 1735 1164 1776 ἐμπεπλεγμένον.

402 1779 442 1808 In
465 1777 610 1811 mundo.
654 1780 750 1810 Plaut.
773 1779 855 1808 Asin.
870 1779 914 1815 11,
940 1781 968 1809 1.
994 1777 1087 1819 (16.):

727 1822 795 1851 Aut
815 1821 888 1850 mihi
909 1822 940 1850 in
961 1820 1071 1850 mundo
1093 1828 1160 1849 sunt
1180 1821 1280 1860 viigae
1301 1827 1352 1848 aut
1374 1820 1495 1848 atriensi
1515 1818 1651 1848 Saureae.

244 1863 320 1892 Idem
345 1863 447 1893 Pseud.
470 1863 513 1901 (I,
534 1864 571 1901 5,
594 1866 676 1902 84.):

728 1905 887 1936 Pistrinum
909 1907 940 1935 in
962 1904 1071 1935 mundo
1093 1903 1236 1941 sciebam,
1271 1904 1298 1933 si
1319 1902 1352 1932 id
1365 1902 1478 1943 faaeem
1502 1903 1582 1934 mihi.

247 1946 292 1973 Sic
315 1948 401 1985 vulgo
423 1948 563 1978 dicimus;
592 1947 622 1977 Il
637 1959 659 1987 y
680 1959 699 1976 a
721 1960 760 1977 αιι
778 1947 884 1977 monde
904 1960 944 1977 un
966 1946 1078 1977 moulin
1098 1959 1174 1988 pour
1193 1954 1246 1976 etc.
1291 1946 1377 1975 Dac.

407 1989 565 2020 Imbrezr.
610 1992 641 2019 C.
661 1991 792 2020 Licinius
821 1991 941 2019 Imbrex
964 2001 979 2019 a
1002 1990 1088 2019 Festo
1118 1990 1285 2018 nominatur
1308 1989 1339 2017 in
1363 1997 1438 2016 voce
1464 1985 1618 2017 obstitum.
1663 1988 1796 2017 Meminit
1825 1988 1912 2017 etiam
1937 1987 2050 2016 Gellius
2078 1982 2181 2024 (XIII,

248 2030 306 2061 22.
330 2030 406 2062 163:
430 2030 563 2061 Licinius
585 2032 721 2070 Imbrex,
744 2033 859 2072 inquit,
881 2040 961 2062 vetus
983 2031 1201 2062 comoediarum
1223 2031 1363 2071 scriptor3
1386 2036 1523 2070 quartum
1545 2029 1642 2060 locum
1665 2030 1713 2060 illi
1734 2032 1806 2059 inter
1829 2031 1957 2060 comicos
1978 2028 2080 2058 tribuit
2101 2027 2180 2057 Vol-

249 2071 341 2100 catius
364 2069 525 2109 Sedigitus:

817 2116 851 2146 Si
871 2118 924 2146 erit
946 2115 1027 2157 quod
1045 2124 1149 2157 quarto
1172 2115 1269 2152 detur,
1298 2114 1418 2144 dabitur
1440 2113 1569 2143 Licinio.

251 2156 322 2181 Sunt
347 2153 395 2191 qui
419 2154 542 2181 eundem
566 2167 599 2183 ac
622 2158 762 2187 Licinium
785 2159 924 2197 Tegulam
947 2164 1069 2198 putent,
1094 2169 1162 2188 cum
1182 2156 1301 2187 Imbrex
1324 2157 1451 2195 tegulam
1474 2157 1625 2194 significet.
1663 2157 1721 2185 Sed
1743 2157 1862 2186 frustra.
1896 2157 1969 2185 Nam
1992 2155 2100 2193 Tegula
2125 2153 2182 2183 Pu-

251 2195 343 2231 blius,
374 2199 405 2223 at
426 2195 543 2223 Imbrex
568 2195 653 2226 Caius
674 2202 902 2237 cognominatus.
931 2202 1021 2232 Dac.
1058 2201 1143 2230 Adde
1167 2202 1242 2230 Gell.
1255 2200 1324 2236 XV,
1347 2203 1398 2232 24.
1439 2199 1519 2228 Alias
1540 2199 1687 2228 diversam
1709 2199 1800 2228 habet
1819 2198 2070 2237 significationem.
2109 2196 2182 2224 Vide

252 2237 375 2267 Nouium
398 2238 476 2275 (pag.
490 2239 560 2270 125.
583 2239 679 2275 Merc.)
701 2242 731 2269 ἱιι
753 2243 900 2273 Imbria&
946 2243 1054 2273 Goth,

414 2279 578 2318 Impures
602 2280 728 2311 tibiae.
773 2285 880 2314 Dextra
904 2291 932 2314 et
954 2287 1088 2322 sinistra,
1120 2291 1152 2315 ut
1174 2291 1280 2314 contra
1302 2295 1387 2324 pares
1409 2284 1532 2313 dextrae
1556 2284 1633 2312 duae
1655 2284 1701 2312 vel
1722 2284 1860 2313 sinistrae
1881 2283 1967 2313 duae.
2010 2283 2119 2312 Dextra
2141 2281 2180 2309 ti—

253 2321 299 2369 bia
321 2328 413 2349 unum
434 2326 550 2349 tantum
574 2322 705 2368 fqramen
727 2323 869 2361 habebat,
896 2329 1013 2358 sinistra
1036 2330 1105 2358 duo.
1143 2329 1196 2357 Illa
1218 2338 1355 2366 gravem,
1376 2326 1450 2356 haec
1473 2331 1593 2355 acutum
1616 2333 1720 2355 sonum
1741 2326 1895 2356 reddebat.
1932 2326 2027 2364 Igitur
2047 2325 2122 2356 defle
2145 2323 2180 2350 Ιί-

254 2364 317 2391 biae
339 2363 530 2411 dextrae-vel
551 2364 685 2412 siuistrae
707 2375 791 2402 pares
814 2369 1006 2405 dicebantur,
1043 2371 1124 2409 quod
1153 2381 1252 2410 parem
1283 2371 1462 2399 foraminum
1483 2379 1637 2397 numerum
1659 2368 1818 2406 haberent,
1854 2373 1885 2397 at
1908 2379 1974 2396 oum
1997 2367 2100 2395 dextra
2121 2375 2179 2393 una

255 2410 284 2434 et
306 2405 396 2434 altera
419 2411 554 2442 eluntre,
590 2416 736 2445 impare-5,
770 2409 848 2445 quod
879 2421 1000 2441 numero
1029 2414 1207 2441 foraminum
1232 2413 1395 2442 differrent.
1441 2412 1528 2440 Plura
1551 2412 1627 2441 euim
1650 2412 1794 2440 foramina
1816 2412 1845 2439 in
1866 2411 2000 2444 sinistra,
2038 2417 2128 2446 quam
2151 2409 2179 2436 in
