2263 2668
216 114 264 148 ‘54

623 108 765 143 PAULI
792 109 914 145 DIAC.
943 111 1198 148 EXCERPTA
1223 114 1288 148 EX
1314 113 1402 147 LIB.
1429 113 1573 149 POMP.
1601 117 1740 152 FESTI

221 207 340 242 Genus
367 206 491 240 dictum
517 206 651 247 putatur
679 215 699 235 a
724 207 832 237 terrae
861 204 995 239 Graeco
1018 207 1203 249 vocabulo,
1246 219 1347 252 quam
1375 204 1440 254 γῆῙ
1464 207 1588 243 dicunt.

221 258 386 292 Ganm'te‘o
414 266 531 290 canum
558 253 699 296 querula
725 257 954 290 murmuratio,

221 306 372 343 Gesum²
394 318 496 351 grave
523 305 656 338 iactum.

221 360 454 405 Gurguslium
480 368 585 401 genus
612 356 826 391 habitationis
852 365 1047 404 angustum,
1087 372 1106 393 a
1132 361 1338 406 gurgulione
1365 360 1501 396 dictum.

223 406 419 445 Griccnea³
440 409 525 441 funis
553 419 687 441 crassus.

222 462 371 496 Grando
398 457 536 505 guttae⁴
563 471 668 503 aquae
695 466 871 495 concretae
899 462 999 496 solito
1027 463 1223 507 grandiores
1233 459 1255 497 ⁵.

923 579 1228 622 LIBER
1304 581 1460 624 VIII.

217 663 376 696 Herbam
404 662 450 695 clo
477 660 601 706 quum'i
625 663 670 696 ait
694 663 848 705 Plautus,
876 665 1057 709 significat,
1088 665 1212 700 victum
1239 678 1293 700 me
1318 667 1445 706 fate0r3
1481 667 1574 711 quod
1603 672 1652 700 est
1678 669 1833 712 antiquae
1861 674 1894 702 et
1919 671 2094 714 pastoralis
2121 672 2169 704 vi-

317 720 371 746 tae
398 714 565 748 indicium.

618 715 705 747 Nam
726 716 784 758 qui
810 713 863 748 in'
886 722 983 760 prato
1011 728 1123 758 cursu,
1156 724 1212 750 aut
1239 719 1361 752 viribus
1390 719 1655 761 contendebant,
1689 732 1793 764 quum
1820 722 1965 765 superati
1991 728 2099 765 erant,
2130 734 2169 756 ex

319 776 359 798 eo
386 766 476 808 solo,
512 764 566 799 ina
589 777 656 809 quo
684 772 851 800 certamen
878 774 965 809 erat,
1003 766 1218 813 decerptam⁹
1241 770 1385 804 herbam
1413 771 1603 804 adversario
1631 772 1817 806 tradebant.

216 825 330 858 Hcluo
357 825 465 858 dictus
492 823 572 859 est¹⁰
594 827 812 860 immoderate
840 828 928 861 bona
960 840 1017 861 sua
1052 840 1263 871 consumens,
1312 831 1354 863 ab
1383 831 1527 864 eluendo
1539 827 1582 869 ¹¹3
1631 828 1718 864 cui¹²
1742 832 1920 877 aspiratur,
1969 838 2005 865 ut
2031 831 2168 865 aviditas

315 878 423 921 magis
451 879 686 922 exprobretur3
721 879 758 911 fit
784 880 871 912 enim
899 891 963 913 vox
989 877 1197 914 incitatiorffl.

216 936 399 969 Helvacea
411 934 433 954 ¹⁴
460 950 566 983 genus
601 940 784 972 ornamenti
811 939 911 984 Lydii
922 937 955 978 ¹⁵„
1003 940 1128 974 dictum
1156 953 1174 973 a
1202 941 1318 974 colore
1351 942 1472 983 boum,
1520 941 1577 985 qui
1613 946 1660 975 est
1692 943 1777 976 inter
1807 939 1952 976 rufumffi
1977 948 2010 977 et
2044 943 2167 984 album,

318 989 576 1033 appellaturque
603 990 733 1024 helvas.

216 1046 354 1080 Herma
378 1061 396 1080 a
418 1049 555 1084 Graecis
582 1051 716 1094 ponitur
742 1062 805 1095 pro
832 1050 1051 1085 firmamento.

316 1100 434 1134 firmae
460 1102 615 1135 orationis
643 1103 779 1137 dictum.

1106 1051 1206 1085 Unde
1230 1053 1330 1085 etiam
1351 1052 1512 1086 Mercurii
1536 1063 1658 1087 nomen
1682 1053 1875 1096 inventoris,
1902 1058 1938 1088 ut
1960 1049 2167 1100 putabant³⁷,

833 1102 1004 1136 Interdum
1031 1104 1130 1136 etiam
1141 1100 1165 1120 ¹3
1185 1103 1376 1137 saburram
1398 1104 1573 1149 significat.

216 1158 328 1201 Here,
366 1161 401 1193 id
428 1158 507 1195 est¹⁹
531 1163 727 1196 adverbium
753 1163 911 1207 temporis
937 1163 1029 1205 heri,
1068 1164 1194 1197 dictum
1222 1176 1241 1196 a
1269 1164 1402 1197 Graeco
1431 1165 1533 1208 ἐχθές
1544 1161 1578 1199 ²⁰.

216 1218 325 1252 Hella
336 1215 361 1235 ²¹
384 1232 435 1253 res
462 1222 588 1255 minimi
615 1223 731 1267 pretii,
765 1223 858 1265 quasi
884 1222 992 1263 hiem,
1026 1223 1061 1255 id
1089 1229 1137 1257 est
1164 1224 1271 1257 hiatus
1298 1223 1441 1256 hominis
1468 1229 1567 1267 atque
1595 1224 1755 1258 oscitatio.

1809 1225 1878 1259 Alii
1904 1225 2059 1270 pusulam
2069 1221 2094 1242 ²²
2113 1225 2166 1258 di-

317 1277 433 1304 xerunt
465 1285 550 1316 esse,
601 1286 686 1318 quae
712 1274 745 1306 in
771 1274 947 1317 coquendo
957 1271 982 1291 ²⁵³
1007 1286 1093 1319 pane
1119 1276 1204 1310 solet
1230 1287 1420 1321 assurgere,
1471 1287 1491 1307 a
1518 1272 1617 1319 qua²⁴
1642 1273 1785 1321 accipi²⁵
1810 1288 1881 1311 rem
1908 1277 2029 1310 nullius
2055 1276 2165 1321 pretii,

318 1333 421 1365 quum
448 1325 604 1359 dicimus:
646 1337 713 1358 non
739 1322 891 1358 hettae²⁴⁵
911 1330 944 1359 te
959 1325 1075 1372 facio,

217 1380 330 1415 Heres
356 1385 446 1428 apud
475 1386 624 1428 antiquos
651 1396 714 1429 pro
742 1385 878 1418 domino
906 1382 1137 1431 ponebatur²⁷.

217 1432 411 1469 Heredium
438 1437 613 1481 praedium
641 1437 830 1481 parvulum.

217 1484 351 1519 Hecate
376 1488 484 1521 Diana
511 1490 630 1522 eadem
657 1489 835 1533 putabatur
862 1493 894 1521 et
916 1489 1012 1521 Luna
1039 1485 1106 1522 et28
1127 1489 1336 1534 Proserpina.

218 1535 327 1569 Helas
354 1544 386 1571 et
412 1538 561 1572 helusa²⁹
584 1540 708 1583 antiqui
734 1536 935 1582 dicebant³⁰‚
971 1541 1063 1584 quod
1091 1553 1178 1574 nunc
1204 1541 1302 1574 holus
1331 1545 1363 1574 et
1388 1540 1516 1575 holera.

219 1587 347 1621 Herem
357 1586 379 1607 ³¹
402 1591 569 1625 Marteain
580 1588 605 1608 ³²
627 1592 753 1634 antiqui
779 1596 919 1636 accepta
946 1591 1155 1625 haereditate
1183 1594 1356 1634 colebant,
1407 1605 1494 1636 quae
1521 1604 1540 1625 a
1566 1592 1700 1626 nomine
1727 1592 1963 1637 appellabatur
1989 1590 2163 1629 heredum,

319 1645 351 1673 et
377 1654 445 1676 esse
472 1655 538 1677 una
564 1655 605 1677 ex
630 1643 748 1676 Martis
775 1644 951 1676 comitibus
977 1644 1166 1690 putabatur.

219 1745 270 1771 τοῦ
292 1755 349 1775 om.
362 1757 404 1785 pr.
447 1751 584 1787 gazirian
600 1760 646 1789 pr.
691 1750 804 1790 χαίρειν
819 1749 851 1779 B.
897 1760 954 1780 om.
973 1749 1120 1778 Graecum
1136 1749 1168 1780 L·

221 1784 274 1814 Gu.
290 1789 314 1816 1.
337 1805 379 1810 —
404 1789 431 1831 1)
453 1793 504 1831 γῆ]
526 1794 561 1831 gi
577 1793 614 1820 M.
632 1792 728 1825 Gu.2.
766 1795 825 1832 γῆν
839 1792 921 1830 vulg.
955 1803 1013 1831 gen
1029 1803 1074 1830 pr.
1111 1802 1169 1822 om.

220 1825 251 1853 L·
270 1827 361 1860 Gu-l.
381 1848 421 1854 -—
442 1834 471 1873 2)
490 1835 610 1872 Gesum]
631 1845 686 1864 om.
701 1835 828 1873 glossam
842 1835 875 1864 Β.
897 1850 940 1856 —
961 1835 992 1873 3)
1013 1835 1169 1874 Gricenea]

224 1868 365 1899 Gricenia
379 1874 409 1903 L.
433 1892 474 1898 -—
495 1876 522 1916 4)
544 1881 666 1917 guttae]
687 1883 782 1917 gutta
796 1878 829 1908 Β,
853 1893 894 1899 -
917 1876 945 1916 5)
966 1878 1168 1917 grandiores]

218 1911 395 1947 grandioris
410 1917 442 1946 B,
465 1934 504 1941 -
528 1919 556 1959 6)
580 1920 686 1959 quum]
711 1931 802 1959 quom
816 1930 862 1960 pr.
886 1937 926 1941 ——
949 1922 976 1957 7)
1000 1921 1044 1960 in]
1070 1931 1117 1949 om
1133 1921 1166 1951 Β.

222 1952 278 1980 Gu·
296 1956 321 1984 1.
343 1971 385 1977 —
407 1958 436 1993 S)
460 1961 509 1998 in]
533 1973 564 1988 ex
585 1965 685 1993 Gu.2.
718 1980 754 1984 -—
784 1964 815 1999 9)
838 1963 1024 2002 decerptam]
1048 1963 1168 1992 decom—

215 2000 305 2032 len
321 1997 375 2025 Gu-
393 2001 420 2029 1.
447 2016 484 2022 —
509 2004 556 2037 10)
580 2005 632 2042 est]
655 2006 746 2043 vulgo
761 2005 855 2042 abest,
879 2006 933 2034 sed
950 2006 1018 2035 add.
1032 2007 1064 2036 L.
1082 2007 1113 2037 B.
1128 2006 1167 2036 M.

222 2037 278 2065 Gn.
297 2040 322 2069 1.
339 2042 368 2069 2.
388 2042 416 2068 S.
437 2058 479 2063 —-
502 2043 546 2082 11)
570 2047 710 2086 eluendo]
733 2048 877 2077 lzelmndo
893 2049 925 2077 Β.
941 2050 997 2078 Gu.
1013 2052 1038 2080 1.
1056 2060 1102 2089 pr.
1125 2065 1168 2072 -·

223 2080 268 2116 12)
294 2080 354 2119 clei]
378 2083 426 2111 Sic
441 2084 478 2112 M.
496 2085 627 2118 Gu.1·2.
643 2090 670 2118 S.
708 2093 781 2128 quoi
798 2102 842 2130 pr.
879 2091 964 2129 quod
977 2092 1006 2119 L.
1045 2094 1119 2131 quia
1133 2093 1166 2122 B.

221 2123 276 2160 qui
292 2124 370 2161 vulg.
393 2142 435 2146 —
460 2124 506 2165 13)
527 2128 697 2168 incitatior]
718 2144 772 2169 per
793 2134 1033 2172 lzaspiralionem
1048 2136 1079 2165 L.
1096 2135 1166 2165 add.

220 2179 263 2186 —
291 2167 338 2202 14)
362 2168 531 2207 Helva-ea]
554 2171 721 2200 Helevacea
743 2176 775 2204 L.
820 2177 996 2205 Ile-lvaclzea
1015 2178 1048 2206 B.
1091 2178 1167 2206 Ilel-

221 2216 305 2235 vana
319 2209 374 2237 Gu.
390 2213 416 2241 1.
440 2228 480 2232 -—-
505 2210 548 2250 15)
569 2212 674 2250 Lydii]
692 2215 757 2243 libii
770 2217 801 2246 B.
823 2233 863 2240 —
888 2222 934 2255 16)
958 2219 1077 2258 rufum]
1099 2221 1168 2258 ruf-

219 2249 288 2284 fum
303 2251 333 2279 L.
354 2252 409 2281 Gu.
428 2256 455 2283 1.
479 2269 520 2275 --
546 2252 591 2294 17)
611 2255 779 2294 putabant]
800 2266 911 2295 putant
932 2264 988 2290 Gu.
1004 2266 1030 2293 1.
1053 2279 1092 2286 -—
1120 2263 1167 2299 18)

222 2293 322 2330 etiam]
347 2303 404 2322 om.
421 2295 451 2324 L.
474 2311 516 2317 -
544 2298 585 2332 19)
611 2296 709 2334 idest]
735 2301 836 2326 oni.B.
859 2316 899 2323 ·-—
921 2306 968 2340 ΞΟ)
992 2305 1093 2343 ἐχθές]
1118 2306 1166 2334 Sic

222 2334 250 2362 S.
295 2336 410 2364 echtlzes
425 2347 471 2376 pr.
514 2338 610 2366 ektlzes
627 2340 722 2370 Gu 2.
767 2341 849 2367 “kin-s
866 2342 903 2369 M.
948 2355 1003 2373 om.
1019 2347 1049 2377 L,
1066 2349 1113 2382 13„
1136 2348 1167 2376 in

223 2376 308 2406 cuius
323 2380 451 2418 margine
467 2385 510 2409 est
524 2392 580 2419 χες,
604 2386 632 2411 et
647 2382 703 2411 Gu.
715 2384 742 2412 1.
784 2382 856 2421 χθές
869 2384 948 2421 vulg.
970 2402 1011 2408 —
1032 2392 1076 2421 21)
1094 2391 1166 2417 Ilet-

1212 1749 1261 1787 ia]
1285 1749 1384 1777 Heeta
1400 1749 1433 1780 L.
1477 1749 1560 1777 Hem
1577 1749 1611 1778 B.
1628 1760 1674 1788 pr.
1696 1764 1739 1770 —
1759 1747 1806 1787 22)
1822 1746 1990 1786 pusulam]
2013 1747 2062 1775 Sic
2077 1746 2110 1775 Β.
2125 1745 2164 1774 Μ.

1213 1793 1307 1823 Gu.2.
1322 1802 1368 1830 pr.
1384 1793 1412 1820 S.
1451 1793 1608 1830 puxalam
1624 1794 1680 1821 Gu.
1695 1794 1722 1822 1.
1759 1793 1924 1829 pustulam
1936 1791 1968 1820 L.
2012 1788 2164 1818 bullulam

1211 1835 1293 1872 vulg.
1315 1851 1357 1856 -—
1379 1835 1424 1871 23)
1448 1834 1613 1874 coquendo]
1629 1833 1806 1873 quoquendo
1823 1844 1868 1873 pr.
1894 1850 1931 1855 —
1955 1834 2001 1870 24)
2025 1831 2099 1871 qua]
2116 1832 2164 1860 Sic

1212 1878 1245 1907 B.
1262 1878 1318 1907 Gu.
1332 1879 1397 1909 1.2.
1413 1887 1459 1915 pr.
1476 1879 1505 1908 S.
1551 1888 1609 1917 qno
1626 1877 1705 1915 vulg.
1727 1893 1769 1900 —-
1790 1879 1842 1913 25)
1866 1876 1974 1916 accipi]
1999 1876 2047 1904 Sic
2061 1875 2094 1903 B.
2107 1874 2162 1904 Gu.

1213 1923 1239 1951 1.
1255 1923 1284 1952 2.
1308 1930 1354 1959 pr.
1398 1921 1501 1959 accepi
1517 1921 1549 1949 L.
1595 1921 1697 1959 accipe
1711 1919 1748 1948 Μ.
1794 1921 1963 1957 accipimus
1980 1918 2060 1956 vulg.
2104 1916 2164 1945 Sed

1210 1963 1321 2001 pendet
1347 1962 1511 1992 infinitivus
1535 1974 1550 1991 a
1572 1973 1600 1992 v.
1624 1963 1773 1991 dixerant.
1825 1963 1962 1991 Ceterum
1991 1960 2092 1989 hiulca
2118 1963 2164 1987 est

1211 2005 1404 2035 Grammatici
1418 2010 1470 2034 aut
1483 2006 1695 2045 Epitomatoris
1717 2005 1822 2034 oratio.
1843 2021 1886 2027 -—
1907 2006 1952 2042 26)
1973 2002 2088 2041 laeuae]
2110 2001 2163 2030 lze-

1211 2054 1254 2076 cte
1270 2049 1300 2076 L.
1314 2059 1360 2087 pr.
1403 2048 1467 2076 lzete
1480 2049 1530 2085 B.‚
1553 2049 1603 2087 qui
1620 2059 1676 2077 om.
1693 2053 1730 2078 te.
1773 2048 1869 2075 liittae
1885 2047 1924 2076 M.
1944 2063 1988 2068 —
2009 2048 2053 2081 27)
2073 2055 2164 2083 pone-

1210 2090 1318 2130 batur]
1336 2091 1512 2130 putabatur
1533 2102 1576 2130 pr.
1599 2108 1640 2112 —
1662 2089 1711 2131 QS)
1733 2090 1776 2129 et]
1800 2101 1857 2119 om.
1878 2090 1909 2118 L.
1926 2089 1982 2118 Gu.
1996 2091 2025 2120 1.
2050 2104 2093 2111 —-
2112 2086 2161 2126 29)

1210 2135 1311 2162 Holus
1325 2140 1352 2162 et
1367 2134 1493 2173 hela-ra]
1516 2135 1638 2163 Belum
1655 2139 1681 2161 et
1697 2134 1802 2172 elapsa
1818 2133 1876 2162 Gu.
1894 2135 1921 2163 1.
1944 2148 1982 2154 -
2009 2129 2056 2170 30)
2078 2131 2162 2159 anti-

1211 2179 1265 2216 qui
1286 2176 1441 2216 dicebant]
1465 2187 1521 2206 om.
1543 2178 1575 2206 B.
1606 2194 1643 2198 —
1673 2177 1719 2213 31)
1744 2174 1871 2214 Herem]
1895 2175 2048 2203 Hae-ream
2065 2173 2099 2204 B.
2123 2188 2158 2195 -·

1209 2223 1255 2257 32)
1277 2219 1438 2258 Maricam]
1461 2221 1591 2248 Martem
1607 2221 1638 2248 L.
1661 2235 1702 2241 —
1722 2219 1768 2258 33)
1793 2217 1841 2256 αἴ]
1861 2227 1918 2247 om.
1933 2217 2023 2253 L.B.,
2045 2215 2096 2255 qui
2109 2214 2158 2243 ha-

1209 2263 1258 2291 bet
1273 2263 1303 2291 in
1319 2273 1426 2300 marg„
1455 2267 1484 2291 et
1502 2263 1558 2291 Gu.
1576 2266 1600 2293 1.
1644 2262 1702 2290 liae
1715 2271 1762 2300 pr.
1808 2271 1864 2299 (cy-s*
1879 2261 1916 2288 M.
1931 2260 1988 2289 Gu.
2000 2262 2028 2290 2.
2051 2253 2159 2304 —5})

1210 2305 1361 2344 dicebant]
1379 2305 1466 2333 Ιιοηιο
1483 2307 1561 2333 enim
1574 2305 1659 2333 hemo
1677 2310 1741 2332 erat
1756 2303 1823 2332 add.
1838 2304 1869 2331 L.
1890 2317 1932 2324 -
1952 2299 2001 2341 35)
2022 2301 2157 2336 limphae·

1209 2348 1337 2387 bantur]
1362 2348 1589 2386 aspiciebantur
1604 2348 1633 2376 L.
1656 2364 1697 2370 —-
1718 2346 1765 2383 36)
1788 2344 1916 2382 retunsi]
1939 2343 1987 2371 Sic
2001 2340 2084 2390 ΒΑἮ.
2101 2339 2154 2367 Gu.

1211 2392 1237 2420 1.
1255 2393 1283 2422 2.
1306 2401 1353 2428 pr.
1397 2392 1494 2419 retusi
1514 2391 1596 2428 vulg.
1626 2405 1662 2411 —
1691 2389 1740 2426 37)
1764 2387 1814 2425 ex]
1837 2397 1857 2414 a
1872 2387 1904 2414 B.
1926 2400 1966 2407 —-
1987 2384 2031 2417 38)
2053 2391 2154 2420 ἣμισυ,
