2263 2668
226 211 299 245 718
654 197 999 233 COMMENTARII
1025 200 1072 233 IN
1100 199 1242 232 PAULI
1268 199 1463 234 DIACOM
1490 200 1746 236 EXCERPTA

390 293 560 328 Scholae.
608 291 755 320 Ausonius
780 292 866 320 aliter
889 292 991 332 (Idyll.
1008 295 1057 323 32.
1082 291 1203 331 Dac.):

822 351 863 355 —
906 351 948 356 —
996 333 1088 363 Graio
1112 334 1213 364 schola
1235 335 1351 365 nomine
1373 334 1454 365 dicta
1476 343 1528 372 est,

823 376 905 406 Iusta
927 376 1023 406 labori
1035 377 1117 419 feris
1139 377 1305 406 tribuantur
1328 385 1358 406 ut
1382 379 1442 407 otia
1469 378 1572 407 [Masis.

226 430 259 457 ln
281 426 337 454 fine
359 424 438 460 lego:
470 420 515 450 Ne
537 421 613 449 tristi
635 418 736 459 aliquo
760 420 874 448 nomine
887 419 1016 461 fugiant
1038 431 1089 448 suo
1102 418 1199 461 fungi
1221 432 1343 450 munere.
1369 419 1472 450 Scal.
1517 421 1579 449 Iano
1603 421 1639 450 ab
1665 422 1741 456 otio,
1775 420 1862 460 σχολὴ
1887 421 1963 450 enim
1987 422 2096 460 otium,
2126 423 2175 452 ni-

225 470 333 498 mirum
357 466 425 504 quia
450 464 509 493 otio
533 473 607 502 opus
629 462 680 498 iis,
712 462 761 499 qui
785 462 890 490 studiis
915 467 1029 491 vacant.
1074 463 1122 490 Sic
1146 461 1232 491 ludus
1255 474 1313 491 non
1337 473 1391 501 per
1414 463 1615 502 antiphrasin,
1646 469 1680 493 ut
1702 464 1768 493 vult
1789 464 1908 501 Festus,
1932 464 1983 494 sed
2008 465 2090 504 quod
2112 470 2175 495 stu-

225 512 306 540 dium
330 509 482 537 literarum
504 505 634 534 liberalis
657 505 767 542 ingenii
789 505 878 533 ludus
902 506 948 534 sit,
995 504 1085 534 Dae,

388 549 533 579 subici,
558 548 613 588 (Ad
633 558 660 586 p.
674 546 756 586 265.)
784 547 885 576 subici
907 549 981 576 aries
1005 546 1129 583 dicitur,
1154 559 1236 587 quem
1260 548 1324 588 quis
1344 548 1422 587 agit,
1446 555 1477 576 ut
1497 559 1552 586 pro
1575 559 1603 576 se
1626 547 1781 586 caedatur,
1805 556 1835 577 ut
1858 550 1900 577 ait
1923 549 1954 577 in
1976 547 2073 578 eodem
2098 548 2175 579 libro

223 595 387 629 Antistius,
418 591 498 633 quod
514 592 568 629 fit,
598 598 629 618 ut
651 591 693 618 ait
720 590 838 618 Cincius
860 589 936 618 libro
960 588 994 617 cle
1017 589 1115 630 officio
1139 588 1360 626 Iurisconsulti,
1392 588 1528 629 exemplo
1551 590 1791 627 Atheniensium,
1832 590 1912 630 apud
1934 603 2007 631 quos
2029 591 2176 632 expiandi

220 638 321 678 gratia
342 637 416 665 aries
438 635 558 674 inigitur
580 632 618 661 ab
642 643 690 667 eo,
712 633 763 672 qui
785 631 878 661 scelus
902 631 1038 668 admisit,
1062 643 1156 671 poena
1177 631 1346 672 pendendae
1368 631 1444 664 loco,
1482 634 1589 661 Notum
1614 634 1695 671 apud
1720 633 1913 662 Athenienses
1936 640 1965 663 et
1988 635 2061 663 alios
2082 636 2176 664 Grae-

224 691 292 716 cos,
315 689 375 707 nou
399 679 511 712 solum,
541 676 591 713 qui
615 673 759 705 (ἷκούσιον
780 672 897 713 φόνον,
924 675 975 703 sed
999 679 1026 702 et
1050 675 1101 712 qui
1124 675 1156 705 ἐκ
1178 676 1324 714 προνοίας
1347 675 1500 712 fecissent,
1525 676 1689 714 pecudibus
1713 676 1902 704 immolandis
1927 678 2039 715 expiari
2062 678 2176 714 solitos,

223 717 265 752 ut'
280 723 315 750 de
339 721 442 749 Oreste
467 724 493 747 et
517 718 582 746 aliis
605 717 752 756 proditur.
796 717 861 745 Hoc
884 717 969 745 etiam
999 717 1142 746 retulerat
1168 718 1198 745 in
1228 718 1303 752 leges
1333 727 1399 745 suas
1423 719 1533 753 Numa,
1573 718 1648 747 inter
1672 729 1742 756 quas
1765 719 1839 751 haec
1861 719 1933 748 fuit:
1976 718 2048 748 SEI
2074 717 2178 757 QUIS

223 762 445 794 HOMINEM
473 759 682 789 LIBERUM
709 759 830 788 DOLO
856 758 1003 788 SCIENS
1027 759 1205 788 MORTEI
1224 758 1349 798 DUIT‚
1389 759 1632 789 PARICEIDA
1655 760 1783 799 ESTO,
1821 761 1893 790 SEI
1915 760 2178 790 IMPRUDENS

227 806 278 836 SE
297 803 418 834 DOLO
443 802 576 832 MALO
604 801 789 839 OCCISIT‚
828 801 916 831 PRO
950 801 1108 830 CAPITE
1137 801 1331 831 OCCEISEI
1350 801 1409 831 ET
1429 802 1592 832 NATEIS
1616 802 1715 832 EIUS
1737 803 1784 833 IN
1808 802 2026 833 CONGIONE
2044 802 2176 833 ARIE-

226 847 319 877 TEM
342 844 559 875 SUBICITO.
606 845 695 873 Cuius
718 845 791 882 legis
814 845 948 873 ultimum
975 844 1138 873 membrum
1162 845 1405 873 concinnavimus
1430 855 1465 873 ex
1489 845 1607 874 schedis
1631 846 1781 874 Servianis
1804 847 1944 884 (pag.23.
1963 848 1996 874 A.
2014 847 2060 876 ed.
2080 844 2174 884 l)an.),

223 893 252 920 in
278 890 384 929 quibus
407 888 495 916 huius
519 888 591 926 legis
614 887 726 916 mentio
750 888 798 924 sit,
832 893 863 916 ut
886 888 910 915 si
935 888 1000 925 quis
1025 887 1196 925 imprudens
1220 888 1367 916 hominem
1392 888 1565 924 occidisset,
1595 899 1651 928 pro
1675 890 1772 927 capite
1796 889 1885 917 occisi
1909 894 1937 917 et
1959 889 2036 917 natis
2060 889 2123 917 eius
2145 889 2176 916 in

224 934 366 962 concione
396 932 515 960 arietem
545 930 673 959 offerret.
719 931 809 966 Quod
838 929 888 958 hic
918 931 957 957 ait
980 931 1082 958 Festus
1110 940 1222 968 poenae
1250 930 1425 969 pendendae
1454 931 1521 959 loco
1552 941 1627 970 pene
1656 931 1776 960 videtur
1798 932 1922 960 innuere
1944 931 1974 959 iu
1998 931 2061 970 lege
2085 931 2176 959 fuisse

224 985 397 1014 expressum
425 974 516 1002 verbo
540 972 723 1008 ἁντίποινος.
769 972 871 1002 Scat.

392 1016 569 1055 Speciem.
595 1015 656 1053 (Ad
679 1026 707 1054 p.
721 1018 792 1048 265.
808 1015 883 1053 seq.)
907 1015 967 1042 Cic.
985 1015 1013 1042 in
1033 1015 1160 1043 Oratore
1179 1015 1215 1043 ad
1232 1015 1269 1043 M.
1286 1015 1410 1044 Brutum
1436 1020 1506 1045 sect.
1520 1018 1565 1046 3.:
1590 1014 1657 1044 Has
1680 1028 1772 1045 rerum
1787 1015 1914 1058 formas
1936 1014 2068 1056 appellat
2083 1014 2175 1051 ideas,

222 1059 274 1089 ille
296 1071 352 1088 non
375 1057 558 1098 intelligendi
580 1057 691 1094 solum,
729 1057 780 1087 sed
805 1059 892 1086 etiam
921 1056 1039 1086 (licendi
1058 1058 1249 1097 gravissimus
1271 1066 1376 1087 auctor
1398 1066 1423 1087 et
1447 1059 1584 1098 magister
1608 1058 1712 1095 Plato,
1748 1070 1852 1099 easque
1871 1060 1956 1097 gigni
1977 1065 2063 1098 negat
2085 1065 2111 1086 et
2133 1058 2176 1086 ait

223 1114 332 1141 semper
354 1113 426 1138 csse,
464 1112 500 1130 ac
523 1101 636 1130 ratione
657 1108 682 1128 et
705 1099 898 1140 intelligentia
921 1101 1076 1133 contineri,
1115 1108 1207 1129 cetera
1232 1101 1331 1136 nasci,
1364 1100 1511 1136 occidere,
1533 1101 1646 1141 fluere,
1678 1100 1753 1138 Zabi,
1786 1113 1836 1130 nec
1860 1101 1969 1130 diutius
1991 1113 2049 1129 esse
2070 1111 2127 1129 uno
2150 1107 2177 1128 et

223 1144 320 1174 eodem
343 1151 430 1173 statu.
477 1144 512 1172 Et
534 1144 586 1172 lib.
600 1144 622 1173 l.
646 1143 738 1172 Acad.
762 1148 872 1181 quaest.
896 1145 1026 1173 sect.8.;
1057 1142 1187 1171 Mentem
1211 1141 1347 1171 volebant
1371 1155 1464 1172 rerum
1488 1155 1546 1172 esse
1568 1142 1713 1182 iudicem5
1736 1143 1829 1173 solam
1854 1143 2006 1172 censebant
2029 1141 2176 1178 idoneam,

223 1188 272 1216 cui
295 1185 472 1223 crederetur,
509 1187 579 1226 quia
601 1184 665 1214 sola
689 1193 812 1215 cerneret
834 1184 882 1222 id,
916 1183 996 1226 quod
1017 1196 1127 1223 semper
1149 1192 1218 1213 esset
1241 1185 1370 1224 simplest·
1392 1193 1417 1214 et
1441 1184 1609 1215 uniusmodi
1631 1194 1656 1215 et
1680 1185 1752 1224 tale,
1783 1185 1870 1226 quale
1893 1193 1970 1215 esset.
2016 1184 2108 1214 Hanc
2130 1183 2178 1214 illi

223 1228 320 1259 ideam
344 1227 551 1268 appellabant,
578 1229 636 1257 iam
660 1239 678 1256 a
701 1227 825 1258 Platone
847 1229 890 1257 ita
913 1228 1112 1262 nominatam,-
1137 1238 1190 1256 nos
1213 1235 1286 1256 recte
1308 1229 1429 1267 speciem
1450 1240 1605 1268 possumus
1629 1228 1731 1258 dicere.
1778 1230 1818 1257 De
1841 1229 1918 1258 [deis
1943 1228 2027 1257 Plato
2049 1228 2081 1256 in
2104 1227 2176 1256 Par-

222 1272 340 1301 menide
363 1272 572 1299 obscurissimo
594 1271 646 1299 illo
672 1271 809 1309 quidem,
844 1272 895 1299 sed
918 1270 1074 1299 utilissimo
1099 1270 1226 1307 l)ialog.‚
1264 1271 1287 1298 si
1310 1271 1375 1307 quis
1400 1271 1460 1299 eius
1484 1271 1619 1300 tenebras
1644 1272 1837 1309 intelligentia
1862 1282 1914 1299 sua
1937 1271 2021 1309 quasi
2043 1271 2104 1299 sole
2127 1270 2176 1298 fu-

222 1315 346 1353 gaverit.
370 1314 462 1343 Dae.
499 1314 543 1345 Cf,
566 1314 611 1342 De
633 1312 712 1342 Ideis
734 1312 869 1342 Platonis
892 1311 1023 1348 libellus,
1050 1323 1136 1350 quem
1160 1314 1280 1351 scripsit
1297 1312 1445 1342 Henricus
1461 1312 1583 1342 Richter
1604 1314 1803 1353 philosophus
1820 1313 1996 1353 Lipsiensis,
2022 1313 2073 1352 qui
2091 1322 2178 1351 prae·

222 1363 341 1387 matura
363 1361 458 1385 morte
480 1357 587 1385 litteris
611 1361 730 1393 ereptus
753 1367 768 1384 a
793 1356 878 1384 uobis
900 1356 1035 1393 lugetur,
1058 1356 1105 1383 vir
1128 1361 1230 1383 nostra
1253 1356 1341 1383 laude
1364 1356 1510 1394 superior.

389 1398 580 1427 Sestertii.
612 1396 678 1438 (Ad
702 1410 729 1437 p.
744 1398 834 1438 266.)
868 1398 943 1426 Vide
974 1396 1141 1434 Sestertins,
1179 1403 1206 1426 et
1235 1408 1310 1435 quae
1338 1398 1398 1425 illic
1422 1398 1645 1436 adscripsimus.
1691 1399 1751 1426 Cur
1773 1409 1844 1427 vero
1868 1398 2027 1427 Sestertius
2050 1397 2177 1434 dicatur,

223 1443 308 1481 quasi
330 1442 524 1470 semistertius
548 1441 641 1470 Varro
663 1441 713 1470 lib.
728 1441 762 1470 V.
786 1441 822 1469 de
846 1441 875 1470 L.
898 1441 928 1469 L.
953 1438 1041 1479 (pag.
1058 1442 1126 1472 173.
1151 1440 1220 1480 Sp.)
1245 1445 1273 1468 et
1294 1441 1432 1469 Maecian.
1456 1441 1491 1468 de
1515 1441 1588 1469 Asse
1612 1441 1805 1478 scripserunt.
1846 1441 1919 1469 Vide
1946 1441 2100 1469 Trientem.
2138 1440 2177 1467 De

221 1485 329 1523 bigatis
353 1490 380 1512 et
406 1484 588 1522 quadrigatis
611 1484 686 1513 Ptin.
709 1483 761 1512 lib.
773 1484 919 1519 XXXIII,
942 1485 990 1514 3.:
1028 1482 1110 1511 Nota
1133 1482 1350 1524 argentifuere
1371 1483 1456 1522 bigae
1476 1490 1562 1523 atque
1584 1481 1763 1522 quadrigae.-
1794 1490 1820 1511 et
1843 1481 1910 1511 inde
1934 1481 2027 1521 bigati
2048 1480 2177 1522 quadri—

220 1528 342 1568 gatique
363 1525 446 1556 dicti.
492 1527 685 1564 Quinquessis
709 1531 804 1554 autem
829 1526 984 1564 quinarius
1006 1525 1067 1553 sive
1089 1525 1266 1553 victoriatus
1291 1525 1388 1552 dictus
1412 1530 1470 1557 est,
1501 1525 1581 1563 quod
1604 1526 1690 1553 initio
1714 1527 1844 1564 quinque
1868 1525 1983 1553 assibus
2005 1524 2176 1552 aestimare-

222 1576 287 1607 tur,
319 1574 422 1608 postea
446 1574 512 1598 octo
535 1569 645 1606 valuit,
683 1569 805 1607 eiusque
827 1574 897 1597 nota
921 1572 984 1596 erat
1005 1567 1151 1603 victoria,
1189 1573 1222 1595 ut
1245 1568 1322 1595 idem
1350 1568 1459 1596 Plinius
1483 1568 1595 1596 scribit.
1625 1568 1714 1597 Ant.
1736 1568 1832 1606 Aug.
1878 1567 1962 1602 Quae
1985 1572 2125 1605 corrupta
2149 1571 2178 1594 et

224 1613 298 1641 male
322 1612 409 1641 etiam
433 1612 572 1640 distincta
596 1617 680 1647 sunt,
704 1612 769 1649 lego
788 1616 815 1639 et
833 1611 999 1648 distinguo:
1023 1609 1061 1638 Et
1083 1609 1218 1638 valebant
1242 1608 1377 1638 denarius
1401 1609 1489 1638 denos
1512 1621 1589 1638 asses
1612 1609 1705 1648 bigati
1725 1617 1751 1638 et
1774 1608 1955 1650 quadrigati.
1990 1608 2179 1649 Quinquessis

224 1655 338 1694 quinos.
375 1653 434 1683 Sed
456 1661 574 1694 uterque
595 1661 698 1683 auctus
721 1661 770 1682 est.
804 1653 964 1682 tNumerum
989 1652 1064 1680 acris
1084 1651 1261 1691 productum
1284 1664 1342 1680 esse
1364 1653 1446 1681 aiunt
1470 1651 1530 1691 lege
1552 1651 1703 1681 Flaminia
1726 1653 1821 1681 minus
1843 1650 1982 1680 solvendi.
2016 1652 2053 1679 Et
2076 1661 2177 1679 verum

224 1701 276 1725 est.
321 1696 419 1725 Primo
443 1697 581 1725 denarius
604 1696 721 1725 valebat
744 1696 836 1725 denos
858 1707 954 1732 asses,
989 1695 1178 1734 quinquessis
1201 1706 1273 1724 vero
1297 1695 1423 1733 quinos,
1461 1700 1490 1724 et
1512 1695 1625 1724 denarii
1648 1695 1738 1733 bigati
1762 1700 1791 1723 et
1813 1694 1982 1733 quadrigati
2004 1693 2179 1722 dicebantur

225 1739 261 1767 ab
284 1738 436 1778 impressis
458 1739 533 1777 bigis
556 1744 584 1768 et
605 1739 767 1778 quadrigis.
812 1739 870 1768 Sed
899 1743 1004 1778 postea
1033 1742 1160 1776 uterque
1189 1743 1217 1767 et
1246 1737 1385 1766 denarius
1416 1742 1445 1766 et
1474 1737 1661 1776 quinquessis
1692 1742 1797 1766 auctus
1826 1741 1869 1765 est
1893 1737 1971 1765 bello
1994 1735 2106 1765 Punico
2129 1746 2178 1764 se-

227 1781 340 1818 cundo,
370 1781 431 1810 sive
454 1782 553 1820 potius
576 1783 692 1821 primo,
723 1787 751 1810 et
774 1781 914 1811 denarius
938 1791 1016 1809 asses
1039 1780 1181 1817 sedecim,
1213 1781 1402 1819 quinquessis
1426 1785 1492 1809 octo
1516 1781 1664 1809 aestimari
1688 1785 1812 1820 coeptus
1836 1780 1899 1817 lege
1922 1778 2080 1816 Flaminia,
2103 1788 2179 1817 quae

227 1825 323 1852 miuus
353 1824 492 1853 solvendi
519 1824 569 1853 lex
598 1825 693 1862 dicta,
731 1825 799 1863 quia
829 1825 903 1853 aeris
932 1824 1027 1862 pretio
1058 1823 1208 1862 producto
1230 1823 1327 1852 minus
1350 1823 1428 1852 aeris
1450 1824 1488 1852 ad
1510 1823 1685 1852 solvendum
1707 1822 1945 1862 impendebatur.
1993 1821 2066 1850 Vide
2088 1831 2179 1860 supra

230 1865 378 1896 Sestertius
402 1871 430 1895 et
453 1865 649 1896 Sextantarii.
693 1867 789 1895 Huius
820 1867 893 1905 legis
916 1866 1076 1894 Flaminiae
1105 1876 1209 1903 nemo,
1245 1866 1326 1904 quod
1355 1866 1461 1901 sciam,
1498 1871 1615 1904 praeter
1637 1866 1757 1894 Festum
1786 1865 1931 1894 meminit.
1977 1864 2017 1892 De
2041 1863 2178 1892 sestertio

230 1913 324 1936 autem
354 1909 433 1947 quod
462 1910 501 1937 sit
530 1910 614 1947 quasi
644 1910 854 1947 semistertius,
890 1909 920 1938 id
950 1914 995 1938 est
1025 1909 1105 1947 quod
1131 1909 1166 1938 ad
1191 1910 1313 1937 tertium
1336 1919 1430 1937 assem
1453 1908 1641 1937 efficiendum
1664 1908 1740 1937 desit
1763 1908 1867 1944 semis,
1904 1906 1953 1935 vel
1974 1906 2074 1945 potius
2097 1905 2179 1945 quod

229 1955 301 1978 tunc
324 1953 427 1980 tertius
450 1952 535 1980 semis
558 1957 739 1982 numeratur.
773 1952 867 1981 Varro
891 1952 941 1981 lib.
955 1952 1003 1980 IV.
1026 1953 1062 1980 de
1085 1952 1116 1980 L.
1138 1952 1168 1980 L.
1193 1951 1240 1990 (V.
1265 1961 1328 1989 pag.
1344 1953 1413 1982 173.
1432 1950 1510 1990 Sp.):
1535 1950 1703 1987 Sestertius,
1726 1949 1807 1991 quod
1828 1950 2023 1978 semistertius.
2056 1949 2178 1987 Dupon-

231 1991 297 2019 dius
319 1994 394 2020 enim
418 1999 447 2022 et
467 1994 553 2023 semis
575 1995 715 2033 antiquus
739 1996 891 2023 sestertius
913 2000 972 2028 est3
1005 1999 1033 2022 et
1056 1995 1164 2023 veteris
1187 1993 1429 2028 consuetudinis,
1454 1999 1486 2022 ut
1505 1998 1586 2022 retro
1610 2004 1676 2022 aera
1700 1993 1887 2029 dicerentur,
1910 1992 1951 2020 ita
1973 1995 2007 2020 ut
2029 1991 2179 2020 semister-

230 2035 307 2069 tius,
329 2035 535 2073 semisquartus
560 2038 800 2075 pronuntiarent.
841 2038 999 2066 Sestertins
1021 2037 1112 2074 igitur
1136 2037 1171 2065 ab
1194 2037 1387 2065 semistertius
1410 2037 1516 2067 dictus.
1557 2036 1669 2065 Eodem
1692 2036 1780 2065 modo
1804 2040 1901 2064 autem
1924 2034 2094 2071 sestertius,
2119 2043 2178 2073 quo

230 2075 315 2104 Iones
339 2080 366 2103 et
389 2078 475 2105 Anici
499 2079 637 2107 dicebant
661 2078 753 2118 ἥμισυ
777 2080 892 2118 τρίτον,
922 2081 1078 2108 dimidium
1102 2080 1223 2116 tertius,
1251 2090 1307 2118 pro
1331 2076 1387 2110 δύο
1412 2079 1463 2109 καὶ
1485 2077 1596 2118 ἥμισυ,
1627 2079 1685 2107 duo
1709 2088 1777 2107 cum
1798 2077 1934 2106 dimidio.
1978 2076 2027 2105 Sic
2049 2077 2179 2105 trientem

231 2119 345 2146 tertium
369 2117 459 2146 libras
481 2119 553 2147 duas
578 2126 605 2149 et
628 2123 764 2151 trientem
787 2127 841 2152 etc.
888 2122 962 2151 Vide
989 2123 1140 2150 'l'i-ientem.
1187 2122 1240 2150 Da
1252 2133 1274 2151 c.

396 2158 533 2188 solida
563 2162 667 2193 sella.
700 2164 764 2204 (Ad
788 2176 817 2204 p.
832 2164 923 2205 266.)
954 2165 1058 2193 Festus
1083 2164 1200 2193 videtur
1221 2164 1358 2192 Verrium
1382 2163 1601 2202 reprehendere
1623 2164 1653 2191 in
1676 2162 1766 2191 huius
1788 2162 1831 2191 rei
1852 2161 2119 2200 interpretatione,
2150 2164 2180 2189 et

234 2201 362 2230 ostendit
384 2202 519 2239 religioni
544 2204 632 2232 fuisse
655 2207 802 2244 aliquibus
827 2218 885 2235 non
907 2207 1000 2236 solida
1024 2207 1095 2235 sella
1118 2208 1237 2242 sedere,
1261 2207 1342 2245 quod
1366 2211 1464 2235 essent
1488 2207 1602 2245 aliquae
1626 2205 1724 2244 aliqua
1747 2215 1785 2233 ex
1809 2209 1890 2243 parte
1913 2209 2081 2232 excavatae.
2126 2203 2180 2231 Re-

231 2243 392 2283 prehendit
413 2249 526 2278 autem,
552 2246 630 2282 quod
653 2249 778 2277 solidum
802 2250 912 2278 dixerit
935 2254 1040 2278 totum.
1074 2250 1177 2278 Cetera
1200 2250 1312 2277 incerta
1335 2254 1412 2277 sunt.
1441 2249 1516 2277 Vide
1534 2253 1600 2277 ante
1617 2247 1815 2277 silicernium.
1836 2246 1924 2276 Ant.
1946 2245 2041 2285 Aug.
2075 2243 2180 2275 Solida

232 2285 320 2323 sella,
359 2286 413 2321 alt,
452 2285 547 2314 sedere
574 2294 632 2315 ium
662 2291 726 2327 quis
748 2291 875 2328 iubetur,
914 2303 979 2321 cum
1001 2303 1086 2320 mane
1108 2291 1245 2331 surgendi
1268 2290 1558 2331 caussa-evigilavit,
1596 2289 1675 2330 quoti
1697 2290 1812 2330 antiqui
1833 2300 1967 2328 expresse
1987 2288 2024 2317 ab
2047 2287 2180 2317 interiore

231 2336 313 2367 parte
336 2335 497 2357 excavatas
519 2339 577 2356 non
596 2328 755 2369 faciebant
778 2332 872 2370 sedes,
908 2345 981 2373 quas
1009 2333 1121 2363 solidas
1151 2334 1232 2370 icleo,
1270 2333 1350 2374 quod
1377 2333 1422 2362 his
1451 2333 1526 2362 nihil
1547 2341 1608 2362 erat
1632 2343 1808 2368 concavum,
1844 2329 2050 2369 appellabant,
2085 2327 2178 2368 inquit

237 2370 372 2407 Verrius,
397 2369 476 2410 quod
492 2377 581 2398 essent
600 2378 685 2399 totae.
716 2371 869 2410 Absurde,
892 2383 922 2403 ut
941 2376 1013 2403 milii
1030 2376 1158 2412 videtur,
1182 2375 1277 2413 illud,
1300 2375 1380 2416 quod
1401 2377 1439 2404 sit
1462 2383 1570 2410 totum,
1594 2376 1636 2403 ait
1660 2374 1770 2404 dictum
1790 2373 1928 2403 solidum,
1962 2371 2042 2401 Nihil
2058 2370 2178 2400 omnino

234 2413 475 2451 praetermissum
499 2417 542 2440 est
565 2412 601 2441 de
624 2413 767 2441 sententia
792 2415 882 2450 Festi,
920 2418 1045 2445 sortasse
1074 2429 1110 2446 ne
1139 2419 1175 2447 de
1198 2419 1297 2447 verbis
1321 2419 1449 2456 quidem.
1496 2416 1640 2457 Evigilare
1661 2415 1799 2455 surgendi
1820 2426 1910 2445 causa
1933 2419 1976 2442 est
1999 2414 2065 2442 data
2088 2422 2177 2451 opera

235 2460 304 2493 post
325 2454 451 2483 mediam
474 2460 591 2483 noctem
615 2460 822 2493 experrectum
845 2457 959 2486 silentio
983 2469 1117 2495 surgere,
1151 2461 1326 2498 auspicandi
1352 2471 1448 2489 causa.
1494 2461 1535 2488 tta
1559 2460 1635 2487 euim
1659 2458 1881 2495 auspicantibus
1904 2466 1966 2484 mos
1989 2460 2052 2483 erat
2075 2455 2104 2483 in
2127 2465 2177 2483 so-
