2263 2668
529 115 594 149 DE
620 111 1026 170 SIGNIFICATIONE'
1044 113 1327 149 VERBORUM.
1379 115 1526 150 LIBER
1552 115 1644 149 xiv.
1986 119 2064 155 575

103 215 182 239 tram
205 208 391 237 occidentem
415 207 550 236 habeant.
585 208 660 236 Vide
682 208 811 236 sinistra.
835 204 944 234 Idem.
979 205 1064 234 Adde
1087 206 1216 236 Nonium
1241 209 1322 247 (pag.
1336 211 1407 240 217.
1432 208 1536 246 Mero.)
1559 209 1589 237 in
1615 208 1772 239 Postioam.
1804 209 1946 248 Ulpianus
1967 214 2063 251 posti.

105 263 154 281 cas
177 257 268 280 vocat
290 251 321 279 in
345 251 362 280 l.
381 253 428 281 13.
454 252 477 288 §.
491 253 521 282 7.
536 251 567 279 ff.
592 251 628 279 de
651 251 822 278 usufructu.
848 246 955 277 Goth.
990 248 1117 278 Amica.
1152 250 1225 279 Vide
1248 262 1339 291 supra
1360 251 1516 281 Anticum.
1560 250 1670 283 Idem.

272 300 470 332 Palatium.
516 301 584 331 Vid.
608 301 704 329 Varro
726 300 776 328 lib.
790 300 839 329 lv.
863 299 900 328 de
922 299 953 327 L.
972 299 1002 326 L.
1026 297 1086 338 (V,
1109 310 1174 338 pag.
1189 304 1240 333 59.
1265 301 1347 343 Sp.).
1377 302 1466 331 Ant.
1489 302 1583 342 Aug.
1628 303 1751 331 Palanto
1778 307 1822 331 est
1844 303 1955 332 Graece
1978 307 2061 335 Παλ.-

102 343 215 382 λαντώ,
240 345 290 373 sed
314 355 375 372 eain
397 344 539 372 Palatiam
563 349 591 372 et
613 354 673 371 non
689 343 785 371 Latini
806 346 950 379 mtrem,
972 342 1024 370 sed
1046 352 1171 372 uxorem
1195 345 1268 373 dicit
1286 346 1379 373 Varro
1398 346 1446 375 IV.
1471 345 1507 373 de
1531 346 1634 374 Latino
1658 355 1802 375 sermone.
1840 344 1900 374 Sed
1921 345 1993 384 hoc,
2015 347 2060 377 iu-

104 389 187 427 quit,
211 386 266 416 alii
288 398 306 416 a
333 385 448 416 Palatia
474 397 570 415 uxore
591 385 698 414 Latini
717 392 868 425 putarunt.
908 384 1053 422 Loquitur
1078 385 1114 414 de
1138 387 1256 415 Palatio.
1279 386 1381 417 Scal.
1421 388 1554 416 Solinus:
1586 399 1605 416 a
1630 386 1756 417 Palanto
1779 387 2058 428 Hyperboreifllia.

100 431 226 460 Palanto
252 431 364 459 Graece
390 426 551 459 Παλλαντώ
575 429 616 456 ait
639 429 714 457 Scal.
746 428 803 456 Sed
828 432 932 455 contra
955 427 1078 456 salmas.
1122 428 1269 460 Palamlzo
1293 431 1438 458 Graecum
1460 435 1520 466 est,
1542 427 1563 467 ἦ
1582 427 1746 464 παλανθώ,
1770 440 1828 458 nou
1851 425 1873 469 ἦ
1893 431 2058 470 nahtamat,

102 471 248 512 φαλάνθη
277 477 320 502 est
348 469 517 511 ἑριουργός,
557 471 717 509 φαλανθός
745 481 836 499 canus
868 470 915 498 vel
945 468 1056 498 calvus.
1103 471 1187 500 Unde
1213 470 1353 502 στιλπνὸν
1377 478 1405 501 et
1429 470 1575 511 φαλαιτόν
1598 470 1677 512 κάρα
1699 472 1865 501 Silenorum
1888 473 1918 501 in
1943 474 2058 504 Graeco

101 517 265 555 scriptore,
305 515 355 543 ubi
388 525 540 553 perperam
570 514 682 551 legitur
711 515 866 551 φίλανθον
897 517 926 541 et
953 512 1021 540 inde
1047 512 1093 541 vir
1117 513 1221 542 doctus
1244 515 1273 542 in
1296 515 1374 544 libro
1397 515 1433 543 de
1456 518 1559 554 Satyra
1582 516 1689 544 florum
1713 519 1841 544 amantes
1865 516 1978 545 Silenos
2001 517 2058 546 sibi

100 559 201 597 fingit,
240 557 321 595 quasi
353 554 505 595 φίλανθόν
530 557 676 584 Graecum
707 566 769 584 esse
800 555 894 593 possit
922 565 978 593 pro
1009 554 1176 592 φιλανθός,
1215 555 1374 595 φαλανθός
1402 557 1511 587 calvus.
1557 558 1641 587 Unde
1664 555 1888 595 ἀναφαλαντίας
1910 559 2056 589 recalvus.

103 599 268 635 Φαλανθός
292 610 399 628 nomen
422 599 504 628 urbis
528 604 556 627 et
578 600 686 627 montis
708 598 851 627 Arcadiae
875 608 890 625 a
914 596 1057 626 Phalanto
1082 600 1221 636 quodam.
1260 600 1421 629 Phalantus
1445 601 1480 628 ab
1505 600 1633 630 Hercule
1656 605 1779 629 octavus
1801 610 1867 628 cum
1891 600 2056 631 Partheniis

97 643 267 674 Laconibus
285 643 446 671 Tarentum
470 642 554 670 auxit
577 647 604 670 et
628 641 783 670 habitavit.
819 641 892 668 Vide
912 640 1049 668 Servium
1067 640 1114 670 IV.
1138 643 1245 680 Georg.
1271 642 1351 682 (Pag.
1368 644 1437 674 153.
1459 643 1511 672 Ed.
1530 641 1625 685 Dan).
1659 640 1811 673 Φαλανθῶ
1834 642 1926 680 igitur
1949 654 2057 673 nomen

97 687 256 726 proprium
281 685 431 722 mulieris,
454 689 489 713 ut
516 681 678 719 Φαλανθός
701 684 765 712 viri.
801 683 891 711 Notat
912 681 963 711 hic
985 683 1094 712 Anton.
1121 685 1302 722 Augustinus
1325 686 1356 713 in
1379 686 1529 714 veteribus
1552 686 1636 714 libris
1658 686 1715 724 legi
1741 683 1872 717 Palanie.
1911 685 1970 714 Nos
1995 687 2054 716 Pa-

97 728 181 759 lania
203 729 234 757 in
259 728 418 756 veterrimo
443 727 547 756 codice
570 728 715 765 scriptum
737 726 920 765 reperimus,
944 726 1025 764 quod
1048 731 1123 754 esset
1146 724 1166 764 ἦ
1194 727 1350 766 Φαλανθή.
1394 727 1453 756 Sed
1477 728 1542 767 quis
1564 729 1615 758 ille
1638 727 1866 767 Hyperboreus‚
1889 728 1972 757 cuius
1994 728 2056 758 fllia

97 770 245 802 Palantlzo
268 771 314 799 vel
332 768 500 800 Palanthe?
524 770 570 798 An
593 780 701 798 nomen
726 768 904 808 propriuui‘?
929 779 966 796 an
988 769 1120 807 gentile?
1146 770 1304 808 Dionysius
1328 770 1390 806 (lib.
1405 771 1425 802 I.
1448 781 1516 809 pag.
1531 772 1592 809 34.)
1612 769 1813 810 ι’Τπερβορίδα
1835 767 1930 809 κόρην
1954 771 2056 810 appel-

96 815 153 852 lat,
190 813 249 842 hoc
272 818 315 842 est
338 823 375 842 ex
396 812 662 851 Hyperboreorum
685 812 820 849 regione:
857 808 992 841 Λάτινον
1015 810 1045 841 ὁὲ
1069 811 1102 842 ἐκ
1123 811 1205 847 τινὸς
1226 810 1441 853 “Υπερβορίὸος
1463 811 1570 853 κόρης,
1609 811 1665 852 ἣν,
1702 810 1815 851 πατρὸς
1843 813 1884 848 εἰς
1908 809 2055 853 ὅμήρειαν

96 855 219 893 §dm-og,
241 853 376 896 ἐπήγετο.
408 855 619 894 Hyperboreus
642 855 731 892 igitur
752 854 804 883 ille
827 853 916 882 homo
940 853 995 882 fuit
1018 864 1054 882 ex
1077 853 1338 893 Hyperboreorum
1362 856 1488 893 regione.
1524 855 1568 884 Ita
1591 861 1688 884 tamen
1710 855 1877 894 loquuntur
1900 855 2002 885 Festus
2025 861 2055 885 et

95 900 231 934 Solinus,
256 898 341 936 quasi
363 908 468 926 nomen
492 903 567 927 esset
592 898 762 936 proprium,
786 907 878 935 quum
901 896 1029 925 scribere
1052 894 1241 927 debuissent}
1267 897 1420 927 cuiusdam
1445 896 1629 937 Hyperborei
1640 897 1722 937 filia.
1768 897 1877 936 Apollo
1895 896 2051 937 Hyperbo-

95 954 159 972 reus
181 941 336 970 colebatur
358 951 373 969 a
396 940 525 979 Scythis.
571 941 709 969 Servius:
745 937 903 968 secundum
930 938 1093 968 Varronem
1117 947 1143 968 et
1164 939 1240 969 alios
1263 940 1368 980 afilia
1392 940 1524 969 Evandri
1547 939 1700 977 Palantia,
1735 939 1772 968 ab
1797 938 1926 969 Hercule
1947 941 2054 969 vitiata

94 991 120 1013 et
140 991 242 1024 postea
265 982 330 1013 illic
353 982 476 1023 sepulta.
505 983 572 1011 Alia
596 993 699 1011 caussa
722 987 751 1011 et
774 981 854 1009 aliud
878 992 995 1012 nomen.
1019 980 1179 1011 'Pallantia
1202 980 1262 1013 α’πὸ
1285 986 1338 1013 τοῦ
1359 981 1477 1018 πάλλας.
1510 983 1604 1011 Varro
1629 983 1804 1011 pallantiam
1827 981 1904 1010 hanc
1927 992 2052 1012 uxorem

96 1027 191 1056 Latini
216 1027 302 1062 lacit,
328 1026 384 1054 nisi
408 1027 475 1064 quis
499 1027 577 1054 dicat
603 1024 780 1055 Palaniham
804 1029 863 1052 tam
887 1025 968 1063 apud
993 1024 1173 1062 Varronem,
1204 1035 1291 1064 quani
1316 1026 1395 1064 apud
1418 1025 1555 1054 Servium
1579 1035 1640 1053 esse
1664 1025 1835 1062 legendum,
1860 1022 1914 1063 τήν
1936 1023 2052 1062 ‹palav-

92 1073 164 1108 θηιι.
192 1069 265 1097 Nam
292 1069 384 1096 Varro
408 1079 533 1097 uxorein
557 1068 653 1097 Latini
679 1078 741 1096 esse
765 1066 831 1095 vult
855 1071 885 1095 et
907 1066 996 1095 filiam
1014 1066 1159 1104 Evandri,
1187 1078 1273 1106 quan]
1299 1068 1402 1096 Festus
1425 1068 1520 1096 Latini
1543 1073 1667 1096 matrem
1690 1073 1718 1096 et
1741 1067 1928 1106 Hyperborei
1950 1067 2050 1098 filiam.

94 1111 255 1141 Palantlzia
278 1122 334 1150 pro
359 1109 507 1140 Palaniha
529 1111 634 1139 vitiose
658 1110 813 1148 scriptum.
857 1108 938 1138 Haec
961 1110 1082 1138 Salmas.
1105 1110 1134 1138 in
1158 1111 1288 1140 Exercit.
1312 1111 1383 1141 Plin.
1429 1111 1487 1139 Sed
1516 1111 1596 1149 apud
1619 1111 1736 1139 Festum
1761 1115 1789 1138 et
1812 1109 1891 1148 apud
1914 1111 2050 1139 Solinum

92 1153 297 1195 Hyperboreas
320 1154 456 1182 absolute
479 1164 585 1183 nomen
610 1153 764 1192 proprium
788 1163 849 1181 non
879 1157 936 1189 est,
971 1153 1022 1181 sed
1046 1153 1172 1190 gentile,
1207 1153 1392 1192 ,Hyperborei
1410 1153 1500 1193 filia,
1537 1153 1769 1190 subintelligitur
1791 1152 1928 1181 hominis.
1959 1152 2048 1183 Dae.

94 1196 153 1226 Vel
179 1194 260 1236 quod
286 1195 406 1236 palare,
442 1194 476 1224 id
504 1203 545 1225 est
573 1207 678 1225 errare.
723 1195 893 1223 Secundum
924 1200 1045 1233 etymon
1069 1206 1083 1223 a
1104 1194 1209 1235 palare
1230 1196 1406 1235 Propertius
1431 1201 1460 1225 et
1478 1196 1608 1224 Ovidius
1631 1195 1761 1234 amplexi
1784 1200 1861 1223 sunt.
1906 1194 2049 1224 Ultimum

92 1239 195 1278 virgil.
213 1238 275 1268 VII.
301 1238 420 1267 Aeneid.
445 1237 541 1277 (VIII,
565 1237 638 1276 54).
680 1238 737 1266 Sed
761 1247 862 1266 eorum
886 1237 1002 1266 nullum
1026 1248 1130 1266 verum
1154 1243 1205 1267 est.
1251 1240 1323 1267 Nam
1349 1238 1496 1278 palatium
1520 1239 1603 1277 prius
1626 1238 1738 1267 dictum
1759 1236 1924 1277 palantium
1946 1248 1965 1265 a
1984 1249 2050 1275 <pe-

90 1280 225 1318 λάνηον,
247 1286 283 1309 ut
306 1281 412 1310 Graeci
436 1286 545 1309 vocant
569 1291 682 1309 summa
704 1282 851 1309 montium
873 1280 950 1318 iuga.
995 1281 1069 1309 Nam
1093 1278 1305 1322 malaifalae,
1329 1291 1427 1318 arces,
1450 1281 1636 1317 altitudines,
1658 1281 1740 1309 unde
1762 1285 1791 1308 et
1802 1278 1963 1321 salonium
1986 1279 2048 1309 He·-

89 1325 199 1354 truscis
222 1323 347 1352 coelum.
387 1323 461 1352 Vide
477 1322 575 1365 falae.
604 1322 713 1351 Idem.
749 1322 827 1352 Alii.
861 1322 922 1351 Vel.
954 1321 1058 1354 Goth.
1099 1322 1236 1353 Palanto.
1268 1325 1398 1354 palante.
1427 1322 1538 1352 Idem.
1577 1323 1628 1352 Ex
1651 1321 1788 1353 Hercule.
1820 1323 1856 1351 Et
1877 1322 2048 1353 Herculem.

88 1365 201 1397 Idem.
249 1365 397 1396 Palatium
421 1365 483 1394 sive
506 1366 632 1395 Etrusca
656 1370 700 1394 est
720 1375 800 1402 vox,
824 1364 887 1394 sive
910 1365 1031 1403 Latina,
1054 1366 1211 1396 descendit
1233 1378 1248 1396 a
1271 1367 1421 1396 Sanscrita
1443 1366 1506 1395 rad.
1526 1365 1594 1406 pal,
1615 1366 1710 1403 tueri,
1734 1373 1844 1404 regere.
1884 1365 1935 1395 Est
1955 1365 2048 1403 igitur

83 1408 231 1449 palatium
254 1410 376 1448 proprie
398 1408 417 1437 i.
436 1419 462 1447 q.
486 1407 654 1445 castellum,
676 1419 753 1446 arx,
777 1405 951 1447 ἆκρόπολις.

253 1458 406 1490 Palma«.
451 1460 516 1488 Non
539 1460 709 1488 immediate
732 1470 747 1487 a
769 1458 888 1499 palma,
924 1457 974 1487 sed
999 1470 1014 1487 a
1035 1458 1222 1499 palmavitis,
1256 1458 1406 1500 palmitis,
1440 1457 1594 1499 palmetis,
1628 1457 1750 1499 palmes.
1793 1457 1831 1486 Et
1853 1457 1927 1486 male
1949 1457 2047 1488 vam>

84 1501 135 1531 lib.
148 1501 170 1533 Ι,
194 1501 231 1531 de
254 1512 287 1531 re
309 1507 380 1531 rust.
406 1502 444 1540 (c.
458 1503 501 1540 8.)
522 1501 665 1542 palmam.
711 1502 760 1530 Sic
783 1502 858 1530 enim
883 1501 996 1530 dicitur
1019 1507 1046 1530 et
1067 1501 1196 1541 palmes,
1234 1503 1317 1541 quasi
1337 1501 1513 1543 parilemam
1538 1501 1648 1530 dictam
1669 1501 1750 1538 vult,
1790 1500 1872 1538 quod
1896 1510 1969 1529 uvas
1990 1511 2047 1539 pa-

83 1545 157 1581 riat3
193 1544 295 1583 palma
323 1545 401 1574 enim
425 1555 440 1573 a
463 1545 660 1574 similitudine
687 1545 804 1584 palmae
831 1544 961 1573 hominis
984 1543 1064 1573 dicta
1088 1550 1149 1582 est,
1186 1545 1268 1584 quod
1290 1550 1321 1574 ut
1344 1555 1381 1574 ex
1403 1545 1458 1574 ista
1481 1544 1582 1583 digiti,
1622 1543 1664 1572 sic
1686 1553 1724 1572 ex
1746 1543 1797 1571 illa
1818 1552 1894 1572 uvae
1916 1552 2046 1572 nascun-

83 1592 143 1616 tur.
185 1587 273 1617 Dac.

253 1635 394 1668 Pallas.
437 1637 505 1666 Sive
528 1648 544 1666 a
567 1635 773 1674 aduam-ab
797 1636 973 1674 agitatione,
999 1641 1032 1666 ut
1056 1638 1096 1666 ait
1118 1637 1202 1666 Plato
1225 1637 1255 1665 in
1279 1637 1419 1676 Cratylo,
1443 1637 1506 1666 sive
1530 1648 1545 1665 a
1567 1636 1700 1666 Pallante
1723 1635 1864 1673 Gigante‚
1889 1645 1976 1674 quem
1998 1635 2044 1664 in-

83 1680 218 1716 terfecit,
252 1680 315 1708 sive
338 1690 354 1708 a
378 1680 510 1708 Pallante
539 1680 664 1719 palude,
704 1684 737 1709 ut
759 1679 895 1708 Tritonia
918 1690 934 1708 a
957 1680 1094 1717 Tritone,
1133 1690 1200 1709 nam
1224 1680 1329 1709 Triton
1358 1685 1387 1709 et
1409 1680 1506 1708 Pallas
1537 1679 1661 1719 paludes
1692 1679 1729 1707 ad
1752 1678 1865 1717 Syrtim
1888 1678 2042 1709 minorem.

83 1722 141 1752 Sed
163 1722 233 1751 vide
256 1721 394 1752 Minerva
419 1727 448 1751 et
472 1722 616 1752 Tritonia.
659 1722 714 1751 Da
725 1733 750 1751 c.

249 1772 374 1812 Pappi.
419 1774 537 1813 Pappus
561 1773 681 1812 antiqua
704 1774 805 1811 lingua
828 1783 916 1802 senex
939 1779 993 1802 est.
1031 1773 1236 1802 Atellanorum
1260 1774 1385 1813 propria
1408 1783 1477 1801 vox.
1516 1771 1701 1811 Pomponius
1723 1771 1754 1799 in
1775 1770 1956 1810 pictoribus:

563 1826 678 1864 Pappus
699 1824 756 1853 hac
778 1825 808 1853 in
828 1822 902 1853 aede
924 1824 1040 1854 habitat
1062 1825 1196 1860 scenica,
1234 1835 1292 1853 non
1313 1824 1536 1864 sesquiscenica.

86 1875 130 1904 Ad
154 1875 241 1904 cuius
264 1875 383 1904 canitiei
407 1874 632 1903 similitudinem
655 1875 766 1914 lanugo
791 1876 972 1905 carduorum
993 1887 1108 1916 pappus
1127 1874 1249 1904 dicitur.
1282 1876 1402 1903 Graecis
1420 1871 1560 1909 Πάπηος.
1584 1871 1726 1912 Sophocl.
1744 1871 1833 1902 Dat·-
1868 1872 1965 1901 Locus
1980 1872 2039 1902 Ln-

81 1918 168 1948 creiii
191 1922 235 1946 est
258 1918 347 1954 LIII,
371 1919 443 1949 387.
480 1917 553 1947 Vide
576 1923 676 1946 notam
698 1921 749 1950 32.
774 1920 809 1947 ad
834 1919 963 1948 Probum
980 1919 1024 1956 ll,
1050 1922 1082 1955 1,
1106 1920 1157 1950 22.
1195 1919 1283 1957 Corp.
1309 1918 1470 1946 Grammat.
1494 1917 1527 1945 Τ.
1543 1917 1563 1946 I.
1588 1925 1655 1955 pag.
1671 1917 1742 1947 109.

248 1967 431 2008 Papillae.
474 1968 579 1998 Melius
608 1969 658 1997 alii
681 1980 696 1998 a
717 1980 799 2009 papa
824 1980 983 2009 puerorum
1008 1968 1092 2006 cibo,
1127 1969 1209 2007 quod
1234 1979 1248 1996 a
1273 1979 1401 2007 papare,
1436 1966 1601 1996 comedere.
1646 1965 1751 1995 Isidor.
1775 1964 1888 1994 lib.XI.
1910 1974 1975 2003 cap.
1988 1967 2037 1996 2.z

81 2009 217 2051 Papillae
237 2011 337 2050 capita
359 2022 553 2040 mammarum
577 2018 658 2049 sunt,
692 2023 767 2052 quas
788 2012 917 2055 infantes
937 2018 1067 2052 sugentes
1090 2010 1353 2051 comprehendunt,
1388 2018 1414 2040 et
1438 2009 1535 2040 dictae
1554 2007 1702 2050 papillae,
1736 2005 1816 2048 quod
1837 2017 1886 2036 eas
1908 2007 2036 2049 infantes

79 2054 166 2095 quasi
185 2060 333 2094 pappant,
358 2052 428 2082 dum
451 2052 500 2083 lac
520 2062 635 2094 sugunt.

249 2105 448 2144 Pauper-ies
482 2102 662 2135 damnum.
720 2105 745 2135 E
772 2105 829 2144 leg.
853 2106 917 2134 XII.
947 2103 1021 2135 tab.:
1066 2103 1101 2134 Si
1129 2103 1296 2146 quadrupes
1318 2104 1487 2144 pauperiem
1513 2101 1625 2146 faxit,
1668 2097 1788 2130 domino
1816 2109 1950 2129 nostraeve
1976 2098 2033 2128 de—

78 2145 149 2178 3⁸¹⁰·
194 2145 414 2236 Dassalpari.
461 2197 516 2226 Pro
541 2195 666 2237 palpare
693 2197 825 2226 molliter
854 2202 998 2233 tractare,
1035 2197 1126 2237 palpo
1148 2202 1318 2238 percutere.
1362 2196 1456 2227 Lucil.
1480 2197 1538 2226 Sat.
1557 2194 1693 2226 lib.29.:
1729 2190 1794 2222 Hic
1815 2190 1867 2222 ubi
1888 2204 1932 2222 me
1953 2190 2029 2221 videt

74 2237 300 2276 subblanditur,
320 2237 476 2278 palpatur,
498 2247 587 2279 caput
609 2239 719 2277 scabit,
738 2239 826 2280 pedes
846 2239 925 2281 legit.
972 2240 1061 2270 Dae.

243 2291 442 2322 Pauo-iem.
486 2290 635 2319 Titinnius
663 2291 693 2319 in
717 2291 841 2319 Gemina
871 2290 953 2330 apud
977 2290 1103 2319 Nonium
1127 2291 1211 2330 (pag.
1227 2293 1297 2324 157.
1321 2290 1447 2329 Merc.):
1484 2287 1644 2329 Pouquam
1663 2285 1774 2329 faetus
1800 2286 1923 2316 maritus
1948 2283 2025 2313 ham

75 2331 194 2363 domum
216 2331 373 2370 αόΙιοννεες
398 2333 492 2362 Tuam
513 2334 602 2362 etiam
625 2344 750 2362 uxorem
770 2334 910 2372 pauciena
931 2332 1043 2364 videbo.
1087 2333 1176 2363 Ant.
1200 2334 1292 2373 Aug.
1962 2366 1968 2373 ,

237 2373 372 2406 Pauus.
417 2375 531 2405 Nonius
554 2377 632 2416 (pag.
649 2378 719 2408 149.
744 2376 833 2407 Mero.
855 2376 886 2405 iu
907 2386 937 2406 v.
958 2375 1091 2415 Pauus.):
1120 2375 1286 2406 Panullam.
1310 2376 1397 2406 Ani.
1419 2373 1516 2414 Aug.
1560 2373 1602 2403 De
1623 2371 1767 2402 Paniqua
1789 2374 1818 2400 et
1838 2367 2021 2399 Panueumm
