2263 2668
551 163 616 197 DE
642 158 1028 197 SIGNIFICATIONE
1055 161 1339 198 VERBORUM.
1390 162 1537 196 LIBER
1561 162 1635 197 ΧΠ.
1988 167 2063 203 531

278 254 438 285 Navitas
459 254 671 286 secundum.
694 255 753 295 (Ad
770 265 799 294 p.
813 252 895 294 180.)
918 253 1038 282 Navitas
1061 265 1114 292 pro
1138 261 1242 285 nautas
1259 256 1369 285 dixisse
1383 255 1524 284 Catonem
1546 255 1655 292 refert,
1680 259 1709 285 et
1731 260 1763 284 ut
1785 256 1928 295 arbitror,
1951 259 2001 289 ille
2020 262 2065 290 lo-

115 308 165 327 cus
188 302 246 334 est,
270 308 358 337 quem
380 298 493 328 Plinius
518 298 620 327 laudat
643 298 783 327 lib.X[V.
807 307 872 336 cap.
887 299 935 328 13.
969 297 1040 325 Cato
1064 307 1130 326 cum
1153 300 1184 327 in
1201 299 1373 338 Hispaniam
1397 298 1567 335 navigaret,
1590 299 1668 326 unde
1693 308 1760 327 cum
1785 299 1937 340 triumpho
1959 304 2063 340 rediit;

116 351 176 369 non
193 341 275 369 aliud
297 341 410 379 inquit,
433 342 534 370 vinum
556 341 634 377 bibi,
660 351 747 380 quam
771 340 902 377 remiges.
925 339 999 368 Vide
1014 339 1182 370 Penatores.
1199 342 1286 371 Ant.
1302 342 1399 380 Aug.
1424 341 1517 370 Infra:
1540 339 1665 369 Navitas
1686 340 1842 370 secundum
1865 344 2065 384 incorruptum

115 394 224 412 morem
248 382 358 421 dictos,
394 394 467 424 quos
490 395 566 413 nunc
588 391 692 412 nautas
715 383 854 419 dicimus,
888 383 967 410 testis
989 388 1029 409 est
1052 382 1099 411 M.
1125 381 1196 412 Cato
1219 385 1249 412 in
1272 395 1305 412 ea
1328 394 1414 424 quam
1438 384 1569 422 scripsit,
1605 394 1669 412 cum
1692 384 1722 412 in
1744 383 1923 423 Hispaniam
1943 388 2065 428 profici-

115 433 241 455 sceretur
261 437 325 455 cum
348 427 407 455 ait:
447 427 563 454 navitae
591 424 671 466 quod
693 437 787 454 secum
807 431 995 464 portaverant
1017 425 1114 453 vinum
1138 433 1223 465 atque
1246 425 1356 461 oleum,
1390 437 1457 453 usus
1479 432 1591 454 tantum
1615 436 1648 454 eo
1669 437 1741 454 sum.
1788 427 1877 462 Quod
1905 427 1977 457 haec
2005 430 2062 459 sint

117 478 155 497 ex
176 468 225 496 illa
249 469 381 497 oratione
405 469 540 505 Catonis,
575 468 745 497 confirmari
773 472 853 496 certo
877 471 973 505 potest
995 476 1032 495 ex
1055 467 1197 506 Apuleio,
1233 468 1284 506 qui
1308 468 1336 496 in
1360 468 1494 506 apologia
1519 478 1571 496 sua
1594 468 1787 505 fragmentum
1811 469 1881 498 citat
1903 481 1940 499 ex
1962 472 2064 501 eadem

117 511 267 547 oratione,
304 511 384 549 quod
416 521 475 539 non
505 511 589 548 longe
613 511 648 538 ab
671 510 729 539 hoc
753 510 881 538 abfuisse
904 509 1036 545 videtui-3
1073 510 1162 538 verba
1186 511 1248 538 eius
1271 510 1344 538 llaec
1367 515 1444 539 sunt.
1486 510 1534 539 M.
1559 517 1653 539 autem
1680 508 1751 539 Cato
1774 510 1849 540 nihil
1873 520 2001 552 opertus,
2032 521 2064 543 ut

117 552 172 582 alii
193 552 227 581 de
249 565 277 581 se
298 551 514 590 praedicarent,
537 555 597 592 ipse
619 554 649 581 in
672 553 803 581 oratione
824 552 962 591 scriptum
986 550 1102 591 reliquit
1124 564 1210 592 quum
1235 554 1265 581 in
1289 551 1467 591 Hispaniam
1491 551 1594 581 consul
1611 553 1862 592 proficisceretur:
1890 562 1946 584 tres
1967 567 2062 585 servos

117 594 197 624 solos
219 606 259 623 ex
284 594 352 623 urbe
375 594 511 629 duxisse,
546 596 685 635 quoniam
715 593 755 623 ad
776 593 877 623 villam
899 592 1048 633 publicam
1071 602 1203 632 venerat;
1235 606 1339 634 parum
1364 594 1455 622 visum
1479 595 1530 634 qui
1551 601 1690 629 uteretur3
1729 595 1843 623 iussisse
1866 594 1939 625 duos
1960 608 2064 635 pueros

118 639 148 665 in
161 636 240 679 foro
264 635 299 664 de
321 648 418 665 mensa
441 638 511 673 emi,
546 648 593 666 eos
616 638 743 677 quinque
764 638 794 665 in
817 635 997 675 Hispaniam
1021 634 1152 665 duxisse.
1187 636 1284 667 Scal.
1335 637 1424 672 Quod
1447 642 1532 675 putat
1553 637 1655 665 Festus
1677 638 1788 665 navitat
1814 647 1876 666 esse
1899 649 1914 666 a
1939 649 2012 668 nave
2035 645 2064 669 et

117 689 172 718 per
194 689 345 718 syncopen
368 680 427 707 dici
449 687 551 716 nauta,
573 679 613 708 ibi
637 680 755 718 quidem
780 679 891 707 frustra
914 683 972 715 est,
996 686 1087 707 nauta
1110 679 1188 707 enim
1211 684 1255 708 est
1277 690 1291 707 a
1316 676 1436 716 ναύτης,
1463 679 1539 707 unde
1562 689 1614 717 per
1637 678 1808 717 epenthesin
1831 680 1939 711 navita.
1970 682 2062 710 Porro

118 721 219 750 eadem
244 722 362 750 Catonis
386 721 475 750 verba
499 733 574 760 pene
597 722 632 750 ad
658 722 779 750 verbum
802 721 892 750 habet
914 721 989 749 Plin.
1005 721 1084 749 XlV.
1109 731 1173 760 cap.
1188 724 1252 753 13.:
1278 721 1348 751 Cato
1372 732 1436 750 cum
1460 722 1489 749 in
1504 721 1684 760 Hispaniam
1708 722 1874 760 navigaret,
1899 721 1976 752 unde
1997 734 2063 753 cum

118 763 265 803 triumpho
289 763 388 800 rediit,
411 775 468 792 non
492 763 591 800 aliud,
615 765 727 804 inquit,
749 765 847 792 vinum
872 763 932 792 bibi
953 774 1041 804 quam
1066 765 1193 802 remiges.
1217 764 1306 793 Dae.
1342 762 1414 793 Cato
1437 764 1466 791 in
1488 774 1530 792 ea.
1563 764 1695 792 Fortasse
1713 764 1855 792 adversus
1873 764 1909 795 M.
1927 765 2061 795 Acilium.

122 804 193 835 Cum
216 808 258 835 aii
280 807 403 834 navitae.
438 806 576 835 Fortasse
598 807 623 835 is
646 808 728 834 locus
751 811 810 841 est,
837 816 923 844 quem
946 806 1037 834 tradit
1058 806 1232 841 Ptin.X1V,
1258 809 1306 837 13.
1355 804 1458 835 Goth.

286 848 430 877 Naeuia
453 848 563 878 silva.
609 849 703 878 Varro
726 849 776 877 lib.
790 848 837 877 IV.
861 849 896 877 de
919 849 949 877 L.
970 849 1000 878 L.
1024 847 1105 888 (pag.
1121 850 1189 879 136.
1214 847 1293 887 Sp.):
1323 847 1461 888 Sequitur
1481 854 1567 886 porta
1589 846 1717 883 Naevia,
1746 846 1826 888 quod
1848 848 1878 877 in
1901 848 2064 879 nemoribus

119 889 247 920 Naeuiis.
290 889 419 919 Naevius
441 892 514 920 enim
538 891 621 927 loca,
658 890 708 920 ubi
730 902 762 919 ea
785 891 827 920 sic
850 889 947 928 dicta,
978 890 1076 920 coluit.
1120 891 1164 919 Ex
1187 890 1232 919 his
1253 891 1330 918 Festi
1354 890 1444 919 verba
1475 890 1636 927 intellige53
1671 890 1857 919 referebatur
1880 891 1917 920 M.
1943 891 2060 920 Catonis

119 933 204 961 locus
232 942 269 962 ex
301 934 432 961 oratione
454 935 485 962 in
509 934 657 971 Coelium,
694 936 718 962 si
742 943 772 962 se
795 933 1002 972 appellaverit.
1046 933 1240 962 Proverbium
1270 938 1367 962 autem
1393 932 1472 970 quod
1496 933 1617 961 Verrius
1640 932 1799 970 referebat,
1835 933 1949 971 ignoro.
1977 933 2062 963 Ant.

119 975 216 1014 Aug.
260 975 339 1004 Infra
364 976 484 1004 omnino
506 976 787 1006 succenturiandum
810 976 863 1004 ita:
896 975 1036 1005 Naeviam
1059 974 1163 1005 silvam
1186 977 1346 1005 vocitatam
1369 982 1456 1004 extra
1479 973 1576 1003 urbem
1599 972 1640 1002 ad
1663 996 1851 1004 .......
1873 974 2062 1004 milliarium:

119 1016 200 1057 quod
222 1016 326 1046 Naevii
348 1017 501 1047 cuiusdam
524 1019 566 1048 ibi
588 1018 691 1048 domus
704 1018 816 1059 fuerit,
840 1029 860 1046 α
882 1029 939 1058 quo
961 1029 1078 1047 nemora
1096 1017 1207 1046 Naevia
1231 1016 1379 1057 appellata
1399 1016 1494 1058 fuisse
1515 1017 1575 1052 σὴς
1603 1028 1690 1056 quam
1716 1016 1865 1056 obprobrii
1887 1016 1953 1047 loco
1975 1016 2065 1047 obiici

119 1058 227 1094 solere,
255 1059 335 1099 quod
358 1061 387 1089 in
410 1072 443 1089 ea
465 1063 577 1090 morari
598 1060 764 1090 adsuessent
783 1059 893 1100 perditi
913 1060 1058 1098 homines,
1090 1061 1171 1089 testis
1193 1068 1233 1089 est
1255 1059 1304 1089 M.
1331 1059 1402 1089 Cato
1425 1060 1455 1088 in
1478 1070 1511 1087 ea
1534 1059 1563 1087 in
1589 1057 1716 1087 Caelium
1740 1060 1766 1087 si
1786 1071 1815 1087 se
1835 1058 2024 1098 appellasset;
2045 1069 2064 1088 a

120 1112 179 1141 qua
201 1101 277 1131 silva
297 1110 385 1142 porta
407 1102 518 1132 Naevia
540 1111 626 1144 atque
648 1115 681 1133 ea
703 1125 845 1134 .....
878 1103 962 1138 Quae
985 1103 1184 1141 sequebantur
1207 1107 1322 1131 tantum
1345 1101 1518 1131 indicabant
1540 1101 1651 1129 Silvam
1675 1101 1830 1136 Naeviam,
1855 1112 1929 1139 quae
1952 1111 2063 1140 oppro-

120 1144 177 1172 brii
201 1144 268 1173 loco
292 1145 502 1181 obiiciebatur,
526 1148 640 1174 venisse
662 1147 691 1174 in
716 1145 925 1184 proverbium,
953 1145 1043 1183 idque
1066 1146 1258 1185 proverbium
1281 1146 1367 1173 etiam
1389 1144 1424 1172 ab
1444 1144 1511 1182 ipso
1534 1144 1638 1172 Verrio
1662 1144 1775 1172 referri.
1801 1143 1898 1174 Scal.
1937 1144 2064 1173 Naeviae

120 1191 226 1225 portae
249 1193 278 1216 et
300 1188 427 1216 Naeviae
449 1189 541 1216 silvae
569 1189 701 1217 meminit
724 1189 817 1217 Varro
840 1188 891 1216 lib.
903 1188 952 1217 IV.
976 1188 1013 1217 de
1036 1189 1067 1218 L.
1087 1189 1117 1217 L.
1142 1188 1193 1227 (V.
1217 1197 1282 1226 pag.
1298 1190 1367 1219 163.
1392 1185 1478 1225 Sp.):
1518 1185 1654 1226 Sequitur
1679 1193 1766 1225 porta
1789 1185 1899 1215 Naevia
1927 1184 2007 1226 quod
2033 1186 2064 1214 in

120 1229 285 1258 nemoribus
306 1229 431 1258 Naeuiis.
473 1229 601 1259 Naevius
625 1232 699 1259 enim
723 1229 806 1267 loca,
837 1229 889 1258 ubi
909 1241 942 1259 ea.
963 1231 1007 1259 sic
1029 1229 1125 1267 dicta,
1149 1229 1248 1260 coluit.
1284 1229 1384 1258 Livius
1408 1229 1493 1257 etiam
1516 1228 1566 1259 lib.
1581 1229 1615 1259 ΙΙ.
1640 1230 1677 1264 (c.
1693 1229 1764 1265 11.).
1800 1228 1878 1256 Haec
1902 1233 1984 1267 porta
2007 1228 2066 1256 Pli-

120 1271 169 1300 nio
192 1271 365 1309 Lavicana3
394 1272 483 1301 hodie
502 1280 590 1312 porta
613 1274 720 1310 maior,
750 1272 786 1301 ab
811 1272 935 1301 aedificii
958 1273 1191 1310 magnificentia,
1217 1277 1338 1311 propter
1361 1272 1483 1300 ductum
1507 1281 1600 1309 aquae
1623 1271 1780 1307 Claudiae,
1804 1271 1888 1299 cuius
1911 1270 1954 1299 ibi
1976 1270 2065 1299 vesti—

121 1315 167 1352 gia
190 1320 362 1343 cernuntur.
394 1315 523 1343 Eandem
548 1315 636 1344 etiam
659 1326 674 1343 a
698 1315 910 1344 vetustioribus
933 1313 1200 1345 Raudusculanam
1223 1315 1331 1344 dictam
1354 1315 1476 1351 volunt,
1500 1313 1580 1352 quod
1603 1313 1707 1341 falsum
1733 1318 1784 1342 est.
1813 1313 1887 1341 Vide
1908 1311 2066 1342 Rodumn-

120 1355 201 1386 lana.
246 1357 298 1385 llla
323 1368 404 1386 orsus
426 1358 544 1393 iterum,
567 1367 662 1395 usque
685 1358 722 1386 ad
745 1355 822 1386 unde
844 1358 934 1386 verba
956 1362 1026 1386 sunt
1047 1358 1184 1395 Catonis,
1207 1369 1245 1387 ex
1268 1357 1400 1387 oratione
1423 1367 1509 1396 quam
1532 1355 1637 1385 habuit
1659 1355 1689 1384 in
1713 1355 1842 1384 Caelium
1865 1355 1887 1384 si
1912 1365 1942 1384 se
1964 1354 2067 1394 appel-

121 1399 220 1429 lasset.
265 1400 336 1428 Eam
359 1399 463 1428 iterum
486 1400 589 1429 laudat
610 1400 714 1429 Festus
737 1400 767 1429 in
790 1409 864 1429 voce
886 1401 1086 1438 spatiatorem.
1130 1401 1221 1432 Dae.

286 1448 433 1478 Nudius
462 1451 607 1480 tertius.
652 1451 697 1479 Ex
727 1450 825 1480 verbis
848 1451 926 1480 Festi
961 1451 1105 1489 quaedam
1135 1451 1277 1480 videntur
1306 1460 1369 1479 esse
1398 1448 1553 1478 referenda
1578 1448 1614 1477 ad
1636 1447 1716 1476 aliud
1737 1447 1863 1476 verbum
1886 1445 1956 1475 mihi
1978 1447 2067 1484 igno-

121 1497 194 1521 tmn.
212 1491 302 1522 Ant.
318 1492 414 1532 Aug.
437 1493 553 1521 Nudius
574 1493 681 1521 tertius
704 1494 789 1535 quasi
811 1503 888 1521 nunc
911 1492 972 1521 (lies
995 1495 1101 1522 tertius.
1120 1494 1207 1522 Dac.
1234 1494 1371 1521 Glossae:
1400 1488 1634 1530 Τριθημερινός,
1659 1490 1767 1518 nudius
1785 1489 1938 1518 tertianus·
1962 1487 2066 1517 Goth.

286 1533 456 1574 Nuptam.
502 1535 596 1563 lnsra:
631 1534 780 1574 Numam,
815 1546 919 1563 novam
942 1546 1095 1573 sponsam,
1130 1536 1197 1564 item
1221 1536 1264 1563 uti
1282 1533 1431 1574 pronubas
1455 1533 1600 1571 mulieres,
1631 1531 1736 1573 quibus
1758 1533 1787 1561 in
1811 1532 1917 1571 nuptiis
1940 1538 2067 1565 utuntur,

121 1576 161 1606 ab
182 1575 281 1606 eadem
305 1587 410 1613 causa,
442 1576 498 1605 hoc
520 1584 561 1605 est
583 1588 601 1604 a
624 1576 775 1612 nubendo,
800 1575 896 1616 aliqui
918 1576 1098 1615 appellatam
1121 1588 1180 1605 esse
1201 1576 1310 1605 volunt.
1355 1578 1430 1605 Sunt
1452 1581 1567 1613 tamen,
1590 1575 1641 1614 qui
1664 1575 1809 1611 dicerent,
1833 1574 2009 1612 appellatam
2033 1572 2068 1601 ab

123 1630 174 1656 eo,
204 1619 285 1658 quod
308 1616 434 1657 νύμφην
458 1620 565 1648 Graeci
587 1624 712 1655 vocant,
745 1619 793 1647 alii
816 1618 898 1657 quod
921 1619 1052 1657 appellat
1074 1628 1198 1647 uxorem
1222 1616 1297 1649 νυόν
1320 1619 1468 1647 Homerus
1494 1617 1709 1646 consuetudine
1733 1619 1912 1645 Graecorum
1939 1615 2069 1653 antiqua,

124 1672 192 1690 cum
216 1662 271 1697 ait,
296 1660 325 1697 ἐξ
348 1658 441 1700 ἀπίης
462 1662 549 1701 γαίης
570 1659 645 1691 νυὸν
669 1658 790 1699 α’νδρῶν
813 1658 992 1700 αἰχμητάων.
1038 1661 1142 1689 Deerat
1165 1662 1260 1700 prima
1284 1661 1379 1694 linea,
1408 1666 1441 1688 ut
1465 1664 1606 1699 apparet,
1637 1660 1667 1688 in
1691 1659 1822 1697 reliquiis
1844 1658 1937 1694 Festi3
1969 1667 2070 1686 versus

124 1714 211 1743 quem
234 1704 265 1732 in
287 1703 487 1732 testimonium
510 1703 667 1742 producit,
692 1708 736 1732 est
755 1699 880 1739 Ἰλιάδος
899 1701 931 1742 γ’.
956 1703 997 1742 (v.
1010 1703 1083 1742 49).
1109 1702 1204 1732 Scal.
1236 1703 1301 1731 Ncn
1325 1702 1448 1731 dubium
1472 1702 1543 1740 quin
1567 1709 1659 1741 nupta
1682 1702 1720 1729 sit
1740 1713 1754 1729 a
1776 1700 1867 1736 nubo,
1891 1699 1967 1737 velo,
1990 1699 2070 1739 quod

124 1757 233 1786 sponsa
256 1755 324 1774 cum
348 1745 387 1774 ad
409 1746 549 1775 maritum
573 1746 731 1774 duceretur
752 1746 857 1774 ssameo
881 1746 985 1774 faciem
1009 1746 1142 1776 nuberet.
1175 1747 1197 1774 A
1220 1744 1312 1781 nubo,
1337 1753 1442 1783 nupta,
1467 1749 1496 1774 et
1519 1755 1534 1772 a
1558 1751 1665 1782 nupta,
1688 1744 1816 1783 nuptiae.
1845 1743 1880 1774 Id
1903 1744 1980 1771 infra
2004 1753 2071 1781 pro—

125 1790 197 1819 bant
220 1789 319 1817 Aelius
343 1793 370 1816 et
393 1788 523 1817 Cincius.
567 1788 710 1816 Probavit
734 1794 761 1817 et
785 1789 879 1816 Varro
902 1789 950 1817 lib.
965 1788 1012 1818 IV.
1039 1786 1117 1828 (pag.
1133 1787 1208 1827 77.).
1241 1788 1313 1816 Vide
1340 1786 1477 1816 Obnubit.
1521 1786 1609 1814 Dac.

289 1837 454 1869 Numero.
498 1839 590 1867 Multa
618 1837 669 1867 hie
697 1838 823 1867 obscura
852 1844 881 1868 et
908 1838 1049 1868 mendosa
1072 1839 1101 1866 in
1127 1838 1223 1866 verbis
1246 1838 1333 1866 Festi.
1380 1837 1447 1866 Vid.
1469 1837 1581 1866 Nonius
1605 1835 1690 1876 (pag.
1702 1836 1775 1867 352.
1798 1835 1907 1875 Merc.)
1932 1835 1967 1863 de
1990 1834 2071 1862 varia

129 1881 225 1920 signif.
249 1890 426 1910 sermonum.
450 1881 509 1910 An
521 1889 539 1911 t.
564 1881 658 1920 Aug.
704 1881 798 1909 Varro
823 1882 911 1917 Cato,
947 1881 983 1910 de
1011 1881 1110 1909 liberis
1139 1881 1317 1910 educandis:
1360 1880 1398 1908 Ut
1427 1881 1477 1919 qui
1505 1886 1608 1909 contra
1637 1877 1764 1909 celeriter
1791 1885 1872 1907 erant
1900 1877 1979 1912 nati,
2004 1875 2073 1917 fere

127 1924 280 1954 Numerios
300 1923 582 1963 praenominabant‚·
620 1921 700 1962 quod
723 1925 773 1963 qui
795 1925 853 1954 cito
865 1923 1023 1965 facturum
1047 1922 1119 1964 quid
1141 1935 1171 1953 se
1193 1922 1338 1952 ostendere
1359 1921 1489 1960 volebat,
1526 1920 1642 1950 dicebat
1670 1931 1787 1949 numero
1816 1918 1848 1948 id
1866 1918 1956 1961 fore‚·
1994 1916 2074 1958 quod

127 1968 212 1996 etiam
237 1967 265 1994 in
287 1973 373 2004 partu
394 1965 590 2004 precabantur
612 1965 782 2003 Numeriae,
821 1978 909 2006 quam
934 1966 1025 1994 Deam
1051 1964 1143 1995 solent
1169 1964 1328 2005 indigetare
1351 1965 1435 1993 etiam
1456 1964 1619 2004 pontifices.
1662 1963 1746 1992 Nelei
1767 1971 1884 1991 carmen
1909 1966 1937 1989 et
1958 1961 2073 2000 reliqua

126 2010 167 2038 ita
189 2008 358 2047 legendum:
389 2007 546 2048 Nunquam
570 2018 688 2036 numero
710 2010 799 2037 matri
811 2008 963 2049 faciemus
985 2007 1083 2047 volup.
1129 2008 1163 2036 Id
1186 2013 1243 2044 est,
1267 2017 1417 2045 nunquam
1443 2007 1567 2035 nimium
1590 2006 1739 2034 faciemus.
1783 2003 1873 2045 Apud
1894 2003 2053 2035 Naevium:

563 2057 711 2088 Neminem
733 2057 810 2096 vidi,
834 2060 885 2099 qui
907 2070 1024 2087 numero
1046 2059 1146 2095 sciret,
1169 2056 1250 2099 quocl
1272 2058 1345 2087 scito
1369 2064 1409 2086 est
1432 2068 1513 2097 opus.

127 2111 164 2141 Id
186 2116 244 2146 est,
268 2110 391 2139 nimium
413 2110 510 2140 sciret.
546 2110 583 2138 Et
606 2115 702 2139 tamen
725 2108 774 2138 hic
798 2120 902 2139 versus
926 2109 1099 2139 attribuitur
1122 2109 1273 2149 Turpili0;
1295 2108 1386 2147 paulo
1409 2108 1506 2139 levius
1528 2108 1698 2139 immutatus
1720 2103 1801 2146 apud
1822 2103 1963 2134 Nonium.
1995 2104 2073 2134 Tur-

128 2154 216 2193 pilius
240 2154 400 2182 Demetrio:

562 2193 718 2234 Nunquam
739 2205 903 2234 quenquam
927 2205 1060 2231 numero,
1085 2192 1148 2222 vidi
1160 2192 1269 2236 facere
1289 2190 1473 2235 quodfacto
1496 2199 1537 2222 est
1559 2202 1639 2232 opus.

130 2249 221 2277 Porro
245 2252 326 2275 totus
350 2247 433 2275 locus
455 2247 495 2275 ita
520 2244 720 2284 supplendus:
747 2244 870 2274 Numere
891 2251 957 2273 sunt
978 2243 1092 2273 videtur
1113 2255 1171 2273 esse
1193 2242 1319 2272 alienum
1344 2252 1460 2272 numero
1474 2241 1619 2283 fuer-uun
1640 2240 1699 2269 sive
1720 2251 1752 2270 eo
1775 2237 1878 2269 ordine
1900 2241 2073 2283 usurparunt

128 2298 249 2325 veteres,
281 2287 486 2318 consuetudine
509 2287 648 2328 loquendi
671 2286 801 2327 quadam
824 2285 981 2323 eiusmodi,
1019 2287 1077 2315 sive
1099 2285 1136 2316 ob
1159 2296 1266 2315 morem
1289 2283 1400 2321 alium,
1428 2281 1675 2325 quemadmodum
1697 2280 1811 2312 viderur
1833 2292 1901 2310 usus
1923 2278 2074 2325 Pompfuu

130 2331 257 2367 Sextus,
293 2340 426 2360 extrema
448 2330 562 2370 syllaba
584 2330 711 2360 vocativi
734 2340 834 2365 casus,
858 2327 958 2357 eadem
981 2336 1131 2368 correpta,
1162 2330 1191 2357 in
1214 2340 1242 2365 e,
1273 2328 1409 2366 temporis
1427 2326 1595 2366 praesentis.
1640 2324 1767 2355 Numero
1791 2324 1927 2362 antiquos
1952 2328 2073 2368 nimium

130 2373 244 2404 dia-isse
265 2382 394 2412 apparet.
442 2373 561 2403 Sinnius
585 2371 689 2412 Capito
711 2383 769 2400 esse
791 2372 922 2401 nimium.
969 2370 1032 2401 Vos
1053 2373 1120 2400 estis
1143 2371 1296 2407 minimae,
1328 2370 1384 2398 nisi
1407 2379 1523 2398 numero
1543 2365 1729 2408 perbiterint,
1762 2367 1819 2396 nisi
1840 2366 1912 2398 cito,
1942 2371 2000 2409 1¹³.ss
2021 2371 2074 2408 n}-

129 2418 228 2447 mium.
275 2416 308 2446 Si
337 2416 395 2445 isso
425 2416 476 2456 qui
499 2426 621 2451 exeam,
657 2424 775 2446 nurnero
797 2415 864 2443 estis
886 2415 1010 2450 mortui,
1048 2412 1104 2445 hoc
1131 2411 1265 2452 exemplo
1289 2419 1319 2443 ut
1339 2412 1494 2452 pingeretis
1515 2426 1557 2434 —-
1578 2425 1620 2434 -·-
1642 2408 1675 2439 id
1697 2417 1752 2445 est,
1789 2408 1846 2438 aito
1867 2410 1974 2435 mortui
1995 2408 2071 2432 estis.

1524 2460 1671 2496 Xxx*
