2263 2668
762 115 993 151 EXEMPLA
1025 111 1395 150 ELOCUTIONUM.
1979 125 2054 160 257

87 215 216 248 Praeeo
243 208 343 247 tibiw.
371 211 442 245 cic.
470 211 513 245 de
533 212 646 245 Domo
671 223 745 245 sua:
772 210 846 244 Aut
869 208 955 243 mihi
973 208 1175 254 praeeatis,
1204 213 1266 242 aut
1287 214 1426 254 postem
1454 212 1610 245 teneatis.

86 265 175 298 Pluit
196 264 252 296 illa
278 260 347 296 re²⁰
384 265 478 309 Virg.
506 264 633 309 Georg.
656 263 748 296 llll.:
782 261 861 296 Non
886 261 1026 294 densior
1045 271 1129 294 aere
1149 261 1306 305 grande,
1334 261 1410 296 Nec
1432 263 1478 296 de
1501 274 1668 297 concussa
1695 267 1830 297 tantum
1847 266 1940 311 pluit
1968 268 2047 302 ilice

188 315 348 361 glandi-5.

1045 396 1087 439 Q·
1933 401 2039 450 [541]

87 469 222 510 Queror
247 468 341 501 illam
364 462 474 500 rem²¹.
502 466 599 512 Virg.
620 467 702 500 Aen.
726 468 767 503 L:
793 465 870 500 Nec
886 466 996 511 plura
1017 468 1217 510 querentem
1235 475 1351 509 passa
1377 464 1498 501 Venus.
1526 466 1646 500 Salust.
1669 467 1812 502 Histor.:
1838 468 1937 504 Nam
1956 471 2038 516 Syl-

189 521 248 554 lae
275 519 544 552 dominationem
573 520 671 563 queri
706 530 772 552 non
797 518 963 551 audebat.
998 518 1131 558 Queror
1161 516 1204 549 de
1227 516 1286 548 illa
1315 512 1393 552 ren.
1428 517 1499 553 Cic,
1527 529 1590 562 pro
1619 519 1791 553 Cluentio:
1828 520 1903 555 Sed
1932 523 2036 568 nefa-

187 572 277 604 rium
308 570 433 602 matris
457 570 664 614 pellicatum
685 570 793 615 ferre
822 581 888 603 non
910 573 1048 614 posset,
1084 568 1130 601 de
1160 578 1226 612 quo
1249 578 1293 600 ne
1326 569 1425 613 queri
1453 570 1592 612 quidem
1616 582 1654 603 se
1684 571 1757 604 sine
1782 573 1915 606 scelere
1938 574 2037 607 arbi-

158 665 161 668 *
187 625 354 656 traretur.
402 621 534 661 Queror
560 627 671 655 tecum
697 634 758 667 pro
783 622 873 665 apud
898 626 940 653 te.
974 620 1044 654 Cic.
1075 631 1138 664 pro
1163 615 1327 663 Oppio²³:
1368 619 1583 665 Questus-que
1618 633 1753 655 mecum
1786 627 1846 657 est.
1889 625 2036 665 Querela

188 678 236 706 est
267 673 347 706 facti
381 669 469 705 tui²⁴.
519 672 588 706 Cic.
622 674 654 706 in
682 675 856 707 Pisonem:
895 672 978 705 Iam
1007 672 1106 715 inde,
1150 670 1287 712 bellua,
1328 671 1401 704 iam
1434 682 1476 704 ne
1501 673 1622 715 sentis,
1666 685 1758 718 quae
1785 675 1831 708 sit
1859 675 2035 710 hominum

186 725 332 769 querela
344 723 481 769 Jrontis
508 722 618 757 tuae?

85 775 195 819 Quae,
222 776 364 817 malum,
391 776 453 808 ista
474 776 557 808 ratio
587 781 634 809 est
644 771 678 810 ²⁵.
701 775 790 800 ***
806 775 827 797 *
858 774 978 821 Quae,
1005 774 1160 814 malum,
1187 777 1237 806 est
1263 773 1376 818 igitur
1401 773 1470 806 ista
1496 772 1613 807 ratio?
1644 775 1732 808 Cum
1760 779 1937 811 statueras
1964 779 2035 811 eri-

179 838 286 873 pere,
315 827 365 860 ad
386 827 550 860 iniuriam
582 827 755 872 eripiendi
775 826 952 872 fraudem
984 826 1126 858 sceleris
1153 825 1362 869 adiungere.
1397 825 1532 858 Terent.
1561 826 1698 860 Heaut.:
1738 826 1854 874 Quas,
1890 830 2035 872 malum,

187 878 364 924 ambages
387 879 473 911 mihi
494 890 647 912 narrare
673 877 820 922 incipit?
843 878 937 911 ldem
964 878 1068 910 Eun.:
1100 876 1187 923 Qui,
1212 877 1362 918 malum,
1390 877 1479 910 alii?

83 929 224 972 Quietus
248 931 289 963 ab
319 930 381 962 illis
410 931 517 963 rebus.
552 931 620 964 Sal.
646 931 761 962 Histor
783 926 858 962 l.²⁰:
890 929 1055 976 Quietum
1079 941 1103 962 α
1133 928 1233 961 bellis
1256 929 1440 961 civitatem.

187 982 318 1025 Georg.
344 978 452 1015 lll.²⁷:
485 981 653 1015 Omnibus
675 993 747 1014 una
774 981 870 1025 quies
890 992 1044 1025 operum.

83 1032 229 1074 Quicum
260 1044 324 1077 pro
357 1044 431 1066 cum
458 1045 534 1076 quo.
565 1033 634 1066 Cic.
664 1044 726 1076 pro
757 1030 945 1073 Quintio'st‘:
983 1031 1131 1078 Quicum
1166 1030 1229 1064 tibi
1263 1031 1429 1068 societas,
1470 1029 1633 1076 affinitas
1668 1035 1754 1066 erat.
1798 1032 1941 1073 Quicum
1968 1045 2031 1078 pro

185 1096 261 1119 cum
289 1096 363 1128 qua.
397 1085 490 1130 Virg.
512 1085 596 1118 Aen.
620 1085 697 1118 XL:
733 1084 867 1117 Accam
892 1095 936 1117 ex
961 1082 1168 1128 aequalibus
1196 1094 1321 1124 unam,
1360 1082 1510 1129 Quicum
1533 1082 1669 1126 partiri
1691 1094 1816 1129 eurus,-
1851 1088 1957 1130 atque
1982 1086 2033 1120 ita

174 1135 294 1181 satur.

83 1186 207 1228 Quoad
232 1198 295 1231 pro
316 1183 477 1220 Donec²⁰.
503 1187 596 1231 Virg.
623 1186 706 1220 Aen.
732 1186 824 1220 x11.:
856 1185 985 1233 Quoad
1006 1186 1083 1219 visa
1104 1189 1153 1218 est
1168 1184 1323 1231 fortuna
1342 1185 1433 1230 pati.
1454 1184 1521 1218 Sal.
1544 1185 1637 1229 Iug.:
1667 1184 1798 1231 Quoad
1825 1190 1932 1219 semet
1955 1187 2033 1232 ipsa

180 1239 440 1283 praecipitavit.

82 1289 172 1330 Quid
194 1290 336 1322 hominis
358 1295 420 1331 est,
447 1299 511 1333 pro
537 1289 643 1331 qualis
664 1288 769 1321 homo
787 1285 876 1321 est³⁰.
907 1288 1043 1321 Terent.
1069 1289 1210 1332 Hecyr.:
1243 1287 1340 1334 Quid
1360 1287 1517 1319 mulieris
1541 1298 1686 1320 uxorem
1711 1285 1848 1320 habes?

81 1340 233 1382 Quadrat
255 1342 288 1374 in
308 1341 412 1374 illum.
448 1340 517 1374 Cic.
540 1351 603 1384 pro
628 1337 799 1374 Coelio³¹z
838 1340 918 1373 Nisi
957 1340 1092 1381 omniu,
1126 1351 1218 1385 quae
1242 1351 1320 1373 cum
1353 1339 1570 1384 turpitudine
1598 1340 1720 1384 aliqua
1750 1339 1968 1382 dicerentur,
1995 1340 2030 1374 in

181 1393 285 1426 istam
312 1393 498 1438 quadrare
519 1396 603 1436 apte
622 1392 835 1425 viderentur.

81 1443 230 1488 Quisque
253 1451 402 1478 nostrum
423 1445 569 1489 patimur
578 1440 612 1479 ³².
640 1444 735 1489 Virg.
758 1444 843 1477 Aen.
863 1442 939 1476 VL:
971 1441 1125 1488 Quisque
1149 1453 1230 1475 suos
1250 1441 1411 1487 patimur
1436 1452 1559 1475 mores.

1494 927 1597 969 Quies
1627 929 1758 962 illarum
1780 941 1902 966 rerum.
1937 931 2031 977 Virg.

81 1589 155 1618 quae
180 1580 312 1619 sequitur
337 1591 404 1609 cum
429 1581 564 1620 exemplo
587 1590 642 1609 suo
662 1589 765 1609 recens
786 1578 902 1608 accedit
926 1588 940 1607 e
957 1579 1031 1608 cod.
1077 1579 1119 1607 sic
1138 1578 1287 1618 procedit:
1322 1578 1416 1615 Quae,
1445 1577 1569 1613 malum,
1593 1577 1654 1604 ista
1668 1577 1748 1604 ratio
1769 1581 1827 1611 est,
1848 1577 1946 1615 igitur
1967 1577 2029 1606 ista

81 1624 138 1652 Gu.
162 1623 227 1654 Ter.
247 1623 325 1653 And.
346 1624 385 1660 Il,
408 1627 435 1660 1,
455 1627 504 1656 22.
525 1640 568 1645 —-
598 1622 643 1662 18)
669 1623 750 1651 Mem
769 1621 852 1651 And.
878 1624 906 1653 4.
929 1624 958 1654 5.
982 1624 1033 1653 44.
1076 1622 1179 1650 ratio?
1198 1631 1266 1648 cum
1280 1625 1440 1647 statuet-ue.
1461 1620 1561 1656 Neque
1576 1623 1712 1656 repertus
1728 1623 1771 1647 est
1788 1619 1872 1647 locus
1895 1629 2027 1657 usquam.

80 1665 115 1694 A.
137 1665 174 1694 M.
196 1667 230 1694 In
254 1666 320 1695 edd.
339 1667 404 1696 Ter.
428 1667 603 1705 plerumque
620 1666 729 1704 legitur
755 1677 770 1693 ο
799 1665 949 1702 Cl1reme3
981 1665 1032 1693 sed

79 1708 152 1739 Cod.
175 1714 299 1747 uterque
319 1719 335 1737 ο
362 1709 506 1737 Clu-emes.
527 1724 570 1732 -—-
591 1710 636 1746 19)
670 1708 823 1737 Articulus
848 1707 898 1736 hic
922 1717 936 1735 e
958 1707 1030 1736 cod.

80 1751 138 1780 Gu.
157 1752 290 1781 accessit.
315 1752 409 1780 Locus
428 1752 486 1780 Cic.
504 1756 548 1780 est
572 1762 625 1790 pro
645 1752 738 1779 Domo
764 1761 788 1780 c.
813 1751 863 1786 52,
888 1752 957 1782 133.
981 1750 1032 1778 ubi

80 1797 137 1822 est:
169 1794 206 1822 Ut
219 1794 295 1822 milli
306 1805 338 1833 p.
355 1800 528 1833 postemque
544 1796 677 1823 teneatis.
695 1810 734 1815 —
760 1793 806 1831 ΞΟ)
830 1792 915 1822 Plau
933 1792 1030 1821 rebus.

80 1835 151 1863 Cod.
166 1836 200 1866 A.
217 1837 253 1867 M.
278 1838 363 1876 Virg.
390 1838 442 1866 Ge.
461 1837 518 1866 IV.
536 1839 585 1868 81.
603 1838 636 1865 A.
660 1836 698 1865 M.
722 1836 832 1865 Verba:
865 1836 934 1863 .N0n
957 1834 1030 1862 den-

80 1879 144 1905 sior
167 1888 232 1906 aere
249 1879 369 1917 grando
387 1884 574 1908 accesserunt
592 1890 607 1908 c
626 1880 697 1907 cod.
714 1879 771 1907 Gu.
796 1894 839 1900 -
862 1876 908 1918 21)
921 1878 1029 1905 Recens

81 1921 201 1949 accessit
218 1920 291 1949 haec
307 1923 436 1950 formula
453 1933 520 1951 cum
537 1923 680 1960 exemplis
696 1922 756 1949 suis
774 1931 789 1949 e
805 1920 875 1949 Cod.
898 1921 952 1948 (ἆυ.
970 1920 1030 1947 Lo-

81 1973 134 1991 cus
152 1962 232 2000 Virg.
255 1969 299 1992 est
315 1964 386 1993 Aen.
402 1965 424 2002 I,
448 1967 517 1996 386.
542 1964 661 1993 Salustii
678 1965 762 1992 locus
776 1963 867 1991 huius
884 1962 1030 1999 fragmen-

80 2006 118 2034 tis
137 2010 179 2033 est
196 2005 360 2036 addendus.
381 2023 424 2028 —
453 2010 497 2041 22)
524 2007 616 2035 Etiam
635 2006 709 2035 haec
732 2006 859 2034 formula
882 2014 949 2032 cum
975 2013 1028 2031 suo

80 2048 217 2086 exemplo
249 2048 329 2087 apud
359 2048 390 2079 A.
419 2049 457 2077 M.
482 2049 675 2078 desideratur.
710 2049 805 2076 Locus
835 2047 894 2074 Cic.
921 2045 1029 2082 legitur

80 2101 135 2130 pro
158 2091 273 2119 Cluent.
294 2101 318 2119 c.
339 2091 368 2121 5.
387 2091 438 2119 ubi
460 2091 630 2129 plerumque
653 2095 764 2119 mutulo
790 2089 893 2117 ordine
916 2088 1028 2116 vcrbo-

80 2143 146 2162 rum
167 2133 289 2170 legitur:
312 2134 375 2160 sine
396 2134 500 2161 scelere
522 2144 551 2161 se
565 2145 664 2172 posse.
690 2133 748 2161 Sed
771 2130 963 2170 praeferenda
987 2134 1030 2157 est

80 2176 219 2204 Arusiani
245 2176 332 2203 lectio
353 2186 383 2202 se
410 2177 474 2203 sine
494 2177 599 2204 scelere
618 2186 715 2214 posse.
746 2188 788 2195 -—
816 2172 861 2210 23)
889 2172 951 2200 Cic.
972 2182 1028 2210 pro

84 2219 181 2256 Oppio
202 2220 272 2249 990.
299 2218 332 2245 A.
349 2218 389 2246 M.
407 2218 550 2255 Fragmm.
565 2224 652 2247 orati.
669 2216 825 2255 deperditi.
850 2214 899 2251 lv,
917 2217 945 2245 4.
963 2224 1028 2253 pag.

82 2261 173 2293 1124.
196 2260 292 2289 Nobb.
311 2275 352 2282 —
374 2261 419 2292 24)
439 2260 518 2288 llaec
534 2271 652 2298 quoque
670 2259 793 2287 formula
813 2267 879 2285 cum
896 2258 1029 2295 exemplo

81 2313 136 2332 suo
160 2303 342 2331 desideratur
366 2302 446 2340 apud
470 2303 504 2330 A.
526 2302 565 2331 M.
591 2301 764 2339 Exemplum
787 2300 896 2337 legitur
916 2299 975 2328 (tic.
1000 2299 1031 2327 in

81 2345 140 2374 Pis.
156 2345 177 2381 l,
196 2349 221 2376 1.
253 2361 294 2367 —
316 2348 361 2379 25)
385 2345 443 2373 Iste
464 2345 559 2372 omnis
578 2344 721 2372 articulus
746 2342 827 2371 deest
851 2342 882 2370 in
907 2342 976 2371 cod.
997 2341 1031 2370 A.

82 2388 121 2417 Μ.
143 2388 213 2416 Loci
235 2387 325 2426 primi
344 2387 458 2415 notatio
475 2387 555 2416 nulla
577 2391 622 2416 est
646 2386 677 2415 in
689 2385 760 2414 eod.
775 2384 842 2421 Gu.,
864 2384 915 2414 sed
936 2384 1031 2414 oratio

125 2439 288 2468 Gninmn.
310 2448 378 2468 LAT.
404 2438 424 2467 Ι.

1075 1665 1171 1693 Locus
1191 1665 1307 1692 Terent.
1325 1667 1368 1689 est
1380 1662 1484 1691 Heaut.
1498 1661 1533 1695 ll,
1553 1665 1583 1697 3,
1598 1664 1647 1692 77.
1665 1661 1713 1689 ubi
1729 1666 1771 1689 est
1786 1671 1912 1689 narrare
1935 1664 2028 1689 occi-

1071 1709 1129 1745 pit.
1157 1707 1240 1734 Alter
1262 1705 1345 1732 locus
1377 1704 1492 1731 Terent.
1517 1703 1594 1733 Eun.
1622 1703 1671 1739 IV,
1694 1706 1724 1739 7,
1748 1706 1798 1734 10.
1828 1719 1869 1724 ——
1895 1702 1941 1740 26)
1965 1704 2026 1731 R.»-

1074 1750 1129 1777 bus
1143 1748 1244 1776 addidi
1264 1757 1278 1775 e
1298 1745 1369 1773 Cod.
1386 1746 1441 1777 Gu.
1465 1745 1528 1773 Sal.
1542 1747 1625 1774 His-t.
1648 1743 1673 1773 Ι.
1696 1748 1747 1776 22.
1765 1745 1798 1774 A.
1815 1745 1853 1773 Μ.
1877 1744 2025 1782 Fragnnn.

1073 1792 1124 1820 lib.
1148 1792 1173 1827 1,
1197 1792 1246 1820 65.
1277 1788 1358 1815 Gerl.
1396 1803 1438 1811 —
1474 1791 1519 1820 27)
1544 1788 1675 1816 Illarum
1700 1786 1802 1814 addidi
1833 1797 1848 1815 e
1871 1787 1941 1816 Cod.
1967 1789 2024 1817 Gu.

1078 1835 1164 1870 lst'l‘g.
1183 1833 1234 1860 Ge.
1258 1829 1318 1858 ῙῙῙ.
1343 1830 1412 1862 184,
1437 1830 1470 1858 A.
1492 1829 1530 1860 Μ,
1559 1846 1599 1851 —
1627 1830 1675 1867 28)
1703 1829 1763 1858 Cic,
1782 1840 1840 1867 pro
1864 1830 1970 1867 Quint.
1995 1833 2022 1862 6.

1073 1877 1106 1904 A.
1126 1876 1162 1904 M.
1194 1876 1276 1908 Quae
1301 1872 1434 1910 sequitur
1461 1872 1606 1900 formula:
1641 1873 1772 1909 Quicum
1783 1883 1841 1910 pro
1862 1883 1930 1899 cum
1950 1883 2021 1910 qua,

1074 1928 1141 1946 cum
1156 1926 1209 1944 suo
1227 1915 1371 1953 exemplo,
1396 1915 1476 1943 deest
1492 1915 1522 1942 in
1544 1915 1615 1944 Cod.
1633 1915 1668 1943 A.
1696 1914 1734 1944 M.
1758 1914 1853 1942 Locus
1874 1919 1915 1943 est
1941 1915 2018 1952 Virg.

1072 1961 1145 1988 Aen.
1168 1958 1220 1995 XI,
1246 1961 1315 1990 820.
1338 1967 1417 1996 seqq.
1449 1957 1538 1996 Apud
1559 1957 1637 1995 Virg.
1657 1961 1715 1985 est:
1752 1959 1855 1995 Atque
1877 1957 1949 1984 staec
1974 1958 2020 1985 itu

1063 2003 1169 2040 fictur.
1191 2016 1234 2022 —
1259 2000 1303 2039 29)
1320 1999 1398 2028 Haec
1421 2010 1539 2038 quoque
1563 2000 1690 2028 elocutio
1721 2009 1788 2027 curn
1814 1999 1954 2037 exemplis
1973 2010 2019 2028 ac-

1073 2044 1159 2072 cessit
1181 2053 1195 2072 e
1220 2042 1289 2072 Cod.
1315 2043 1369 2073 Gu,
1400 2042 1482 2080 Virg.
1516 2043 1586 2073 Aen.
1609 2042 1684 2080 XII,
1711 2044 1779 2073 147.
1815 2041 1863 2069 ubi
1894 2042 2019 2079 legitur:

1076 2088 1158 2124 Qua
1181 2087 1248 2114 visa
1265 2090 1307 2112 est
1323 2085 1399 2122 f.p.
1422 2085 1478 2115 Sal.
1497 2084 1557 2123 lug.
1574 2095 1599 2113 c.
1622 2087 1673 2116 41.
1690 2084 1739 2114 fin.
1760 2083 1825 2112 edd.
1847 2084 2019 2113 Coi-t.Ge1·l.

1073 2145 1113 2150 —
1140 2126 1186 2167 30)
1209 2127 1302 2156 Huius
1324 2128 1444 2156 articuli
1469 2127 1548 2165 apud
1577 2128 1610 2157 A.
1632 2128 1669 2155 M.
1695 2126 1808 2165 reliqua
1837 2131 1905 2154 sunt
1929 2126 2018 2155 haec:

1076 2170 1161 2210 Quid
1176 2172 1311 2199 mulieris
1332 2180 1452 2198 uxorem
1465 2170 1576 2198 habes?
1602 2170 1668 2198 Ter.
1685 2170 1779 2207 Ileqt.
1803 2169 1831 2200 4.
1856 2173 1884 2199 4.
1905 2172 1954 2200 21.
1979 2184 2018 2189 -

1073 2213 1119 2254 31)
1144 2211 1274 2251 δίε-,ΡΜ
1294 2213 1392 2241 Coelio
1406 2215 1457 2244 29.
1482 2213 1516 2241 A.
1542 2212 1578 2243 M.
1595 2212 1675 2251 Apte
1689 2211 1784 2241 edidit
1807 2211 1840 2239 A.
1857 2211 1894 2240 M.
1920 2211 2018 2239 Codex

1073 2261 1198 2294 uterque
1221 2256 1360 2284 mendose
1382 2254 1467 2293 apud
1488 2261 1522 2284 te.
1553 2271 1593 2276 —
1616 2256 1663 2293 32)
1689 2253 1814 2283 Articuli
1831 2253 1919 2281 huius
1940 2252 2018 2292 apud

1073 2299 1108 2328 A.
1131 2298 1168 2329 M.
1198 2297 1270 2327 haec
1297 2302 1413 2327 tantum
1445 2302 1574 2326 restant:
1607 2298 1745 2335 Quis-que
1768 2306 1840 2323 suo-s·
1863 2296 2019 2333 pulsamur

1074 2351 1189 2369 amore-s·
1213 2341 1300 2380 Virg.
1315 2341 1390 2370 Aen.
1416 2341 1468 2370 Vl.
1492 2342 1563 2371 743.
1586 2340 1657 2368 Cod.
1676 2340 1732 2368 Gu.
1752 2337 1885 2373 exhibet,
1909 2337 1951 2364 uti
1967 2337 2018 2364 de-

1074 2384 1181 2414 dimus.
1203 2384 1259 2413 Sed
1284 2383 1365 2423 apud
1383 2383 1460 2422 Virg.
1479 2383 1603 2421 legitur:
1635 2383 1772 2420 Quis-que
1793 2390 1863 2408 suos
1880 2379 2018 2416 patimur

1520 2425 1592 2459 Kk
