2263 2668
779 145 844 180 DE
872 112 1092 179 CARMINE
1120 141 1347 178 HEROlCO.
1960 151 2035 188 289

71 248 129 286 est,
154 243 259 277 habet:
285 241 429 286 syllabas
449 251 516 274 non
541 240 648 273 minus
674 251 776 283 quam
802 239 993 273 duodecim.
1048 236 1115 279 Qui
1140 237 1320 281 maximus,
1349 250 1415 271 non
1437 241 1513 284 plus
1529 250 1630 284 quam
1657 240 1777 277 decem
1804 244 1838 275 et
1857 242 2028 288 septemm,

70 296 230 337 Quamvis
253 306 318 329 non
340 293 539 338 negaverim
565 303 634 325 esse
661 304 770 324 versus
798 292 896 325 etiam
916 290 1063 335 plurium
1089 289 1300 333 syllabarum,
1330 295 1365 323 ut
1391 298 1463 325 sunt
1486 292 1539 327 hi:

302 345 456 392 Quando
484 343 586 377 aliud
612 343 698 376 mihi
725 344 798 377 iam
824 343 974 376 miserae
1007 341 1095 374 nihil
1128 341 1209 386 ipsa
1236 339 1403 385 reliqui²¹.

70 397 132 430 Et:

295 447 369 482 Aut
395 456 503 480 onera
529 445 705 490 accipiunt
731 445 945 486 venientum,
979 447 1042 478 aut
1071 443 1218 489 agmine
1245 439 1395 489 sacto22.

71 498 134 532 Et:

308 548 401 596 Quin
426 558 574 590 morere,
603 551 640 581 ut
666 548 793 582 merita
821 559 873 590 es,
898 547 1075 594 ferroque
1101 549 1222 580 averte
1245 541 1443 581 dolor-emm.

72 601 136 634 Et:

304 649 404 684 Cara
430 651 516 683 mihi
543 654 624 683 ante
650 651 753 691 alias,
779 661 887 695 neque
914 649 1003 682 enim
1029 660 1136 682 novus
1167 649 1234 682 iste
1264 644 1454 681 Dianaefl.

237 699 272 734 6.
324 702 409 735 Sunt
434 702 569 745 quidem
596 703 796 746 plerumque
822 702 1025 746 syllabarum
1056 701 1175 735 decem
1204 705 1236 733 et
1263 704 1359 741 octo,
1396 704 1428 733 et
1450 698 1518 739 ille,
1550 700 1606 743 qui
1632 701 1750 734 ultimo
1785 700 1864 734 loco
1900 703 2028 746 positus

73 755 139 793 est,
178 751 309 797 viginti,
361 754 415 788 cui
441 765 653 797 nequaquam
686 754 830 786 invenies
857 764 971 798 parem
1003 764 1079 786 cuni
1106 752 1221 785 adhuc
1246 753 1352 785 nullus
1379 751 1578 793 inveniatur,
1611 753 1667 795 qui
1695 753 1811 786 decem
1839 757 1871 786 et
1907 765 2027 787 novem

73 803 208 847 syllabis
236 802 405 838 constet25.
458 806 584 839 Verum
610 806 780 839 sciendum
808 809 856 838 est
881 806 915 837 in
937 804 1074 837 metrica
1102 804 1229 836 ratione
1255 815 1424 846 nunquam
1457 804 1642 846 computari
1677 816 1730 836 eas
1758 805 1918 848 syllabas,
1945 817 2027 848 quas

73 855 282 899 synaloepha
307 856 480 902 intercipit.
535 857 613 898 Quo
639 858 688 899 fit,
714 863 749 890 ut
776 868 890 890 omnes
915 856 966 888 illi
991 867 1123 896 versuS‚
1157 855 1214 898 qui
1240 855 1466 900 supradictum
1498 865 1669 887 numerum
1703 855 1848 899 syllaba·
1880 855 2024 904 [1959]

72 918 147 939 rum
170 907 322 940 videntur
349 908 527 950 excedere,
554 909 711 942 detractis
737 908 950 953 synaloephis
977 907 1019 940 ad
1048 907 1167 941 decem
1189 912 1221 939 et
1242 912 1320 941 octo
1349 912 1405 939 aut
1433 906 1476 938 ad
1502 903 1677 938 sedeci1n²⁶
1693 919 1732 940 ac
1750 907 1898 940 nonnulli
1926 908 2026 940 etiam

73 958 118 991 ad
140 959 331 1001 quindecim
358 961 500 1004 syllabas
529 957 765 1005 re‹lig·antur²⁷‚
792 961 896 993 veluti
924 964 996 992 sunt
1020 958 1086 997 illi,
1120 970 1203 1002 quos
1230 970 1329 1002 supra
1364 958 1509 1002 exempli
1535 969 1633 990 causa
1658 959 1827 1000 posuimus
1837 955 1871 990 ²3.
1924 958 2026 992 Unde

74 1010 246 1043 sciendum
271 1016 337 1051 est,
364 1012 491 1044 nullum
512 1023 642 1044 versum
665 1011 866 1055 dactylicum
889 1011 1118 1044 hexametrum
1142 1010 1280 1043 inveniri
1308 1021 1426 1054 posse,
1452 1010 1508 1052 qui
1532 1021 1704 1041 numerum
1730 1010 1934 1053 syllabarum
1964 1010 2026 1043 de-

75 1072 150 1095 cem
177 1066 211 1095 et
233 1059 394 1107 septem²⁹
418 1063 567 1097 excedat.
620 1063 737 1106 Itaque
762 1064 866 1096 omnis
894 1075 1004 1096 versus
1032 1062 1252 1102 Hexameter‚
1280 1062 1305 1094 si
1334 1061 1412 1094 solis
1443 1060 1598 1105 spondeis
1627 1061 1823 1103 constiterit,
1845 1061 2027 1095 duodecim

74 1113 295 1156 syllabarum3
347 1114 373 1146 si
400 1126 501 1147 unum
530 1114 700 1158 dactylum
730 1114 901 1155 habuerit,
934 1114 1110 1150 tredecim3
1145 1113 1171 1146 si
1195 1113 1299 1153 duos,
1335 1112 1607 1156 quatuordecim3
1640 1113 1665 1144 si
1698 1118 1780 1153 tres,
1816 1113 2026 1155 quindecim;

75 1165 102 1198 si
124 1169 284 1208 quatuor,
311 1165 474 1205 sedecim3
501 1165 526 1198 si
548 1167 714 1210 quinque,
745 1166 864 1200 decem
894 1170 926 1199 et
946 1171 1084 1210 septem.
1139 1165 1189 1197 Ita
1213 1165 1342 1208 quoties
1368 1165 1519 1208 dactylus
1548 1164 1731 1206 accesserit,
1753 1164 1848 1196 toties
1872 1176 1936 1196 una
1958 1164 2028 1207 syl-

75 1212 185 1248 laba³⁰
207 1217 374 1250 accrescit.
427 1218 630 1250 Hexameter
655 1229 766 1250 versus
796 1218 980 1262 dactylicus
1005 1218 1149 1250 variatur
1179 1228 1241 1260 per
1279 1216 1413 1261 triginta
1446 1216 1526 1249 duas
1561 1215 1698 1259 species.
1752 1216 1838 1248 Nam
1867 1216 1899 1248 in
1931 1226 2029 1248 versu

75 1264 391 1311 duodecasyllabo31
416 1269 544 1313 species
570 1280 634 1302 una
656 1274 720 1310 est,
747 1271 875 1314 quippe
901 1270 926 1302 is
952 1270 1019 1302 sine
1045 1269 1113 1302 ulla
1135 1269 1294 1302 varietate
1318 1279 1433 1302 omnes
1456 1268 1489 1301 in
1513 1279 1547 1301 se
1570 1267 1739 1312 spondeos
1762 1266 1885 1309 habet,
1916 1271 1948 1300 et
1965 1277 2028 1300 vo-

76 1323 169 1353 catur
195 1319 434 1363 Spondiazon‚
462 1325 497 1352 ut
523 1325 585 1353 est:

303 1370 428 1404 Fortes
454 1371 630 1404 ducuntur
655 1369 803 1417 legati³²
830 1371 1097 1406 Illinturnenses.

76 1420 180 1461 Quod
207 1432 313 1466 genus
341 1423 588 1457 versificationis
616 1435 720 1467 usque
745 1423 830 1457 adeo
855 1424 975 1457 durum
1001 1429 1068 1467 est,
1104 1427 1140 1456 ut
1169 1422 1308 1457 Albinus
1335 1422 1369 1455 in
1402 1421 1506 1464 libro,
1539 1433 1639 1467 quem
1669 1420 1713 1454 de
1741 1419 1859 1453 Metris
1888 1419 2026 1464 scripsit,

76 1472 120 1505 ita
143 1473 308 1517 posuerit:

311 1523 422 1558 Vilem
443 1526 597 1571 spondeo
618 1530 727 1559 totum
750 1526 959 1560 concludere
987 1523 1168 1559 versumffl.

306 1575 414 1610 Posse
436 1578 575 1622 quidem
590 1577 701 1624 fieri,·
726 1579 791 1611 sed
817 1579 943 1623 iunges
969 1578 1151 1622 dactylum
1179 1580 1272 1622 apte.

77 1625 116 1658 In
138 1637 234 1658 versu
255 1627 418 1661 tredecim
445 1630 647 1672 syllabarum
679 1630 805 1674 species
836 1636 909 1662 sunt
941 1630 1105 1673 quinque,
1139 1630 1267 1672 quippe
1282 1623 1307 1644 ³⁴
1333 1625 1366 1658 in
1395 1636 1436 1658 eo
1461 1635 1543 1657 unus
1573 1623 1726 1667 dactylus
1749 1623 1834 1656 inter
1861 1621 2028 1667 spondeos

77 1677 254 1719 admissus,
281 1679 427 1723 quinque
448 1681 530 1716 locis
551 1682 780 1715 intervertitur.
832 1682 871 1714 ln
892 1693 989 1715 versu
1018 1692 1098 1715 vero
1123 1677 1377 1724 quatuordecim
1399 1676 1601 1719 syllabarum
1625 1675 1752 1719 species
1774 1675 1894 1708 decem
1909 1670 2025 1707 suntffi.

77 1778 190 1809 Verba:
213 1781 263 1808 cui
276 1790 470 1820 nequaquam
489 1798 531 1804 —
547 1789 657 1812 constet
680 1793 748 1812 cum
771 1782 954 1823 interpositis
976 1782 1030 1811 de-

79 1826 148 1850 sunt
164 1822 196 1850 in
210 1823 256 1851 Pe.
267 1827 294 1851 et
306 1824 427 1855 Putseh.
443 1826 518 1854 Tum
535 1826 607 1855 Sed
621 1825 776 1854 sciendum
791 1832 832 1854 est
851 1827 896 1855 Pe.
907 1825 1028 1855 Putsch.

79 1880 121 1886 —-
142 1862 188 1901 26)
214 1864 268 1892 Ad
288 1866 393 1896 XVII.
417 1874 473 1896 aut
497 1869 586 1898 XIII.
610 1870 657 1897 Pe.
678 1868 797 1897 Putsch.
825 1885 867 1891 —
901 1868 947 1906 27)
971 1869 1029 1895 Re-

80 1906 230 1944 dig-untur
252 1907 299 1937 Pe.
319 1909 438 1941 Putsch.
461 1927 502 1933 —-
524 1915 569 1946 23)
588 1913 729 1939 Posuisti
745 1912 800 1940 Go.
825 1927 867 1933 ——-
895 1909 941 1949 29)
966 1910 1030 1947 Syl-

80 1949 224 1976 lalmfnm
249 1950 353 1978 XVII.
383 1952 433 1980 Sic
460 1963 576 1992 semper
602 1964 795 1982 numerorum
819 1953 908 1990 signis
934 1953 981 1981 Pe.
1002 1956 1031 1979 et

80 1991 199 2020 Pulscli.
226 1991 300 2019 Tum
329 2003 383 2030 pro
413 1995 533 2023 excedat
558 1998 613 2025 Go.
648 1996 790 2024 rideatur
819 1994 959 2022 excedere.
988 2009 1031 2015 -—

80 2034 127 2070 30)
151 2034 364 2070 ,110110.s;=llaha
388 2040 528 2065 accrescit
560 2039 686 2078 pessime
713 2040 759 2067 l'e.
790 2036 910 2066 Putsch.
941 2037 1030 2064 Recte

82 2087 145 2104 una
163 2076 283 2114 syllaba
305 2076 451 2108 adcrescit
472 2081 542 2109 Cod.
568 2082 623 2111 Go.
653 2097 694 2102 -—
729 2078 775 2120 31)
804 2077 1031 2115 Duodecasvil·

82 2119 151 2146 labo
169 2120 225 2146 Go.
246 2119 292 2146 Pe.
307 2119 425 2150 Putscb.
449 2123 573 2151 sortasse
594 2128 682 2152 recte.
704 2123 817 2150 Dicitur
837 2121 914 2149 enim
941 2122 1033 2148 Grae-

82 2163 123 2190 cis
141 2159 276 2191 δυώδεκα
290 2165 318 2188 et
334 2159 456 2193 δώδεκα.
480 2181 522 2186 -
546 2167 593 2203 32)
618 2167 705 2193 Forte
729 2164 796 2191 duc.
812 2164 904 2201 ligati
925 2163 968 2190 M.
985 2162 1032 2189 Pe.

83 2208 112 2233 et
135 2203 256 2232 Putsch.
284 2204 341 2232 Sed
366 2204 398 2232 in
425 2207 556 2244 margine
582 2208 630 2236 Pe.
655 2211 822 2235 correctum
847 2210 890 2233 est
916 2204 1035 2243 privati

83 2247 126 2275 M.
153 2245 311 2274 verissime
329 2246 423 2284 legali
444 2249 486 2276 M.
513 2249 584 2279 cod,
611 2251 664 2277 Go.
683 2250 784 2277 ltu-tes
802 2248 837 2275 de
859 2248 1032 2275 coniectura

83 2289 161 2318 dedi.
185 2287 344 2316 Fortitudo
367 2290 420 2318 Go.
446 2306 486 2311 —
509 2292 555 2328 33)
580 2293 649 2320 Post
666 2293 744 2319 huuc
765 2300 883 2319 versum
909 2299 1035 2328 sequun-

83 2337 135 2360 tur
157 2331 230 2359 haec
257 2331 287 2358 in
307 2331 355 2360 Pe.
383 2337 411 2359 ct
430 2332 547 2363 Putseh.
566 2338 706 2371 tanquam
723 2332 914 2361 Grammatici
930 2332 1038 2361 verba:

85 2373 146 2403 Sed
167 2375 274 2411 iungens·
290 2372 446 2411 d(tc{illltri
465 2381 533 2413 apte
555 2376 586 2403 in
608 2386 702 2405 ver-m.
732 2374 888 2403 [li-eclecim.
914 2375 957 2403 Ac
977 2374 1043 2414 pri-

85 2426 166 2446 mum
186 2416 305 2455 quidem
325 2422 430 2455 sponte
446 2422 535 2457 patet,
558 2418 661 2447 verba:
686 2420 718 2446 ιἰι
733 2428 818 2447 versu.
833 2415 972 2447 tredecim
986 2417 1046 2456 syl-

130 2468 293 2497 GRAMMAT.
315 2477 384 2498 ΜΤ.
409 2468 429 2498 I.

1072 1782 1214 1810 labarum
1234 1778 1390 1808 cohaerere
1411 1781 1440 1805 et
1458 1781 1526 1816 post
1546 1787 1575 1807 v.
1599 1782 1667 1815 apte
1683 1774 1902 1804 distinctionem
1925 1772 2025 1801 collo-

1072 1825 1196 1853 candam
1219 1832 1291 1850 esse.
1337 1820 1411 1848 Tum
1434 1830 1494 1848 non
1523 1819 1716 1856 intelligitur,
1748 1817 1897 1856 quomodo
1920 1825 2023 1844 enun-

1073 1868 1182 1895 ciatum
1200 1864 1280 1892 istud
1298 1862 1358 1890 huc
1386 1862 1546 1901 pertineat,
1571 1861 1652 1899 quod
1673 1860 1849 1889 sententiam
1864 1859 1951 1898 plane
1966 1857 2024 1886 ali-

1073 1919 1157 1937 enam
1180 1907 1280 1935 insert.
1305 1905 1399 1933 Verba
1420 1909 1489 1933 sunt
1512 1904 1592 1932 haud
1619 1903 1708 1932 dubie
1726 1903 1854 1938 Albini,
1886 1901 1924 1929 ad
1947 1910 2022 1938 quae

1073 1950 1282 1979 constituenda
1320 1948 1391 1976 facit
1427 1947 1497 1975 cod.
1526 1947 1580 1975 (ιό-
1611 1947 1661 1985 qui
1686 1946 1787 1974 locum
1821 1945 1863 1973 sic
1886 1943 2023 1972 exhibet:

1069 2004 1157 2032 posse
1176 1993 1245 2028 fieri
1267 1990 1320 2019 sed
1339 1991 1446 2028 iunges
1468 1989 1498 2018 d.
1524 2000 1554 2018 a.
1577 1990 1623 2018 Ex
1644 1989 1751 2027 quibus
1775 1988 1862 2016 facile
1882 1985 2024 2015 conficias

1074 2044 1209 2063 versum:
1233 2033 1323 2062 Posse
1338 2031 1458 2070 quidem
1469 2032 1561 2070 fieri5
1585 2031 1638 2060 sed
1651 2034 1759 2070 iunge-9
1777 2030 1933 2067 dactylum
1948 2033 2024 2066 apte.

1075 2077 1221 2106 Credibile
1240 2076 1315 2104 enim
1331 2079 1383 2112 est,
1405 2075 1560 2111 Albinum,
1582 2075 1607 2103 si
1628 2075 1720 2102 vellet
1735 2084 1762 2102 v.
1782 2072 1936 2110 dactylum
1952 2081 2026 2099 ver-

1076 2120 1121 2148 sui
1145 2120 1269 2155 inferre,
1298 2118 1358 2146 hoc
1380 2128 1438 2146 non
1462 2117 1531 2145 elisa
1556 2117 1660 2146 ultima
1683 2116 1832 2155 posuisse,
1862 2114 1918 2143 nisi
1948 2114 2026 2141 sorte

1076 2167 1157 2191 totus
1180 2162 1262 2189 locus
1288 2161 1330 2188 sic
1353 2165 1397 2188 est
1420 2160 1610 2188 scribendus:
1652 2160 1749 2188 Vilem
1776 2156 1904 2196 spondeo
1930 2161 2026 2183 lotum

1078 2203 1250 2233 concludere
1266 2213 1401 2238 versum,
1425 2202 1514 2231 Posse
1537 2202 1658 2241 quidem
1675 2203 1763 2239 fieri,-
1786 2199 1839 2228 secl
1863 2200 1952 2236 iungi
1972 2197 2028 2224 ‹la-

1077 2247 1174 2285 ctylus
1193 2252 1277 2285 aple;
1300 2250 1332 2274 ut
1348 2250 1412 2274 tum
1434 2245 1515 2284 sequi
1533 2246 1636 2273 debeat
1647 2250 1745 2283 potest
1768 2244 1816 2271 vel
1839 2241 1957 2270 ridetur
1979 2237 2027 2265 vel

1081 2290 1203 2319 dicitur.
1225 2305 1267 2310 ———
1289 2287 1335 2328 34)
1347 2289 1463 2327 Quippe
1478 2288 1614 2318 additum
1631 2298 1645 2317 e
1661 2288 1732 2317 cod.
1758 2288 1802 2314 (ἑο
1831 2301 1864 2306 —-
1889 2281 1935 2322 35)
1952 2282 2027 2310 Sunt

1085 2333 1125 2364 X.
1148 2332 1196 2362 Pe.
1221 2330 1341 2360 Putsch.

1541 2455 1611 2490 Oo
