2263 2668
558 103 622 137 DE
649 101 1040 138 SIGNIFICATIONE
1067 100 1353 135 VERBORUM.
1405 101 1551 135 LIBER
1577 103 1603 137 l.
1988 100 2063 134 325

108 197 209 229 Scal.
243 198 285 227 Ab
308 197 417 237 angina
440 197 465 225 si
488 198 641 235 sequimur
662 197 791 226 Festum.
829 196 888 225 Sed
909 195 1007 235 potius
1030 194 1065 223 ab
1089 193 1224 231 augendo
1248 204 1314 229 ore3
1336 198 1380 222 est
1401 194 1480 223 enim
1504 195 1562 223 Dea
1585 193 1704 223 silentii.
1734 193 1827 222 Solin.
1853 203 1917 231 cap.
1933 195 1961 222 1.
1985 191 2065 221 Inter

107 241 327 282 antiquissimas
349 251 418 268 sane
440 238 592 279 religiones
613 238 752 269 sacellum
776 238 884 268 colitur
904 238 1097 276 Angeronac,
1124 237 1172 265 cui
1192 237 1379 277 sacrificatur
1400 237 1442 266 A.
1460 237 1499 267 D.
1517 236 1594 267 ΧῙῙ.
1615 235 1678 267 Cal.
1698 235 1781 271 Ian.;
1805 246 1879 276 quae
1901 234 1955 263 dea
1974 246 2063 272 prae-

106 282 155 312 sul
174 282 284 312 silentii
304 283 388 311 istius
408 293 558 322 praeneste
581 282 793 322 obsignatoque
815 293 862 310 ore
883 278 1072 310 simulacrum
1096 278 1190 309 haber.
1212 279 1266 307 Da
1276 291 1300 308 c.
1334 277 1405 309 Cum
1427 281 1546 318 angina.
1572 280 1628 308 Vel
1650 279 1731 318 quod
1754 288 1876 316 angores
1899 277 1988 305 animi
2007 287 2062 316 pu-

105 325 225 355 tabatur
248 325 404 364 depellere.
429 325 598 353 Macrob.1.
622 326 678 353 Sat.
703 324 817 353 Glossis
839 323 1030 363 Angeronia,
1063 319 1084 360 ἦ
1106 318 1180 357 θεός
1202 324 1254 360 τῆς
1277 323 1388 361 βουλῆς
1409 321 1483 352 κατὰ
1507 322 1630 363 καιρῶν.
1678 319 1781 352 Goth.

270 368 401 397 Actus.
445 367 626 406 Tragoediae
647 377 716 406 pars
739 367 774 395 ab
797 366 911 405 agendo
934 364 1035 393 eadem
1058 364 1188 401 ratione,
1211 374 1270 402 qua
1293 365 1413 392 Graecis
1436 366 1534 404 δρᾶμα
1557 376 1573 393 a
1598 366 1689 404 δρᾶν,
1714 373 1808 401 agere.
1838 362 1927 391 Dac.
1964 360 2062 390 Modo

107 411 163 438 iter
184 410 259 438 inter
280 411 401 439 vicinos.
437 410 480 438 Ab
504 410 633 448 agendo,
658 409 806 439 ducendo.
835 409 932 437 Varro
954 407 1064 436 lib.IV.
1088 406 1124 435 de
1148 407 1179 435 L.
1204 407 1235 437 L.
1263 406 1318 445 (V,
1340 410 1433 445 p.37.
1457 407 1524 446 Sp.)
1550 406 1616 445 Qua
1639 405 1766 446 agebant
1788 412 1910 441 actus,
1932 414 1991 444 qua
2011 414 2062 432 ve—

106 450 212 480 hebant
233 453 333 488 viae,
370 463 428 492 qua
448 451 530 481 ibant
552 452 590 480 ab
613 453 656 481 itu
686 453 760 481 iter
787 450 983 491 appellarunt.
1027 448 1086 478 Iter
1107 449 1201 478 latum
1225 449 1301 477 duos
1324 449 1431 487 pedeS,
1471 457 1554 479 acius
1577 454 1735 488 quattuor,
1765 449 1815 477 via
1838 451 1915 475 octo.
1951 444 2062 475 Idem.

105 493 255 522 Zl‘Iinorem
276 502 389 534 partem
412 495 512 534 iugeri.
550 495 687 533 iugerum
711 505 748 523 ex
771 495 904 523 Varrone
927 498 956 521 et
980 492 1044 520 aliis
1068 496 1126 528 est,
1164 492 1244 529 quod
1267 491 1430 530 quadratos
1454 492 1527 520 duos
1550 497 1633 520 actus
1655 491 1759 526 habet3
1793 495 1876 518 actus
1898 488 2062 528 quadratus

104 536 184 565 latus
207 542 251 564 est
272 538 362 575 pedes
386 537 492 574 CXX.,
529 537 637 575 longus
664 537 796 566 totidem.
840 537 932 565 Actus
955 535 1046 573 igitur
1068 534 1126 562 dici
1151 545 1210 562 non
1233 538 1334 573 potest
1357 535 1452 562 minor
1475 545 1541 573 pars
1564 534 1668 572 iugeri.
1714 534 1787 561 Cum
1809 533 1945 570 iugerum
1967 531 2063 559 maio-

106 589 165 608 rem
189 583 258 607 actu
280 584 396 618 partem
420 590 480 608 non
503 579 617 608 habeat.
654 581 727 618 Lege
743 580 848 618 igitur:
872 579 1010 607 maiorem
1025 585 1135 616 partem
1151 577 1252 616 iugeri.
1289 577 1363 605 Nam
1386 577 1519 614 iugerum
1542 576 1629 606 habet
1652 576 1741 605 etiam
1763 575 1956 613 scrupulum,
1978 575 2062 611 quod

105 626 149 649 est
171 621 272 650 decem
297 622 386 660 pedes
408 623 440 650 in
462 623 648 651 latitudinem
673 628 701 651 et
727 621 959 661 longitudinem,
984 620 1066 659 quod
1088 624 1132 648 est
1153 620 1274 648 minima
1297 629 1366 657 pars
1390 619 1494 657 iugeri.
1521 618 1631 650 Idem.
1667 616 1766 648 Modo
1788 624 1898 647 motum
1921 617 2061 655 corporis.

103 663 196 692 Actus
219 664 251 692 in
275 665 395 693 comicis
419 669 447 693 et
469 665 589 703 tragicis
613 666 721 693 fabulis
750 676 783 694 ea
812 669 856 693 est
885 663 978 699 actio,
1018 664 1042 691 is
1063 662 1123 691 oris
1147 667 1176 691 et
1197 662 1280 690 vocis
1302 661 1438 698 habitus,
1478 662 1502 690 is
1529 662 1661 700 corporis
1683 666 1798 697 motus,
1837 669 1895 698 quo
1918 669 1948 687 se
1971 663 2062 695 agunt

102 705 265 735 histriones
288 708 318 735 in
342 718 429 736 scena
452 707 489 735 ad
512 718 574 736 rem
598 709 742 736 scenicam
767 706 999 746 exprimendam.
1032 705 1106 734 Vide
1128 704 1235 744 Agere.
1260 703 1371 734 Idem.
1411 705 1447 733 ln
1473 703 1644 733 Comoediis.
1681 704 1756 732 Nam
1780 702 1888 731 scenici
1910 712 1994 740 agere
2016 701 2060 728 di—

103 754 223 778 cuntur.
254 748 347 778 Modo
371 751 424 778 iter
446 751 520 778 inter
541 752 661 780 vicinos.
701 750 778 778 Hinc
802 750 910 779 mirum
935 748 1030 777 videri
1054 752 1170 787 potest,
1194 757 1286 786 quare
1309 748 1467 775 Iavolenus
1489 748 1554 775 viae
1577 746 1761 775 latitudinem
1782 745 1944 783 legitimam
1966 743 2061 771 fatea-

102 796 170 825 tur,
193 792 358 820 latitudinis
381 793 433 831 (an
456 793 604 832 itineris'?)
628 793 814 822 arbitrariam
838 792 944 826 faciat·‚
972 791 1001 819 in
1024 791 1102 829 lege:
1135 797 1212 819 certo
1232 791 1332 829 generi
1355 792 1402 822 13,
1422 790 1444 828 ς,
1469 790 1603 817 latitudo.
1619 793 1648 821 2.
1668 789 1696 817 ff.
1720 788 1756 817 de
1779 786 1945 816 servitutib.
1968 786 2062 813 rusti-

104 844 207 863 corum
233 834 433 873 praediorum.
468 834 502 863 ln
529 834 703 865 Geomeiria.
740 835 819 864 Idem
843 834 985 863 Boethius
1000 834 1036 862 ΙΙ.
1059 833 1095 862 de
1119 833 1297 862 Geometria.
1333 833 1370 861 Et
1393 832 1516 872 Epistol.
1530 834 1580 863 38.
1611 830 1721 863 Goth.
1753 830 1892 860 Actuosi.
1923 828 2059 863 Axitiasi,

101 876 170 905 vide
192 877 340 906 Aaeitiosi.
384 876 498 907 Idem.

266 919 511 949 Auxiliares.
555 921 720 960 Corruptus
745 925 788 950 est
811 921 841 949 in
865 920 921 949 fine
946 920 1048 956 locus,
1081 923 1168 958 atque
1190 919 1231 947 ita
1254 918 1440 947 dissimulata
1465 917 1543 946 Festi
1567 916 1721 953 sententia,
1756 921 1790 944 ut
1812 915 1865 943 vix
1886 914 1980 943 ullum
2004 923 2059 942 ve-

102 961 219 999 stigium
243 967 394 1000 appareat.
440 963 652 993 scribendum:
681 963 755 993 (licii
776 975 816 992 ex
841 962 952 992 Graeco
975 960 1118 991 vocabulo
1142 960 1249 1000 αὔξη,
1276 972 1294 989 α
1317 972 1374 1001 quo
1399 972 1452 990 nos
1475 959 1599 989 dicimus
1622 970 1713 987 rerum
1735 958 1921 988 crescentiam
1944 956 2059 985 auctio-

101 1015 174 1033 nem.
221 1004 318 1039 Quam
340 1004 413 1034 liaec
436 1006 586 1044 eleganter
609 1007 701 1043 dicta,
727 1011 830 1035 contra
855 1017 941 1044 quam
967 1006 1142 1034 adversetur
1164 1005 1244 1033 Festi
1264 1004 1355 1032 menti
1378 1004 1497 1039 vulgata
1521 1003 1626 1034 lectio,
1649 1012 1734 1030 nemo
1758 1011 1819 1029 non
1840 999 1932 1029 videt.
1979 999 2059 1034 Quin

102 1046 196 1075 audeo
221 1047 384 1083 affirmare,
414 1058 450 1076 ne
472 1049 548 1078 illud
572 1049 692 1088 quidem
715 1061 807 1078 rerum
832 1049 908 1077 Festi
931 1058 1002 1077 esse.
1047 1048 1146 1083 Quare
1170 1057 1316 1086 expunge.
1351 1045 1451 1077 Scal,
1491 1047 1528 1074 Et
1551 1045 1677 1081 auxilia,
1705 1044 1827 1077 milites,
1860 1043 1910 1080 qui
1933 1052 1949 1070 a
1971 1040 2060 1069 sociis

101 1089 151 1117 vel
172 1089 333 1118 foederatis
359 1091 496 1128 gentibus
526 1092 730 1122 mittebantur.
774 1092 870 1120 Varro
893 1091 1006 1120 lib.lV.
1029 1090 1064 1119 de
1088 1091 1118 1119 L.
1141 1091 1173 1120 L.
1204 1090 1266 1131 (V,
1290 1100 1319 1128 p.
1333 1092 1382 1121 92.
1407 1086 1475 1127 Sp.)
1507 1086 1674 1117 Auxilium
1702 1085 1868 1125 appellatur
1893 1083 1931 1112 ab
1959 1090 2058 1117 auctu,

101 1142 167 1160 cum
191 1141 388 1169 accesserant,
414 1134 465 1174 qui
485 1133 652 1164 adiumento
675 1141 765 1163 essent
787 1133 974 1173 alienigenae.
1017 1133 1118 1171 Neque
1141 1138 1237 1162 tamen
1262 1132 1297 1160 ab
1322 1129 1396 1170 αὔξη
1418 1131 1602 1167 immediate,
1627 1135 1659 1158 ut
1680 1129 1777 1157 voluit
1801 1127 1942 1165 Scaliger,
1965 1126 2058 1154 auxi-

100 1172 194 1203 liaris.
238 1175 297 1203 Sed
319 1175 355 1203 ab
379 1186 491 1214 augeo,
521 1177 605 1214 auxi,
635 1177 796 1214 auxilium,
829 1176 956 1213 auxilia,
986 1176 1148 1207 auxiliaris.
1193 1176 1295 1213 Augeo
1318 1180 1415 1203 autem
1438 1174 1473 1202 ab
1498 1171 1600 1210 αύξέω.
1645 1171 1729 1200 Dae.

264 1217 486 1248 Ausoniam.
532 1220 606 1257 Lege
627 1219 705 1248 infra
727 1219 921 1255 Auruncum,
959 1224 992 1247 ut
1015 1224 1043 1247 et
1066 1223 1137 1248 vett.
1162 1219 1238 1248 Edd.
1261 1218 1379 1246 habent.
1423 1218 1528 1245 Suessa
1555 1216 1766 1244 Auruncorum
1796 1211 1880 1240 etiam
1905 1208 1985 1248 apud
2007 1209 2057 1237 Li-

99 1258 182 1287 vium
205 1263 234 1287 et
257 1259 331 1287 alios
354 1260 482 1297 dicitur,
525 1262 605 1291 unde
631 1263 688 1290 suit
711 1262 863 1291 Lucillius.
909 1261 1000 1289 Cuius
1030 1261 1143 1290 Satirae
1172 1265 1334 1300 propterea
1363 1261 1506 1288 dicuntur
1529 1259 1674 1287 Camenae
1697 1258 1836 1289 Suessae,
1868 1253 1903 1281 ab
1927 1252 2058 1280 Ausonio

99 1301 137 1329 ad
158 1301 349 1331 Tetradium:
379 1302 482 1342 (Epist.
500 1304 552 1341 15,
577 1303 620 1344 9.)
646 1303 749 1333 Rudes
774 1302 915 1333 Camenas
937 1305 989 1344 qui
1010 1302 1131 1332 Suessae
1150 1304 1309 1344 praevenis.
1347 1304 1390 1331 Ita
1414 1302 1490 1331 enim
1517 1301 1673 1340 legendum
1696 1308 1757 1328 esse
1781 1295 1862 1336 apud
1884 1294 2057 1330 Ausonium,

99 1343 281 1372 ostendimus
303 1345 335 1373 in
358 1345 534 1375 lectionibus
553 1347 662 1375 nostris
683 1347 871 1375 Ausonianis.
899 1347 993 1375 Porro
1014 1346 1199 1375 Glossarium
1221 1351 1306 1375 vetus
1328 1345 1432 1374 habet:
1454 1345 1607 1380 Aurunci,
1631 1339 1783 1381 οἰκήτορες
1800 1337 1931 1372 Ἰταλίας.
1956 1335 2058 1366 Scal.

97 1385 298 1416 Beneventum
322 1392 350 1416 et
367 1388 450 1418 Cales
473 1390 551 1418 iuter
572 1389 661 1418 urbes
686 1390 835 1418 Ausoniae
865 1393 1010 1418 memorat
1038 1390 1125 1418 etiam
1148 1389 1261 1418 Livius.
1306 1389 1452 1417 Ausonem
1482 1392 1580 1415 autem
1604 1386 1702 1414 Circes
1725 1388 1753 1412 et
1777 1381 1888 1420 Ulyssis
1911 1379 1978 1415 alii,
2007 1379 2057 1407 alii

98 1429 244 1468 Calypsus
267 1435 296 1459 et
320 1431 445 1460 Atlantis
468 1432 561 1461 filium
585 1433 698 1461 dicunt.
736 1433 811 1461 Vide
835 1431 968 1460 Eustath.
993 1431 1030 1460 ad
1054 1432 1176 1471 Dionys.
1208 1431 1296 1461 Dac.
1336 1431 1502 1461 Aruncam.
1545 1430 1621 1466 Lege
1643 1428 1834 1461 Auruncum,
1870 1428 1902 1451 ut
1930 1422 1961 1450 in
1983 1426 2055 1452 vett.

96 1471 167 1500 libb.
191 1477 221 1500 et
242 1483 305 1501 eam
328 1473 431 1502 urbem
453 1474 600 1513 intellige,
632 1485 708 1514 quae
731 1486 748 1504 a
770 1475 911 1504 Sidicinis
934 1475 1030 1503 deleta
1054 1475 1124 1511 fuit,
1154 1485 1222 1503 cum
1245 1485 1307 1504 eam
1332 1474 1465 1502 Aurunci
1488 1472 1702 1507 deseruissent,
1731 1470 1923 1504 Suessamque
1945 1464 2056 1492 consu-

97 1514 225 1551 gissent,
254 1525 330 1554 quae
350 1516 386 1544 ab
411 1527 445 1545 eo
468 1524 569 1556 postea
593 1519 732 1546 Aurunca
757 1523 801 1547 est
824 1518 982 1556 appellata.
1022 1518 1085 1547 Liv.
1109 1518 1159 1547 lib.
1171 1517 1254 1554 VIII,
1285 1517 1332 1549 15.
1374 1515 1469 1545 Fama
1491 1515 1616 1556 offertur
1636 1512 1797 1542 Auruncos
1819 1516 1894 1537 metu
1916 1505 2056 1547 oppidum

99 1554 269 1594 deseruisse,
296 1557 498 1600 profugosque
521 1571 585 1590 cum
609 1560 781 1599 coniugibus
803 1571 840 1589 ac
862 1559 960 1588 liberis
984 1559 1119 1589 Suessam
1143 1560 1351 1596 communisse,
1382 1570 1456 1599 quae
1478 1569 1555 1586 nunc
1575 1556 1723 1586 Aurunca
1745 1551 1913 1593 appellata,
1942 1549 2057 1577 moenia

97 1599 220 1638 antiqua
241 1610 338 1628 eorum
361 1600 515 1641 urbemque
537 1613 556 1630 a
580 1602 722 1632 Sidicinis
745 1601 879 1631 deletam.
922 1602 998 1631 Vide
1021 1613 1110 1641 supra
1133 1614 1247 1632 aurum.
1294 1601 1401 1631 Idem.
2017 1634 2023 1640 ι
2047 1633 2053 1639 ·

98 1682 104 1687 ¹
149 1682 155 1687 .
181 1682 187 1687 ·
261 1640 472 1673 Alumento.
517 1645 572 1681 (lta
595 1645 670 1673 enim
694 1646 808 1683 vulgo.)
834 1645 887 1674 Aio
910 1645 1028 1674 Festum
1051 1647 1081 1674 in
1106 1645 1282 1684 depravatos
1305 1644 1426 1673 codices
1449 1641 1642 1671 vetustissimi
1664 1643 1771 1678 poetae
1792 1637 1868 1665 Livii
1891 1635 2056 1664 Andronici

96 1682 243 1711 incidisse.
286 1684 359 1712 Nam
382 1684 547 1716 Laumenio
570 1687 646 1716 dixit
671 1688 780 1718 Livius.
820 1687 863 1716 Ita
887 1688 947 1716 fere
970 1698 1086 1726 semper
1106 1693 1220 1717 veteres
1243 1687 1355 1723 Latini,
1379 1686 1466 1714 etiam
1488 1684 1684 1723 posteriores,
1710 1686 1745 1709 ut
1765 1679 1938 1708 Petronius:
1963 1676 2054 1723 Lau-

97 1732 182 1754 conie
202 1741 245 1747 —
262 1727 379 1765 gemina
400 1730 463 1757 nati
482 1730 608 1774 pignora
631 1729 803 1768 Lauconte5
840 1734 868 1759 et
891 1729 1085 1766 Lautumiae‚
1120 1741 1180 1759 non
1203 1729 1399 1767 Laoiomiae;
1436 1727 1520 1766 quod
1550 1724 1757 1763 cognoscimus
1785 1732 1822 1751 ex
1841 1722 1959 1750 Seneca.
2004 1719 2053 1746 Sic

95 1765 264 1814 Laudicea,
288 1778 343 1806 pro
366 1768 527 1800 Laodicea.
553 1773 666 1802 Plinius
688 1773 766 1801 libro
779 1773 815 1801 II.
839 1773 1040 1812 Epistularum
1065 1771 1135 1814 (14,
1160 1773 1216 1810 5.):
1242 1773 1314 1800 Nam
1337 1772 1378 1800 ibi
1399 1770 1562 1799 Laudiceni
1585 1767 1761 1797 dicebantur
1783 1774 1836 1804 per
1858 1764 1968 1800 iocum,
1990 1770 2052 1790 non

96 1818 177 1838 cives
200 1809 377 1847 Laodiceae,
403 1814 454 1842 sed
477 1815 526 1852 qui
550 1815 652 1844 laudes
675 1818 740 1844 cani
762 1816 889 1844 libenter
912 1815 1086 1852 audiebant3
1113 1821 1146 1844 ut
1170 1820 1199 1844 et
1221 1815 1309 1843 iidem
1332 1824 1391 1842 non
1415 1812 1559 1841 inurbane
1581 1810 1768 1839 vocabantur
1790 1809 1963 1846 σοφοκλεῖς,
1991 1813 2050 1832 non

96 1856 130 1880 ut
150 1854 275 1891 proprio
298 1854 414 1883 nomine
429 1857 546 1894 Tragici
567 1863 686 1897 poetae,
709 1859 760 1887 sed
784 1859 853 1897 quia
877 1859 988 1896 grande
1010 1861 1114 1893 σοφῶς
1135 1859 1195 1886 illis
1218 1857 1374 1885 dicebatur
1396 1867 1412 1884 a
1436 1855 1594 1884 conductis
1616 1858 1645 1882 et
1666 1850 1830 1889 redemptis
1851 1846 2050 1894 auditoribus.

94 1894 172 1932 Ergo
195 1895 298 1924 eodem
321 1897 409 1926 modo
426 1899 592 1929 Laumento
612 1911 666 1940 pro
683 1900 894 1931 Laomedonte.
920 1899 1021 1930 Scal.
1051 1901 1170 1939 Optime
1193 1900 1308 1928 monuit
1331 1899 1477 1935 Scaliger,
1500 1897 1618 1925 Festum
1641 1897 1672 1924 in
1696 1895 1874 1932 depravatos
1897 1890 1972 1918 Livii
1989 1889 2047 1916 An-

94 1936 211 1965 dronici
234 1938 358 1967 Codices
379 1939 526 1970 incidisse.
566 1943 702 1972 Fortasse
724 1944 883 1982 scripserat
904 1944 1007 1972 Festus
1030 1942 1192 1972 Alumeton
1215 1953 1268 1980 pro
1290 1939 1484 1978 Laomedon,·
1509 1949 1615 1978 nempe
1636 1935 1826 1976 transpositis
1848 1933 1954 1980 litteris
1977 1941 1996 1958 a
2018 1936 2047 1959 et

93 1978 108 2008 ἶ
127 1985 156 2008 et
179 1979 200 2007 cl
220 1985 334 2009 mutato
355 1982 386 2010 in
409 1990 430 2014 1.
475 1984 565 2020 Quod
588 1991 616 2015 et
637 1986 809 2015 doctissimo
832 1987 962 2014 Meursio
985 1985 1015 2013 in
1039 1990 1163 2013 mentem
1192 1985 1279 2013 video
1302 1983 1425 2013 venisse.
1458 1982 1546 2012 Dae.
1584 1979 1670 2010 Melo
1690 1990 1744 2019 pro
1763 1975 1844 2006 Nilo.
1883 1974 1958 2022 Vide
1977 1972 2045 2020 Al-

93 2020 164 2051 cedo
187 2027 217 2051 et
237 2023 269 2051 in
291 2023 385 2053 Melo.
418 2024 588 2056 Catamitus.
627 2028 702 2058 Vide
730 2039 821 2069 supra
845 2027 963 2058 Alcedo
990 2032 1019 2056 et
1041 2028 1072 2055 in
1098 2026 1268 2057 Catamitus.
1300 2024 1405 2055 Goth.
1444 2025 1539 2054 Etiam
1562 2023 1636 2053 Cod.
1656 2020 1816 2061 Lipsiensis
1837 2017 1934 2047 Paulli
1957 2015 2044 2046 exhi—

91 2063 143 2093 bet
165 2064 318 2096 Alumeio.

254 2108 427 2138 Accensi.
472 2111 547 2140 vide
568 2111 777 2153 Adscripticii.
821 2113 911 2142 Dae.
1880 2146 1884 2150 ι

253 2149 410 2181 Acerra.
454 2153 652 2184 Glossarium:
682 2156 915 2195 Accepturaria,
944 2155 1132 2194 λιβανωτρίς.
1167 2155 1283 2184 Acerra
1305 2154 1419 2183 iuraria
1440 2152 1605 2191 legendum.
1636 2147 1737 2179 Scal.
1773 2146 1886 2175 Nullibi
1911 2154 2041 2193 acerram

90 2201 146 2229 pro
169 2201 218 2220 ara
242 2202 288 2221 uie
312 2193 416 2232 legisse
440 2197 575 2234 memini,
615 2199 670 2226 nisi
698 2199 736 2226 ita
763 2199 897 2236 accipere
921 2197 1020 2226 lubeat.
1041 2197 1071 2225 in
1094 2198 1158 2235 lege
1181 2198 1246 2226 XII.
1268 2197 1348 2226 tabb.
1378 2197 1509 2226 Unctura
1530 2191 1642 2224 servilis
1664 2190 1788 2220 tollatur
1806 2189 1955 2228 omnisque
1977 2198 2040 2215 cir-

89 2235 286 2273 cumP⁰¹fl¹i⁰3
315 2247 349 2264 ΠΕ
371 2239 525 2277 respersio,
555 2251 589 2268 ne
611 2239 716 2280 longae
739 2239 888 2276 coronae,¹
911 2251 962 2269 nec
984 2251 1110 2269 acerrae.
1155 2240 1243 2275 Quod
1268 2251 1326 2269 non
1350 2240 1457 2279 placet.
1487 2237 1573 2266 Dae.
1615 2232 1736 2264 Scilicet
1756 2231 1807 2261 ubi
1829 2230 1894 2259 ilius
1917 2241 1945 2258 rc
1967 2239 2039 2274 one:

89 2273 167 2324 bani.
212 2277 294 2306 Ilaec
321 2280 443 2308 omnino
470 2281 595 2311 delenda
618 2288 701 2321 sunt,
739 2283 851 2322 quippe
874 2292 950 2321 quae
973 2282 1010 2311 ad
1033 2282 1261 2321 explicationem
1285 2283 1367 2311 vocis
1390 2280 1552 2310 thurariam
1574 2278 1635 2307 huc
1658 2276 1782 2305 adiecta.
1817 2272 1926 2301 Idem.
1970 2267 2037 2298 Almo

88 2315 191 2347 dicuni
212 2318 347 2349 arculam
370 2333 428 2351 esse
448 2322 621 2354 thurariam.
659 2326 744 2355 Unde
768 2325 882 2354 Glossis
905 2325 1026 2362 Acerra,
1049 2325 1269 2364 accepturaria,
1292 2325 1475 2361 turibulum,
1496 2327 1527 2352 et
1548 2320 1733 2361 λιβανωτρίς.
1769 2315 1943 2345 Turibulum
1968 2319 2034 2338 vero

87 2359 155 2389 alibi
175 2361 386 2404 θυμιατήριον.
431 2363 536 2396 Goth.
