2263 2668
225 472 232 478 ⁸
243 469 260 492 f.
286 464 383 491 exordi-

281 505 329 525 tae.

236 1128 270 1152 ·f.
287 1128 379 1153 Virdu-

275 1171 343 1187 rnaro

395 208 467 242 190
1011 201 1152 235 SEXTI
1178 201 1376 236 POMPEII
1406 201 1543 237 FESTI

394 297 643 345 potentissimus.
704 296 828 335 Dialis;
874 296 952 339 quia
985 296 1125 330 universi
1159 297 1275 331 mundi
1309 297 1463 331 sacerdos
1499 299 1556 342 qni
1582 298 1770 343 appellatur
1799 296 1931 333 Diuml.
1984 300 2146 335 Martialis

394 349 484 394 quod
508 348 601 381 Mars
628 348 807 382 conditoris
834 348 922 381 urbis
948 360 1077 392 parens.
1130 349 1323 390 Quirinalis:
1350 350 1440 383 socio
1468 350 1599 394 imperii
1621 350 1765 382 Romani
1789 349 1930 382 Curibus
1956 353 2056 386 ascito
2081 353 2167 394 Qui-

395 403 474 434 rino.
528 400 683 433 Pontifex
710 401 889 438 maximus,
931 400 1023 442 quod
1049 399 1151 433 iudex
1177 407 1277 444 atque
1300 401 1424 433 arbiter
1451 401 1594 434 habetur
1621 413 1731 434 rerum
1759 401 1961 443 divinarum,
2002 404 2167 438 humana-

395 464 543 495 rumque.
598 452 744 485 Ordiri
772 457 820 484 est
846 452 892 484 rei
920 452 1122 496 principium
1150 453 1278 490 facere,
1306 453 1394 484 unde
1419 458 1450 485 et
1474 458 1575 498 togae
1597 458 1758 486 vocantur
1779 453 1935 486 exordiae
1946 457 1968 486 *.
2022 455 2168 500 Opaca

396 510 555 538 vocantur
582 504 746 536 umbrosa.
809 502 965 548 Opalia
994 503 1063 536 dies
1090 504 1181 544 festi,
1227 505 1345 546 quibus
1372 506 1578 549 supplicatur
1605 504 1707 549 Opi,
1753 505 1983 549 appellantur3
2026 518 2167 550 quorum

398 557 481 589 alter
959 554 1146 599 Optutu,
1184 555 1275 598 quasi
1302 556 1450 599 optuitu.
1478 568 1497 588 a
1523 557 1645 597 verbo,
1673 556 1765 599 quod
1792 561 1838 589 est
1865 561 1955 595 tuor3
1988 563 2020 590 et
2042 559 2168 603 signifi—-

399 614 451 640 cat
477 607 586 639 video.
641 605 845 650 Optatam
872 606 1033 649 hostiam,
1077 607 1132 638 alii
1158 607 1320 651 optimam
1347 607 1520 651 appellant
1547 619 1639 650 eam,
1683 619 1783 651 quam
1805 607 1932 641 Aedilis
1958 609 2060 642 tribus
2086 621 2168 643 con—

399 659 513 691 stitutis
541 658 654 690 hostiis
681 664 792 702 optat,
833 669 933 701 quam
960 659 1124 691 immolari
1151 659 1239 691 velit.
1293 657 1478 703 Opima2
1511 660 1616 703 spolia
1651 658 1804 692 dicuntur
1837 660 1999 704 originem
2033 661 2168 704 quidem

398 709 559 743 trahentia
587 710 628 742 ab
657 708 735 754 Ope
758 710 890 742 Saturni
922 721 1042 753 uxore,
1093 710 1185 753 quod
1212 710 1283 754 ipse
1310 722 1467 755 agrorum
1495 711 1603 744 cultor
1629 710 1788 752 habetur,
1834 712 2018 745 nominatus
2045 724 2064 745 a
2086 718 2168 753 satu,

399 768 578 804 tenensque
606 761 728 794 falcem
756 761 943 806 effingitur,
979 773 1064 805 quae
1092 767 1139 794 est
1166 762 1292 806 insigne
1321 763 1498 807 agricolae.
1550 763 1666 806 ltaque
1699 763 1757 795 illa
1785 774 1920 806 quoque
1949 764 2169 807 cognomina-

411 810 431 861 Η
448 819 500 846 tur
522 813 675 853 Consiva,
692 818 724 845 et
741 824 810 846 esse
826 813 1026 846 existimatur
1042 818 1136 846 terra.
1190 813 1340 856 Ideoque
1367 815 1398 846 in
1420 815 1529 858 Regia
1556 815 1676 847 colitur
1697 826 1716 846 a
1736 815 1772 848 P.
1786 814 1913 857 R.quia
1933 825 2048 847 omnes
2066 814 2167 860 [174]

399 877 480 910 opes
506 864 654 896 humano
681 865 795 909 generi
822 870 909 896 terra
935 866 1066 898 tribuat.
1126 865 1222 909 Ergo
1255 870 1285 898 et
1313 866 1462 910 opulenti
1489 866 1643 899 dicuntur
1670 866 1874 899 terrestribus
1899 867 1997 899 rebus
2025 867 2170 910 copiosi;

398 923 431 950 et
454 916 582 948 hostiae
610 915 743 959 opimae
771 917 951 960 praecipue
978 917 1136 961 pingues,
1179 922 1211 949 et
1237 917 1350 961 opima
1377 917 1555 962 magnifica
1583 923 1615 949 et
1641 917 1764 961 ampla.
1825 917 1926 950 Unde
1952 918 2059 962 spolia
2085 928 2171 961 quo-

398 979 463 1012 que
490 979 575 1011 quae
603 967 669 1000 dux
692 968 725 1001 P.
751 968 791 1002 B.
817 968 895 1001 duci
919 968 1062 1000 hostium
1086 968 1242 1007 detraxit3
1275 980 1417 1012 quorum
1440 973 1529 1001 tanta
1551 970 1666 1001 raritas
1689 974 1752 1010 est,
1778 973 1813 1000 ut
1835 969 1919 1001 intra
1941 981 2044 1002 annos
2066 969 2171 1014 paulo

1760 1020 1843 1052 trina
1878 1021 2077 1065 contigerint
2108 1032 2172 1054 no-

400 1071 478 1104 mini
507 1072 669 1103 Romano.
698 1082 782 1109 una,
818 1082 904 1114 quae
926 1071 1089 1103 Romulus
1116 1071 1159 1104 de
1186 1072 1337 1109 Acrone:
1373 1072 1494 1111 altera,
1531 1083 1617 1115 quae
1640 1071 1764 1105 Consul
1787 1071 1907 1105 Cossus
1929 1072 2102 1105 Cornelius
2128 1072 2172 1105 de

400 1123 601 1159 Tolumni03
645 1123 758 1162 tertia,
803 1134 889 1165 quae
916 1122 964 1155 Μ.
986 1123 1169 1156 Marcellus
1196 1123 1266 1155 lovi
1298 1124 1449 1156 Feretrio
1477 1124 1520 1157 de
1546 1124 1768 1156 viridomato*
1792 1123 1940 1157 fixerunt.
1994 1124 2043 1159 M.
2066 1124 2173 1157 Varro

401 1175 445 1207 ait
472 1175 585 1218 opima
611 1173 720 1218 spolia
746 1185 835 1214 esse,
883 1175 981 1207 etiam
1010 1176 1035 1207 si
1063 1175 1260 1219 manipulari
1288 1175 1382 1208 miles
1408 1176 1600 1211 detraxerit:
1649 1175 1835 1208 dummodo
1863 1176 1941 1209 duci
1967 1175 2111 1208 hostium
2163 1200 2173 1209 .

402 1250 1766 1262 .......................
1793 1238 1860 1260 non
1877 1228 1947 1260 sint.
1978 1227 2034 1260 Ad
2054 1226 2173 1260 aedem

398 1278 484 1310 Iovis
505 1277 635 1310 Feretri
661 1278 742 1321 poni
768 1278 954 1310 testimonio
982 1289 1050 1310 esse
1076 1278 1178 1310 libros
1201 1279 1417 1317 Pontificum
1453 1279 1484 1311 in
1513 1279 1632 1321 quibus
1659 1279 1714 1311 sit:
1750 1280 1829 1311 Pro
1855 1278 1999 1323 primis
2026 1278 2174 1323 spoliis

242 1333 277 1358 Ὗ.
299 1333 372 1362 bove,
399 1330 546 1362 bovem
562 1333 586 1369 ¹,
618 1339 694 1372 pro
721 1329 918 1363 secundis
945 1330 1277 1367 solitaurilibus,
1305 1341 1382 1373 pro
1410 1331 1550 1362 tertiis
1577 1342 1688 1375 agno
1716 1331 1891 1373 publice
1918 1330 2017 1363 fieri
2045 1330 2173 1363 debe-

227 1386 234 1393 ¹
243 1385 260 1408 f.
278 1384 390 1417 Pompeli

276 1419 344 1451 regis

400 1393 459 1415 Γθζ

507 1392 595 1413 esse
628 1381 753 1413 etiam
789 1381 999 1425 compelli
1026 1385 1179 1426 reges*
1204 1382 1343 1426 legem
1372 1382 1602 1426 opimorum
1631 1382 1874 1425 spoliorum
1902 1382 2041 1414 talem.

2095 1381 2174 1414 Cu-

401 1433 464 1464 ius
492 1432 684 1475 auspicio
713 1432 850 1465 classe
877 1433 1106 1475 procincta
1134 1433 1275 1476 opima
1302 1434 1442 1477 spolia
1468 1434 1717 1477 capiuntur,
1762 1433 1854 1465 Iovi
1879 1433 2077 1465 Feretrio
2105 1432 2173 1464 da-

402 1484 488 1516 rier
521 1488 739 1527 oporteat,
793 1489 832 1517 et
864 1484 1015 1516 bovem
1048 1484 1237 1522 caedit0;

404 1535 553 1568 Martis
581 1546 691 1567 aram
718 1535 757 1567 in
785 1546 952 1579 campo,

486 1677 515 1718 1)
534 1679 619 1707 Dius
632 1678 679 1707 rel
688 1681 761 1714 Διος
776 1688 866 1716 marg.
878 1678 949 1707 Ven.
960 1679 1008 1708 Sc.
1030 1695 1072 1701 —
1094 1678 1123 1719 2)
1136 1680 1269 1719 Opima]

401 1722 538 1761 Pompeli
559 1723 639 1761 regis
664 1721 695 1749 in
715 1722 847 1759 margine
871 1722 1061 1761 scripsimus,
1095 1732 1150 1761 pro
1174 1725 1271 1751 Pom—

397 1765 467 1804 pili,
491 1764 560 1803 quia
574 1764 614 1792 ita
632 1764 745 1802 antiqui
761 1764 914 1801 dicebant,
938 1770 971 1793 ut
988 1765 1092 1793 Ducli.
1111 1775 1166 1804 pro
1185 1767 1270 1794 Dm·-

404 1808 449 1837 lii.
476 1813 504 1835 et
525 1807 653 1836 schedae
674 1806 800 1843 habent,
833 1808 990 1846 Pompellz'.
1036 1808 1174 1836 Formula
1198 1808 1270 1846 legis

404 1850 599 1878 dedicationis
624 1860 706 1885 arae,
731 1850 766 1878 de
787 1860 842 1888 qua
866 1850 896 1877 in
916 1850 973 1878 hoc
988 1850 1167 1888 fragmento,
1191 1855 1271 1879 extat

405 1892 481 1930 apud
501 1903 564 1926 nie,
590 1893 765 1930 quamlibet
790 1892 964 1921 adscribere.
988 1893 1158 1928 QVANDO.
1183 1894 1270 1923 TIBI.

406 1934 534 1962 HODIE.
557 1935 668 1963 HANG.
697 1935 815 1964 ARAM.
847 1935 958 1963 DABO.
983 1935 1269 1972 DEDICABOQVE.

407 1976 478 2006 HIS.
504 1978 675 2006 LEGIBVS.
698 1977 850 2013 HISQVE.
873 1978 1181 2007 REGIONIBVS.
1206 1979 1271 2006 DA-

408 2017 467 2045 BO.
504 2019 785 2056 DEDICABOQVE.
824 2020 919 2056 QVA
930 2021 960 2052 S.
997 2021 1085 2050 HIC.
1116 2021 1269 2051 HODIE.

408 2058 546 2089 PALAM.
590 2063 748 2092 DIXERO.
791 2063 876 2092 VTI.
923 2063 1096 2093 INFIMVM.
1132 2064 1270 2095 SOLVM.

411 2100 612 2137 HVIVSQVE.
638 2105 748 2136 ARAE.
772 2105 1090 2142 TITVLORVMQVE.
1113 2106 1192 2137 EST.
1219 2106 1270 2135 SI-

411 2142 529 2177 QVIS.
559 2145 745 2178 TERGERE.
777 2148 942 2178 ORNARE.
971 2149 1168 2180 REFICERE.
1201 2149 1271 2178 V0—

412 2183 490 2214 LET.
501 2185 617 2220 QVOD.
630 2189 826 2221 BENEFICII.
846 2192 976 2222 CAVSA.
991 2192 1089 2222 FIAT.
1105 2192 1176 2220 IVS.
1190 2192 1272 2220 FAS·

413 2224 500 2260 QVE.
531 2228 635 2257 ESTO.
665 2232 757 2261 SIVE.
788 2233 888 2269 QVIS.
919 2234 1072 2264 HOSTIA.
1108 2235 1272 2263 SACRVM.

416 2266 541 2297 FAXIT.
579 2270 657 2304 QVI.
693 2273 948 2305 MAGMENTVM.
979 2277 1066 2306 NEC.
1104 2277 1274 2306 PROTOL-

415 2309 500 2340 LAT.
545 2310 707 2341 IDCIRCO.
750 2317 888 2347 TAMEN.
930 2319 1063 2349 PROBE.
1109 2320 1272 2349 FACTVM.

415 2351 522 2381 ESTO.
553 2354 687 2389 SIQVIS.
716 2355 816 2387 HVIC.
848 2360 958 2389 ARAE.
988 2362 1132 2391 DONVM.
1163 2362 1275 2391 DARE.

416 2394 661 2432 AVGEREQVE.
698 2397 834 2428 VOLET.
869 2403 1014 2431 LICETO.
1048 2404 1273 2441 EADEMQVE.

417 2437 501 2465 LEX.
524 2438 571 2467 ΕΙ.
589 2439 705 2467 DONO.
729 2440 834 2470 ESTO.
852 2442 962 2472 ARAE.
977 2445 1090 2479 QVAE.
1116 2447 1192 2476 EST.
1220 2448 1273 2478 ET.

418 2479 597 2511 CETERAE.
621 2481 749 2510 LEGES.
774 2482 875 2513 HVIC.
900 2485 1012 2517 ARAE.
1035 2488 1271 2523 TITVLISQVE.

1290 1485 1358 1528 qui
1392 1485 1506 1529 cepit
1534 1485 1650 1520 aeris.
1677 1495 1731 1518 cc.
1761 1484 1947 1518 secunda
1974 1484 2111 1528 spolia
2137 1484 2174 1515 in

1002 1536 1262 1568 solitaurilia
1289 1541 1383 1569 utra
1410 1537 1616 1575 voluerit,

255 1589 288 1614 ·f.
308 1588 366 1614 Iano
402 1587 547 1620 Ianui*
576 1586 755 1627 Quirino
780 1598 931 1631 agnum
959 1598 1108 1620 marem
1137 1588 1318 1620 caedito.
1346 1587 1384 1620 C.
1410 1588 1479 1631 qui
1506 1588 1670 1632 ceperit
1696 1599 1743 1621 ex
1769 1598 1863 1620 aere
1891 1587 2007 1626 dat03

1664 1536 1844 1570 caedito.
1877 1536 2005 1569 tertia
2032 1535 2175 1580 spolia

2058 1596 2175 1621 culus

1314 1680 1450 1710 SVNTO.
1487 1680 1604 1716 QVAE.
1634 1680 1740 1709 SVNT.
1778 1679 1908 1709 ARAE.
1941 1679 2096 1708 DIANAE.
2126 1679 2176 1707 IN.

1314 1723 1519 1752 AVENTlNO.
1547 1723 1700 1759 HISQVE.
1730 1723 1903 1753 LEGIBVS.
1933 1721 2085 1757 HISQVE.
2113 1721 2177 1750 RE.

1315 1765 1508 1795 GIOMBVS.
1527 1766 1593 1796 SIC.
1617 1766 1690 1794 VTI.
1707 1765 1799 1794 DIXI.
1824 1765 1935 1793 HANG.
1952 1764 2038 1793 TIBI.
2061 1763 2176 1794 ARAM.

1313 1808 1399 1837 PRO.
1419 1808 1494 1836 IMP.
1519 1808 1698 1839 CAESARE.
1723 1807 1912 1837 AVGVSTO.
1943 1808 1974 1836 P.
1997 1807 2028 1835 P.
2051 1806 2178 1835 PONTI-

1315 1851 1407 1879 FICE.
1451 1851 1619 1880 MAXIMO.
1664 1851 1893 1879 TRIBVNICIA.
1943 1849 2176 1878 POTESTATE.

1314 1894 1414 1923 XXX.
1467 1894 1690 1922 CONIVGE.
1728 1893 1925 1922 LIBERIS.
1963 1892 2177 1927 GENTEQVE.

1313 1936 1410 1965 EIVS.
1451 1936 1610 1965 SENATV.
1647 1936 1888 1971 POPVLOQVE.
1931 1935 1964 1965 R.
2008 1935 2178 1964 COLONlS.

1313 1978 1555 2014 INCOLISQVE.
1572 1979 1654 2008 COL.
1671 1979 1743 2007 IVL.
1760 1977 1918 2007 PATERN.
1933 1977 2046 2006 NARB.
2064 1977 2178 2005 MART.

1315 2021 1394 2057 QVI.
1414 2022 1467 2050 SE.
1493 2021 1639 2050 NVMINI.
1663 2022 1756 2050 EIVS.
1780 2021 1828 2050 IN.
1855 2019 2095 2049 PERPETVVM.
2116 2020 2179 2048 CO-

1313 2063 1451 2092 LENDO.
1477 2063 1785 2097 OBLIGAVERVNT.
1815 2063 1955 2098 DOQVE.
1982 2062 2178 2091 DEolco-

1315 2107 1415 2142 QVE.
1453 2106 1528 2136 VTI.
1560 2107 1648 2136 SIES.
1679 2107 1837 2135 VOLENS.
1870 2105 2081 2134 PROPITIVS.

1314 2151 1417 2186 Legem
1447 2159 1519 2178 vero
1550 2150 1678 2186 Numae,
1715 2149 1752 2178 de
1781 2149 1883 2188 spoliis
1913 2148 2034 2186 opimis,
2073 2148 2113 2176 ita
2142 2157 2178 2176 ex

1316 2191 1470 2221 Plutarchi
1498 2192 1641 2221 Marcello
1670 2202 1725 2221 nos
1756 2191 1990 2227 emendandam,
2036 2190 2178 2230 supplen-

1317 2235 1446 2273 damque
1469 2235 1681 2264 existimamus.

1317 2277 1472 2313 QVOIVS.
1524 2277 1709 2306 AVSPICIO.

1379 2320 1533 2349 OPEJMA.
1561 2320 1708 2351 SPOLIA.

1318 2362 1546 2392 cAPIVNTva.
1569 2363 1685 2392 [ovar.
1707 2359 1905 2391 FERETRIO.
1927 2357 2069 2387 ΒονΕΜ.
2091 2355 2177 2384 οΑΕ-

1317 2405 1636 2483 Qviilffo'cEPET.
1681 2445 1825 2474 AEms.
1867 2443 1946 2471 ccc.
1993 2439 2175 2469 naama.

1380 2488 1595 2517 OPORTETO.

1770 2276 1895 2304 CLASE.
1951 2271 2176 2304 PROCINCTA.
