2263 2668
239 168 316 204 638
667 166 1012 202 COMMENTARII
1037 166 1086 199 IN
1111 165 1254 200 PAULI
1280 166 1476 201 DIACONI
1501 166 1756 201 EXCERPTA

241 263 283 291 De
305 262 363 291 hoe
385 263 491 290 Laevio
515 261 608 288 multa
637 259 767 288 diximus
797 258 833 286 ad
858 258 1028 286 Ausonium.
1060 257 1161 288 Scal.
1206 260 1362 289 Turnebus
1386 259 1499 297 legebat
1522 258 1641 288 reluvia.
1680 260 1739 289 Sed
1761 259 1928 289 meminisse
1950 271 2016 291 eum
2039 265 2185 302 oportuit,

242 303 256 334 l
276 306 384 333 mutari
407 305 434 332 in
458 302 492 338 d,
517 312 607 340 quare
630 303 672 330 sic
697 302 806 339 optime
822 301 945 329 Redivia
963 302 1009 329 vel
1024 301 1157 330 Reduvia
1181 312 1236 341 pro
1260 302 1369 331 reluvia
1391 313 1405 330 a
1430 301 1580 337 reluctata,
1606 302 1674 340 quia
1699 303 1776 332 cutis
1799 313 1830 332 se
1853 303 1931 331 circa
1955 313 2067 342 ungues
2088 306 2185 335 reluit.

243 348 339 376 Closs,
363 345 479 374 reduvia
502 346 678 384 παρουυχίς.
722 344 796 372 Ptin.
821 343 956 382 (XXIX,
980 344 1041 381 2.):
1080 343 1169 372 Lana
1197 345 1318 375 succida
1347 343 1474 373 redivias
1502 351 1597 373 sanat.
1645 346 1684 373 De
1712 345 1789 384 peile
1818 345 1906 374 etiam
1936 346 2047 376 dicitur
2067 356 2134 376 cum
2157 358 2187 377 se

242 389 340 427 flagris
361 387 500 423 resolvit,
532 391 565 415 ut
586 388 615 415 in
639 388 692 416 illo
715 386 816 415 Titinii
837 387 944 414 veteris
968 386 1095 415 Comici:
1133 386 1294 416 ‚Lassitudo
1319 388 1501 424 conservum,
1532 385 1666 416 reduviae
1678 388 1786 427 flagri.
1830 388 1904 418 lnde
1926 387 2111 420 Reduviosus
2132 399 2188 429 pro

242 441 345 469 aspero
369 434 398 458 et
419 428 529 458 hiante.
576 430 613 458 Ut
634 431 664 458 in
687 430 831 457 Scazonte
853 429 925 457 isto:

862 470 974 499 Scabra
996 471 1027 498 in
1050 469 1169 509 legendo
1193 471 1370 500 recliviosave
1392 469 1554 512 offendens.

242 514 331 543 Cuius
355 518 460 542 auctor
482 514 556 543 male
580 514 661 553 apud
686 520 818 542 nostrum
842 514 959 544 citatur,
1005 513 1172 549 Legendum
1196 515 1270 542 enim
1295 519 1327 542 ut
1350 515 1460 552 optime
1484 513 1600 542 monuit
1622 513 1700 542 Seal.
1743 514 1816 543 Inde
1839 515 1925 543 etiam
1950 514 2084 545 reduvias
2105 527 2188 545 esca-

241 568 304 585 rum
328 556 405 585 dixit
429 557 547 585 Solinus
567 567 623 595 pro
646 557 704 585 cibi
727 557 861 594 reliquiis
884 558 945 585 sive
968 555 1099 583 minutiis
1123 566 1262 585 escarum.
1288 556 1376 586 Dae.
1419 555 1522 586 Lucre.
1562 556 1620 584 Alii
1644 566 1799 594 perperam
1821 564 1898 585 tuere
1919 558 1967 586 vel
1990 556 2082 587 cluere.
2118 559 2189 589 Cae-

241 603 338 628 terum
369 600 449 628 luere
476 599 553 627 idem
579 610 640 628 esse
665 600 745 638 quod
769 599 899 634 solvere,
936 603 1052 626 constat
1074 598 1160 627 etiam
1184 610 1220 627 ex
1244 599 1334 627 veibo
1358 597 1499 637 Reluere‚·
1537 603 1566 627 et
1588 599 1617 627 in
1640 598 1659 627 l.
1674 600 1702 629 8.
1728 600 1757 627 in
1780 600 1800 629 f.
1823 600 1851 628 ff.
1875 600 1911 628 de
1932 611 1964 629 re
1986 601 2124 639 militari,
2161 607 2190 631 et

242 642 316 672 Cod.
341 641 377 670 de
400 642 523 670 luitione
545 642 684 680 pignoris
713 641 816 672 Goth.
850 640 987 669 Redivia.
1020 641 1130 669 Glossis
1151 640 1287 670 Reduvia
1309 642 1491 681 παρονυχίς,·
1513 641 1614 670 iisdem
1636 642 1820 682 παρονυχία,
1843 641 1991 671 Redubia.
2021 642 2187 673 Reluvium.

242 684 408 714 Redivium.
454 683 561 712 Idem.

405 725 648 755 Recihostire.
694 726 766 754 Attii
795 736 899 754 versus
927 725 1085 753 mendosus
1114 730 1172 761 est;
1210 731 1237 754 et
1261 736 1275 753 a
1300 725 1395 753 Nonio
1420 726 1560 754 Marcello
1591 726 1675 766 (pag.
1693 728 1762 759 165.
1787 726 1895 765 Merc.)
1918 727 2143 766 corruptissime
2165 728 2189 756 is

244 778 363 807 quoque
384 769 524 797 refertur.
565 767 644 807 Quid
667 768 715 797 hic
738 767 877 797 redhostit
900 769 975 796 viam
1001 775 1119 797 comeret
1141 766 1369 809 obietfacilius.
1393 768 1479 799 Ant.
1499 768 1592 808 Aug.
1638 769 1766 799 Naevius
1788 771 1818 799 in
1840 767 1946 798 Ludo:

702 810 759 839 Ubi
785 810 889 839 Veiens
912 822 1003 849 regem
1026 809 1154 839 salutat:
1181 810 1262 839 iubeo
1285 809 1439 838 Albanum
1462 810 1618 840 Amulium

701 851 825 882 Comiter
847 864 939 881 senem
962 853 1134 892 sapientem:
1161 861 1264 882 contra
1289 851 1430 882 redhostis
1453 852 1600 883 Menalus.

242 893 280 923 Et
301 894 406 924 Attius
427 894 661 934 Amphitruone:

699 954 741 960 -—-
787 936 864 967 Cedo
887 936 992 977 ecquid
1015 944 1042 965 te
1063 936 1218 974 redhostit,
1245 948 1310 966 cum
1333 947 1366 965 ea
1389 937 1451 965 seni

703 980 831 1010 Obiecta
847 978 1006 1022 facilius?

242 1019 355 1050 Ennius
376 1021 407 1049 in
432 1018 621 1061 Cresphonte.-

697 1063 785 1094 Audi
807 1072 895 1104 atque
916 1062 1026 1093 auditis
1049 1063 1251 1092 hostimentum
1274 1062 1438 1103 adiungito.

243 1103 281 1134 Et
305 1105 335 1133 in
358 1103 498 1135 Hectoris
520 1105 640 1145 Lytris:

698 1148 788 1187 Quem
812 1160 874 1177 mea
899 1149 1029 1178 cominus
1051 1147 1206 1176 machaera
1230 1154 1316 1187 atque
1339 1147 1426 1177 hasta
1448 1147 1567 1177 hostivit
1589 1159 1704 1178 emanu.

242 1187 358 1217 Emanu
380 1200 436 1228 pro
459 1191 577 1220 eminus.
621 1191 718 1229 Atque
749 1193 789 1219 ita
819 1191 891 1220 haec
920 1191 1073 1230 deplorata
1096 1191 1126 1218 in
1148 1191 1296 1227 integrum
1318 1190 1455 1218 fortassis
1478 1192 1613 1219 restituta
1638 1196 1716 1220 sunt.
1761 1191 1794 1220 In
1813 1201 1902 1220 versu
1924 1191 2027 1220 Naevii
2049 1190 2127 1220 idem
2149 1195 2194 1219 est

243 1241 277 1258 ac
299 1231 329 1259 in
352 1232 482 1261 Andria:
515 1232 603 1263 Iubeo
630 1232 811 1265 Chremetem.
840 1232 935 1263 Scal.
976 1232 1159 1262 Redhostire.
1200 1233 1257 1261 Par
1280 1233 1345 1271 pari
1369 1233 1497 1270 referre,
1530 1244 1598 1262 nam
1621 1233 1729 1262 hostire
1751 1238 1796 1263 est
1819 1244 1954 1272 aequare.
1992 1235 2087 1263 Plaut.
2110 1233 2192 1262 Asin.

244 1274 307 1302 Act.
323 1274 360 1303 ΙΙ.
384 1284 424 1303 sc.
440 1278 470 1307 2.
495 1276 604 1314 (109.);

695 1335 737 1339 -
784 1317 861 1357 Quin
880 1319 1021 1357 promitto
1044 1319 1164 1358 inquam
1188 1317 1296 1346 hostire
1318 1325 1436 1354 contra,
1460 1325 1492 1346 ut
1513 1319 1658 1347 merueris.

243 1359 316 1388 Inde
339 1358 558 1397 hostimentum,
583 1361 662 1398 quod
685 1360 754 1390 vide
776 1371 831 1390 suo
854 1361 929 1389 loco.
952 1361 1040 1390 Dac.
1081 1358 1158 1390 Cedo
1180 1358 1288 1399 ecquid
1310 1367 1336 1388 te
1358 1359 1557 1389 redhostimm.
1590 1361 1881 1390 contaminatissima
1907 1365 1976 1389 sunt
1997 1361 2061 1390 ista.
2092 1360 2193 1398 Neque

243 1402 362 1430 saniora
385 1401 463 1440 apud
486 1402 614 1431 Nonium
639 1404 722 1442 (pag.
738 1404 808 1435 165.
833 1404 957 1442 Mem),
993 1404 1043 1432 ubi
1066 1403 1108 1431 sic
1130 1403 1286 1440 leguntur:
1327 1400 1407 1440 Quid
1431 1402 1480 1430 hic
1509 1401 1649 1431 redhostit
1670 1402 1774 1434 viam?
1809 1404 1942 1433 comitem
1964 1402 2040 1433 obiet
2052 1401 2192 1444 facilius.

244 1443 314 1472 Vel:
338 1445 454 1473 comitet
477 1453 553 1485 optet
567 1445 707 1487 facilius.
752 1446 881 1484 Propius
906 1446 943 1475 ad
966 1451 1094 1475 veterem
1118 1446 1316 1483 scripturam,
1342 1454 1430 1482 quam
1452 1444 1568 1482 legebat
1590 1445 1735 1483 Scaliger,
1759 1446 1783 1475 si
1805 1446 1900 1484 legas:

700 1486 776 1517 Cedo
799 1486 905 1528 ecquid
926 1488 974 1519 hic
996 1487 1136 1517 redhostit
1160 1485 1264 1516 viam?
1293 1486 1357 1524 Quo
1380 1498 1425 1515 me
1446 1493 1561 1527 temptet
1573 1486 1714 1529 facilius.

243 1527 317 1556 Nam
339 1528 430 1567 plane
451 1529 566 1567 gemina
589 1534 657 1559 sunt
678 1531 823 1559 Plautinis
846 1531 909 1559 istis
932 1532 962 1559 in
986 1530 1118 1569 Amphit.
1142 1529 1198 1567 (11,
1221 1532 1257 1565 2,
1281 1531 1331 1560 28.
1345 1528 1437 1568 seq.):

699 1589 741 1596 —
785 1590 822 1594 —-
870 1589 908 1594 ——
953 1572 1033 1601 Nam
1057 1570 1128 1612 quid
1151 1571 1305 1600 revortitur

701 1614 760 1654 Qui
782 1614 893 1644 dudum
913 1625 1071 1654 properare
1092 1613 1207 1651 aiebam,-
1230 1624 1269 1642 an
1292 1611 1343 1642 ille
1364 1624 1409 1641 me
1430 1619 1522 1641 tentat
1543 1611 1663 1643 sciens?

245 1655 403 1693 Eleganter
425 1654 534 1684 Accius
557 1655 715 1686 redhostire
735 1658 813 1686 viam
837 1658 915 1686 dixit
936 1658 1014 1686 viam
1037 1658 1150 1686 iterare.
1193 1655 1268 1684 Nam
1291 1654 1451 1684 redhostire
1472 1655 1547 1684 nihil
1576 1655 1660 1684 aliud
1684 1661 1728 1685 est
1750 1665 1838 1694 quam
1861 1656 1973 1684 iterare
1995 1654 2077 1693 quod
2098 1653 2195 1681 hosti-

244 1702 306 1726 tum
328 1699 433 1728 fuerat.
458 1696 568 1727 Idem.
601 1699 670 1728 Nisi
692 1711 808 1730 coerceo
827 1701 1053 1739 protervitatem.
1083 1699 1170 1727 Hunc
1191 1698 1313 1727 Pacuvii
1336 1708 1455 1727 versum
1479 1697 1580 1726 laudat
1603 1698 1691 1727 etiam
1714 1699 1827 1727 Nonius
1850 1696 1930 1739 (pag.
1945 1699 2015 1729 121.
2039 1693 2143 1736 Mero.)
2165 1695 2196 1724 in

245 1739 365 1776 hostire,
390 1741 471 1778 quod
494 1741 711 1781 interpretatur
735 1743 939 1782 comprimere,
963 1740 1121 1771 retundere.
1166 1741 1224 1770 Sed
1244 1740 1327 1780 apud
1349 1740 1432 1769 illum
1456 1741 1581 1779 legitur:
1611 1740 1679 1770 Nisi
1701 1751 1851 1771 coercuero
1872 1740 2098 1780 protervitatem.
2137 1737 2197 1767 Me-

245 1781 301 1810 lius
324 1793 361 1811 ex
383 1783 534 1821 utrisque:

700 1826 769 1856 Nisi
791 1838 907 1857 coerceo
928 1827 1145 1867 protervitatem
1169 1833 1256 1866 atque
1278 1824 1374 1854 hostio
1388 1823 1551 1866 ferociam.

250 1863 356 1895 Idem.
393 1867 478 1896 Adde
499 1867 628 1896 Nonium
657 1869 686 1897 in
712 1869 898 1900 Redhostire.
938 1869 1067 1897 Naevius
1089 1869 1120 1896 in
1143 1866 1223 1907 lupo.
1260 1867 1390 1896 Naevius
1413 1868 1460 1895 vel
1483 1868 1598 1896 Novius
1621 1868 1651 1895 in
1675 1867 1768 1897 Ludo.
1808 1865 1928 1896 Salutat
1949 1864 2023 1896 iube.
2063 1863 2199 1893 salutant

250 1906 341 1936 iubae.
370 1908 503 1940 Milium.
533 1911 669 1942 Mulium.
699 1911 856 1942 Meassem.
887 1913 1016 1941 Eassem.
1048 1910 1079 1940 V.
1108 1909 1246 1939 Obiectet.
1283 1910 1356 1938 Cum
1380 1920 1413 1938 ea
1435 1920 1465 1938 se
1489 1910 1627 1939 oblectet.
1658 1909 1790 1939 Hostire.
1821 1909 1894 1937 Vide
1914 1908 1993 1937 infra
2016 1908 2102 1936 Satus
2125 1906 2197 1935 dies.

250 1946 287 1975 Et
310 1950 339 1976 in
361 1950 499 1980 Hectoris
521 1951 603 1992 lytris
625 1965 706 1993 quae.
736 1954 774 1983 Et
796 1954 827 1982 in
850 1954 985 1983 Nectoris
1006 1953 1148 1991 lyrisque.
1180 1951 1323 1992 Hospius.
1346 1952 1483 1982 Hostiris.
1508 1951 1615 1982 Goth.
1650 1952 1725 1981 Vide
1748 1962 1822 1991 quae
1844 1961 1935 1990 supra
1958 1950 2087 1979 diximus
2109 1948 2148 1977 ad
2168 1958 2197 1979 v.

252 1987 476 2022 Hostimentum.

414 2032 689 2067 Redantruare.
722 2038 780 2077 (Ad
804 2038 929 2078 p.226.)
960 2038 1081 2066 Pacuvii
1104 2047 1208 2067 versus
1233 2047 1270 2065 ex
1292 2037 1388 2065 Nonio
1413 2041 1499 2073 sunt,
1529 2047 1568 2066 ex
1589 2037 1689 2065 fabula
1712 2036 1835 2075 Chryse.
1865 2035 1957 2064 Ant.
1976 2034 2068 2074 Aug.
2106 2033 2198 2070 Lege:

252 2070 487 2121 ..Redamptruare
509 2077 617 2107 dicitur
638 2081 669 2109 in
693 2080 841 2110 Saliorum
865 2079 1114 2116 exultationibus,
1145 2090 1212 2109 cum
1232 2078 1351 2119 praesul
1372 2080 1567 2119 ampiruavit,
1590 2078 1670 2119 quod
1692 2087 1733 2109 est
1756 2086 1851 2108 motus
1872 2076 1965 2107 edidit
1987 2084 2013 2106 et
2035 2074 2198 2118 referamur

251 2125 373 2144 invicem
397 2114 483 2145 iitlem
505 2127 605 2149 motus.
651 2122 806 2154 Lucilius.-

362 2199 368 2205 .
742 2164 866 2194 Praesul
886 2173 917 2194 ut
939 2172 1087 2204 amptruet
1110 2163 1178 2193 inde
1200 2171 1226 2193 et
1247 2162 1345 2203 volgu’
1369 2162 1568 2203 redamptruat
1592 2161 1654 2192 olli.

255 2196 419 2228 Pacuvius:

992 2265 1032 2270 —-
1075 2264 1117 2269 —
1159 2246 1367 2288 promerendae
1386 2248 1487 2287 gratia

745 2288 843 2318 Simul
865 2302 929 2319 cum
951 2289 1065 2320 videam
1092 2289 1199 2319 Graios
1221 2289 1299 2319 nihil
1318 2288 1502 2319 mediocriter

371 2364 375 2369 ι
745 2329 977 2371 Redamptruare
999 2332 1157 2372 opibusque
1178 2333 1299 2362 summis
1318 2333 1458 2372 persequi.
2175 2366 2181 2371 .

255 2365 378 2412 Sequuti
400 2373 505 2393 sumus
528 2371 656 2396 veterem
678 2370 856 2407 scripturam
879 2381 1046 2412 amptruare
1066 2385 1123 2413 pro
1145 2382 1283 2404 antruare
1304 2379 1338 2403 ut
1359 2381 1499 2413 temptare
1518 2384 1574 2412 pro
1598 2381 1720 2410 tentare,
1750 2380 1881 2412 sumptus
1902 2382 1956 2411 pro
1979 2376 2088 2400 sumtus
2109 2371 2138 2396 et
2159 2376 2197 2394 si-

256 2407 345 2436 milia.
391 2406 548 2443 Quaedam
571 2409 608 2438 de
632 2410 804 2440 amburvare
826 2414 895 2442 olim
918 2417 1060 2451 ‹tiximus3
1096 2416 1147 2446 sed
1177 2427 1253 2454 quae
1281 2427 1342 2445 non
1371 2417 1431 2445 sint
1456 2416 1647 2454 praeferenda
1670 2416 1740 2445 huic
1763 2416 1958 2444 coniecturae.
2000 2411 2072 2439 Nam
2094 2419 2196 2439 verum
