2263 2668
679 120 1420 156 TOMIPRIMI.
1973 140 2023 161 vn

236 219 312 261 Ad
341 218 609 259 Arusianum
641 218 866 266 Messium,
928 212 1007 268 qui
1039 228 1061 253 e
1095 213 1252 255 codice
1287 213 1492 256 Gudiano
1530 215 1630 271 plus
1669 229 1804 270 quam
1836 217 2019 261 dimidia

72 296 195 346 parte
236 294 395 328 auctus
435 299 488 326 ac
527 297 644 325 nova
680 284 1030 339 fragmentorum
1062 281 1412 323 Salustianorum
1451 282 1835 324 commendatione
1865 286 2019 328 beatus

73 354 423 397 humanissimae
473 352 660 393 debetur
707 348 958 392 liberalitati
1002 356 1225 390 rectorum
1273 347 1453 391 civitatis
1502 348 1840 392 Brunsvicensis
1889 361 2020 408 atque

75 425 282 477 Eigneri,
327 428 422 461 tum
442 416 745 460 ¹bibliothecae
779 417 932 458 ducali
966 415 1385 473 Guelpherbytanae
1416 418 1647 474 praefecti,
1691 414 1851 474 insigni
1880 415 2018 461 bene—

75 488 314 539 volentiae,
375 486 539 541 quibus
577 485 763 542 gratiam
799 499 870 526 me
908 485 1075 526 habere
1108 496 1329 525 summam
1360 485 1585 541 profiteor-3
1649 484 1707 525 ad
1734 485 2016 538 Arusianum,

75 558 279 612 inquam,
312 553 459 596 adieci
489 567 640 595 omnes
672 552 881 594 Maianae
914 552 1119 593 editionis
1149 551 1401 603 varietates,
1441 552 1667 609 diligenter
1696 552 1856 594 notatis
1889 554 2020 595 etiam

73 623 127 664 iis
158 623 425 680 scriptorum
461 622 591 673 locis,
645 620 721 676 qui
752 634 780 662 a
810 619 932 662 Maio
964 621 1032 661 vel
1061 633 1153 661 non
1190 627 1392 660 accurate
1432 617 1680 675 significati,
1730 620 1800 659 vel
1829 632 1920 662 non
1951 636 2020 662 re—

74 691 187 746 perti
216 699 364 742 erant3
396 689 519 745 quod
550 702 688 744 quum
716 687 996 746 paucissimis
1028 688 1075 728 in
1102 687 1213 729 locis
1244 686 1488 738 omiserim,
1520 687 1566 727 in
1592 686 1736 728 indice
1761 687 1847 728 hoc
1871 699 2023 729 emen-

77 758 231 800 datum
264 766 328 799 est
358 771 412 799 ac
444 758 647 799 locorum
675 755 890 797 indicatio
923 756 1137 812 suppleta.

241 824 292 866 In
326 826 527 867 Maximo
562 823 789 876 Victorino,
849 824 1015 878 Aspero
1056 832 1098 864 et
1136 823 1282 865 Phoea
1323 820 1609 863 emendandis
1649 822 1786 863 duum
1826 822 2021 863 virorum

78 892 377 934 benivolentia
410 906 462 934 ac
494 892 718 949 diligentia
750 890 946 933 adiutrix
975 891 1087 932 mihi
1117 891 1213 933 fuit.
1283 888 1460 932 Codicis
1501 889 1617 930 enim
1649 889 1842 931 Gothani
1870 890 2023 930 lectio—

75 974 175 1011 nes,
208 959 287 1015 qui
317 960 563 1001 maximam
591 968 765 1016 partem
796 960 1115 1015 opusculorum
1142 960 1197 999 ab
1226 958 1313 999 illis
1338 956 1644 998 Grammaticis
1671 957 2021 1012 conscriptorum

77 1035 118 1067 et
150 1027 238 1067 alia
270 1026 492 1081 quaedam
524 1026 739 1078 continet,
798 1026 1014 1084 excerpsit
1046 1027 1297 1077 Dz'c'bnerzcs,
1345 1026 1412 1066 vir
1445 1024 1736 1076 clarissimus,
1787 1025 1864 1080 qui
1895 1038 2021 1065 suam

75 1093 187 1134 mihi
225 1107 408 1151 operam
447 1093 580 1134 etiam
619 1093 667 1133 in
706 1093 887 1148 reliquis
921 1093 1230 1135 Grammaticis
1268 1093 1510 1134 liberaliter
1550 1101 1612 1133 est
1649 1092 1890 1149 pollicitus3
1952 1092 2023 1132 cui

75 1160 290 1216 promisso
322 1175 442 1202 nunc
476 1160 658 1216 quidem
689 1162 820 1202 stabit
852 1176 902 1203 eo
933 1161 1093 1202 melius
1127 1175 1178 1202 ac
1218 1159 1416 1213 facilius,
1482 1159 1601 1215 quod
1640 1159 1818 1215 publico
1850 1172 1895 1198 se
1925 1172 2023 1199 mu—

76 1241 180 1268 nere
213 1227 436 1269 abdicavit
465 1227 842 1285 peregrinationes
875 1237 1163 1286 suscepturus
1191 1228 1249 1269 ad
1272 1228 1565 1269 bibliothecas
1590 1226 1792 1283 Europae
1820 1224 2020 1281 locuple*

76 1294 220 1335 tiores.
280 1295 353 1336 Ad
368 1297 557 1337 Plzocam
575 1295 796 1336 edendum
818 1295 1019 1337 subsidia
1048 1295 1160 1337 mihi
1186 1295 1405 1352 excerpsit
1425 1294 1687 1351 collegitque
1710 1294 1875 1349 collega
1892 1306 2018 1333 meus

76 1363 476 1418 praestantissimus
497 1362 672 1405 Carolus
699 1365 905 1404 Erneslus
932 1364 1152 1417 Lcmgius,
1186 1363 1264 1418 qui
1297 1363 1506 1404 codicum
1531 1360 2019 1418 Guelpherbytanorum

84 1437 125 1469 et
152 1429 397 1471 editionum
416 1430 608 1471 Venetae
634 1430 848 1487 principis
873 1440 913 1471 et
929 1430 1232 1471 Asceusianae
1259 1429 1535 1471 collationem
1561 1426 1886 1484 diligentissime
1915 1441 2022 1468 con—

77 1495 193 1538 fecit.
258 1497 309 1537 In
347 1497 508 1552 quibus
541 1496 852 1540 Grammaticis
892 1498 1177 1539 emendandis
1209 1497 1310 1538 licet
1339 1511 1431 1538 non
1460 1495 1696 1536 habuerim
1736 1503 1910 1552 praeter
1939 1494 2019 1534 Vi-

79 1564 236 1605 ctorini
266 1579 407 1606 unum
436 1565 656 1616 libellum,
700 1565 779 1620 qui
810 1573 873 1606 est
905 1580 927 1605 e
960 1563 1172 1606 Bobiensi
1205 1565 1358 1606 codice
1391 1562 1672 1613 emendatus,
1719 1562 1854 1602 libros
1881 1575 2020 1602 manu

78 1630 262 1688 scriptos
295 1640 434 1672 aetate
467 1632 864 1683 commendabiles,
914 1640 1063 1672 tamen
1093 1640 1364 1689 praestantes
1396 1628 1606 1668 lectiones
1638 1627 1808 1683 recepi,
1859 1627 2018 1682 quibus

80 1698 170 1738 fere
202 1699 418 1755 perpolita
451 1700 693 1741 existimari
722 1708 865 1756 potest
896 1699 1074 1740 illorum
1105 1699 1370 1756 scriptorum
1401 1695 1553 1736 oratio.

242 1765 412 1807 Indices
462 1767 607 1808 adieci
646 1775 686 1807 et
724 1766 772 1806 in
808 1774 1033 1823 posterum
1074 1766 1282 1807 adiiciam
1318 1761 1684 1820 locupletissimos
1727 1770 1768 1802 et
1806 1770 2022 1816 quantum

80 1831 175 1872 fieri
204 1841 347 1888 potest
379 1834 738 1875 absolutissimos.
798 1833 967 1875 Eoru1n
1000 1831 1376 1875 conficiendorum
1408 1842 1561 1870 curam
1592 1829 1710 1870 idem
1738 1830 1926 1885 recepit,
1967 1830 2020 1870 de

82 1912 168 1952 quo
200 1913 336 1957 supra
368 1901 481 1954 dixi,
528 1901 768 1942 Fridericus
805 1900 1005 1943 Vilelmus
1039 1903 1154 1949 Otto,
1204 1896 1280 1952 qui
1306 1897 1484 1938 hortatu
1516 1911 1617 1938 meo
1650 1896 1728 1937 tali
1758 1896 1944 1937 artificio
1975 1897 2021 1937 in

81 1964 134 2005 iis
166 1967 493 2010 conscribendis
526 1977 589 2010 est
618 1982 783 2010 usurus
817 1976 857 2009 ct
888 1968 979 2009 iam
1009 1980 1112 2007 usus
1146 1973 1228 2016 est,
1274 1972 1324 2005 ut
1353 1964 1485 2016 nihil,
1526 1964 1645 2019 quod
1675 1972 1923 2006 memoratu
1955 1963 2022 2004 di—

81 2047 217 2089 gnum
248 2036 540 2088 existimetur,
588 2045 664 2077 aut
695 2036 835 2076 omitti
865 2034 1021 2091 possit,
1069 2040 1144 2073 aut
1173 2031 1354 2088 negligi,
1396 2040 1471 2072 aut
1502 2032 1615 2072 inter
1647 2029 2018 2073 conscribendum

84 2101 234 2142 amitti.
303 2103 443 2144 Erunt
481 2112 629 2145 autem
659 2103 851 2159 triplices
886 2101 949 2141 illi
979 2100 1169 2152 indices,
1220 2099 1598 2153 quemadmodum
1629 2100 1675 2140 in
1706 2099 1791 2139 hoc
1823 2098 1913 2138 iam
1944 2111 2019 2137 vo-

83 2167 249 2208 lumine
279 2170 596 2225 praestitimus,
628 2183 745 2210 unus
777 2182 925 2208 rerum
956 2181 1007 2208 ac
1039 2168 1297 2218 verborum,
1336 2167 1445 2207 alter
1475 2167 1740 2224 scriptorum
1772 2165 2017 2213 citatorum,

84 2233 235 2275 tertius
267 2244 491 2289 notarum,
538 2237 612 2278 cui
643 2234 844 2286 accedet,
883 2235 963 2276 ubi
995 2249 1103 2291 opus
1137 2234 1235 2286 erit,
1271 2233 1545 2275 Graecorum
1573 2234 1811 2275 Verborum
1839 2231 2016 2272 notatio.

246 2301 340 2343 Hoc
371 2303 562 2359 primum
593 2303 800 2343 volumen
831 2302 1032 2359 proxime
1070 2310 1278 2357 sequetur
1307 2303 1457 2342 Festus
1489 2302 1731 2356 Pompeius,
1794 2298 1852 2340 ad
1889 2310 2018 2352 quem

88 2368 393 2410 exornandum
423 2371 539 2411 felici
571 2370 697 2426 copia
728 2384 825 2410 sum
856 2370 1091 2411 instructus
1124 2369 1338 2411 beneficio
1370 2369 1612 2411 multorum
1637 2367 1832 2409 virorum
1860 2363 2017 2404 doctis-
