2263 2668
513 137 577 171 DE
605 134 995 171 SIGNIFICATIONE
1025 135 1309 176 VERBORUM.
1363 139 1509 173 LIBER
1534 139 1625 172 XVI.
1971 143 2047 178 647

95 230 311 267 amandantur,
347 229 395 258 vel
423 228 473 267 qui
503 234 585 259 certo
616 230 745 268 quodam
775 229 842 257 loco
870 228 1049 266 ignominiae
1073 239 1174 258 caussa
1197 232 1336 261 iubentur
1359 233 1518 269 excedere,
1554 242 1613 271 quo
1638 242 1726 261 sensu
1748 233 1870 271 relegati
1894 234 2047 274 dicuntur,

95 275 147 313 qui
170 273 321 302 interdicti
344 272 466 311 proprie
489 278 567 301 sunt.
614 273 764 312 Deportati
794 282 883 307 vero,
920 271 970 309 qui
1001 271 1119 300 civitate
1151 284 1202 302 sua
1233 276 1348 304 multati
1372 276 1464 305 vincti
1487 286 1581 304 nervo
1605 281 1656 305 aut
1680 276 1871 315 compedibus
1893 277 1925 305 in
1948 280 2047 308 navim

96 317 227 355 aliquam
250 316 494 354 imponebantur,
526 315 678 354 servisque
701 315 844 354 publicis,
876 318 909 342 ut
932 323 980 342 eos
1003 315 1034 342 in
1057 315 1181 345 insulam
1206 320 1415 357 transferrent,
1448 319 1650 349 tradebantur.
1698 320 1738 348 De
1760 318 1816 347 hac
1839 319 2047 359 deportatione

95 360 215 388 Terent.
239 359 267 386 in
291 358 468 387 Phormione
491 357 547 395 (V,
572 361 606 394 7,
632 359 710 395 85.):

667 409 772 437 Nonne
794 408 849 437 hoc
868 406 1029 447 publicitus
1052 407 1145 437 scelus
1167 409 1237 440 hinc
1260 410 1441 451 deportarier

673 451 709 479 In
731 450 812 480 solas
834 448 948 479 terras?

94 503 169 532 Vide
191 502 348 531 Hotoman.
372 502 409 531 de
432 501 530 530 verbis
552 502 637 531 iuris.
660 502 750 530 Dac.
786 503 894 530 Eorum
917 501 1024 539 passim
1048 503 1078 530 in
1101 502 1165 532 iure
1188 504 1310 533 mentio.
1357 503 1462 535 Goth.

257 553 488 593 Religiosus.
513 551 573 592 (Ad
591 563 619 591 p.
633 552 714 591 231.)
742 554 806 582 Dies
823 552 960 581 XXXVl.
978 551 1033 580 atri
1057 559 1125 582 sunt
1142 554 1218 583 terni
1235 554 1357 592 singulis
1374 556 1540 593 mensibus3
1564 555 1707 593 postridie
1723 555 1806 591 Kal„
1830 555 1943 593 Nonas,
1966 557 2045 587 Idus.

93 596 135 624 De
165 595 272 634 quibus
301 597 359 624 alio
390 596 456 624 loco
480 596 592 625 Festus,
638 596 769 624 Mundus
795 606 865 624 vero
889 600 934 623 ter
956 595 984 622 in
1009 605 1085 623 anno
1111 602 1206 634 patet,
1241 596 1298 624 hoc
1321 602 1364 625 est
1386 598 1437 626 IX.
1462 599 1525 627 Kal.
1551 599 1630 636 Sept.
1653 597 1798 636 postridie
1822 597 1994 627 Volcanalia
2016 605 2046 629 et

92 638 143 667 III.
165 639 240 667 Non,
264 639 387 667 Octobr.
411 643 438 667 et
461 638 509 667 VI.
532 638 574 666 Id.
598 638 756 667 Novembr.
787 638 925 666 Alliensis
956 637 1017 665 dies
1047 639 1188 676 postridie
1216 639 1286 667 Idus
1309 639 1482 675 Quinctiles.
1520 640 1584 668 Vid.
1608 641 1682 670 Gell.
1707 640 1757 670 lib.
1772 640 1806 671 V.
1827 650 1891 679 cap.
1906 644 1953 674 17.
1983 642 2044 670 Ma-

93 681 174 711 crob.
198 683 317 710 Saturn.
339 681 389 710 lib.
403 681 424 709 l.
448 681 572 718 (e.16.).
596 681 684 709 Ant.
707 682 805 720 Aug.
850 680 937 710 Ovid.
963 680 1040 708 Fast.
1057 680 1085 717 1,
1110 680 1173 720 (57.
1188 681 1283 721 seqq.)
1308 683 1358 710 ubi
1381 683 1417 712 de
1439 683 1597 719 Kalendis,
1621 683 1712 711 Nonis
1735 687 1764 712 et
1786 682 1902 713 Idibus:

676 749 711 753 —
758 748 799 752 —
842 748 884 753 —-
930 730 1072 760 Omnibus
1095 732 1158 760 istis

710 773 755 802 Ne
768 772 903 815 fallare,
930 772 990 802 dies
1010 775 1168 812 proximus
1191 783 1253 804 ater
1275 777 1338 805 erit.

675 815 765 845 Omen
788 816 825 845 ab
848 824 947 845 eventu
969 823 1027 853 est,·
1059 814 1120 844 illis
1142 828 1210 845 nam
1232 818 1329 847 Roma
1353 817 1453 846 diebus

713 859 833 887 Damna
855 858 907 888 sub
930 856 1050 886 adverso
1074 859 1170 887 tristia
1194 860 1295 888 Μανίε
1318 859 1395 890 tulit.

90 909 177 947 Esse,
203 908 309 939 Gallus
331 909 447 939 Aelius.
488 911 579 948 Lege:
602 908 686 945 Esse,
715 908 820 938 Gallus
842 909 963 946 Aelius,
986 908 1066 949 quod
1088 909 1200 939 homini
1221 909 1263 939 ibi
1285 910 1386 951 facere
1409 922 1465 939 non
1489 909 1591 948 liceat,
1615 919 1682 946 aut,
1706 911 1732 939 si
1753 909 1785 939 id
1801 909 1916 952 faciat,
1942 918 2044 940 contra

88 951 235 989 Deorum,
265 958 320 983 etc.
357 953 406 981 Sic
429 953 514 982 infra.
560 952 613 980 Vel
642 953 743 990 potius
773 952 885 980 excidit
914 962 974 980 vox
1004 950 1186 991 religiosum,
1226 963 1301 991 quae
1332 954 1373 981 sic
1397 954 1581 992 supplenda:
1621 953 1800 992 Religiosum
1824 964 1898 989 esse,
1938 951 2044 982 Gallus

88 993 209 1029 Aelius,
233 994 313 1035 quod
334 995 447 1024 homini
469 997 511 1024 iia
532 994 635 1036 facere
657 1006 713 1023 non
738 993 839 1031 liceat,
863 1002 914 1023 aut
936 995 976 1031 si,
1001 999 1056 1023 etc.
1089 993 1241 1024 Adversus
1264 998 1394 1036 mystica.
1428 997 1516 1033 Lege:
1540 995 1678 1025 adversus
1700 996 1849 1034 auspicia,
1874 1000 1908 1024 ut
1929 995 1961 1023 in
1984 1000 2043 1024 vet.

88 1037 156 1066 cod.
194 1036 274 1066 Inter
294 1049 410 1067 sacrum
434 1046 528 1067 autem
553 1044 579 1065 e!
600 1048 681 1066 sanc.
704 1045 730 1065 et
753 1036 818 1066 Rel.
858 1036 982 1066 Sacrum
1006 1041 1063 1073 est,
1088 1037 1169 1076 quod
1193 1039 1247 1066 deo
1271 1044 1298 1066 et
1320 1039 1380 1067 eius
1405 1039 1501 1067 cultui
1524 1039 1642 1076 publice
1666 1043 1886 1075 consecratum,
1910 1038 2043 1067 dicatum

88 1084 147 1116 est,
170 1080 213 1108 uti
237 1081 340 1117 aedes,
365 1091 448 1118 arae,
472 1080 579 1109 sacella
603 1085 630 1107 et
651 1080 806 1109 eiusmodi.
847 1080 921 1108 Nam
945 1080 1010 1108 loca
1033 1080 1083 1108 illa
1107 1080 1158 1108 ubi
1178 1081 1289 1118 privati
1312 1092 1396 1109 sacra
1420 1091 1472 1109 sua
1496 1086 1655 1119 peragunt,
1679 1091 1739 1109 nou
1762 1085 1830 1109 sunt
1852 1091 1951 1117 sacra,
1975 1081 2043 1119 quia

86 1122 237 1161 publicani
260 1123 430 1160 religionem
453 1134 511 1152 non
535 1127 679 1161 spectant.
714 1121 875 1159 Sanctum,
901 1123 981 1161 quod
1005 1133 1042 1151 ne
1065 1124 1130 1161 quis
1154 1123 1264 1160 violet,
1290 1125 1386 1162 capite
1410 1125 1556 1152 sancitum
1581 1129 1639 1160 est3
1665 1123 1776 1152 nullius
1799 1127 1896 1152 tamen
1915 1124 2043 1152 Deorum

87 1166 259 1204 proprium,
289 1166 333 1194 uti
356 1171 424 1194 sunt
447 1165 540 1201 muri,
577 1171 696 1202 portae,
735 1165 851 1203 aliaque
874 1165 1033 1202 nonnulla,
1072 1165 1179 1203 quibus
1202 1166 1320 1194 violatis
1345 1166 1479 1195 solebant
1503 1167 1619 1194 consuli
1642 1166 1807 1194 Pontifices·
1850 1164 2042 1205 Religiosum,

86 1207 139 1235 ubi
169 1207 241 1246 quid
270 1209 323 1244 sit,
362 1209 443 1246 qnod
473 1207 643 1237 hominibus
674 1207 771 1236 facere
802 1218 861 1235 non
892 1208 989 1237 liceat.
1034 1208 1091 1236 Sed
1122 1209 1190 1236 vide
1213 1209 1334 1237 omnino
1359 1209 1423 1238 Ald.
1447 1210 1557 1239 Manut.
1580 1209 1616 1237 de
1641 1208 1780 1247 quaesitis
1804 1218 1857 1246 per
1879 1208 2042 1247 Epistolam

86 1249 171 1280 h'b.1.
197 1251 247 1289 Ep.
265 1254 313 1282 10.
354 1251 428 1279 Nam
451 1251 491 1279 ita
515 1251 578 1279 suse
602 1255 629 1278 et
652 1250 809 1288 perspicue
833 1249 914 1277 hunc
937 1251 1036 1279 locum
1061 1251 1216 1287 tractavit,
1249 1256 1281 1280 ut
1304 1251 1378 1279 nihil
1401 1262 1490 1290 supra
1514 1251 1602 1280 adiici
1624 1261 1709 1290 posse
1733 1260 1876 1280 censeam.
1917 1248 1977 1279 Sed
1998 1250 2042 1278 ita

83 1293 219 1332 portione
246 1291 388 1333 quadam.
434 1294 498 1322 Hoc
523 1297 580 1321 est:
618 1293 673 1320 etsi
696 1303 829 1328 sacrum,
867 1300 1000 1321 sanctum
1024 1298 1051 1321 et
1074 1292 1255 1332 Religiosum
1279 1294 1356 1322 inter
1378 1304 1409 1323 se
1432 1294 1583 1331 differant,
1618 1304 1651 1323 ea
1675 1292 1916 1332 quoddammodo
1939 1292 2041 1321 eadem

84 1334 182 1363 videri
203 1346 290 1373 posse
314 1336 418 1364 Gallus
441 1337 542 1364 Aelius
565 1335 681 1373 probat,
722 1335 758 1362 Ut
783 1334 928 1371 Delubra,
956 1345 1031 1373 quae
1053 1345 1136 1364 sacra
1160 1340 1245 1372 sunt,
1272 1337 1340 1375 quia
1364 1337 1425 1365 Deo
1448 1341 1627 1366 consecrata.
1668 1337 1772 1364 Cicero
1796 1336 1932 1373 sepulcra
1953 1339 2042 1363 vocat

84 1382 184 1406 sancta
207 1377 337 1416 Philipp.
351 1378 409 1415 IX,
433 1380 480 1414 (6,
506 1379 583 1416 14.):
619 1375 826 1416 sepulcrorum
850 1378 994 1406 sanctitas
1019 1378 1048 1405 in
1071 1378 1134 1417 ipso
1157 1377 1221 1408 solo
1244 1386 1300 1416 est,
1332 1377 1412 1419 quod
1433 1378 1516 1408 nulla
1538 1381 1566 1408 vi
1588 1379 1697 1407 moveri
1718 1389 1808 1418 neque
1830 1376 1919 1406 deleri
1937 1384 2040 1416 potest,

84 1426 172 1460 atque
194 1427 225 1448 ut
248 1427 359 1449 caetera
381 1421 588 1460 est-tinguntur,
611 1419 654 1448 sic
675 1417 808 1458 sepulcra
819 1420 904 1457 fiunt
925 1420 1076 1448 sanctiora
1098 1428 1245 1450 vetustate.
1291 1422 1326 1451 Et
1350 1421 1483 1450 Catullus
1506 1422 1588 1460 (VH,
1613 1420 1670 1458 6.):
1700 1420 1738 1449 Et
1760 1419 1846 1448 Batti
1868 1420 1969 1448 veteris
1990 1429 2040 1448 sa-

83 1472 165 1491 crum
180 1461 353 1502 sepulcrum.
387 1462 461 1491 Vide
478 1470 621 1492 sancium.
644 1461 734 1491 Dae.
766 1460 942 1500 Religiosus.
966 1461 1064 1491 Etiam
1089 1463 1238 1504 officiosus
1260 1475 1328 1503 eiga
1351 1463 1488 1494 homines.
1521 1464 1596 1493 Hinc
1614 1464 1724 1492 Gloss.:
1746 1461 1871 1502 Religio,
1895 1458 2039 1501 εὐσέβεια,

84 1502 184 1541 αἰδώς.
206 1504 278 1533 Dies
300 1503 437 1544 religiosi.
471 1505 530 1541 Qui
554 1510 582 1533 et
604 1504 727 1532 infames
751 1508 779 1531 et
801 1503 923 1532 inl'austi
946 1504 1043 1532 Nonio
1069 1503 1147 1542 (pag.
1161 1508 1232 1536 378.
1246 1516 1305 1543 seq.
1325 1504 1427 1544 Merc.)
1451 1507 1481 1534 in
1499 1506 1625 1546 Religio.
1659 1504 1787 1544 Quibus,
1811 1505 1869 1533 nisi
1890 1503 1970 1544 quod
1991 1515 2040 1533 ne-

83 1557 158 1576 cesse
180 1554 233 1584 est,
257 1546 342 1586 πόας
364 1546 486 1575 hahetur
498 1547 616 1587 facere.
648 1546 720 1574 Vide
744 1556 833 1583 supra
848 1545 995 1574 Mundus.
1027 1546 1100 1575 Vide
1123 1557 1213 1585 supra
1238 1548 1399 1577 Praeliares
1424 1549 1494 1579 dies.
1526 1549 1628 1589 Atque
1649 1549 1679 1577 ii.
1711 1547 1776 1576 Alii.
1809 1545 1845 1575 In
1867 1545 1966 1575 aedem
1991 1545 2040 1575 bo-

82 1600 137 1618 nae
152 1589 239 1618 Deae.
269 1589 343 1618 Vide
364 1599 454 1627 supra
474 1587 616 1618 Mundus.
647 1588 788 1625 Mystica.
823 1587 881 1615 Alii
904 1588 1044 1626 mystice,
1068 1589 1117 1616 alii
1141 1589 1283 1627 auspicia.
1318 1590 1462 1620 Sanctum
1485 1603 1609 1621 murum.
1634 1592 1667 1621 L.
1681 1592 1711 1620 8.
1734 1591 1764 1618 in
1788 1590 1808 1618 f.
1826 1589 1856 1620 ff.
1880 1589 1916 1618 de
1938 1599 2039 1617 rerum

82 1631 170 1662 divis.
194 1630 375 1670 Religiosum
404 1630 598 1671 sepulchrum.
636 1630 710 1659 Vide
733 1630 752 1658 l.
766 1632 795 1660 6.
820 1630 930 1667 §.411
955 1630 991 1658 de
1018 1640 1118 1659 rerum
1148 1632 1233 1660 divis.
1258 1632 1379 1662 Putant.
1417 1634 1506 1662 Putat
1528 1639 1571 1662 ut.
1609 1633 1669 1672 Qui
1691 1644 1748 1661 non
1770 1633 1840 1662 iam.
1880 1631 2037 1667 Quoniam.

85 1672 161 1712 Qua.
193 1674 245 1704 Eo.
294 1672 398 1703 Goth.

248 1716 422 1756 Repetia.
466 1715 587 1744 Pacuvii
610 1715 701 1744 verba
725 1714 867 1743 mendosa
890 1719 966 1744 sunt.
989 1714 1076 1745 Ant.
1098 1715 1193 1755 Aug.
1239 1717 1362 1746 Pacuvii
1385 1727 1489 1747 versus
1513 1716 1673 1746 mendosus
1696 1721 1748 1745 est.
1792 1716 1835 1745 Ita
1858 1715 1997 1745 emenda:

1199 1758 1251 1788 Ab
1275 1770 1307 1788 eo

680 1797 842 1839 Depulsum
865 1810 994 1828 mamma
1016 1799 1282 1841 paedagogandum
1306 1802 1418 1842 accipit

680 1840 846 1881 Repotiulis
871 1841 954 1871 liber.

81 1886 283 1915 Glossarium:
305 1886 431 1922 Reoria,
454 1883 473 1924 ἡ
496 1884 577 1923 τρίτη
601 1886 661 1914 τῶν
684 1881 810 1923 ἀγάμων
832 1884 1052 1923 ποδοστροφία.
1091 1883 1266 1923 Reperidia,
1296 1885 1442 1922 ἐπιποὸοι,
1471 1883 1493 1924 ’ἦ
1515 1883 1585 1925 μετὰ
1608 1883 1663 1924 τήν
1684 1882 1797 1925 ἡμέραν
1819 1884 2034 1924 ποδοστροφία.

80 1929 234 1968 Reproca,
264 1929 384 1969 ἐπίβδα,
414 1926 435 1967 ἦ
457 1926 528 1967 μετᾶ
551 1925 605 1965 τὴν
628 1925 742 1966 ἑορτήν.
780 1927 813 1955 ln
836 1927 930 1955 tribus
953 1926 1000 1955 his
1024 1928 1166 1966 exemplis
1189 1928 1345 1966 legendum
1362 1928 1504 1968 Repoiia,
1534 1933 1562 1957 et
1584 1938 1640 1967 pro
1663 1927 1810 1964 ἒπιποδα,
1834 1926 1951 1966 ἔπίβδα,
1976 1936 2036 1964 quo

79 1973 177 1999 utitur
200 1971 352 2002 Pindarus.
398 1971 487 2010 Apud
512 1970 657 1998 Acronem
686 1969 802 1998 Horatii
832 1969 1025 2009 interpretem
1051 1980 1210 2009 perperam
1244 1981 1389 1999 excusum
1420 1975 1463 2000 est
1489 1971 1697 2009 ποτοστροφία
1730 1980 1785 2009 pro
1814 1968 2034 2008 ποδοστροφία.

80 2012 183 2042 Scae.
217 2014 274 2042 Sed
294 2014 324 2042 in
343 2013 486 2053 reperidia
504 2013 686 2050 Scaligerum
711 2012 774 2040 salli
797 2017 887 2050 puto,
911 2022 1007 2050 neque
1030 2013 1106 2042 enim
1130 2023 1184 2051 pro
1208 2023 1242 2041 eo
1265 2013 1508 2042 substituendum
1533 2013 1658 2053 repotia,
1681 2013 1733 2041 sed
1755 2013 1855 2051 potius
1876 2011 2035 2049 legendum

79 2054 245 2095 νερεᾶἰᾶἰα,
284 2057 368 2094 quasi
396 2055 552 2095 repedatio.
597 2055 735 2093 Explicat
759 2055 836 2083 enim
857 2054 1101 2093 podostrophiam
1128 2057 1325 2093 Graecorum,
1364 2056 1417 2094 qui
1439 2056 1554 2084 scilicet
1576 2066 1592 2084 a
1615 2055 1741 2094 pedibus
1764 2054 1918 2090 dixerant,
1953 2054 2035 2092 quod

77 2098 175 2127 Latini
199 2109 214 2126 a
238 2099 391 2137 potatione
415 2099 536 2137 repotia.
570 2098 629 2126 Sed
654 2097 722 2126 vide
747 2097 901 2125 Cuiaciuin
924 2097 973 2125 lib.
986 2098 1063 2126 XVI.
1088 2097 1247 2128 observant.
1273 2109 1337 2137 cap.
1351 2101 1402 2129 39.
1441 2098 1569 2138 Repoiia
1590 2097 1641 2126 alii
1663 2097 1841 2133 secundum,
1866 2096 1915 2125 alii
1939 2096 2034 2134 septi-

77 2151 157 2169 mum
182 2152 196 2169 a
220 2142 333 2180 nuptiis
357 2141 435 2170 diem
459 2142 579 2169 faciunt.
623 2140 779 2168 Turnebus
803 2140 945 2179 opinatur
967 2140 1053 2168 etiam
1077 2140 1180 2169 liberis
1202 2141 1278 2169 natis
1302 2142 1450 2170 celebrata
1472 2141 1600 2180 repotia,
1626 2149 1700 2178 quae
1722 2145 1751 2168 et
1771 2139 1851 2167 Acro
1874 2140 2031 2176 παιδοτρο-

77 2185 134 2220 φία
156 2184 274 2214 dixerit.
309 2184 365 2212 Sed
389 2193 513 2219 vereor,
537 2187 570 2211 ut
593 2181 663 2211 huic
686 2182 820 2221 opinioni
843 2193 943 2211 ansam
967 2182 1082 2211 dederit
1099 2183 1220 2212 Auaonii
1244 2184 1328 2213 locus
1352 2183 1428 2212 male
1451 2188 1590 2222 acceptus
1614 2187 1643 2212 et
1664 2183 1739 2211 alter
1757 2181 1888 2217 Horatii,
1913 2186 1942 2210 et
1963 2180 2030 2208 item

76 2226 130 2254 iste
145 2227 274 2254 Pacuvii.
304 2228 377 2254 Sane
392 2226 511 2254 Pacuvii
534 2225 622 2254 verba
646 2226 744 2254 iocuin
767 2235 826 2253 non
850 2225 946 2254 cuivis
970 2225 1093 2254 obvium
1116 2226 1268 2255 continere
1290 2227 1446 2263 videntur,
1470 2226 1506 2254 de
1529 2225 1616 2254 beato
1634 2225 1711 2253 enim
1728 2226 1792 2253 viro
1808 2224 1938 2263 quodam
1953 2221 2029 2249 dicta

77 2274 161 2305 sunt,
188 2269 235 2297 cui
258 2270 324 2308 ipso
347 2268 486 2307 repotiali
508 2268 555 2297 die
578 2278 654 2307 puer
675 2269 732 2296 iam
756 2278 881 2296 mamma
904 2268 1048 2306 depulsus
1071 2273 1098 2296 et
1122 2269 1180 2297 iam
1203 2269 1451 2308 paedagogandus
1474 2267 1600 2297 traditus
1623 2268 1671 2297 sit.
1706 2268 1817 2297 Notum
1839 2270 1882 2295 est
1902 2263 1995 2293 illud:

681 2313 747 2346 Τοῖς
770 2307 927 2348 εὐτυχοῦσι
951 2310 1001 2340 καὶ
1025 2311 1153 2350 τρίμηνα
1176 2313 1291 2342 παιδία.

76 2352 183 2382 Merito
212 2354 301 2391 igitur
329 2363 360 2382 se
389 2353 537 2381 feliciores
567 2352 727 2392 deputent,
765 2352 873 2391 quibus
900 2353 1046 2392 postridie
1067 2354 1189 2393 nuptias
1212 2356 1269 2384 iam
1292 2353 1419 2393 grandes
1440 2352 1526 2392 pueri
1549 2352 1742 2391 contingunt,
1778 2349 1859 2388 quasi
1882 2347 1920 2376 de
1944 2345 2028 2376 00010

75 2395 164 2435 lapsi.
190 2396 275 2426 Dae.
315 2396 491 2436 Appetialis
513 2395 595 2426 liber.
631 2395 795 2435 Repotialis
817 2395 901 2424 liber.
949 2394 1045 2425 Goth
