2263 2668
736 136 965 172 EXEMPLA
989 133 1084 170 ELO
1089 133 1354 169 CUTIONUM.
1951 133 2024 168 213

174 231 235 266 ‘ad
257 226 361 264 eam?
411 229 491 263 Adii
515 229 620 263 illum.
647 228 718 264 Cic.
746 241 809 275 pro
836 230 964 265 Scauro
980 225 1022 262 ²³:
1047 228 1136 261 Adii
1160 239 1289 262 causas
1310 232 1498 262 oratorum.
1551 227 1632 262 Adii
1655 227 1688 261 in
1713 227 1820 263 illum.
1855 226 1951 261 Idem
1977 228 2022 262 de

183 278 342 328 Signis²⁴z
369 280 582 326 Priusquam
603 280 757 315 Romam
782 286 887 327 atque
912 282 947 315 in
974 280 1099 313 horum
1124 283 1326 313 conventum
1353 280 1509 313 adiretis.

79 333 209 370 Adsum
231 334 290 368 illi.
317 332 387 366 Cic.
414 344 478 378 pro
501 332 668 373 Cornelio,
695 333 753 367 lib.
780 330 849 367 1.²⁵:
875 333 954 366 Das
980 332 1071 365 enim
1097 331 1183 364 mihi
1197 330 1416 375 facultatem
1442 343 1508 372 cos,
1535 332 1593 376 qui
1618 335 1691 364 tum
1717 328 1898 376 adfuerint
1932 329 2020 364 Cor-

181 386 290 427 nelio,
323 384 535 417 nominandi.
586 384 717 418 Adsum
753 385 796 418 ad
829 384 907 418 hoc.
947 383 1045 416 Idem
1070 394 1134 427 pro
1162 379 1370 416 Cornelio²⁶z
1396 382 1519 416 Facite
1544 387 1581 416 ut
1597 383 1726 429 facitis
1745 382 1803 427 qui
1826 380 1877 415 ad
1903 379 2020 427 [493]

183 447 330 470 causam
358 435 498 469 adestis.

79 483 227 523 Abduco
254 488 296 520 ab
322 486 397 520 illis.
430 486 550 520 Cicero
576 497 640 530 pro
666 482 876 520 Deiotar0²⁷z
908 485 960 519 Tu
986 484 1033 519 ab
1059 496 1127 519 avo
1160 484 1350 519 abduxisti.

184 539 234 572 Et
256 537 406 584 gremiis
427 537 606 571 abducere
622 541 764 582 pactas.

79 591 204 626 Adiuta
229 589 299 624 hoc
325 589 409 622 illos,
434 589 506 623 Cic.
533 589 575 622 ad
602 588 746 622 Auxium
767 583 838 622 1.²⁹:
872 587 912 622 Si
932 591 970 621 tu
995 599 1057 621 nos
1083 587 1220 632 aliquid
1246 587 1413 620 adiutare
1430 591 1541 632 potes.
1592 586 1730 621 Adiutat
1755 584 1825 619 hoc
1847 584 1920 619 illis.
1946 583 2019 618 Te·-

180 645 263 674 rent.
291 640 428 683 Hecyra
438 637 480 673 ³⁰:
505 640 556 674 Tu
574 641 694 684 pueris
715 650 837 681 curre,
862 639 1056 680 Parmeno,
1084 638 1240 683 obviam,
1264 643 1368 684 atque
1394 638 1448 671 his
1474 650 1581 672 onera
1603 639 1741 671 adiuta.

79 691 240 729 Admovit
264 691 309 724 ad
335 691 433 725 hanc.
462 691 532 727 Cic.
561 691 605 724 de
630 692 719 735 Rep.
744 687 838 724 11.³¹:
865 690 987 736 Neque
1013 691 1101 724 enim
1130 691 1180 724 ad
1201 701 1302 723 mare
1326 690 1503 734 admovit,
1530 691 1623 735 quod
1650 690 1681 723 ei
1696 688 1772 735 suit
1788 686 2017 733 facillimum.

180 743 277 789 Virg.
303 743 442 776 Aeneid.
470 739 597 777 xll.³²:
627 743 858 787 Admovitque
886 753 997 787 pecus
1024 741 1268 788 flagrantibus
1301 742 1383 775 aris.

78 795 135 832 Ad
168 794 254 828 illius
285 805 436 838 quaero,
464 791 534 828 ut³³
561 794 774 827 subaudiatur
800 795 961 838 templum
987 794 1055 827 sive
1078 794 1200 829 fanum.
1228 793 1298 827 Cic.
1326 804 1389 837 pro
1417 792 1567 833 Quintio:
1593 792 1672 826 Non
1693 791 1781 826 satis
1800 793 1878 824 erat
1907 808 1951 815 -
1968 807 2020 813 —-

182 866 228 873 —
251 844 455 887 deberetur,
479 845 545 879 nisi
573 845 624 878 ad
661 845 802 879 Catonis
825 846 1033 890 quaesisses,
1056 849 1223 889 quantum
1248 845 1449 878 solveretur.
1479 844 1575 876 Idem
1597 855 1659 888 pro
1688 842 1842 877 Cluentio
1855 837 1896 874 3¹:
1920 839 2019 874 Sicut

180 898 217 931 in
240 897 366 931 statuis
386 897 571 938 inauratis,
598 908 687 942 quas
707 897 825 942 posuit
848 897 899 930 ad
920 896 1098 930 Iuturnae.
1125 897 1222 929 ldem
1244 896 1394 941 Philipp.
1418 891 1493 929 1.³⁵:
1520 896 1673 929 Pecunia
1696 895 1830 928 utinum
1856 891 1908 926 ad
1934 889 2022 936 Opis

180 948 360 982 maneret!

79 1002 225 1037 Absente
252 1011 306 1033 me
328 999 488 1044 singulari
513 1009 662 1033 numero,
699 998 768 1033 Cic.
794 998 943 1044 Philipp.
970 995 1046 1032 I.3⁶:
1080 998 1129 1032 Et
1163 998 1306 1032 absente
1328 999 1461 1044 populo
1492 1002 1525 1031 ct
1557 998 1670 1032 invito.
1720 997 1867 1030 Absente
1897 990 2021 1038 plurali

181 1062 330 1085 numero.
357 1051 494 1085 Terent.
521 1046 730 1084 Eunuch.³⁷:
756 1050 884 1084 Nescio
909 1050 994 1095 quid
1013 1050 1177 1095 profecto
1206 1050 1348 1084 absente
1372 1050 1470 1083 nobis
1493 1049 1671 1083 turbatum
1697 1052 1745 1082 est
1772 1046 1876 1081 domi.

78 1103 237 1138 Alienum
261 1102 329 1136 hac
353 1114 399 1135 re.
427 1101 497 1135 Cic.
523 1112 588 1145 pro
616 1098 799 1142 Quinti033:
826 1101 926 1135 Nihil
951 1106 1068 1135 tamen
1089 1103 1241 1135 alienum
1267 1103 1341 1136 vita
1365 1102 1546 1147 superiore
1572 1100 1748 1135 commisit.
1798 1098 1954 1133 Alienum
1977 1093 2021 1127 ab

180 1154 247 1187 hac
272 1165 319 1186 re.
345 1154 481 1187 Terent.
506 1152 656 1196 Adelph.
667 1149 709 1185 ³⁹:
736 1152 900 1186 Alienum
921 1165 945 1186 a
967 1154 1041 1186 vita
1066 1165 1158 1187 mea.

78 1206 208 1240 Anteeo
234 1205 329 1238 illum
355 1204 422 1238 hac
448 1215 492 1238 re.
519 1204 654 1237 Terent.
681 1202 871 1239 Phorm.⁴⁰:
897 1205 1033 1238 Herum
1061 1209 1183 1238 anteeo
1207 1205 1393 1250 sapientia.
1444 1205 1576 1239 Anteeo
1600 1204 1648 1236 illi
1670 1202 1736 1236 hac
1761 1213 1807 1235 re.
1840 1200 1909 1235 Cic.
1934 1195 2019 1231 Phi-

180 1257 264 1301 lipp.
291 1255 350 1288 lx.
363 1252 403 1289 4¹:
431 1254 505 1288 Sed
531 1266 609 1288 cum
633 1255 777 1289 Servius
806 1255 977 1301 Sulpitius
999 1260 1117 1290 aetate
1139 1257 1208 1290 illis
1234 1258 1400 1298 anteiret,
1428 1257 1603 1302 sapientia
1630 1254 1794 1288 omnibus.

77 1308 202 1342 Adfixa
226 1307 307 1340 huic
331 1306 389 1340 rei.
422 1306 516 1351 Virg.
543 1306 684 1339 Aeneid.
711 1304 854 1340 V111.¹²:
885 1308 1100 1352 Foribusque
1126 1307 1254 1354 adfixa
1279 1308 1438 1353 superbis
1468 1308 1546 1342 Ora
1572 1308 1694 1341 virum.
1744 1304 1866 1337 Adfixa
1899 1295 2016 1345 [494]

178 1359 212 1392 in
237 1358 304 1393 hac
329 1369 376 1391 re.
403 1357 473 1392 cic.
501 1358 652 1403 Philipp.
680 1355 788 1391 xl.⁴³:
814 1358 929 1403 quue
956 1359 1119 1406 adfixum
1144 1360 1285 1405 gestari
1310 1361 1407 1394 iussit
1434 1360 1468 1393 in
1489 1361 1576 1405 pilo.
1598 1359 1694 1392 [dem
1721 1357 1765 1389 de
1791 1345 2020 1398 Suppliciis⁴⁴2

178 1410 223 1444 In
247 1410 364 1443 animo
388 1420 557 1454 sensuque
583 1421 659 1443 meo
680 1411 822 1455 penitus
848 1410 977 1456 adfixa
1005 1415 1064 1444 est.

77 1461 218 1497 Accedo
252 1462 348 1495 illam
380 1472 461 1495 rem.
494 1462 588 1507 Virg.
618 1463 703 1495 Aen.
726 1458 807 1495 1:¹⁵:
840 1462 1051 1509 Penitusque
1080 1462 1235 1497 sonantis
1266 1461 1425 1496 Accestis
1455 1462 1623 1507 scopulos.
1677 1459 1817 1495 Accedo
1844 1455 1887 1489 ad
1911 1453 2019 1487 illum.

1403 484 1549 519 Abduco
1574 485 1649 519 illis.
1689 483 1785 529 Virg.
1816 483 1900 516 Aen.
1927 479 2018 516 X.²⁵:

78 1579 186 1609 editur.
208 1580 264 1609 Sed
280 1584 406 1619 uterque
423 1581 497 1610 Cod.
512 1580 722 1610 amittendum.
743 1597 784 1604 -
807 1580 855 1622 ΞΟ)
875 1582 957 1619 Vix-g.
978 1582 1030 1612 Ge.
1074 1582 1108 1611 A.
1130 1582 1170 1611 Μ.
1192 1583 1269 1611 Tum
1291 1582 1416 1610 honera
1438 1580 1509 1610 Cod.
1534 1580 1590 1608 Gu.
1612 1596 1654 1600 κ-
1675 1578 1721 1618 31)
1747 1578 1808 1607 Cic.
1830 1575 1865 1604 de
1886 1575 1960 1611 ReP·
1976 1574 2016 1602 ῙῙ·

77 1622 126 1658 IV,
152 1623 220 1654 154.
245 1624 352 1652 Totum
378 1623 435 1652 1100
460 1625 629 1663 exemplum
653 1635 754 1653 recens
778 1625 902 1653 accessit
923 1635 937 1653 e
959 1625 1030 1653 Cod.
1075 1629 1165 1657 1003.
1191 1625 1223 1653 A.
1249 1625 1287 1653 M.
1311 1625 1350 1651 De
1374 1625 1440 1660 llcp.
1464 1623 1504 1657 11,
1527 1625 1554 1653 3.
1577 1632 1643 1660 pag·
1671 1623 1759 1653 1153.
1782 1620 1834 1648 Ed.
1857 1616 1950 1646 Nobb.
1975 1630 2016 1636 -—-

79 1665 135 1693 Gu.
155 1665 244 1693 Abest
259 1666 294 1693 ab
312 1666 363 1694 Ed.
387 1667 420 1696 A.
435 1667 476 1696 Μ.
498 1684 540 1688 -
562 1665 608 1706 21)
632 1667 686 1695 Διί
700 1668 835 1695 Ansium
857 1667 928 1696 cod.
951 1673 1031 1696 uter-
1072 1667 1121 1707 3-4)
1141 1668 1228 1705 Virg.
1248 1668 1322 1694 Aen.
1347 1666 1419 1692 XII·
1441 1667 1508 1695 171.
1530 1665 1564 1692 A.
1583 1665 1618 1694 Μ,
1642 1680 1682 1684 -
1705 1667 1749 1696 33)
1773 1661 1868 1689 Verba
1894 1667 2015 1696 ‘lamro’

80 1717 150 1745 que.
176 1707 248 1736 Lib.
270 1709 304 1744 Ι,
333 1710 406 1739 999.
430 1709 462 1739 A.
488 1709 525 1739 M.
549 1709 603 1739 Ed.
624 1710 718 1738 Nobb.
741 1721 770 1748 p.
793 1713 882 1741 1139.
912 1727 953 1732 —
982 1709 1028 1749 22)
1074 1715 1108 1737 ut
1133 1710 1235 1738 desunt
1255 1708 1331 1746 apud
1356 1707 1389 1734 A.
1411 1706 1449 1734 M.
1468 1707 1558 1734 Recte
1579 1706 1660 1734 addit
1678 1705 1748 1734 cod.
1773 1704 1829 1731 Gu.
1854 1702 1928 1729 Tum
1949 1703 2016 1746 post

83 1751 147 1779 Ter.
171 1749 255 1780 And.
282 1750 310 1781 4.
338 1754 364 1781 1.
389 1752 436 1783 15.
460 1752 493 1780 Α.
513 1752 552 1780 Μ.
575 1752 654 1780 Idem
683 1753 790 1781 edidit:
819 1752 874 1781 Ad
903 1763 968 1780 eam
996 1763 1030 1780 ne
1072 1762 1099 1780 v.
1120 1758 1184 1780 crat
1204 1752 1314 1787 integra
1336 1749 1412 1776 linea
1437 1748 1582 1776 excidisse
1604 1748 1731 1775 videtur.
1760 1747 1853 1773 Locus
1874 1742 1950 1771 enim
1974 1750 2016 1769 sm

81 1791 191 1820 adeam
214 1793 278 1821 Sed.
297 1793 369 1822 Cod.
392 1794 448 1824 Gu.
475 1793 632 1822 Adeamue
655 1795 699 1823 ml
715 1806 788 1823 eam.
809 1795 896 1833 Apud
916 1796 1029 1823 Teren—

77 1833 152 1862 tium
176 1839 272 1863 autem
292 1840 351 1863 est:
375 1835 420 1863 ad
433 1847 522 1867 eum.
545 1853 587 1859 —
609 1841 652 1872 23)
671 1836 799 1876 Cicpro
816 1840 933 1866 Scauro
956 1839 1028 1868 995.
1071 1848 1117 1863 ms

77 1876 112 1905 A.
127 1876 165 1904 Μ.
187 1876 265 1905 Inter
282 1877 411 1915 sragmn).
428 1889 443 1907 e
459 1879 567 1908 Codice
584 1880 757 1909 Taurincnsi
771 1881 851 1918 apud
867 1880 961 1909 Nobb.
978 1883 1027 1911 23.

77 1928 143 1958 pag·
161 1919 252 1950 1134.
270 1919 357 1957 Apud
374 1921 510 1950 Beierum
532 1932 597 1960 pag.
657 1923 776 1961 Legitur
791 1923 831 1951 ibi
845 1922 923 1950 Adii·
939 1933 1028 1949 casas

81 1966 245 1989 oratorum.
276 1962 348 1990 Cod.
380 1964 436 1994 Gu.
460 1975 617 1994 caussas.
648 1982 690 1988 —-
718 1964 764 2004 24)
788 1967 856 2003 Cap.
880 1967 928 1996 11.
953 1964 1025 1993 Cod-

78 2004 137 2032 Gu.
158 2002 307 2031 adieritis.
341 2019 379 2025 --
410 2006 458 2042 25)
484 2005 548 2036 Cic.
565 2018 622 2044 pro
649 2006 783 2036 Cornelio
806 2010 892 2042 991.‚
920 2016 1025 2033 omissa

77 2045 148 2074 libri
163 2045 330 2082 notatione,
355 2046 386 2074 A.
398 2047 434 2077 M.
452 2048 570 2085 Legitur
585 2050 665 2088 apud
680 2050 771 2078 Nobb.
788 2050 865 2077 inter
879 2049 1023 2083 Frugmm.

79 2087 148 2117 libri
165 2087 304 2123 secundi,
328 2091 375 2120 10.
393 2089 462 2119 Cod.
481 2092 536 2119 Gu.
553 2092 661 2119 diserto
679 2093 754 2120 libro
774 2094 868 2130 primo
885 2090 1024 2117 vindicat.

78 2131 152 2160 Tum
168 2132 223 2159 Da
240 2134 269 2157 et
285 2129 423 2165 adsueru
432 2137 464 2159 nt
486 2133 519 2161 A.
537 2133 574 2162 Μ.
594 2136 666 2162 Das
682 2151 723 2156 —
739 2134 856 2170 urlsucr
868 2134 922 2159 int
945 2136 1024 2159 recte

79 2173 153 2202 Cod.
177 2173 232 2201 Gu-
260 2188 300 2192 —
328 2173 379 2208 26)
403 2172 486 2201 Idem
503 2186 560 2213 pro
589 2175 687 2204 codem
717 2175 789 2203 ibid.
813 2176 845 2204 A.
870 2175 908 2202 M.
937 2173 1024 2210 Apud

77 2215 172 2245 Nobb.
191 2215 268 2242 inter
287 2214 432 2251 Fragnnn.
453 2217 521 2245 libri
548 2217 581 2245 11.
603 2221 650 2249 11.
679 2218 850 2246 Calas-sam
873 2216 943 2245 cod.
967 2216 1023 2244 Gu.

82 2274 117 2280 -
135 2259 179 2292 27)
198 2255 280 2284 Idem
298 2267 355 2294 pro
373 2258 473 2286 Deioc.
496 2261 543 2290 11.
566 2260 598 2288 A.
617 2260 657 2288 M.
682 2275 721 2280 -
744 2259 789 2297 98)
813 2259 905 2286 versu
924 2261 1024 2289 79·—

78 2298 128 2340 29)
155 2298 209 2328 Ad
226 2299 365 2327 Auxium.
386 2304 512 2337 uterque
536 2301 607 2330 Cod.
625 2302 784 2329 Numerum
806 2303 876 2332 999.
898 2301 1024 2336 signavit

78 2342 113 2372 A.
135 2342 173 2371 M.
196 2342 340 2378 Fragmm.
356 2342 432 2380 Epp.
456 2343 521 2379 ΧΗ,
543 2346 571 2374 2.
594 2354 658 2382 pag.
684 2345 773 2375 1139.
798 2344 850 2371 Ed.
872 2343 964 2371 Nobb.
990 2344 1025 2370 Si

79 2390 115 2413 tu
135 2384 261 2423 aliquid
282 2395 337 2413 no-s·
360 2385 430 2413 cod.
453 2386 509 2416 Gu.
532 2400 573 2407 -—
594 2388 639 2420 30)
666 2385 732 2416 Ter.
754 2387 849 2424 Jlecy.
873 2387 903 2417 3.
927 2389 956 2417 2.
973 2387 1022 2417 24.

1071 1795 1176 1831 ]egitnr
1194 1793 1273 1830 apud
1291 1792 1349 1819 CiC.
1365 1790 1467 1826 Quint.
1487 1801 1511 1818 c.
1525 1793 1553 1821 4.
1572 1791 1641 1818 Nou
1655 1790 1732 1817 saus
1749 1793 1829 1822 erat,
1853 1788 1885 1813 iu
1899 1784 2015 1812 tabulis

1078 1838 1082 1842 ⁴
1104 1837 1244 1874 ,pruris-w,
1268 1839 1416 1872 quantum
1437 1832 1596 1862 deberetur.
1621 1832 1693 1860 Cod.
1717 1831 1773 1859 Gu.
1794 1828 1928 1858 exhibet:
1951 1831 2014 1854 erut

1070 1880 1103 1906 ni
1125 1877 1294 1911 deberetur,
1327 1875 1384 1904 hoc
1414 1879 1456 1903 est
1482 1876 1530 1911 iu,
1567 1875 1647 1912 quod
1678 1884 1713 1902 ex
1745 1883 1824 1910 seqq.
1850 1870 2013 1900 residuum.

1072 1920 1182 1947 Deinde
1199 1918 1242 1946 ml
1261 1919 1384 1947 Catonis
1397 1922 1521 1955 uterque
1546 1918 1617 1946 Cod.
1638 1916 1682 1944 ad
1697 1916 1834 1944 Castoris
1854 1912 1928 1942 Edd.
1951 1912 2012 1940 Cic.

1071 1978 1107 1983 ·-
1131 1964 1175 1995 34)
1199 1962 1267 2000 Cap.
1288 1963 1337 1992 36.
1354 1961 1508 1989 Salus-nae
1532 1960 1602 1988 Cod.
1628 1960 1661 1990 Α,
1687 1959 1724 1988 Μ.
1745 1960 1833 1986 Recte
1859 1957 2013 1984 Iuturnae

1071 2004 1141 2031 eod.
1164 2005 1220 2031 Gu.
1247 2018 1281 2025 —-
1305 2001 1351 2042 35)
1379 2002 1460 2030 Idem
1483 2002 1565 2033 Plul,
1590 2002 1613 2031 l.
1634 2005 1662 2034 7.
1683 2002 1717 2029 A.
1736 2002 1774 2030 Μ.
1802 2017 1835 2021 -
1860 1999 1907 2034 36)
1931 1997 2013 2026 Mem

1069 2048 1100 2073 ιῗιι
1130 2045 1231 2074 eadem
1253 2049 1282 2077 2.
1303 2046 1337 2073 A.
1359 2045 1397 2073 M.
1419 2046 1494 2073 Tum
1517 2048 1558 2074 Et
1579 2046 1641 2073 ahs.
1664 2045 1735 2073 cod.
1761 2044 1816 2071 Gu.
1844 2041 1963 2070 Omittit
1986 2045 2013 2067 et

1068 2089 1102 2118 Α.
1121 2088 1158 2117 Μ.
1181 2105 1219 2110 —-
1241 2088 1287 2128 37)
1317 2090 1376 2116 Ter.
1391 2089 1470 2118 Eun.
1490 2089 1518 2118 4.
1535 2090 1564 2119 3.
1581 2091 1609 2118 7,
1635 2087 1668 2116 Α.
1690 2088 1726 2115 M.
1750 2103 1791 2107 —
1815 2084 1860 2123 38)
1879 2084 1949 2120 Cap.
1963 2085 2012 2114 31.

1074 2132 1145 2158 Tam
1161 2131 1230 2159 Cod.
1253 2131 1285 2160 A.
1301 2130 1340 2161 Μ,
1360 2135 1460 2158 tamen.
1478 2130 1550 2158 cod.
1567 2131 1624 2159 Gu.
1647 2146 1690 2151 -
1711 2127 1759 2169 39>
1789 2129 1850 2157 Ter.
1870 2125 1960 2154 Adel.
1982 2125 2011 2155 5.

1067 2176 1095 2205 8-
1115 2177 1162 2204 21.
1187 2174 1218 2202 A.
1236 2173 1274 2201 M.
1299 2190 1334 2194 —
1360 2171 1405 2211 4‹·)
1437 2174 1496 2200 Ter.
1514 2173 1607 2203 Phor.
1636 2176 1661 2203 1.
1676 2173 1704 2204 5.
1723 2175 1769 2202 17.
1787 2172 1821 2201 Α.
1840 2169 1878 2198 Μ.
1901 2185 1936 2190 —-
1961 2167 2010 2201 41)

1069 2214 1128 2244 Cic.
1150 2216 1232 2244 Plu‘l.
1260 2216 1360 2245 VIIII.
1382 2218 1408 2245 1.
1437 2217 1470 2245 A.
1492 2215 1530 2243 Μ.
1552 2231 1595 2237 --
1623 2216 1667 2247 42)
1703 2215 1788 2251 sirg.
1820 2212 1897 2241 xlm.
1924 2206 2010 2238 VIII.

1068 2260 1135 2289 196·
1156 2259 1188 2288 Α.
1204 2259 1242 2287 Μ·
1266 2275 1308 2280 —
1328 2257 1376 2294 43)
1397 2257 1466 2296 Cap.
1488 2260 1517 2288 2.
1542 2257 1583 2286 Id
1606 2257 1672 2294 (ulf.
1700 2257 1732 2286 A.
1761 2256 1799 2286 M.
1826 2254 1923 2292 quue
1944 2250 2009 2287 udf.

1067 2300 1128 2328 Cod
1161 2303 1214 2331 Gu.
1238 2300 1330 2339 idque
1346 2301 1449 2338 fixum
1472 2300 1646 2338 plerumque
1671 2300 1768 2327 editur
1789 2298 1869 2336 apud
1888 2295 1945 2324 Cio.
1965 2307 2008 2314 —-

1065 2342 1112 2382 44)
1136 2343 1205 2382 Cap.
1223 2345 1272 2375 53.
1289 2344 1353 2372 Act.
1369 2342 1403 2370 11.
1423 2342 1454 2370 111
1474 2342 1553 2371 Verr.
1571 2343 1624 2371 lib.
1639 2343 1672 2372 V.
1693 2357 1734 2363 —
1754 2339 1801 2380 45)
1827 2340 1917 2368 Versu
1934 2336 2006 2367 201·

1067 2386 1211 2415 Soncmtes
1229 2387 1300 2416 eod.
1318 2387 1376 2416 Gu.
1396 2387 1556 2414 sonantis
1577 2385 1622 2414 ed.
1645 2385 1680 2413 A.
1702 2383 1741 2412 Μ.
