2263 2668
230 163 306 198 564
658 157 1008 193 COMMENTARII
1033 159 1082 192 IN
1108 157 1253 193 PAULI
1279 156 1477 192 DIACONI
1502 156 1760 194 EXCERPTA

396 249 648 284 Pentathlum.
693 250 806 279 Graece
834 250 1002 288 πένταθλος
1032 257 1060 281 et
1089 252 1147 291 ipsi
1176 252 1314 281 ludiones
1342 250 1498 290 pentathli.
1542 252 1617 281 Nam
1647 253 1784 291 quamvis
1816 257 1914 282 essent
1943 255 2092 284 veteribus
2121 262 2189 286 octo

231 309 338 339 genera
362 295 570 329 certaminum,
595 303 699 332 nempe
715 292 870 331 Stadium,
895 296 966 327 125.
984 305 1079 334 pass.,
1101 294 1231 324 Diaulus
1253 295 1366 333 duplex
1391 294 1538 331 stadium,
1562 294 1708 324 Dolichus
1728 298 1777 326 12.
1798 296 1889 331 stad„
1914 296 1976 332 vel,
2001 302 2034 325 ut
2055 299 2115 335 alii,
2139 301 2189 331 24.

235 341 347 382 Oplites
367 340 428 367 sive
450 334 689 376 Oplitodromus,
714 347 819 365 cursus
842 347 910 366 cum
933 338 1036 375 armis,
1062 336 1177 373 Cestus,
1200 337 1407 373 Pancratium,
1437 337 1517 373 quod
1541 338 1655 376 reliqua
1680 338 1951 377 complectebatur,
1975 338 2055 367 lucta
2078 346 2106 369 et
2128 340 2190 370 sal-

232 391 279 413 tus
301 394 332 411 ea
356 381 447 418 vulgo
471 379 508 407 ad
533 379 665 418 quinque
687 379 912 419 reserebantur,
945 391 1052 420 nempe
1075 380 1111 409 ad
1134 378 1320 409 Pentatlzlum
1342 380 1404 408 sive
1430 378 1668 420 Quinquertium,
1702 391 1779 420 quae
1802 381 1833 409 in
1854 391 1946 409 unum
1972 391 2091 411 versum
2115 393 2189 411 con-

231 427 300 454 iecit
321 421 503 452 Simonides:

801 462 916 505 ‘'Alpa,
947 465 1133 504 ποδωκείην,
1165 465 1289 500 δίσκον,
1319 462 1449 502 ἄκοντα,
1478 461 1588 505 πάλην.

230 517 305 548 Vide
331 515 564 556 Quinquertium.
587 513 676 544 Dac.
717 513 954 557 Quinquartium.
984 516 1225 555 Quinquertium.
1274 513 1378 545 Goth.

396 566 539 596 Pescia.
569 565 626 600 (Ad
650 576 678 605 p.
692 567 772 604 197.)
800 567 890 596 Pellis
913 568 1016 605 agnina
1041 578 1057 595 a
1080 568 1194 597 Graeco
1217 566 1342 604 πέσκος,
1372 566 1455 606 quod
1477 578 1493 595 a
1516 567 1616 603 πέκος.
1662 565 1806 605 Hesych.:
1839 566 1993 605 πεσκέων,
2023 566 2188 608 δερμάτων.

230 612 321 641 Item:
352 610 464 641 πὲσκον
487 607 508 646 ἢ
530 606 642 639 κώδιον
664 606 684 646 ἢ
707 608 807 648 δέρμα.
851 610 966 638 Dicitur
989 611 1075 639 etiam
1099 616 1128 639 et
1149 611 1250 640 πέσκα.
1277 609 1364 640 Dac.
1411 610 1455 638 Ab
1478 610 1582 639 Indico
1605 610 1723 638 nomine
1744 620 1840 651 paca,
1867 609 1948 648 quod
1968 621 2056 650 pecus
2079 611 2190 650 siguifi-

231 659 296 692 cat,
319 654 405 683 etiam
426 652 533 686 πέσκος
557 656 586 680 et
606 652 706 691 pescia
730 657 758 680 et
780 652 871 687 ηέκος
891 653 1088 689 descendere,
1110 653 1251 682 credibile
1275 657 1327 681 est.

395 694 484 724 Pisa
496 692 595 722 tiles.
641 693 773 723 Pisatiles
796 701 866 724 sunt
889 696 919 726 οἷ
941 698 1080 726 Πισᾶται.
1120 696 1259 725 Memoria
1283 695 1386 733 lapsus
1409 705 1475 724 sum
1498 695 1585 731 olim,
1609 694 1661 733 qui
1685 693 1846 723 destitutus
1869 694 1973 723 codice
1994 695 2074 724 Festi
2097 707 2188 725 anuo-

229 739 308 775 tavi,
333 738 454 766 Picenus
478 737 548 764 olim
571 747 587 764 a
610 736 722 764 Naevio
746 736 882 766 Pisatiles
905 738 1019 775 dictos,
1044 738 1123 767 unde
1146 739 1232 767 etiam
1259 736 1348 766 hodie
1370 738 1496 766 fluvium
1520 737 1691 767 Pisatellum
1715 736 1784 766 dici.
1829 737 1890 775 Ego
1912 737 2001 776 plane
2023 737 2189 767 hallucina-

229 787 278 811 tus
301 791 382 816 sum,
411 789 479 807 cum
502 778 576 807 haec
598 781 768 809 memoriter
790 781 964 809 scribebam.
1009 782 1139 820 Petoque
1163 792 1178 810 a
1202 780 1337 809 candidis
1360 781 1552 817 Lemuribus,
1576 784 1608 808 ut
1630 784 1658 808 et
1682 779 1755 815 hoc,
1779 785 1809 809 et:
1831 780 1855 808 si
1880 790 1956 819 quae
1978 780 2083 810 similia
2107 781 2188 810 dicta

229 828 316 859 sunt,
352 832 429 861 quae
452 821 523 850 mihi
546 832 613 850 cum
638 822 776 851 omnibus
800 824 968 852 communia
991 829 1075 859 sunt,
1111 824 1161 862 qui
1186 824 1382 852 meminerunt
1405 828 1434 852 et
1457 834 1488 852 se
1510 823 1648 852 homines
1672 827 1700 850 et
1722 833 1739 850 a
1761 833 1791 851 se
1815 822 1890 851 nihil
1913 822 2036 852 humani
2058 823 2188 852 alienum

229 869 352 906 putant,
381 864 514 893 omnium
537 864 610 892 mihi
631 865 748 893 veniam
773 866 879 894 facere.
923 868 1016 895 Porro
1042 867 1201 895 Pantaleon
1224 867 1279 895 iste
1302 865 1510 904 Omphalionis
1535 866 1612 895 filius
1635 865 1706 902 fuit,
1742 869 1776 893 ut
1797 866 1838 894 ait
1860 865 1986 901 Strabo,
2016 865 2066 896 καὶ
2090 869 2187 897 Πισα-

228 911 288 939 suiv
310 904 439 948 ἡγεμών.
471 906 571 937 Scal.
616 907 682 935 Pisa
711 913 808 936 autem
832 909 1026 947 Peloponnesi
1055 910 1141 946 urbs,
1182 914 1210 937 et
1232 908 1313 946 regio
1336 908 1469 944 Pisates‚
1508 909 1545 937 de
1576 907 1683 946 quibus
1709 906 1777 936 vide
1800 908 1895 939 Strab.
1918 909 2042 937 Pausan.
2065 909 2187 938 Pindari

230 950 331 979 Schol.
355 955 381 978 et
405 951 539 978 Servium
563 949 600 978 ad
622 950 695 978 illud
720 951 855 979 Aeneid.:
878 950 1014 991 Alpheae
1037 951 1075 980 ab
1099 952 1210 991 origine
1232 951 1320 980 Pisae
1341 951 1406 988 (Ge.
1423 951 1480 988 ΙΙΙ,
1507 952 1599 989 18Ο-).
1628 949 1759 978 Schedae
1778 950 1925 990 pisalitem
1949 961 2005 990 pro
2026 950 2186 990 pisan'lem,

229 999 259 1023 et
280 994 321 1022 ita
344 992 501 1030 legendum
524 992 644 1021 videtur
668 991 751 1021 Fulv.
776 993 840 1022 Urs.
870 993 959 1023 Dac.
1005 995 1080 1023 Puto
1110 994 1301 1023 scribendum
1327 1004 1390 1022 esse
1412 993 1557 1030 Pisatem‚
1592 993 1672 1032 quod
1700 997 1733 1020 ut
1763 1003 1850 1032 saepe
1872 994 1984 1023 factum
2008 993 2185 1032 invenimus,

230 1035 440 1076 compendium
464 1034 662 1064 subodoratus
684 1035 824 1064 librarius
847 1035 1012 1074 Pisalitem,
1039 1037 1165 1066 editores
1188 1035 1341 1066 Pisatilem
1363 1036 1509 1066 fecerunt.
1555 1036 1721 1075 Utrumque
1744 1036 1839 1067 nihili.

392 1083 569 1116 Pedibus.
615 1086 708 1116 Plaut.
732 1087 761 1115 iu
786 1087 906 1116 Curcul.
931 1086 1000 1127 (IV,
1024 1091 1060 1124 2,
1086 1087 1164 1128 14.):

688 1136 761 1166 Item
782 1150 874 1177 genus
896 1145 937 1167 est
959 1137 1093 1167 lenonum
1117 1139 1192 1167 inter
1214 1136 1344 1167 homines
1366 1148 1430 1166 meo
1453 1136 1570 1178 quidem
1593 1138 1711 1176 animo,-

693 1180 730 1208 Ut
754 1192 885 1218 muscae,
910 1180 1033 1219 culices,
1054 1180 1214 1221 pedesque,
1235 1178 1404 1220 pulicesque
1425 1181 1552 1210 cimices.

228 1231 314 1261 Ant.
338 1230 435 1270 Aug.
476 1228 643 1261 Pedicosus.
690 1231 769 1260 Alibi
793 1232 934 1268 ostendo,
966 1232 1082 1260 Festum
1105 1234 1135 1260 in
1158 1232 1278 1260 vitiatos
1301 1231 1418 1260 codices
1441 1231 1567 1260 Titinuii
1589 1231 1745 1268 incidisse,
1773 1235 1805 1259 ut
1827 1229 1932 1268 legerit
1950 1229 2107 1270 pedicosus
2129 1241 2184 1269 pro

226 1272 395 1312 pedidosus.
436 1273 526 1301 Cuius
549 1274 711 1302 sententiae
734 1273 832 1302 adhuc
855 1284 901 1303 me
925 1285 983 1303 non
1005 1275 1148 1314 poenitet.
1188 1275 1263 1303 Nam
1286 1274 1311 1302 si
1335 1273 1408 1302 nihil
1431 1274 1528 1312 aliud,
1560 1280 1640 1304 certe
1664 1275 1715 1303 lex
1737 1283 1843 1303 versus
1866 1278 1968 1313 aperte
1990 1274 2090 1304 docet.
2128 1274 2183 1303 Fe-

228 1316 340 1345 minino
364 1325 471 1355 genere
494 1316 600 1344 extulit
623 1316 746 1345 Plautus
769 1317 938 1346 Vidularia:

687 1368 745 1397 Ubi
769 1379 913 1408 quamque
932 1366 1032 1409 pedem
1056 1365 1192 1405 videbat,
1222 1365 1427 1409 suffurabatur
1448 1367 1552 1396 omnis.

229 1417 394 1447 Pedidosus
418 1422 516 1447 autem
540 1429 555 1446 a
578 1418 699 1457 pedido.
744 1420 892 1448 Lucilius:

688 1468 776 1508 Quod
799 1468 928 1512 deformi
949 1481 1056 1508 senex,
1083 1467 1164 1510 quod
1182 1467 1308 1508 pedidus
1330 1470 1368 1498 dc
1387 1466 1581 1508 podagrosus.

228 1518 269 1546 lta
293 1518 371 1547 enim
395 1519 562 1557 legendum.
594 1518 693 1548 Scal.
739 1520 771 1548 In
796 1521 861 1549 aliis
885 1521 1002 1558 quidem
1026 1519 1224 1559 scriptoribus
1247 1519 1309 1548 fieri
1338 1519 1455 1558 potuit,
1492 1524 1526 1548 ut
1546 1518 1622 1547 Festi
1646 1522 1779 1557 tempore
1800 1516 1956 1558 pedicosus
1977 1529 2032 1558 pro
2055 1520 2183 1559 pedibus

228 1560 325 1589 obsito
347 1562 504 1599 legeretur.
548 1562 640 1590 Recte
664 1562 740 1590 enim
764 1573 780 1591 a
801 1562 874 1602 pede
893 1561 1063 1602 pedicosus,
1101 1567 1134 1590 ut
1158 1573 1173 1590 a
1197 1560 1329 1590 tenebrae
1352 1559 1556 1590 tenebricosus.
1601 1561 1643 1589 De
1666 1561 1732 1589 loco
1756 1561 1860 1589 Lucilii
1883 1561 1952 1590 vide
1974 1562 2004 1591 in
2027 1561 2182 1603 Palpatur.

227 1602 282 1632 Da
293 1615 318 1634 c.
350 1604 436 1633 Adde
458 1602 615 1633 Paedidos.
641 1602 744 1633 Goth.
780 1603 893 1634 Livius.
923 1605 1065 1642 Naevius,
1088 1604 1207 1633 Novius.
1233 1602 1340 1632 Idem.
1378 1603 1462 1631 Adde
1484 1603 1571 1633 Voss.
1594 1604 1692 1641 Etym.
1714 1613 1743 1631 v.
1766 1601 1935 1632 Pediculus.

391 1653 571 1684 Pesestas.
617 1656 704 1693 Lege:
726 1666 802 1695 quae
824 1656 898 1684 inter
917 1656 1108 1695 precationes.
1132 1653 1229 1684 Scal.
1260 1654 1356 1684 Pestis
1378 1664 1433 1693 pro
1453 1661 1598 1693 peres-tas,
1623 1654 1706 1692 quasi
1727 1654 1847 1693 perestis
1870 1664 1886 1682 a
1909 1654 2090 1693 peredendo.
2119 1657 2183 1686 Nisi

227 1706 295 1725 cum
318 1696 448 1725 Meursio
470 1697 566 1735 legas:
602 1696 747 1734 Paulas,
781 1698 932 1736 quomodo
955 1705 1124 1738 tempestas,
1154 1705 1266 1736 tempus
1288 1702 1344 1725 etc.
1388 1697 1446 1725 Pro
1470 1697 1704 1735 interpretatores
1725 1696 1788 1734 lege
1811 1697 1886 1725 inter
1904 1698 2119 1736 precationem,
2149 1705 2184 1729 ut

228 1739 258 1767 in
281 1739 350 1768 edit.
371 1740 513 1768 Romana.
549 1739 749 1768 precationem
773 1741 930 1779 intelligit,
954 1751 1028 1779 quae
1050 1740 1155 1777 fiebat,
1179 1741 1250 1768 dum
1273 1740 1335 1777 agri
1358 1739 1575 1776 lustrarentur,
1599 1739 1684 1767 cuius
1706 1739 1834 1767 formula
1860 1738 1940 1778 apud
1964 1740 2068 1769 Catou.
2090 1741 2127 1770 de
2149 1751 2183 1772 re

226 1786 299 1812 rust.
323 1792 388 1821 cap.
401 1782 471 1813 141.
495 1787 524 1811 et
546 1782 626 1821 apud
644 1782 753 1814 Tibull.
770 1783 849 1820 Eleg.
870 1785 898 1814 1.
913 1783 977 1812 Lib.
990 1783 1027 1812 ΙΙ.
1050 1783 1137 1813 Dac.
1172 1781 1327 1813 Persestas.
1354 1782 1487 1811 PestitaS.
1524 1781 1641 1810 Dicitur
1663 1782 1750 1810 etiam
1767 1781 1863 1810 Nonio
1879 1780 2028 1811 Pestilitas
2049 1787 2080 1812 et
2094 1784 2184 1813 Glos-

230 1824 268 1850 sis
291 1824 433 1853 Pestimus
456 1824 643 1864 λοιμοφόρος
665 1830 693 1854 et
717 1825 794 1854 Gell.
809 1826 891 1854 XIX.
915 1836 980 1865 cap.
995 1828 1024 1857 7.
1062 1824 1219 1854 Pestilenia
1248 1823 1316 1854 loca
1340 1829 1368 1853 et
1391 1824 1422 1852 iu
1446 1824 1509 1861 lege
1527 1823 1557 1854 4.
1583 1824 1653 1853 cod.
1678 1824 1714 1852 de
1737 1824 1876 1853 aedilitiis
1900 1825 2064 1854 actionibus
2085 1827 2183 1865 pesti.

230 1862 267 1892 lis
279 1865 400 1905 fundus
421 1867 468 1896 vel
489 1866 634 1907 pestibilis
647 1866 778 1909 fundus,
807 1866 911 1898 Gotlz.
943 1869 987 1898 Cf.
1006 1868 1089 1898 Voss.
1106 1868 1203 1906 Etym.
1228 1877 1249 1896 s.
1271 1877 1300 1896 v.
1323 1866 1424 1896 Pestis.
1451 1866 1617 1895 Doederlin.
1640 1868 1711 1905 Syn.
1735 1867 1796 1896 Lat.
1819 1871 1888 1897 tom.
1901 1866 1936 1895 ΙΙ.
1958 1874 2024 1906 pag.
2038 1870 2106 1906 60.,
2130 1870 2183 1909 qui

231 1915 290 1934 non
312 1918 327 1935 a
346 1920 397 1947 per
419 1914 448 1938 et
469 1908 552 1938 edere
573 1911 770 1948 compositum
794 1911 961 1948 existimat,
992 1910 1045 1940 sed
1068 1921 1084 1939 a
1104 1922 1157 1950 per
1177 1910 1398 1948 praepositione
1420 1909 1585 1938 derivatum
1611 1910 1759 1946 ostendit,
1790 1909 2040 1948 quemadmodum
2063 1919 2182 1950 egestas,

231 1949 383 1986 maiestas,
412 1959 578 1992 tempestas,
614 1963 630 1980 a
653 1952 804 1981 radicibus
827 1964 878 1992 eg,
913 1954 990 1994 maj,
1029 1960 1120 1993 temp,
1156 1952 1283 1981 deducta
1308 1962 1371 1980 esse
1394 1956 1543 1990 appareat.
1587 1951 1645 1980 Per
1667 1957 1763 1980 autem
1786 1952 1855 1980 mali
1879 1952 2028 1981 notionem
2050 1953 2181 1992 aliquam

231 1987 386 2026 habuisse,
421 1995 587 2023 ostenditur
609 1995 640 2023 in
662 1995 760 2024 verbis
779 1997 888 2035 perire,
916 1996 1073 2035 pernicies,
1102 1996 1184 2035 peior
1205 1995 1323 2034 (perior)
1345 1996 1499 2033 pessimus,
1533 2004 1625 2032 quare
1644 1995 1733 2034 pestis
1755 2004 1875 2033 quoque
1897 2005 1913 2022 a
1933 2006 2001 2034 per,
2033 1996 2182 2026 assimila·

231 2031 311 2061 tione
334 2034 459 2071 quadam
481 2036 644 2066 litterarum
668 2042 766 2066 ortum
790 2048 852 2066 esse
875 2038 1060 2075 intelligitur.
1106 2038 1218 2066 Nollem
1243 2042 1354 2072 tamen,
1385 2041 1419 2064 ut
1443 2036 1636 2065 Doederlinus
1658 2037 1790 2066 radicem
1809 2048 1876 2077 per,
1904 2048 1955 2075 pes
1977 2038 2182 2069 confundisset

232 2083 300 2102 cum
329 2078 543 2113 praepositione
568 2091 636 2119 per,
673 2090 749 2118 quae
777 2080 849 2108 mihi
878 2081 934 2109 alia
963 2081 1051 2120 plane
1081 2085 1109 2110 et
1137 2080 1173 2108 ab
1202 2080 1302 2108 radice
1326 2080 1375 2108 illa
1396 2091 1448 2118 per
1467 2090 1518 2118 pes
1541 2079 1634 2108 aliena
1657 2080 1786 2110 videtur.
1831 2079 1976 2108 Nimirum
1994 2091 2048 2120 per
2069 2085 2098 2110 et
2118 2093 2180 2121 pes,

232 2116 311 2145 unde
330 2117 427 2156 peior,
454 2121 609 2157 pessimus,
639 2123 744 2160 pestis,
774 2121 956 2161 pestilentia,
987 2130 1129 2162 pesestas,
1163 2123 1237 2157 alia,
1270 2123 1381 2151 sontem
1404 2121 1515 2150 habent
1536 2132 1700 2160 pronomen
1724 2122 1906 2151 Sanscritum
1926 2123 2057 2161 para(s),
2091 2124 2179 2162 alius,

232 2159 388 2195 remotior,
420 2160 496 2188 unde
515 2163 571 2200 ραι·
592 2164 732 2201 verbum,
759 2165 861 2201 finire,
893 2171 921 2194 et
941 2167 1034 2204 ρᾶνα,
1062 2165 1146 2202 finis,
1171 2166 1252 2204 ripa3
1284 2169 1319 2193 ut
1341 2164 1506 2192 communis
1529 2164 1611 2192 notio
1633 2165 1732 2193 exitus
1754 2169 1782 2193 et
1804 2165 1937 2193 interitus
1958 2165 2016 2193 illis
2039 2166 2179 2196 omnibus

232 2201 337 2230 subsit.
381 2201 443 2230 Nisi
473 2203 549 2231 sorte
574 2204 639 2242 ipsa
666 2216 769 2246 praep.
790 2218 843 2247 per
868 2209 1005 2246 (Sanscr.
1026 2209 1111 2247 pari,
1147 2208 1252 2236 Graec.
1274 2208 1361 2247 περί)
1386 2206 1517 2235 indidem
1541 2206 1580 2235 sit
1602 2206 1775 2238 derivanda.
1821 2207 1957 2236 Ceterum
1979 2217 2036 2246 pro
2055 2216 2179 2248 possunt

233 2243 296 2282 lege
314 2250 416 2283 potest.
462 2244 519 2272 Alii
540 2246 708 2275 maluerunt
728 2249 829 2287 possit.
1997 2244 2008 2256 .

395 2284 536 2314 Pedum.
581 2287 654 2316 Vide
676 2290 870 2321 Coniectanea
893 2293 971 2332 (pag.
984 2292 1035 2324 40.
1061 2292 1113 2321 Ed.
1130 2293 1194 2328 St.).
1220 2289 1321 2321 Scal.
1357 2291 1435 2319 ldem
1460 2291 1580 2319 Servius
1603 2291 1682 2329 (pag.
1695 2293 1747 2323 29.
1771 2290 1816 2321 ed.
1832 2291 1937 2329 Dan.):
1959 2289 2071 2321 Pedum
2093 2293 2176 2331 virge

233 2327 372 2374 incurva,
394 2326 470 2374 unde
489 2329 645 2357 retinentur
662 2330 804 2369 pecudum
825 2333 919 2371 pedes.
959 2336 1016 2364 Sed
1043 2335 1139 2373 potius
1159 2333 1266 2374 pedum
1289 2345 1304 2362 a
1329 2334 1487 2362 fulciendis
1511 2333 1646 2373 pedibus.
1687 2333 1720 2361 ln
1742 2334 1841 2363 verbis
1864 2334 1948 2362 Ennii
1972 2334 2081 2372 optime
2103 2334 2176 2362 Ver-

232 2379 309 2398 rlum
331 2374 428 2407 arguit
448 2370 561 2399 Festus.
597 2371 671 2399 Nam
695 2373 760 2410 quis
782 2384 841 2402 non
864 2377 946 2405 videt
963 2377 1069 2416 pedum
1093 2377 1142 2405 hic
1166 2387 1226 2405 esse
1248 2376 1371 2404 secundi
1395 2386 1480 2404 casus
1503 2387 1518 2404 a
1541 2386 1609 2415 pes,
1639 2376 1731 2415 pedis.
1767 2377 1870 2414 Neque
1892 2381 1989 2404 tamen
2011 2375 2074 2413 ipse
2095 2381 2176 2406 recte

233 2411 394 2441 verborum
421 2412 557 2442 ordinem
585 2413 694 2451 tradit,
730 2424 825 2453 neque
854 2418 930 2447 enim
959 2418 992 2450 τό
1018 2430 1114 2449 cessas
1136 2429 1204 2448 cum
1225 2418 1359 2461 proferre
1377 2417 1506 2459 gradum
1529 2418 1769 2457 coniungendum
1792 2423 1854 2447 est.·
1886 2418 1936 2446 Sic
1956 2417 2047 2455 igitur
2068 2417 2174 2448 distin-
