2263 2668
515 169 579 202 DE
607 168 999 203 SIGNIFICATIONE
1028 169 1310 204 VERBORUM.
1370 171 1517 206 LIBER
1542 173 1632 207 XIV.
1975 175 2051 210 579

92 265 193 297 ἔνδιον
218 263 394 293 Plutarchus
416 273 477 291 non
498 260 634 302 πρωινόν
656 264 852 298 matutinum,
875 266 910 290 ut
929 261 980 290 hic
1002 261 1105 291 Festus
1130 263 1166 292 ‹le
1189 263 1334 302 prandio,
1359 265 1410 293 sed
1433 264 1563 297 δειλινόν
1585 266 1616 295 id
1640 271 1683 296 est
1704 267 1904 306 vespertinum,
1946 268 2050 299 Melius

92 309 185 346 igitur
208 307 354 345 Scaliger,
391 305 442 344 qui
470 315 507 333 ex
538 305 640 333 eodem
666 305 826 335 Plutarcho
855 305 974 343 supplet
1001 307 1086 343 πρωΐ
1108 305 1138 334 id
1162 311 1206 334 est
1227 317 1321 335 mane.
1364 308 1438 336 Nam
1461 319 1518 347 pro
1541 311 1625 347 πρωΐ
1645 311 1734 338 Dores
1757 310 1895 338 dicebant
1917 310 1998 350 πρᾶν
2022 317 2051 341 et

92 351 163 379 inde
187 350 360 389 prandium,
384 348 441 376 nisi
464 348 544 376 dicas
568 358 636 376 cum
659 348 744 378 Voss.
768 347 929 387 prandium
951 357 1014 376 esse
1038 358 1054 375 a
1076 347 1156 385 πράν
1179 354 1207 377 et
1230 349 1301 384 ἔδω,
1326 351 1405 387 quod
1429 362 1513 379 mane
1536 352 1651 381 edatur.
1691 353 1728 381 Et
1750 352 1807 380 hoc
1829 355 1920 389 magis
1942 355 2049 392 placet,

95 403 184 432 quam
213 393 292 431 quod
322 392 392 420 olim
416 391 523 419 Caesar
546 390 694 428 Scaliger,
731 392 782 429 qui
812 390 968 429 prandium
998 390 1057 418 dici
1084 391 1201 428 putavit
1224 403 1238 419 a
1260 400 1412 431 paratum,
1451 394 1518 432 quia
1540 395 1649 423 iterum
1673 395 1710 423 ad
1734 405 1809 433 opus
1833 396 1928 434 parati
1953 402 2049 426 essent

93 436 193 472 illico,
221 436 268 464 vel
292 434 374 473 quod
397 434 467 462 olim
490 434 731 471 Kekermannus,
761 434 812 472 qui
835 443 850 461 a
870 431 1037 472 perendinis
1060 432 1191 473 reliquiis
1212 435 1368 473 prandium
1392 436 1535 473 deduxit,
1567 447 1640 476 quas
1663 443 1778 466 veteres
1801 449 1886 467 mane
1909 440 2049 469 comede—

93 483 178 515 rent,
204 478 314 506 lautius
338 476 455 515 vesperi
479 486 595 514 unaque
619 486 686 504 cum
710 476 775 504 aliis
799 475 961 504 coenaturi.
1003 475 1096 504 Dac.

259 519 495 548 Praetextae.
541 519 768 547 comoediarum
796 528 903 547 nomen
933 522 975 546 est
997 517 1034 545 ab
1058 523 1232 555 argumento
1255 520 1446 558 vestibusque
1468 526 1630 560 sumptum.
1677 522 1807 551 Graecae
1830 523 1906 552 enim
1931 524 2049 554 fabulae

94 574 111 591 a
133 561 246 591 Latinis
269 571 446 598 conversae,
477 561 578 599 quales
603 572 703 590 omnes
726 566 796 590 sunt
817 561 914 590 Plauti
937 565 1027 599 atque
1049 561 1194 598 Terentii,
1230 561 1374 601 palliatae
1395 564 1552 599 dicuntur,
1583 571 1702 603 iugatae
1723 575 1795 593 vero
1819 570 1848 593 et
1867 573 2048 604 praetextae,

95 615 171 643 quae
194 609 367 642 argumento
390 604 426 632 ab
449 603 571 632 urbanis
593 604 683 633 rebus
705 609 826 643 sumpto
847 603 896 632 vel
920 603 956 632 de
978 604 1086 640 togatis
1114 605 1205 640 viris,
1241 606 1292 633 vel
1319 605 1355 633 de
1377 607 1569 645 praetextatis
1591 608 1692 646 pueris
1714 612 1744 637 et
1765 608 1874 646 puellis
1897 610 2048 648 composi—

94 652 143 677 tae
165 648 297 676 fuerunt.
339 648 380 676 l)e
402 646 448 675 his
471 646 612 676 Horatius
634 647 664 676 in
687 648 758 675 Arte
781 648 821 683 (V.
836 647 1030 684 286.seqq.):

781 714 822 719 -—
866 713 908 720 -
951 712 993 719 -—
1036 697 1157 735 vestigia
1184 695 1296 726 Graeca

675 740 756 769 Ausi
779 739 903 769 deserere
925 747 950 768 et
974 737 1117 768 celebrare
1140 737 1298 768 domestica
1312 739 1418 781 facta,

681 782 740 811 Vel
760 784 811 823 qui
829 790 1000 822 praetextas
1022 780 1069 810 vel
1090 783 1141 822 qui
1163 780 1285 811 docuere
1308 790 1433 822 togatas.

96 833 171 862 Vide
197 833 389 873 Togatarum.
413 832 504 862 Ant.
528 833 619 873 Aug.
657 832 834 862 Praetextae
857 843 913 872 pro
937 832 1154 862 Praesta-tatae.
1190 832 1347 862 Horatius:

679 884 738 913 Vel
759 885 810 925 qui
830 892 1002 923 praetextas
1024 881 1070 913 vel
1091 884 1142 924 qui
1165 882 1287 913 docuere
1310 892 1435 924 togatas.

95 935 129 964 Id
154 940 196 963 est
219 940 432 973 praetextatas.
476 934 605 963 Fabulae
633 941 807 973 argumento
830 937 963 965 Romano
993 939 1042 963 aut
1065 935 1194 973 Togatae
1224 940 1275 964 aut
1299 936 1512 964 Praetextatae.
1558 936 1732 965 Comoediae
1761 935 1880 975 quidem
1903 937 2047 975 Togatae:

96 978 278 1016 Tragoediae
302 983 399 1006 autem
423 978 636 1008 Praetextatae.
682 978 823 1008 Afranius
847 984 876 1007 et
897 978 1046 1007 Titinnius
1068 978 1246 1015 Togatarum
1270 983 1374 1017 poetae
1398 979 1549 1007 dicuntur.
1593 979 1723 1015 Ennius,
1756 979 1917 1010 Pacuvius.
1952 980 2049 1009 Attius

96 1021 362 1050 Praetextatarum.
407 1021 479 1049 Nam
504 1021 614 1049 Ennius
638 1021 825 1060 Scipionem,
857 1022 1005 1050 Pacuvius
1028 1021 1169 1057 Paulum,
1205 1021 1305 1049 Attius
1326 1022 1452 1050 Brutum
1477 1026 1505 1050 et
1527 1022 1678 1050 Aeneadas
1700 1032 1751 1050 seu
1774 1022 1896 1050 Decium
1918 1023 2050 1060 Tragoe—

97 1063 161 1091 dias
185 1063 362 1093 docuerunt.
408 1063 484 1100 Ergo
508 1073 568 1091 non
591 1064 783 1092 mediocriter
806 1069 921 1101 errant,
959 1064 1010 1102 qui
1033 1064 1070 1092 ad
1092 1062 1175 1092 hunc
1195 1064 1276 1092 Festi
1299 1063 1417 1101 locum,
1449 1065 1518 1092 item
1542 1065 1577 1091 ad
1601 1064 1700 1092 locum
1724 1065 1900 1101 'l'ogatarum
1924 1065 2050 1103 Togatas

97 1106 135 1135 de
158 1106 265 1143 togatis
289 1106 376 1134 viris:
402 1107 604 1135 Praetextatas
627 1106 663 1135 de
686 1107 788 1145 pueris
812 1118 845 1135 ac
867 1106 975 1145 puellis
998 1106 1189 1144 praetextatis
1212 1107 1392 1144 compositas
1416 1107 1507 1135 fuisse
1530 1111 1718 1135 annotarunt.
1761 1107 1819 1145 [psi
1845 1108 1987 1144 viderint,
2013 1118 2050 1135 an

96 1148 216 1187 Scipio,
240 1149 368 1185 Brutus,
392 1149 515 1184 Decius,
539 1149 590 1187 qui
612 1160 642 1177 se
667 1149 833 1185 devotavit,
864 1150 948 1188 pueri
972 1149 1100 1177 habendi
1124 1150 1198 1185 sint,
1229 1154 1258 1177 et
1281 1160 1316 1177 an
1340 1150 1521 1186 Lucretiam,
1552 1160 1618 1177 cum
1642 1160 1672 1178 se
1694 1149 1889 1186 interficeret,
1920 1150 2050 1188 puellam

96 1191 263 1230 putandum
287 1192 332 1220 sit.
367 1191 445 1219 Haec
469 1196 537 1220 sunt
559 1192 632 1219 viris
655 1196 682 1219 et
706 1192 890 1229 gravissimis
914 1197 942 1221 et
965 1192 1062 1229 magni
1084 1191 1113 1219 in
1137 1192 1230 1220 literis
1255 1192 1382 1220 nominis
1405 1192 1533 1229 indigna.
1566 1192 1651 1220 Ratio
1674 1193 1702 1219 in
1727 1197 1865 1230 promptu
1888 1198 1941 1224 est.
1973 1193 2049 1230 Toga

96 1234 203 1273 populi
229 1239 273 1262 est
296 1239 324 1262 et
347 1234 492 1273 populare
516 1239 720 1271 argumentum
745 1235 922 1264 Comoediis.
967 1235 1139 1262 praetextae
1166 1235 1407 1272 magistratuum,
1446 1245 1520 1273 quae
1549 1240 1617 1262 sunt
1647 1235 1833 1271 gravissimae
1856 1245 1999 1273 personae
2023 1239 2051 1263 et

96 1276 263 1312 cothurno,
291 1286 349 1304 non
373 1287 462 1305 socco
486 1281 588 1314 aptae,
614 1277 663 1305 vel
687 1278 784 1315 quod,
814 1282 846 1305 ut
870 1277 909 1306 ait
932 1276 1076 1305 Asconius
1098 1276 1128 1305 in
1149 1282 1290 1317 praetura
1317 1277 1447 1314 Urbana,
1479 1282 1635 1317 praetexta
1657 1276 1847 1306 honestorum
1872 1282 1952 1314 erat3
1982 1282 2051 1315 toga

96 1319 246 1347 viliorum.
270 1318 358 1347 Dae.
399 1318 541 1357 Scriptus.
571 1318 714 1357 Scriptae.
762 1318 870 1349 Goth.

260 1359 468 1390 Praetoria
490 1368 613 1399 porta.
661 1361 734 1389 Vide
757 1360 914 1390 Praetoria
937 1361 1050 1390 cohors.

261 1401 388 1431 Praes.
432 1403 536 1431 Festus
559 1404 599 1432 ait
622 1403 764 1442 praedem
789 1403 904 1432 dictum
928 1413 1007 1440 esse,
1039 1403 1121 1442 quod
1143 1403 1344 1442 interrogatus
1367 1414 1381 1432 a
1405 1404 1538 1444 populo,
1574 1404 1597 1432 si
1621 1414 1704 1443 praes
1728 1409 1817 1440 esset,
1845 1403 2051 1442 respondebat,

97 1445 195 1474 Praes.
227 1445 340 1483 Supple
357 1444 436 1475 Sum.
472 1446 626 1475 Praesesse
650 1446 817 1484 antiquitus
840 1446 985 1484 significat
1008 1452 1192 1485 praesentem
1217 1457 1294 1484 esse,
1316 1450 1471 1485 παρεῖναι,
1495 1446 1574 1475 unde
1597 1452 1732 1486 superest
1755 1446 1946 1486 participium
1968 1457 2053 1486 prae-

96 1499 169 1516 sens.
213 1488 373 1517 Ausonius*
393 1493 498 1518 auctor
527 1489 615 1518 valde
645 1489 757 1526 bonus,
797 1489 904 1527 dignus
934 1489 984 1528 qui
1008 1490 1128 1518 meliore
1151 1490 1268 1518 saeculo
1292 1494 1377 1518 natus
1399 1495 1492 1526 esset,
1531 1491 1572 1518 ait
1593 1490 1622 1517 in
1646 1489 1763 1518 ludicro
1787 1489 1919 1518 dramate
1942 1494 2053 1528 septem

97 1530 280 1570 sapientum:

684 1571 788 1602 Thalis
810 1581 922 1609 autem,
953 1571 1057 1614 ἐγγύα,
1085 1572 1167 1613 πάρα
1191 1570 1220 1604 δ’
1244 1571 1299 1603 c'im
1319 1573 1452 1612 protulit.

681 1614 830 1654 Spondere
852 1617 904 1656 qui
925 1627 993 1652 nos,
1019 1626 1102 1645 noxa
1126 1617 1196 1657 quia
1218 1626 1304 1655 praes
1326 1623 1368 1644 est
1389 1623 1475 1647 vetat.

98 1666 250 1701 Praesest,
280 1663 412 1704 πάρεστι.
453 1666 586 1695 Graecus
607 1666 823 1703 interrogatus,
853 1666 880 1696 εἰ
901 1664 1025 1704 πάρεστι
1046 1667 1208 1705 respondet
1231 1667 1331 1705 potius
1355 1665 1454 1706 πάρα,
1486 1677 1573 1705 quam
1596 1664 1726 1706 πάρειμι.
1765 1669 1814 1696 Sic
1839 1667 1986 1695 Romanus
2007 1666 2055 1695 in-

98 1712 284 1745 terrogatuS,
308 1718 344 1735 an
369 1709 509 1746 praeses'.>
532 1708 747 1747 respondebat,
772 1719 872 1747 praeS,
896 1719 957 1737 non
980 1719 1144 1748 praessum.
1189 1709 1283 1738 Varro
1308 1708 1470 1749 (pag-250.
1495 1708 1573 1747 Sp.):
1597 1707 1700 1749 Itaque
1719 1721 1821 1749 praes,
1844 1710 1896 1749 qui
1919 1720 1936 1737 α
1960 1710 2055 1748 magi-

99 1757 194 1778 stratu
217 1750 413 1788 interrogatus
434 1752 463 1779 in
485 1749 652 1790 publicum,
683 1761 722 1779 an
743 1758 889 1790 praesest‚·
919 1763 937 1779 α
961 1762 1018 1791 quo
1042 1759 1067 1779 et
1091 1763 1155 1780 cum
1180 1749 1347 1791 respondet,
1374 1750 1464 1784 dicit,
1486 1762 1580 1790 praes.
1626 1752 1669 1780 Ita
1694 1752 1771 1781 enim
1793 1752 1950 1790 legendum
1974 1751 2056 1789 apud

100 1792 275 1821 Varronem.
312 1793 431 1831 Alioqui
455 1795 516 1822 scio
540 1799 626 1822 antea
648 1804 707 1822 non
731 1794 800 1822 satis
821 1794 1013 1833 perspicuum
1037 1803 1134 1832 neque
1156 1794 1296 1823 Varronis
1320 1804 1415 1832 neque
1440 1793 1516 1822 Festi
1535 1794 1634 1822 locum
1658 1794 1756 1823 fuisse.
1793 1794 1955 1822 Multorum
1980 1794 2055 1821 scri—

100 1839 222 1874 ptorum
245 1835 343 1863 Latini
366 1837 495 1865 nominis
517 1835 636 1865 codices
660 1836 774 1864 calamo
798 1837 911 1865 exarati
935 1836 1045 1865 habent
1066 1844 1208 1876 praeusi,
1238 1847 1292 1874 pro
1317 1847 1377 1874 quo
1401 1836 1515 1874 vulgati
1536 1843 1652 1875 praesto
1675 1844 1723 1866 est.
1748 1835 1847 1866 Scal.
1894 1836 1950 1864 Sed
1973 1836 2055 1864 veri—

100 1877 229 1905 similius
258 1878 398 1913 videtur‚
437 1885 470 1908 ut
491 1890 577 1918 praes
608 1879 728 1908 dicatur
751 1890 765 1907 a
788 1890 879 1918 prae,
912 1884 948 1907 ut
970 1879 1010 1907 ita
1034 1880 1151 1908 dicatur
1174 1880 1225 1918 qui
1249 1884 1366 1918 praesto
1390 1884 1448 1914 est,
1484 1884 1519 1907 ut
1541 1878 1714 1914 fideiussor,
1753 1878 1905 1917 quomodo
1928 1882 1956 1906 et
1978 1877 2054 1906 idem

101 1920 215 1949 dicitur
236 1919 341 1960 ἔγγυος
362 1921 398 1949 ab
420 1920 508 1962 ἐγγύς
531 1932 643 1960 prope,
667 1923 760 1952 iuxta.
797 1922 870 1951 lude
894 1933 1053 1961 compraes.
1075 1922 1163 1951 Dac.
1206 1922 1282 1950 Vide
1304 1932 1395 1960 supra
1419 1919 1612 1960 Compraedes
1635 1926 1664 1950 et
1685 1921 1839 1961 Manceps.
1877 1920 1989 1949 Glossis
2009 1920 2056 1960 ἔγ·-

100 1974 191 2002 γυος,
215 1959 379 2002 οἷνάδοχος,
403 1963 508 1993 iisdem
526 1963 668 2004 ἐγγυητής
683 1964 852 2000 fideiussor,
877 1975 1020 2003 sponsor3
1045 1964 1185 2005 ἐγγυηταὶ
1201 1964 1306 2001 vades;
1332 1962 1423 2004 ἐγγύῃ
1446 1963 1667 2000 vadimonium,
1691 1964 1850 1992 fideiussio.
1892 1961 2001 1993 Goth.

267 2004 546 2036 Praesiderare.
595 2007 700 2035 Graeci
723 2005 948 2046 προχειμάζειν,
978 2008 1186 2045 προχείμασις,
1212 2007 1437 2046 praesideratiO.
1484 2006 1596 2042 Quidni
1621 2012 1650 2035 et
1670 2005 1879 2035 Postsideratio
1902 2002 1922 2043 ἡ
1945 2005 2054 2044 ἐπιχεί-

102 2057 192 2086 μασις
214 2047 273 2076 diei
298 2049 427 2086 poterit?
451 2049 526 2077 Vide
548 2049 710 2087 Vegetium.
755 2050 820 2078 lloc
843 2055 939 2078 autem
964 2049 1004 2078 ita
1027 2049 1168 2078 dicebant
1190 2054 1305 2078 veteres
1330 2051 1467 2085 Romani,
1491 2049 1557 2087 quia
1582 2049 1649 2077 anni
1673 2053 1860 2086 tempestates
1883 2048 1978 2076 sidera
2002 2057 2054 2076 vo-

103 2090 227 2125 cabant,
258 2095 286 2118 et
309 2091 476 2120 consectum
500 2091 582 2120 sidus
606 2093 653 2120 vel
678 2097 830 2130 peractum
855 2092 959 2120 hiemis
983 2092 1102 2120 aestatis
1125 2092 1208 2120 sidus
1232 2092 1380 2121 dicebant.
1414 2090 1510 2120 Scal.
1551 2091 1610 2119 Sed
1630 2092 1740 2120 frustra
1764 2091 1903 2128 Scaliger.
1945 2091 2053 2118 Notum

103 2138 148 2162 est
171 2137 268 2161 ortum
292 2137 321 2160 et
343 2144 481 2162 occasum
506 2134 637 2162 siderum
659 2135 760 2162 faedas
783 2140 971 2173 tempestates
994 2135 1080 2163 ciere.
1126 2135 1198 2162 Cum
1228 2140 1325 2163 autem
1353 2135 1458 2162 sideris
1486 2134 1625 2171 effectus,
1662 2143 1768 2172 nempe
1795 2137 1955 2172 tempestas
1982 2142 2052 2160 cau—-

103 2185 164 2204 sam
189 2175 410 2210 anteveniebat,
440 2177 664 2215 praeveniebat,
694 2177 723 2205 id
748 2182 791 2206 est
814 2178 918 2206 sideris
941 2182 1039 2205 ortum
1062 2177 1112 2205 vel
1136 2187 1273 2205 occasum
1298 2177 1495 2215 anticipabat,
1526 2176 1585 2205 hoc
1608 2176 1714 2205 Graeci
1735 2174 1946 2215 προχειμάζειν
1969 2175 2052 2203 dice-

103 2218 190 2253 bant,
217 2218 309 2246 Latini
331 2218 546 2258 prat-siderare,
572 2219 652 2256 quod
676 2224 744 2247 ante
766 2220 847 2248 sidus
869 2221 999 2255 veniret,
1029 2220 1058 2249 id
1083 2224 1126 2248 est
1149 2221 1341 2249 immaturius.
1385 2219 1458 2248 lnde
1481 2224 1509 2248 et
1531 2219 1699 2247 desiderare
1722 2219 1852 2254 dictum,
1879 2218 1957 2256 quod
1980 2226 2051 2254 pro-

104 2261 169 2299 prie
193 2260 278 2288 finem
303 2262 485 2300 tempestatis
508 2262 669 2300 significat,
694 2262 776 2299 quasi
801 2262 882 2300 quod
906 2262 1015 2290 desinit
1036 2260 1177 2296 siderare,
1202 2263 1232 2291 id
1257 2268 1301 2291 est
1322 2259 1485 2301 χειμάζειν,
1508 2266 1543 2290 ut
1565 2261 1718 2290 defervere
1741 2261 1866 2296 dicitur,
1891 2259 1968 2297 quod
1994 2258 2051 2285 ser-

102 2313 172 2331 vere
196 2303 303 2332 desinit
325 2309 354 2332 et
377 2303 528 2340 detonare,
555 2304 636 2342 quod
660 2304 748 2333 desiit
770 2312 886 2341 tonare,
910 2305 952 2333 sic
974 2303 1110 2333 deludere
1132 2305 1195 2333 ludi
1219 2305 1305 2333 finem
1329 2306 1435 2333 facere.
1470 2304 1549 2332 Hinc
1571 2304 1733 2333 desiderari
1757 2314 1804 2332 res
1829 2303 1951 2336 dicitur,
1976 2309 2050 2336 quae

103 2346 190 2379 abiit,
214 2356 269 2374 nec
292 2347 418 2384 amplius
442 2351 532 2376 extat.
569 2347 612 2375 lta
635 2357 704 2384 ergo
728 2351 757 2375 et
779 2347 948 2376 desiderare
970 2347 1007 2376 de
1030 2347 1125 2375 sidere
1148 2348 1301 2383 contecto,
1326 2347 1407 2386 quod
1430 2346 1549 2375 Graecis
1573 2342 1796 2386 ἆποχειμάζειν,
1819 2348 1919 2384 postea
1944 2341 2049 2369 tradu-

104 2393 184 2417 ctum
215 2388 249 2416 ad
280 2389 346 2417 alia.
393 2388 481 2418 Sidus
507 2389 706 2428 Vergiliarum
730 2397 755 2417 et
780 2389 906 2418 Arcturi
933 2390 1099 2430 confectum
1129 2391 1225 2428 legere
1254 2395 1297 2419 est
1326 2390 1407 2430 apud
1430 2389 1578 2425 Hirtium,
1618 2390 1698 2427 quod
1726 2390 1761 2417 (le
1786 2386 1851 2415 anni
1875 2388 2049 2423 tempestate

105 2441 164 2460 non
188 2436 288 2469 potest
311 2432 416 2471 accipi.
459 2433 570 2471 Nempe
594 2432 760 2461 consectum
784 2432 867 2460 sidus
891 2432 1014 2469 dicitur,
1039 2432 1117 2471 quod
1140 2443 1265 2472 prorsus
1289 2438 1332 2462 est
1355 2433 1387 2464 ἐν
1409 2433 1451 2474 τῷ
1473 2434 1596 2472 φανερῷ
1618 2433 1666 2461 vel
1690 2432 1720 2462 ἐν
1743 2432 1783 2471 τῷ
1805 2427 1930 2467 ἆφανδῖ,
1954 2431 2048 2454 mlum

1452 2482 1646 2517 Dddd*
