2263 2668
798 134 887 167 LIB.
914 133 941 166 1.

994 132 1137 167 SEGM.
1164 133 1223 166 1V.

1934 131 1985 165 53

49 232 106 265 Tis
143 231 197 264 vel
230 230 281 262 ris
317 233 372 261 aut
398 228 454 261 dis
487 231 520 260 et
555 227 667 260 similis
696 228 824 272 syllaba
856 227 1009 272 qualibet
1042 227 1268 273 praecedente
1304 230 1506 262 consonante
1540 226 1696 261 vocalem
1723 227 1736 260 i
1762 227 1794 260 in
1830 222 1988 260 eode1n¹⁴

43 295 122 317 casu
151 282 298 328 genitivo
325 291 456 324 semper
482 280 591 312 brevis
619 285 683 320 est,
711 276 797 312 ut¹⁵:

252 332 477 380 Quamquam
501 342 520 363 ο
543 331 574 363 si
594 331 719 364 solitae
734 331 919 376 quiequam
940 331 1078 364 virtutis
1103 325 1293 369 adesset¹⁶3

41 389 92 419 et:

249 432 421 467 Inseritur
446 443 529 466 vero
558 443 603 466 ex
627 429 735 476 fetu¹⁷
760 433 857 466 nucis
884 433 1030 467 arbutus
1056 427 1251 476 hom-idam,-

43 492 93 521 et:

229 534 431 580 Evaditque
458 535 551 568 celer
576 535 696 580 ripam
721 533 957 569 inremeabilis
983 531 1146 568 undaeffl.

42 594 90 621 et:

247 637 324 671 Nec
349 649 417 671 non
443 637 495 670 ad
520 637 688 682 templum
713 648 936 683 summasque
962 638 1013 671 ad
1038 637 1206 671 Palladis
1233 634 1375 670 arces²⁰.

42 694 90 724 et:

245 739 377 785 Aspice
401 739 534 772 ventosi
558 740 759 773 ceciderunt
784 740 974 773 7711trmnr1‘s
999 736 1156 773 aurarem.

205 790 263 824 20.
318 791 491 824 Genitivus
527 791 700 836 singularis
734 803 772 825 os
798 792 925 836 syllaba
955 792 1146 825 terminatus
1179 791 1213 824 in
1240 790 1374 825 Graeca
1407 788 1626 824 declinatione
1652 784 1787 820 inveniri
1813 785 1924 829 potest
1952 786 1984 815 et

42 842 160 877 eadem
186 842 371 876 masculino
399 854 524 887 genere
555 849 588 876 et
613 844 773 876 feminino
801 840 1019 887 corripitur²²‚
1047 849 1098 876 ut:

247 894 445 927 Parrhasio
472 894 604 929 dictum
629 895 749 928 Panos
775 895 821 928 de
846 906 943 928 more
968 895 1101 939 Lycaei
1110 890 1145 926 ²³.

40 945 215 979 Feminino
225 969 234 987 ,
261 950 297 978 ut
322 946 495 978 Lucanus:

252 997 299 1030 Ut
325 997 499 1042 Pagasea
524 997 614 1029 ratis·
632 1000 772 1041 peteret
799 1008 877 1030 cum
903 992 1124 1030 Plzasidosfl.

39 1049 86 1082 Et
110 1049 144 1081 in
169 1048 267 1081 tertio
276 1045 315 1080 ²⁵:

252 1099 401 1145 Quaque
416 1098 558 1144 fretum
583 1102 720 1132 torrens
745 1095 994 1135 Maeotidosffi.

39 1151 85 1183 Et
111 1150 287 1195 Virgilius:

660 1200 749 1234 Cum
776 1201 991 1246 Daphnidos
1017 1211 1139 1234 arcum
1176 1229 1184 1237 ,

45 1251 94 1285 Us
119 1252 247 1295 syllaba
272 1252 464 1285 terminatus
490 1251 652 1297 genitivus
680 1252 803 1286 Graeci
829 1253 968 1286 nominis
1003 1264 1070 1285 non
1097 1252 1163 1286 cito
1196 1249 1288 1295 apud
1314 1253 1431 1294 poetas
1457 1247 1592 1281 Latinos
1619 1245 1789 1278 invenitur.

39 1303 64 1337 si
90 1304 205 1345 fuerit,
238 1304 342 1348 longa
370 1309 433 1344 est,
461 1308 496 1336 ut
524 1304 550 1337 si
576 1303 679 1337 facias
706 1304 825 1338 Didas
852 1309 884 1338 et
910 1301 1110 1337 Allectus-²⁸.

1149 1196 1174 1218 72

1850 1240 1982 1274 Tamen

1170 1301 1279 1335 Latini
1306 1301 1404 1333 etiam
1431 1300 1570 1333 nominis
1598 1299 1702 1342 longa
1728 1299 1792 1336 est,
1819 1297 1855 1326 ut
1880 1291 1982 1324 huius

38 1366 164 1388 manus
191 1359 223 1388 et
249 1355 352 1388 huius
378 1366 523 1399 currus;
549 1360 585 1388 ut
612 1355 778 1399 discrepet
805 1368 824 1388 a
850 1357 1051 1389 nominativo
1079 1355 1263 1399 genitivus,
1291 1357 1341 1386 ut:

245 1407 426 1440 Attonitae
451 1418 591 1451 magna
617 1417 682 1440 ora
709 1407 851 1451 domus3
880 1412 913 1440 et
940 1408 1030 1440 talia
1046 1403 1180 1452 fidam.

203 1457 263 1491 21.

39 1510 143 1554 longa
170 1514 218 1542 est
241 1510 273 1542 in
300 1510 452 1542 omnibus
478 1510 665 1554 generibus,

322 1458 435 1491 Dativi
468 1469 563 1492 casus
596 1459 702 1491 omnis
735 1463 906 1503 postrema
939 1459 1085 1503 syllaba,
1121 1467 1320 1502 quacunque
1354 1455 1465 1489 vocali
1496 1453 1668 1486 terminata
1702 1448 1817 1490 fuerit,
1850 1454 1982 1489 semper

38 1561 255 1595 Accusativus
281 1557 489 1606 singularis-‚³⁰
515 1573 539 1594 α
564 1562 675 1595 littera
701 1566 857 1607 correpta
882 1561 1074 1595 terminatur
1100 1560 1133 1593 in
1164 1560 1255 1593 omni
1282 1569 1407 1604 genere
1434 1561 1466 1589 et
1493 1559 1541 1589 est
1572 1553 1726 1587 Graecae
1752 1550 1815 1583 de·
1851 1545 1981 1594 [1393]

38 1613 231 1648 clinationis.
270 1612 480 1657 Masculino,
505 1617 559 1646 ut:

38 1714 231 1758 Feminino,
258 1720 310 1749 ut:

1070 1662 1230 1697 Hectora
1260 1654 1432 1694 circumffl.

1072 1763 1268 1809 Lampmla
1293 1756 1508 1806 quassansffl⁸

38 1818 165 1851 Neutro
192 1818 261 1851 sine
288 1817 393 1851 dubio
419 1817 538 1852 brevis.
590 1817 808 1851 Accusativus
834 1816 1008 1863 singularis
1035 1827 1055 1849 e
1081 1818 1189 1849 littera
1215 1818 1371 1858 correpta
1396 1811 1589 1846 terminatus
1619 1807 1653 1840 in
1686 1805 1864 1852 generibus
1897 1812 1981 1836 neu-

39 1869 94 1901 tris
121 1870 281 1903 invenitur
288 1894 298 1912 ‚
324 1874 378 1903 ut:

39 1959 177 1988 meabilis
199 1960 270 1991 und.
300 1967 327 1990 et
348 1972 414 1998 nec,
443 1971 506 1990 non
531 1961 619 2001 plane
641 1960 754 1999 scripto
776 1970 805 1989 v.
830 1959 939 1988 undae.
961 1959 992 1987 P.

39 2003 250 2030 irremeabilis
272 2004 381 2034 undae.
417 2003 485 2033 ΑΒΘ.
510 2003 730 2032 inremeabilis
753 2002 861 2030 undae.
896 2003 991 2029 Locus

38 2049 86 2074 est
110 2044 189 2083 Virg.
217 2045 288 2075 Aen.
312 2047 359 2085 VI,
384 2047 456 2079 425.
478 2063 520 2069 -—
562 2046 611 2085 20)
636 2045 707 2074 Cod.
734 2045 882 2073 Palladi-s·
911 2054 939 2072 α.
964 2049 990 2070 et

38 2089 147 2125 aspice.
199 2087 247 2116 Sic
277 2099 337 2117 non
372 2089 539 2129 perscripta
570 2099 645 2117 voce
675 2098 768 2116 arces.
821 2088 916 2114 Locus
946 2090 989 2114 est

37 2130 119 2168 Virg.
142 2130 212 2158 Aen.
233 2130 283 2168 XI,
305 2132 375 2163 477.
397 2147 438 2154 —
481 2130 528 2172 21)
552 2131 631 2168 Virg.
649 2130 710 2159 Ecl.
733 2130 785 2166 lx,
802 2130 850 2160 58.
873 2143 915 2150 —-
937 2127 986 2166 22)

40 2170 256 2211 Cot-rumpitur
289 2173 358 2203 Cod.
394 2173 446 2202 sed
474 2174 510 2202 ab
539 2173 640 2201 eadem
674 2181 765 2199 manu
797 2171 984 2199 emendarum

38 2217 212 2254 corripitur.
235 2230 277 2237 —
325 2215 372 2253 23)
387 2217 507 2254 Lycaeo
531 2215 603 2244 Cod.
626 2215 739 2252 Lycaei
767 2213 833 2242 Asc.
856 2213 887 2242 P.
912 2213 982 2242 Aen.

1037 1968 1142 1986 eanum
1157 1957 1281 1987 fluctuat
1294 1957 1373 1986 inter
1388 1954 1573 1985 lllaeotidas
1596 1954 1688 1993 egerit
1703 1950 1805 1980 undas
1827 1954 1856 1978 et
1874 1948 1981 1976 Alaea-

1035 2000 1135 2028 tidos
1158 2012 1179 2029 ε.
1200 2011 1230 2029 ιι.
1252 2016 1294 2023 —
1337 1999 1384 2037 27)
1407 2000 1496 2028 Hunc
1519 1998 1620 2026 locum
1642 1995 1777 2024 invenire
1801 2003 1861 2022 non
1883 1992 1979 2032 potui.

1033 2058 1074 2064 —
1096 2043 1143 2081 28)
1166 2043 1266 2071 Codex
1291 2042 1403 2071 omittit
1426 2042 1538 2070 Graeca
1560 2040 1689 2076 Διδοῦς,
1711 2035 1881 2075 Ἀληκτοῦς,
1904 2044 1979 2082 qliae

1032 2090 1099 2113 anie
1128 2086 1230 2114 Latine
1264 2085 1377 2123 scripta
1412 2083 1486 2112 haec
1515 2082 1636 2111 nomina
1666 2079 1786 2109 exhibet
1815 2079 1846 2109 P.
1875 2077 1978 2106 Codicr

1031 2128 1176 2156 consentit
1199 2128 1266 2158 Asc.
1290 2129 1426 2156 Ceterum
1448 2126 1518 2155 Cod.
1540 2125 1697 2159 Allect1285
1718 2121 1836 2151 rectius.
1861 2133 1899 2142 -κ
1931 2121 1978 2156 29)

1034 2171 1122 2199 Talia
1147 2175 1174 2208 s.
1204 2171 1254 2199 Sic
1276 2181 1337 2198 non
1359 2169 1527 2208 perscripta
1550 2172 1682 2196 extrema
1704 2174 1777 2194 voce
1801 2163 1872 2192 Cod.
1902 2163 1979 2191 Pro—

1026 2218 1127 2252 pterea
1157 2214 1234 2250 fata
1264 2212 1373 2252 scripsi
1411 2222 1426 2240 e
1462 2210 1580 2249 Virgilii
1611 2210 1683 2238 Aen.
1713 2208 1760 2242 VI,
1784 2208 1835 2238 53.
1879 2205 1976 2242 Vulgo

38 2257 115 2294 VIII,
144 2258 215 2289 344.
266 2258 401 2286 Ceterum
427 2263 508 2287 reete
534 2258 658 2296 Lycaei.
686 2271 729 2277 —
767 2255 815 2293 24)
842 2257 986 2293 Pagasae
1018 2257 1123 2293 fatur.
1157 2273 1200 2277 —
1249 2255 1305 2294 30)
1340 2255 1410 2283 Voc.
1441 2254 1612 2293 singularis
1650 2250 1752 2280 addidi
1783 2259 1798 2277 e
1834 2247 1904 2276 cod.
1933 2261 1975 2267 —-

39 2300 109 2328 Cod.
138 2301 304 2338 Pagasaea
331 2299 397 2328 Asc.
425 2301 561 2338 Pegasecc
589 2300 618 2328 P.
651 2298 695 2329 Cf.
721 2299 832 2326 Lucan.
856 2297 984 2327 Pharsal.
1026 2297 1084 2337 31)
1125 2297 1205 2337 Virg.
1237 2298 1309 2327 Aen.
1339 2297 1395 2334 VI,
1426 2300 1495 2330 166.
1532 2313 1571 2318 —-
1622 2294 1676 2332 32)
1709 2292 1788 2330 Virg.
1816 2291 1887 2320 Aen.
1925 2288 1973 2317 VI,

38 2342 72 2378 lI,
94 2343 164 2374 715.
187 2358 230 2364 —
271 2342 319 2380 25)
342 2342 373 2370 Ρ.
401 2343 433 2370 in
461 2343 600 2371 Terentio,
619 2342 685 2369 Asc.
709 2342 741 2368 in
764 2343 824 2369 I’u.
853 2342 984 2369 Terentio
1026 2341 1098 2373 587.

38 2384 192 2413 Attacino.
244 2384 409 2423 Utrumque
443 2393 481 2412 ex
512 2383 706 2413 correctione.
739 2383 848 2412 Lucan.
881 2383 982 2415 Phara.

38 2427 89 2464 111,
105 2430 176 2460 277.
197 2442 240 2450 —
282 2427 329 2466 26)
352 2426 502 2456 Μεοίίιίοθ
524 2426 595 2456 cod.
615 2426 683 2456 Asc.
702 2426 802 2455 Lectio
824 2426 906 2466 apud
924 2427 984 2456 Lu-
