2263 2668
228 163 301 198 156

646 161 789 195 PAULI
814 161 936 195 DIAC.
964 160 1218 196 EXCERPTA
1243 163 1306 196 EX
1333 164 1420 200 LIB.
1449 166 1592 201 POMP.
1619 168 1758 202 FESTI

238 257 389 302 Tippula
424 255 581 288 bestiolae
607 265 713 299 genus
742 266 797 288 sex
824 254 930 299 pedes
957 254 1127 298 habentis,
1173 256 1232 290 sed
1259 261 1368 291 tantae
1394 258 1551 301 levitatis,
1600 266 1636 294 ut
1662 273 1763 306 super
1788 262 1929 307 aquam¹
1952 275 2085 299 currens
2112 278 2178 302 non

333 307 462 340 desidat
471 303 491 341 ².
544 305 700 339 Plautus:

600 372 723 419 Neque
748 374 909 419 tippulae
932 374 1041 408 levius
1063 376 1205 420 pondus
1231 381 1301 418 est,
1343 374 1472 422 quam³
1486 378 1591 425 fides
1616 379 1763 414 lenonia.

235 442 439 475 Testiculari
466 446 513 473 est
538 441 690 476 iumentis
717 442 862 475 maribus
889 442 1043 484 feminas,
1071 445 1124 477 vel
1151 457 1257 479 mares
1285 446 1414 479 feminis
1441 447 1639 490 admovere,
1666 449 1744 483 licet
1770 450 1826 484 alii
1850 449 1985 485 dicant⁴
2003 453 2175 488 tescilari⁵.

237 493 356 538 Tg'sata
383 493 501 526 iliceta.
554 493 687 527 Romae
713 499 823 527 autem
850 494 965 527 Tifata
991 495 1090 528 curia.

235 544 410 577 leiasilas
437 544 603 578 sodalitas.

1146 497 1261 530 Tifata
1288 498 1388 531 etiam
1413 498 1508 533 locus
1534 500 1623 533 iuxta
1650 500 1812 546 Capuam.

235 595 338 628 Tituli
363 596 479 628 milites
503 596 714 641 appellantur
736 596 828 639 quasi
850 596 962 637 tutuli‚
991 596 1083 640 quod
1106 599 1246 642 patriam
1271 604 1439 633 tuerentur
1449 598 1471 643 Β,
1499 602 1587 636 unde
1615 608 1647 637 et
1672 603 1739 637 Titi
1760 615 1963 649 praenomen
1985 610 2093 640 ortum
2116 612 2173 641 est.

233 646 389 680 Titiensis
415 648 518 680 tribus
546 660 565 680 a
591 648 805 693 praenomine
832 647 921 680 Tatii
947 648 1035 693 regis
1063 650 1235 693 appellata
1262 663 1333 684 esse
1360 649 1517 686 videtur⁷.

233 698 323 731 Titia
351 710 485 743 quoque
512 701 603 733 curia
629 700 672 732 ab
700 699 821 732 eodem
849 711 930 744 rege
957 705 1006 732 est
1032 699 1153 734 dictass.

233 749 343 783 Tele‘m'
369 762 432 795 pro
459 751 556 784 tenui.

232 799 401 835 lereces⁹
423 802 628 847 gladiatores
638 798 662 819 ¹⁰
681 814 700 834 a
726 801 937 834 similitudine
964 803 1192 846 parmularum
1204 801 1225 821 ¹¹
1248 804 1480 840 Thraciarum.

231 850 391 898 T13qga¹²
411 855 535 897 antiqui
562 854 673 886 vinum
702 854 938 898 appellabant,
972 854 1062 887 unde
1088 861 1237 900 trygetus
1265 856 1378 891 adhuc
1405 858 1533 892 dicitur.

232 902 493 938 Τι’ἰὶυἱίἰίἰὶαηι13
516 906 636 938 nullius
663 905 909 950 significationis
937 910 1000 947 est,
1035 902 1102 939 ut¹⁴
1125 908 1216 951 apud
1244 908 1394 942 Graecos
1420 909 1566 957 βοίλτιρι
1594 916 1626 944 et
1653 907 1890 957 ouevdazpo'cffi.
1943 911 2096 945 Plautus=

598 973 676 1006 Non
703 970 805 1019 ego¹⁰
828 974 916 1006 istuc
942 973 1085 1007 verbum
1113 977 1258 1021 empsim
1268 973 1292 993 ¹⁷
1313 974 1531 1011 titivillitioffl.

230 1040 344 1075 Trabs
370 1043 508 1087 proprie
535 1039 688 1076 dicitur¹⁹
712 1042 780 1074 duo
807 1042 900 1086 ligna
926 1049 1112 1088 compacta.

230 1092 373 1138 Tragus
399 1107 504 1139 genus
531 1094 682 1128 conchae
710 1094 787 1126 mali
813 1093 949 1137 saporis.

229 1143 381 1179 Trabicu
408 1143 542 1187 navis²⁰‚
580 1146 673 1190 quod
701 1146 740 1177 sit
765 1146 914 1178 trabibus
942 1145 1082 1178 confixa.

594 1214 742 1247 Labitur
768 1213 907 1247 trabica
933 1215 968 1247 in
995 1214 1121 1247 alveos.

227 1280 396 1315 Trachali
427 1283 637 1327 appellantur
664 1283 826 1316 muricum
854 1294 893 1316 ac
920 1293 1091 1326 purpurae
1117 1283 1303 1327 superiores
1333 1289 1453 1329 partes.

322 1334 425 1366 mines
452 1346 642 1379 cognomen
668 1339 835 1367 traxerunt
861 1333 1033 1369 Trachali.

1136 1146 1317 1180 Pacuvius:

1516 1285 1618 1319 Unde
1645 1285 1867 1319 Ariminenses
1877 1283 1900 1304 ²¹
1925 1286 2077 1320 maritimi
2103 1285 2169 1320 ho-

228 1392 333 1426 Troia
360 1399 392 1426 et
418 1395 513 1439 regio
540 1394 663 1428 Priami
690 1399 723 1427 et
748 1395 836 1427 lusus
864 1405 1044 1438 puerorum
1072 1395 1230 1437 equestris
1257 1395 1376 1429 dicitur
1404 1399 1436 1428 et
1462 1395 1556 1430 locus
1582 1396 1614 1428 in
1641 1407 1725 1441 agro
1752 1394 1964 1441 Laurentem,
2002 1408 2070 1442 quo
2096 1397 2168 1443 pri—

322 1456 415 1478 mum
441 1446 556 1479 ltaliae
566 1443 590 1463 ²³
614 1447 745 1479 Aeneas
773 1457 849 1479 cum
876 1446 941 1478 suis
969 1446 1120 1478 constitit.

226 1503 352 1550 'I'rg'faoe
362 1502 386 1522 ²⁴
407 1506 510 1539 telum
538 1506 753 1550 longitudinis
779 1506 876 1538 trium
904 1506 1109 1548 cubitorum,
1150 1505 1243 1548 quod
1271 1505 1441 1550 catapulta
1467 1506 1614 1540 mittitur.

1669 1507 1792 1540 Ennius
1800 1519 1808 1540 :

588 1575 661 1607 Aut
682 1578 908 1619 permaceret
929 1575 1054 1619 paries
1075 1584 1265 1619 percussus
1291 1573 1422 1619 trisaci.

227 1640 404 1674 Tributnm
432 1642 575 1683 dictum,
618 1640 729 1686 quia²³
753 1654 792 1675 ex
818 1643 948 1688 privato
976 1643 1009 1675 in
1035 1642 1208 1687 publicum
1235 1642 1396 1675 tribuitur.

225 1691 410 1726 Thocumffi
433 1706 538 1739 genus
565 1695 666 1727 sellae
692 1695 836 1727 habetur
864 1694 954 1738 apud
984 1694 1148 1727 Plautum.

227 1742 428 1789 Tritogenia
439 1742 464 1763 ²⁷
484 1746 636 1779 Minerva
664 1758 682 1779 a
710 1747 782 1791 ripa
809 1747 841 1779 Τ
844 1747 955 1779 titonis
983 1746 1125 1779 fluminis
1153 1745 1262 1786 dicta,
1301 1744 1393 1788 quod
1420 1744 1466 1777 ibi
1492 1744 1642 1789 primitus
1669 1745 1708 1778 sit
1734 1746 1811 1778 visa.

308 1882 336 1919 l)
365 1886 493 1921 aquam]
518 1894 602 1923 aqua
622 1885 652 1914 L.
669 1885 703 1912 Β.
721 1885 776 1913 Gu.
795 1888 820 1916 1.
842 1893 885 1922 pr.
913 1901 954 1905 —
982 1882 1010 1923 2)
1033 1882 1171 1922 desidat]

224 1920 341 1951 decidat
362 1935 407 1963 pr.
433 1943 474 1947 —
500 1925 532 1966 3)
557 1933 614 1964 est,
645 1927 754 1966 quam]
779 1937 872 1966 quam
893 1932 934 1954 est
953 1927 983 1956 L.
1010 1944 1045 1947 —
1071 1925 1098 1966 4)
1123 1926 1173 1954 di-

224 1964 309 2002 cant]
332 1965 434 1994 dicunt
457 1969 495 1997 M.
525 1985 567 1990 —
596 1968 625 2010 5)
653 1970 806 2009 tescilarc']
829 1970 974 1997 testium-i
993 1969 1022 1998 L.
1040 1970 1071 2000 B.
1089 1969 1125 1998 M.
1141 1970 1169 1999 S.

223 2023 265 2027 —
287 2007 314 2043 6)
339 2011 505 2048 tuerentur]
529 2017 659 2040 tuantur
679 2013 712 2042 B.
742 2029 785 2035 ·—-
814 2014 842 2049 7)
873 2023 934 2040 esse
956 2011 1034 2050 vid]
1060 2012 1108 2040 Sic
1132 2012 1170 2040 M.

225 2049 280 2078 Gu.
293 2051 323 2079 2.
369 2061 427 2077 esse
447 2062 502 2079 om.
518 2054 596 2091 vulg.
620 2071 660 2076 -—
684 2056 713 2093 8)
737 2061 779 2083 est
795 2054 898 2094 dieta]
922 2054 993 2084 dict.
1013 2060 1053 2082 est
1071 2055 1127 2084 Gu.
1144 2060 1170 2086 1.

224 2097 265 2118 est
281 2101 336 2119 om.
353 2092 383 2120 L.
406 2109 439 2113 —-
459 2092 490 2131 9)
515 2094 650 2135 Threces]
667 2098 715 2126 Sic
731 2099 762 2126 B.
774 2098 810 2127 M.
827 2098 958 2129 Gu.1.2.
975 2108 1018 2136 pr.
1056 2097 1169 2125 Thrae-

223 2144 268 2161 ces
284 2133 358 2162 Scal.
406 2134 535 2161 Thrace-9
552 2138 628 2174 vulg.
658 2156 697 2160 —
726 2142 769 2177 10)
791 2140 998 2178 gladiatores]
1022 2146 1168 2168 vocantur

222 2176 289 2206 add.
311 2176 349 2205 M.
373 2191 410 2197 -—
436 2174 479 2214 11)
497 2180 730 2220 par-mularum]
749 2193 918 2220 parvarum
939 2184 967 2210 L.
1010 2183 1167 2220 palmula—

219 2229 288 2246 ram
302 2218 334 2246 B.
356 2234 397 2240 --
420 2219 463 2254 12)
491 2218 603 2257 Toga]
628 2231 685 2251 om.
703 2225 828 2259 glossam
846 2225 916 2255 edit.
931 2226 1025 2264 princ.
1065 2225 1165 2263 Margo

218 2261 294 2289 Scal.
306 2265 414 2298 trygon
430 2265 458 2289 et
474 2270 528 2299 pro
546 2263 648 2289 vinum
664 2264 782 2294 exhibet
796 2268 923 2295 humum
938 2273 970 2296 ut
987 2268 1057 2296 L.B.
1070 2267 1125 2296 Gu.
1138 2271 1163 2298 1.

217 2320 256 2325 —-
281 2301 324 2341 13)
351 2302 574 2341 Ticivillc'tium]
601 2304 809 2335 Titibillttium
828 2310 864 2337 M.
881 2310 937 2338 Gn.
954 2314 981 2342 2.
1029 2310 1165 2339 Titan-il-

217 2346 320 2373 lilium
340 2355 386 2384 pr.
433 2345 638 2374 Titivilc'cium
660 2347 716 2375 Gu.
733 2351 759 2378 1.
782 2366 818 2370 —
847 2350 892 2390 14)
916 2352 967 2390 ut]
993 2363 1049 2382 oui.
1069 2353 1099 2382 L.
1122 2368 1163 2374 -·

219 2387 262 2425 15)
286 2385 399 2427 βάλτιρι
413 2392 442 2416 et
458 2385 643 2426 σκινδαψός]
667 2388 716 2416 Sic
736 2390 839 2428 scripsi
857 2403 871 2420 e
889 2394 976 2423 codd.
995 2395 1031 2422 M.
1047 2395 1104 2423 Gu.
1123 2398 1163 2431 2.,

215 2430 245 2458 in
262 2429 368 2469 quibus
380 2435 424 2459 est
439 2429 545 2458 baltiri
557 2436 583 2459 et
596 2430 782 2460 scindabsos.
827 2434 939 2471 βλίτυρι
954 2441 980 2463 et
995 2434 1163 2473 σκινδαψός

1215 1883 1292 1912 Scal.
1335 1884 1442 1911 hallin*
1463 1888 1489 1910 et
1507 1881 1683 1921 qwzdapseis
1701 1883 1779 1920 vulg.
1806 1899 1840 1904 ——
1866 1881 1911 1922 16)
1935 1883 2006 1911 Non
2019 1882 2089 1922 ego]
2113 1894 2165 1922 ego

1214 1937 1272 1954 non
1287 1926 1320 1954 Β.
1341 1942 1382 1947 -
1409 1923 1456 1965 17)
1480 1925 1618 1963 empsim]
1642 1925 1691 1953 Sic
1710 1925 1817 1964 scripsi
1833 1935 1848 1954 e
1863 1926 2049 1962 coniectura,
2077 1936 2165 1964 quam

1214 1968 1357 2008 proposui
1374 1968 1410 1996 ad
1426 1968 1520 1996 Plaut.
1536 1967 1598 1996 Mil.
1612 1967 1706 2004 Gl.II‚
1731 1970 1763 2004 3,
1787 1968 1838 1999 45.
1855 1978 1884 2006 p.
1894 1970 1945 2000 60.
1961 1967 2005 1997 ed.
2020 1968 2163 1999 Teubner.

1214 2011 1399 2050 dempsicum
1420 2011 1449 2040 L.
1468 2021 1512 2049 pr.
1557 2011 1650 2048 emp-si
1669 2021 1739 2038 cum
1753 2011 1787 2039 B.
1804 2010 1842 2038 M.
1861 2010 1916 2039 Gu.
1927 2013 1957 2042 2.
2002 2012 2165 2049 emp-sicum

1215 2055 1272 2084 Gu.
1287 2057 1315 2085 1.
1331 2054 1408 2093 (sic).
1444 2054 1596 2091 empsitem
1611 2053 1692 2091 vulg.
1713 2069 1756 2075 —
1781 2053 1826 2089 18)
1848 2053 2029 2092 titivc'llc'cio]
2051 2054 2164 2082 timui-

1213 2098 1282 2124 silio
1298 2097 1327 2125 L.
1372 2096 1529 2124 titivilicio
1544 2096 1575 2123 B.
1590 2096 1646 2124 Gu.
1659 2099 1686 2126 1.
1731 2095 1899 2123 tittihilicio
1913 2095 1951 2127 M,
1996 2096 2163 2126 tittibillico

1212 2140 1268 2167 Gu.
1279 2142 1306 2171 2.
1331 2156 1372 2160 —
1396 2137 1441 2179 19)
1461 2149 1567 2177 propr.
1583 2137 1655 2176 dia]
1672 2137 1730 2166 dic.
1740 2148 1790 2176 pr.
1806 2138 1838 2166 B.
1861 2154 1903 2160 --
1925 2137 1971 2178 20)
1987 2138 2088 2178 navi-5⁸]
2104 2149 2161 2168 om.

1210 2182 1241 2210 Β.
1264 2198 1297 2203 ——
1320 2183 1365 2217 21)
1389 2180 1607 2219 Ariminenses]
1624 2181 1807 2209 Arimlneses
1822 2180 1862 2209 M.
1883 2197 1917 2202 -—
1937 2183 1983 2218 22)
1996 2179 2160 2218 Laurente]

1208 2225 1360 2252 Laurenti
1374 2224 1407 2253 L.
1432 2240 1473 2244 —
1497 2225 1539 2261 23)
1565 2223 1685 2261 Italiae]
1703 2224 1735 2250 ιἰι
1748 2223 1844 2251 Italia
1859 2224 1887 2252 S.
1910 2239 1952 2245 --
1974 2225 2020 2260 24)
2037 2223 2158 2261 Tr15'fax]

1208 2268 1257 2295 Sic
1271 2267 1301 2296 Β.
1317 2268 1344 2295 S.
1361 2271 1389 2295 et
1403 2270 1507 2305 postea
1522 2267 1637 2303 trzfaci.
1681 2265 1801 2304 triphos-
1815 2266 1871 2294 Gu.
1882 2269 1908 2296 1.
1945 2265 2069 2304 tn'plzax
2081 2265 2158 2302 vulg·

1211 2326 1246 2331 -
1272 2309 1317 2347 ⁴25)
1340 2308 1474 2345 dictam,
1498 2308 1585 2347 quia]
1608 2319 1664 2338 oni.
1683 2309 1713 2338 L.
1758 2307 1874 2336 dictum
1889 2318 1947 2337 om.
1959 2308 1992 2337 B.
2007 2307 2062 2337 Gu.
2075 2310 2102 2338 1.
2116 2321 2157 2328 --

1206 2352 1255 2390 96)
1275 2351 1418 2390 leocum]
1433 2351 1481 2380 Sic
1499 2351 1536 2381 M.
1556 2351 1649 2383 Gu.2.
1681 2350 1832 2380 leocium
1848 2351 1879 2379 Β.
1911 2350 2061 2378 lerocum
2076 2347 2154 2385 vulg.

1210 2395 1355 2423 Troe-hum
1370 2395 1401 2425 L.
1416 2394 1472 2424 Gu.
1485 2398 1510 2425 1.
1525 2404 1570 2432 pr.
1607 2394 1660 2422 Est
1673 2404 1688 2422 a
1705 2394 1819 2422 Graeco
1833 2394 1942 2427 θῶκος.
1965 2406 2006 2413 -
2025 2392 2070 2428 2‘7)
2089 2390 2155 2418 Tri-

1205 2436 1345 2475 tog-mia]
1368 2437 1417 2465 Sic
1432 2436 1538 2475 scripsi
1555 2446 1593 2464 ex
1608 2436 1662 2472 M.,
1687 2445 1813 2473 quocum
1831 2432 1977 2463 consentit
1992 2432 2045 2460 Gu.
2057 2435 2100 2467 2.,
2124 2432 2153 2460 in
