2263 2668
196 360 203 369 ⁸
215 359 234 383 f.
252 357 361 399 Munili-¹

254 392 306 416 εἰοι-

213 572 219 578 ’
230 570 245 593 t'.
256 576 346 601 gerere

215 621 222 629 ’
233 620 249 645 f.
264 618 342 643 Veliis

210 879 217 887 “
227 878 243 901 s.
254 877 354 902 velatae

215 983 222 990 ¹
236 981 252 1005 s.
260 980 349 1005 essedo

249 1235 257 1244 ⁴
269 1234 285 1258 l'.
297 1234 318 1258 is

229 1287 236 1296 ⁶
247 1286 263 1310 f.
273 1285 342 1311 tione

228 1340 234 1347 '
245 1338 260 1362 f.
273 1341 342 1362 certa

234 1597 241 1605 ⁸
253 1596 268 1619 l'.
279 1595 350 1628 potui

249 1648 255 1655 ⁸
267 1647 282 1670 f.
300 1646 333 1671 illi

369 157 439 190 172
990 151 1129 186 SEXTI
1155 153 1355 188 POMPEII
1382 152 1519 186 FESTI

370 248 647 295 magnificentius
678 245 839 286 dicimus,
875 256 949 278 cum
977 246 1163 293 magnifice
1190 248 1263 281 eius
1294 247 1463 292 positivus
1494 246 1549 281 sit.
1578 249 1611 278 at
1637 257 1742 290 nepos
1771 248 1857 287 eius,
1899 249 1930 281 in
1963 261 2002 282 ea
2037 261 2143 294 quam

368 301 506 345 scripsit
749 297 879 330 Tamen
904 298 964 337 ait,
992 309 1067 331 cum
1097 299 1224 331 Aedilis
1256 299 1394 332 Ciu-alis
1421 302 1526 337 esset,
1555 297 1720 342 DIagnae
1743 298 1867 331 Μιιῑτίε
1888 300 1984 333 ludos
2011 303 2145 346 magni-

365 351 539 397 ficentius,
569 361 673 393 qaam
695 349 774 390 alii,
791 348 894 393 fecit.
932 349 1246 394 Magnificior*
1275 361 1410 393 quoque
1437 350 1530 382 idem
1559 349 1748 382 deduxisse
1771 350 1910 383 videtur
1936 364 1953 384 a
1978 354 2144 394 munifice,

367 415 441 436 cum
471 401 619 433 dicamus
649 411 737 432 nunc
765 399 1038 446 ›nunisicentiom
1079 403 1234 446 quamuis
1262 402 1455 434 munificens
1492 412 1558 432 non
1586 401 1624 433 sit
1652 401 1752 445 apud
1778 412 1839 434 nos
1865 402 1898 434 in
1926 414 1998 437 usu.
2055 404 2144 438 Cato

366 455 396 486 in
426 465 482 492 ea,
511 464 611 495 quam
638 452 781 495 scripsit,
808 452 841 483 id
1267 464 1366 485 nemo
1402 452 1589 485 munificior
1641 477 1647 484 .
1702 479 1709 487 .
1765 478 1771 484 .
1828 478 1835 484 .
1891 480 1898 487 .
1953 481 1960 488 ,
2015 481 2022 487 ,
2078 484 2084 490 ,
2136 483 2143 489 ,

456 532 462 538 .
497 530 504 538 .
532 503 853 537 Mediocriculo
872 499 891 551 Η
908 514 982 536 usus
1010 509 1058 536 est
1084 505 1116 536 in
1145 517 1183 537 ea
1211 516 1310 547 quam
1340 504 1420 536 dixit
1448 504 1532 537 Cato
1559 504 1591 535 in
1619 503 1806 536 consulatu:
1833 504 2066 538 Ridibundum
2090 505 2143 552 [4]

370 556 596 600 magistratum
623 556 772 599 genere*
802 555 962 599 pauculos
984 554 1150 596 homines,
1179 556 1455 589 mediocriculum
1484 556 1663 588 exercitum
1692 555 1825 587 obvium
1855 556 1941 589 duci.
1985 557 2146 589 Mutini

368 607 469 639 Titini
495 607 654 639 sacellum
689 607 750 639 fuit
782 607 812 638 in
847 607 979 646 Velis*,
1015 607 1189 640 adversum
1218 613 1345 640 mutum
1373 606 1602 639 Mustellinum
1639 607 1670 638 in
1699 607 1881 651 angiportu
1917 608 1960 641 de
1990 620 2056 651 quo
2085 608 2146 641 aris

367 658 500 691 sublatis
529 659 695 690 balnearia
722 664 795 690 sunt
811 657 911 703 ficta
941 658 1069 690 domus.
1099 659 1167 692 CN.
1227 659 1361 692 Domiti.
1399 658 1546 698 Calvini,
1582 670 1657 692 cum
1687 659 1855 691 mansisset
1881 660 1923 691 ab
1953 660 2035 693 urbe
2064 671 2146 693 con-

369 710 437 742 dita
465 709 515 742 ad
536 710 767 754 principatum
797 709 936 754 Augusti
967 709 1134 743 Caesaris
1160 711 1382 743 inviolatam:
1408 711 1661 754 religioseque,
1703 716 1735 742 et
1762 716 1873 742 sancte
1901 711 2025 744 cultum
2049 710 2147 756 fitis-

367 765 440 801 set,
478 764 513 793 ut
541 772 584 793 ex
611 760 821 807 Pontificum
848 760 946 794 libris
978 763 1185 794 manifestum
1214 767 1276 802 est,
1318 773 1408 794 mmo
1434 761 1541 794 habet
1576 762 1777 794 aecliculmn
1806 762 1856 794 ad
1883 763 2072 796 miliarium
2101 762 2147 796 ab

371 812 456 845 urbe
482 818 610 845 sextum
639 818 670 846 et
698 813 921 853 vicensimum,
951 812 1064 846 dextra
1093 814 1147 846 via
1175 814 1274 846 iaaeta
1303 814 1540 846 diverticulum
1570 814 1658 851 viae,
1685 813 1739 845 ubi
1767 819 1799 845 et
1826 814 1955 854 colitur,
1974 819 2006 846 et
2024 814 2148 847 mulie-

372 875 428 897 res
452 864 658 910 sacrificant
678 865 711 896 in
737 877 779 897 ea
800 865 895 909 togis
916 865 1112 908 praetextis·
1136 865 1271 897 vlalae*
1300 865 1493 898 Matronae
1522 876 1544 897 a
1573 865 1841 909 magistratibus
1871 877 1936 897 non
1957 877 2148 898 summove-

373 915 519 956 bantur,
549 927 590 948 ne
610 917 769 960 pulsari,
798 928 840 948 uc
868 917 1109 950 contrectarive
1137 916 1343 955 viderentur,
1372 928 1454 949 neve
1482 917 1651 961 gravidae
1679 920 1950 949 com-alerentur.
1979 917 2021 950 ob
2048 929 2149 960 quam

374 968 479 1000 etiam
509 979 644 999 cansam
674 968 718 1000 ait
740 968 888 1006 Verrius,
913 979 1021 1012 neque
1050 979 1171 1000 earum
1199 969 1292 1001 viros
1318 968 1467 1000 sedentes
1490 980 1564 1001 cum
1596 968 1749 1000 uxoribus
1775 968 1816 1000 de
1844 970 2008 1012 essequo*
2037 980 2149 1002 escen-

373 1019 458 1051 dere
485 1024 622 1051 coactos
651 1031 669 1051 a
697 1020 958 1064 magistratibus,
985 1020 1075 1063 quod
1105 1020 1272 1053 communi
1298 1019 1456 1053 vehiculo
1478 1019 1609 1052 vehitur
1635 1020 1684 1051 vir
1712 1025 1743 1052 et
1772 1030 1861 1052 uxor.
1914 1017 2148 1053 Μίῐιιιίῐιιι·1

372 1070 502 1115 populo
530 1070 637 1103 luctus
666 1071 756 1103 aedis
784 1071 1014 1109 dedicatione3
1042 1082 1116 1104 cum
1144 1071 1307 1104 Censores
1334 1071 1470 1104 lustrum
1500 1071 1734 1110 condideram
1769 1082 1845 1104 cum
1872 1076 1986 1104 votum
2014 1072 2150 1116 publice

373 1127 563 1165 susceptum
585 1122 736 1161 solvitur3
765 1123 898 1166 privatis
926 1128 1052 1163 autem,
1081 1135 1157 1156 cum
1183 1123 1278 1156 liberi
1305 1123 1371 1156 nati
1391 1129 1480 1162 sunt3
1508 1135 1582 1156 cum
1602 1122 1710 1155 honos
1736 1123 1769 1154 in
1797 1123 1921 1155 familia
1949 1124 2045 1162 venit,
2074 1134 2150 1156 cum

376 1185 495 1218 parens
521 1179 576 1205 aut
603 1174 715 1212 liberi,
749 1179 805 1206 aut
831 1175 896 1214 vir,
932 1179 987 1206 aut
1015 1174 1116 1207 frater
1144 1175 1186 1207 ab
1214 1175 1312 1207 hoste
1340 1180 1456 1219 captus
1484 1175 1621 1207 domum
1649 1174 1750 1213 redit3
1784 1185 1859 1207 cum
1894 1175 2059 1219 desponsa
2087 1179 2152 1211 est;

376 1237 452 1259 cum
480 1226 657 1269 propriore
684 1225 755 1268 quis
783 1225 982 1270 cognatione
1010 1238 1109 1269 quam
1137 1226 1188 1259 his
1203 1228 1225 1268 *,
1262 1227 1316 1269 qui
1344 1227 1495 1271 lugetur,
1523 1233 1615 1259 natus
1643 1231 1708 1263 θείς
1742 1238 1817 1260 cum
1846 1227 1879 1259 in
1906 1232 1996 1260 casto
2024 1226 2153 1260 Cereris

376 1282 442 1315 est,
470 1277 626 1320 omnique
654 1278 866 1321 gratulationi
880 1279 902 1311 *.
958 1278 1170 1310 Maximae
1199 1278 1465 1322 dignationis
1494 1278 1631 1310 Flamen
1656 1278 1756 1310 Dialis
1778 1283 1826 1310 est
1852 1278 1934 1311 inter
1960 1278 2152 1322 quindecim

378 1328 561 1368 Flamines,
591 1334 622 1360 et
645 1341 720 1361 eum
749 1330 888 1362 cetera*
916 1329 1104 1362 discrimina
1132 1330 1306 1362 maiestatis
1333 1342 1409 1362 suae
1437 1330 1600 1369 habeant,
1629 1330 1785 1362 minimae
1810 1329 1955 1362 habetur
1982 1331 2152 1362 Pomona-

377 1380 435 1421 lis,
464 1380 554 1422 quod
584 1380 734 1412 Pomona
763 1381 926 1413 levissimo
955 1381 1074 1414 fructui
1104 1393 1260 1426 agrorum
1291 1381 1458 1425 praesidet
1486 1383 1603 1425 pomis.
1657 1379 1878 1422 Mundus2‚
1906 1387 1942 1414 ut
1964 1382 2008 1413 ait
2031 1381 2152 1425 Capito

377 1431 490 1463 Ateius
517 1432 548 1463 in
578 1432 614 1465 L.
645 1432 716 1466 Vll.
747 1433 950 1472 Pontificali,
995 1437 1044 1465 ter
1080 1433 1112 1464 in
1141 1444 1225 1465 anno
1254 1439 1368 1477 patere
1395 1433 1496 1470 solet,
1537 1433 1654 1465 diebus
1681 1432 1749 1464 his:
1776 1432 1937 1476 postridie
1964 1432 2152 1469 Volcanali,

379 1488 410 1515 et
428 1488 503 1514 ante
520 1482 607 1515 diem
626 1483 681 1515 Vl.
702 1483 751 1517 ld.
777 1485 859 1519 Nov,
877 1485 944 1527 qui,
964 1484 1043 1527 quid
1072 1485 1115 1516 ita
1144 1485 1271 1517 dicatur
1299 1485 1344 1517 sic
1372 1496 1406 1516 re
1424 1480 1443 1532 Η
1462 1484 1524 1516 fert
1548 1484 1633 1517 Cato
1656 1484 1689 1516 in
1717 1484 1960 1518 commentariis
1987 1484 2063 1517 iuris
2092 1482 2148 1529 [5]

378 1534 496 1566 civilis:
544 1534 702 1567 Mundo
739 1547 889 1567 nomen
924 1536 1169 1580 impositum
1208 1541 1266 1568 est
1302 1537 1351 1568 ab
1386 1547 1433 1568 eo
1470 1536 1641 1576 mundo,
1695 1536 1763 1578 qui
1794 1547 1929 1580 supra
1966 1547 2041 1568 nos
2077 1540 2152 1567 est:

381 1585 515 1617 forma
547 1586 649 1618 enim
680 1587 771 1619 eius
800 1593 877 1626 est,
913 1591 955 1618 ut
983 1598 1028 1619 ex
1060 1587 1124 1620 his
1156 1588 1228 1630 qui
1261 1588 1476 1619 intravere
1514 1598 1786 1631 cognoscere
1820 1587 2002 1631 potuit*‚
2031 1586 2152 1619 adsi-

381 1637 494 1669 milis
521 1637 663 1669 illae*.
719 1638 799 1670 liius
826 1638 1015 1670 inferiorem
1044 1644 1173 1682 partem
1215 1638 1314 1670 veluti
1350 1644 1575 1671 consecratam
1615 1638 1673 1670 Dis
1702 1638 1856 1671 Manibus
1889 1639 2036 1672 clausam
2063 1637 2153 1671 omni

379 1693 549 1731 tempore,
572 1689 629 1721 nisi
658 1688 708 1721 his
738 1690 852 1721 diebus
880 1690 936 1732 qui
963 1701 1062 1733 supra
1089 1691 1201 1734 scripti
1225 1696 1314 1730 sunt,
1343 1690 1482 1722 maiores
1510 1693 1734 1724 censuerunt.-
1766 1700 1849 1733 quos
1875 1690 1949 1723 dies
1972 1691 2071 1723 etiam
2097 1701 2152 1722 re-

209 1748 243 1771 ‘ln
256 1748 369 1773 occultae
381 1739 514 1784 ligiosos
541 1740 771 1773 iudicaverunt
799 1753 837 1772 ea
865 1741 908 1773 ‹le
933 1752 1048 1780 causa,
1090 1741 1182 1784 quod
1218 1752 1285 1784 quo
1313 1747 1465 1785 tempore
1500 1753 1539 1774 ea
1575 1753 1661 1784 qnae
1689 1742 1839 1782 occulte,
1878 1746 1910 1775 et
1944 1742 2056 1774 abdita
2086 1742 2152 1774 ea‘

221 1786 247 1806 et
261 1782 362 1808 abditae

379 1791 547 1835 religionis
575 1792 723 1824 Deorum
751 1792 902 1825 Munium
931 1799 1060 1832 essent,
1103 1793 1204 1825 veluti
1238 1793 1270 1825 in
1308 1794 1415 1826 lucem
1455 1793 1622 1836 quandam
1652 1793 1912 1834 adducerentur,
1953 1798 1986 1826 et
2011 1793 2154 1838 patefie-

381 1849 467 1880 rent,
495 1843 576 1875 nillil
607 1855 646 1876 eo
676 1848 828 1888 tempore
856 1843 888 1876 in
917 1856 987 1888 rep.
1015 1844 1087 1889 geri
1105 1845 1290 1877 voluerunt.
1318 1845 1430 1887 itaque
1458 1856 1520 1888 per
1547 1856 1603 1877 eos
1631 1845 1699 1878 dies
1726 1856 1791 1877 non
1813 1856 1890 1878 cum
1918 1844 2012 1878 hoste
2039 1855 2154 1877 manus

381 1895 612 1933 conserebant3
652 1905 718 1927 non
747 1896 905 1929 exercitus
932 1896 1154 1934 scribebatur3
1186 1907 1252 1928 non
1279 1896 1412 1929 coniitia
1443 1895 1660 1936 habebant33
1699 1908 1766 1929 non
1802 1896 1890 1929 aliud
1917 1896 2095 1940 quIcquam
2122 1896 2154 1928 iu

382 1955 451 1987 rep.
480 1946 538 1978 nisi
573 1947 665 1989 quod
693 1947 807 1979 ultima
842 1948 1014 1980 necessitas
1050 1947 1271 1988 admonebat,
1309 1947 1608 1982 administrabatur.
1666 1948 1760 1981 Mos
1789 1953 1837 1981 est
1869 1948 2060 1981 institutum
2082 1958 2154 1992 pa—

382 1996 496 2031 trium:
521 1997 555 2028 id
580 2002 641 2039 est,
670 1999 829 2031 memoria
857 2004 1004 2032 veterum
1027 2000 1193 2044 pertinens
1220 1999 1361 2032 maxime
1389 1999 1432 2031 ad
1460 2000 1657 2045 religiones,
1691 2000 1967 2043 ceremoniasque
2001 1999 2154 2043 antiquo—

389 2123 613 2172 ad'exemplum
639 2132 686 2159 avi
713 2134 838 2171 scriptas
861 2134 990 2173 reliquit.
1031 2135 1110 2162 Urs.
1146 2149 1177 2154 —-
1223 2135 1249 2171 1)

389 2166 571 2207 Almanam]
611 2173 720 2202 Plinius
758 2176 808 2204 lib.
839 2180 884 2208 11.
920 2188 986 2216 cap.
1013 2179 1060 2209 18.
1106 2176 1141 2204 de
1171 2176 1248 2215 apib.

391 2213 508 2256 niorh'lo
531 2221 605 2257 rege·
649 2215 851 2254 Subtrahitur,
884 2220 1001 2257 inquit,
1025 2218 1151 2248 deducta
1174 2220 1249 2247 mul-

393 2250 519 2298 titudine
539 2252 610 2281 alius
639 2264 803 2293 spectantes
833 2262 1011 2297 exanimem,
1048 2262 1164 2290 luctum
1187 2272 1247 2291 non

390 2298 540 2341 minuunt.
568 2297 712 2343 Arna-bius
732 2301 781 2331 lib,
797 2303 824 2333 5.
866 2304 946 2339 Quid
967 2309 1148 2343 temperatus
1164 2304 1249 2334 sabae

391 2334 531 2384 ahmeino
548 2347 641 2376 panis,
657 2340 703 2367 cui
719 2343 760 2369 rei
774 2354 877 2373 nomen
894 2346 1013 2374 dedistis
1035 2352 1150 2376 castus:
1174 2357 1250 2375 non-

392 2387 429 2407 ne
444 2378 523 2407 illius
543 2381 681 2419 temporis
698 2382 819 2413 imitatio
835 2392 891 2424 est,
916 2398 974 2425 quo
990 2399 1019 2416 se
1037 2399 1143 2417 numen
1166 2400 1181 2417 a
1199 2391 1249 2419 Ce-

391 2420 465 2450 reris
485 2421 568 2459 fruge
591 2422 730 2452 violentia
752 2429 890 2456 moeroris
913 2430 1064 2460 abstinuit.
1101 2432 1180 2460 Urs.
1210 2451 1248 2454 —

1292 2136 1320 2171 Ξ)
1344 2133 1502 2172 lisanda-m]
1528 2135 1595 2163 Post
1617 2135 1739 2163 verbum
1760 2134 1962 2171 Volcanum,
1987 2132 2155 2163 addendum

1292 2186 1328 2205 ex
1345 2177 1428 2205 Pauli
1451 2178 1596 2215 epitoma,
1619 2187 1647 2205 (ι.
1667 2176 1695 2205 d.
1715 2177 1837 2204 tertium
1860 2178 1938 2208 Non.
1956 2177 2020 2206 Oct.
2043 2176 2155 2205 Macro-

1291 2219 1358 2247 bius
1384 2219 1436 2248 lib.
1458 2224 1481 2250 l.
1506 2230 1570 2258 cap.
1592 2222 1638 2251 16.
1677 2218 1825 2248 Plutarch.
1846 2219 1878 2248 in
1901 2219 2036 2250 Romule.
2076 2219 2154 2258 Apu-

1291 2262 1366 2290 leius
1392 2262 1506 2301 apolog.
1534 2268 1558 2293 1.
1603 2262 1751 2298 Quoniam
1771 2267 1867 2291 utres
1893 2267 1952 2299 est,
1983 2262 2074 2291 maius
2092 2259 2154 2299 pia-

1292 2305 1392 2333 culum
1414 2305 1547 2333 decernis
1565 2305 1718 2343 speculum
1741 2303 1939 2344 philosopho,
1979 2313 2066 2344 quam
2087 2311 2153 2340 pro-

1293 2348 1361 2375 fano
1385 2347 1499 2376 Cereris
1521 2347 1665 2376 muudum
1686 2346 1797 2376 videre.
1826 2346 1904 2375 Urs.
1930 2365 1967 2369 ——
1997 2347 2024 2383 3)
2048 2343 2154 2372 Habe-

1293 2390 1404 2418 bantur
1430 2390 1475 2419 Pr.
1496 2390 1612 2418 habeba
1636 2415 1641 2420 .
1672 2411 1678 2418 .
1709 2389 1780 2418 Ven.
1801 2390 1848 2417 Sc.
1883 2407 1921 2411 —
1957 2389 1985 2425 4)
2007 2385 2154 2424 Angulas

1294 2432 1376 2470 quod
1391 2432 1437 2461 Pr.
1468 2451 1504 2454 --
1538 2434 1564 2469 5)
1589 2433 1731 2470 Rhama]
1756 2431 1851 2459 Varro
1874 2430 1923 2458 lib.
1944 2429 1973 2460 5.
1995 2438 2093 2457 rerum
2110 2427 2153 2456 di-
