2263 2668
204 130 278 165 348
628 125 972 161 COMMENTARH
996 125 1046 158 IN
1071 125 1213 159 PAULI
1239 125 1435 160 DIACONI
1460 126 1715 160 EXCERPTA

203 223 366 260 benignus,
389 225 422 249 ut
444 219 537 247 malus
558 218 711 254 malignus.
754 217 905 255 Benignus
927 217 1056 246 liberalis
1079 223 1107 247 et
1128 219 1243 258 largus,
1268 219 1411 257 malignus
1434 219 1586 248 illiberalis
1611 224 1640 247 et
1661 229 1780 258 parcuS.
1803 219 1894 249 Dac.
1929 220 2091 262 Benignum
2115 223 2144 252 in

204 266 268 294 iure
291 274 412 304 aequum
436 266 463 290 et.
486 261 599 289 bonum,
625 260 686 291 l.5.
702 259 731 288 ff.
755 260 790 288 de
812 260 899 297 legat.
917 262 947 290 3.
997 258 1101 292 Goth.

366 302 536 332 Bellona.
581 301 675 329 Huius
702 302 744 329 rei
772 303 890 340 penitus
919 302 1052 340 ignorata
1075 304 1150 332 ratio
1173 309 1268 333 exstat
1291 304 1370 343 apud
1393 304 1626 333 vetustissimum
1648 305 1840 343 interpretem
1863 304 1992 342 Virgilii,
2027 307 2077 344 qui
2102 312 2145 336 est

204 359 293 388 penes
317 346 463 376 Danielem
486 348 627 374 nostrum.
671 343 740 373 Post
763 345 893 382 tertium,
919 344 1033 383 inquit,
1059 353 1085 374 et
1107 348 1281 375 tricesimum
1305 345 1395 382 cliem,
1428 357 1515 386 quam
1539 359 1582 375 res
1605 348 1767 386 repetissent
1790 345 1825 374 ab
1848 346 1995 384 hostibus,
2018 348 2146 378 Feeiales

204 391 316 419 hastam
336 386 494 416 mittebant.
521 386 652 426 Denique
674 397 739 415 cum
759 386 864 426 Pyrrhi
885 386 1060 426 temporibus
1080 387 1231 418 adversum
1255 389 1483 417 transmarinum
1507 389 1614 418 hostem
1638 387 1744 417 bellum
1764 387 1896 418 Romani
1915 391 2024 428 gesturi
2044 398 2144 428 essent,

204 445 255 462 nec
276 431 431 460 invenirent
453 427 565 465 locum,
592 427 642 456 ubi
665 427 742 457 lzanc
763 427 963 457 solennitatem
984 441 1036 469 per·
1056 429 1183 460 Feciales
1206 430 1356 460 indicendi
1379 430 1447 459 belli
1471 430 1661 467 celebrarent,
1694 430 1833 460 dederunt
1856 443 1989 470 operam,
2020 439 2051 460 ut
2073 445 2146 461 unus

205 474 238 502 [le
260 472 361 511 Pyrrhi
383 469 523 499 militibus
546 478 709 510 caperetur,
735 483 815 510 quern
829 470 969 513 fecerant
991 473 1020 500 in
1047 471 1130 502 Circo
1157 472 1301 502 Flaminio
1325 472 1421 502 locum
1445 485 1559 513 capere,
1587 481 1617 502 ut
1639 474 1725 513 quasi
1746 474 1777 502 in
1799 473 1900 502 ltostili
1922 473 1988 503 loco
2011 475 2056 502 ius
2078 473 2147 504 belli

204 512 351 543 indicendi
379 511 537 551 implerent.
581 513 711 553 Denique
740 514 768 541 in
799 525 830 542 eo
862 512 928 542 loco
959 521 1026 542 ante
1053 514 1151 544 aedem
1174 515 1316 544 Bellonae
1342 523 1513 544 consecrata
1541 523 1581 544 est
1604 515 1750 545 columna.
1799 515 1896 545 Varro
1919 517 1949 544 in
1974 514 2081 545 Caleno
2103 517 2147 545 ita

202 558 259 586 ait.-
303 555 397 584 Duces
427 566 490 583 cnm
517 556 643 594 primum
667 554 798 584 hostilem
822 567 924 595 agrum
947 557 1115 595 introirent,
1157 558 1261 586 ominis
1285 568 1389 586 caussa
1410 559 1492 597 prius
1514 557 1629 586 lzastam
1652 559 1682 587 in
1705 569 1767 586 eum
1791 569 1893 597 agrum
1916 557 2086 595 mittebant,
2116 564 2148 586 ut

204 600 306 628 castris
329 597 425 626 locum
449 605 591 636 caperent.
615 597 713 626 Scal.
741 597 873 626 Bellona.
905 599 1102 628 Glossarium:
1125 599 1268 635 Bellona,
1289 596 1401 636 Ἐνυώ,
1424 597 1575 638 Ἑριννὺς,
1600 599 1658 631 θεὰ
1680 599 1832 640 πολεμική.
1856 600 1943 630 Dac.
1976 598 2148 630 Columella.

202 642 296 670 Parva
320 640 498 670 columnula.
532 640 604 668 Nam
628 641 741 678 antiqui
763 640 933 670 scribebant
956 641 1089 679 colurna,
1112 643 1192 671 unde
1215 647 1294 671 recte
1319 641 1484 672 columella.
1517 643 1658 679 Quinctil.
1675 643 1702 680 I,
1726 646 1756 675 8.
1792 642 1830 671 Et
1853 642 2018 679 colurna,
2042 653 2149 672 exem-

200 691 253 723 pta
276 695 293 711 n
317 681 431 717 littera,
462 690 487 710 et
513 680 697 711 Consules
716 684 866 722 geminata
889 696 904 713 s
926 683 1022 713 littera
1046 684 1142 714 Coss.
1167 684 1294 724 legimus.
1325 682 1437 715 Idem.
1477 684 1575 726 Supra
1598 697 1687 726 quam
1709 685 1834 715 hastam.
1874 686 1993 714 Servius
2015 685 2052 714 ad
2074 684 2147 714 illud

204 725 315 754 lib.IX.
340 724 458 754 Aeneid.
481 724 553 763 (lx,
577 726 659 763 53.):

739 784 780 789 —-
804 784 841 789 —
867 785 909 790 —
929 767 967 797 Et
988 769 1117 799 iaculum
1141 771 1307 811 intorquens
1329 770 1433 799 emittit
1455 771 1485 799 in
1508 781 1596 800 auras

736 809 916 851 Principium
937 823 1060 851 pugnae.

204 852 308 887 docet,
347 861 411 879 cum
436 850 547 879 bellum
570 851 704 881 indicere
728 854 841 882 vellent
864 855 1003 891 Romani,
1046 856 1174 885 Feciales
1203 855 1316 884 hastam
1347 856 1504 893 serratam,
1544 861 1595 884 aut
1617 856 1805 895 sanguineam
1827 859 1993 894 praeustam
2017 853 2054 882 ad
2077 853 2149 882 fines

204 904 305 922 eorum
328 893 458 930 misisse,
481 899 548 932 post
571 896 688 923 tertium
713 901 741 924 et
765 896 944 925 tricesimum
968 897 1060 935 diem,
1086 909 1173 936 quam
1197 909 1243 927 res
1266 898 1421 937 repetisset
1444 903 1529 937 pater
1551 903 1692 937 patratus.
1716 899 1803 938 (Vide
1825 898 1923 926 locum
1939 897 2036 926 Servii
2059 906 2148 935 supra

204 947 218 964 a
234 936 383 974 Scaligero
407 935 550 975 citatum.)
577 937 657 965 Unde
681 938 835 975 discimus,
859 950 919 968 non
941 940 972 968 in
997 941 1132 969 omnibus
1155 942 1240 969 bellis
1263 941 1378 969 hastam
1402 951 1491 979 super
1514 951 1576 970 eam
1601 942 1768 970 columnam
1791 941 1893 969 iecisse
1910 941 2073 976 Romanos,
2097 938 2148 968 sed

203 983 317 1006 tantuin
348 989 413 1006 euni
444 979 544 1007 deerat
572 990 642 1008 vere
665 980 780 1010 hostilis
805 982 896 1011 locus.
941 983 1037 1021 Atque
1060 984 1138 1011 hune
1163 995 1272 1012 morem
1298 984 1405 1022 procul
1430 984 1520 1012 dubio
1545 984 1630 1012 nobis
1654 984 1785 1023 apertius
1809 984 1912 1012 Festus
1935 983 2148 1022 explicaverat,

204 1021 258 1049 nisi
283 1022 371 1049 verba
397 1021 458 1050 eius
481 1022 566 1050 nobis
590 1024 743 1052 mutilator
765 1024 908 1054 barbarus
930 1024 1094 1055 invidisset.
1147 1028 1238 1055 Porro
1261 1027 1333 1055 Pub.
1358 1026 1463 1055 Victor
1485 1027 1515 1054 in
1538 1027 1738 1066 descriptione
1761 1026 1866 1063 Urbis,
1902 1026 1932 1054 in
1956 1025 2075 1064 regione
2097 1024 2148 1052 IX.

203 1062 300 1092 Aecles
322 1062 464 1092 Bellonae
485 1075 581 1093 versus
600 1073 717 1104 portam
744 1065 963 1096 Carmentalem.
1008 1068 1089 1097 Ante
1112 1068 1188 1098 lianc
1211 1068 1309 1098 aeclem
1334 1067 1470 1098 columna
1494 1068 1587 1098 index
1610 1068 1679 1098 belli
1700 1068 1855 1111 inferendi.
1901 1068 1987 1097 Dae.

367 1104 554 1135 Bidental.
600 1109 698 1146 Apage
722 1110 761 1137 sis
784 1110 835 1138 illa
857 1110 961 1139 verba:
989 1109 1144 1148 Ouotlrlnm
1168 1111 1314 1151 templum.
1344 1112 1502 1150 Nunquam
1526 1112 1604 1141 enim
1627 1112 1814 1141 doctissimus
1836 1111 1940 1139 Festus
1964 1121 1996 1139 ea
2018 1109 2149 1148 scripsit.

204 1147 300 1176 Verba
323 1153 392 1176 sunt
415 1149 532 1177 barbari
556 1151 745 1183 mutilam-is.
789 1153 892 1181 Festus
914 1153 955 1181 ita
979 1154 1114 1192 scripsit:
1136 1153 1279 1183 Bidental
1299 1154 1452 1191 dicebant,
1475 1153 1555 1194 quorl
1578 1156 1608 1183 in
1630 1166 1662 1184 eo
1686 1153 1849 1183 bidentibus
1871 1152 1975 1182 hostiis
1996 1153 2075 1182 sacri
2098 1162 2150 1181 ca-

204 1197 286 1218 retur,
333 1191 407 1226 Quis
430 1192 505 1219 enim
529 1193 639 1228 nescit,
678 1194 810 1223 bidental
834 1205 947 1223 omnem
972 1196 1070 1224 locum
1094 1207 1172 1233 esse,
1211 1197 1262 1234 qui
1285 1197 1321 1226 de
1344 1197 1427 1225 coelo
1451 1202 1548 1225 tactus
1572 1198 1638 1225 est‘?
1675 1198 1800 1226 Tantum
1824 1196 1921 1232 abest,
1951 1201 1985 1224 ut
2005 1195 2149 1233 templum

204 1232 347 1261 duntaxat
371 1233 431 1262 dici
453 1234 566 1264 debeat.
612 1237 753 1266 Glossarii
777 1243 879 1266 auctor
901 1243 980 1266 recte
1005 1240 1155 1277 exposuit:
1186 1238 1339 1275 Bidental,
1363 1238 1454 1275 τόπος
1476 1237 1690 1279 κεραυνοπλήξ.
1737 1240 1815 1276 Quin
1839 1239 1955 1267 Persius
1977 1239 2074 1277 ipsum
2096 1236 2151 1265 ho-

204 1275 310 1303 minem
335 1279 564 1317 κεραυνοπλήγα
588 1277 721 1308 bidental
744 1286 834 1308 vocat
857 1278 904 1320 (2,
928 1280 1011 1320 27.)2
1046 1282 1141 1310 Triste
1163 1283 1240 1310 iaces
1263 1280 1338 1310 lucis
1359 1281 1583 1321 evitandumque
1605 1281 1744 1311 bidental.
1788 1281 1992 1310 Artemidorus
2015 1280 2091 1308 libro
2114 1279 2150 1308 ll.

201 1314 235 1347 Ὁ
258 1317 404 1357 κέραυνός
428 1318 461 1348 τὰ
485 1318 585 1358 ἄσημα
607 1323 666 1351 τῶν
690 1323 805 1362 χωρίων
829 1323 957 1362 ἐπίσημα
979 1327 1073 1360 ποιεῖ,
1102 1322 1150 1354 διὰ
1173 1321 1243 1359 τούς
1265 1324 1479 1363 ἐνιδρυμένους
1501 1323 1635 1364 βωμούς,
1667 1325 1716 1355 καὶ
1740 1323 1793 1359 τοὶς
1816 1325 1847 1354 ἐν
1869 1321 1971 1359 αὐτοῖς
1994 1321 2152 1363 γινομένας

203 1361 322 1396 θυσίας.
367 1361 407 1389 De
431 1362 604 1391 Bidentibus
636 1364 704 1393 alibi
737 1365 867 1393 diximus
897 1367 927 1393 in
958 1367 1167 1395 Coniectaneis.
1197 1368 1344 1403 (P.1g.43.
1371 1367 1407 1395 ad
1430 1367 1555 1396 Varron.
1580 1377 1644 1405 pag-
1659 1366 1731 1405 26.)
1768 1366 1968 1395 Glossarium:
2007 1363 2150 1401 Bidentis,

205 1401 300 1439 ὅιετὴς
324 1401 383 1439 ὄϊς,
421 1402 531 1442 ὅροντα
554 1403 705 1446 πρόβατα,
741 1407 820 1445 lege:
858 1406 997 1439 διόδοντα
1020 1407 1164 1449 πρόβατα.
1209 1408 1362 1446 Bidenses,
1398 1408 1446 1439 ἐπὶ
1475 1411 1535 1439 τῶν
1563 1408 1741 1449 προβάτων,
1775 1407 1823 1439 διὰ
1847 1406 1878 1439 τὸ
1903 1405 2042 1437 διόδοντα
2065 1404 2150 1436 εἶναι.

206 1445 309 1473 Graeci
342 1444 473 1475 bidental
500 1454 610 1477 vocant
640 1447 806 1488 ἒιιηλύσιον.
852 1451 973 1479 Glossae
997 1452 1193 1480 Graecorum:
1231 1449 1388 1490 ἐνηλύσια,
1424 1449 1459 1481 τοὶ
1487 1452 1739 1491 κατασκηφθὲντα
1765 1451 1869 1491 χωρίον.
1914 1450 1987 1478 Nam
2011 1445 2150 1488 σκηπτᾶς,

204 1488 313 1525 fulgur.
356 1489 449 1517 Porro
474 1490 510 1518 de
534 1491 705 1520 bidentibus
729 1493 845 1521 abunde
868 1493 997 1522 diximus
1022 1495 1049 1522 in
1075 1495 1288 1523 Coniectaneis.
1334 1494 1470 1523 Bidentes
1494 1499 1578 1531 sunt,
1616 1505 1689 1533 quas
1714 1492 1861 1533 μετάσσας
1884 1493 2029 1521 Homerus
2050 1495 2150 1526 vocat,

206 1540 280 1568 quae
302 1541 397 1568 neque
421 1542 510 1569 agnae
533 1539 618 1571 sunt,
644 1535 711 1572 quia
735 1536 802 1564 illae
825 1536 959 1564 nondum
983 1537 1085 1565 dentes
1108 1537 1281 1573 ediderunt,
1309 1546 1404 1574 neque
1428 1537 1562 1572 adasiae,
1587 1538 1655 1575 quia
1678 1538 1735 1565 iam
1759 1536 1918 1565 eiecerunt.
1962 1535 1987 1563 A
2011 1545 2069 1573 quo
2093 1537 2151 1564 λει-

206 1570 404 1612 πογνώμοιας
427 1585 495 1603 oves
518 1577 635 1605 vetulas
660 1583 769 1606 vocant
793 1579 908 1607 Graeci.
934 1577 1029 1607 Scal,
1054 1578 1204 1608 Bidental.
1236 1580 1330 1607 Locus
1354 1589 1438 1607 sacro
1462 1580 1619 1617 perculsus
1641 1579 1781 1616 fulmine,
1806 1579 1857 1617 qui
1879 1577 1997 1606 bidente
2021 1577 2056 1606 ab
2080 1587 2152 1605 aru-

207 1616 335 1653 spicibus
360 1622 564 1654 consecratur,
589 1629 674 1657 quem
700 1621 812 1649 calcare
835 1622 916 1649 nefas
940 1626 991 1651 est.
1023 1622 1115 1650 Vetus
1134 1622 1282 1659 interpres
1302 1622 1407 1650 Persii:
1431 1620 1574 1650 Bidental
1595 1632 1610 1649 a
1633 1622 1768 1660 bidente,
1792 1621 1871 1659 quod
1894 1619 2065 1648 bidentibus
2089 1619 2152 1648 ovi-

205 1657 259 1685 bus
283 1658 469 1697 expiabatur.
514 1661 644 1699 Scaliger
666 1662 739 1691 haec
764 1663 822 1691 duo
844 1663 948 1692 verba:
978 1662 1128 1703 quoddam
1153 1662 1307 1703 templum,
1333 1664 1417 1702 quasi
1441 1664 1562 1693 barbari
1585 1665 1763 1693 mutilatoris
1786 1663 1917 1702 respuit,
1943 1662 2024 1700 quod
2045 1662 2153 1690 biden-

208 1700 247 1727 tal
271 1700 419 1730 diceretur
449 1703 546 1740 quivis
574 1704 658 1732 locus
689 1705 725 1734 de
755 1707 837 1734 coelo
868 1711 973 1734 tactuS.
1019 1706 1076 1734 Sed
1108 1707 1217 1734 frustra
1248 1711 1292 1735 est
1315 1707 1454 1745 Scaliger.
1498 1707 1572 1735 Nam
1602 1717 1668 1736 cum
1692 1718 1707 1735 a
1731 1706 1848 1734 bidente
1877 1705 2009 1734 bidental
2038 1704 2154 1733 dictum

210 1747 336 1780 constet,
374 1750 489 1773 constat
513 1746 616 1784 etiam,
655 1758 714 1776 non
744 1749 828 1787 prius
858 1749 987 1785 dictum,
1023 1759 1111 1787 quam
1135 1760 1150 1777 a
1173 1748 1292 1778 bidente
1316 1749 1406 1778 suerit
1429 1750 1580 1788 expiatum
1604 1755 1632 1779 et
1655 1753 1871 1778 consecratum.
1914 1748 1992 1785 Ergo
2015 1746 2153 1787 templum

210 1783 353 1822 quoclclam
379 1787 440 1815 lule
463 1788 585 1825 dicitur,
620 1790 650 1818 id
675 1796 732 1827 est,
773 1791 857 1820 locus
879 1791 1030 1829 religionis
1053 1802 1139 1819 causa
1162 1802 1266 1829 muro,
1305 1792 1395 1830 palis,
1435 1792 1503 1821 sune
1526 1797 1577 1820 aut
1598 1793 1684 1821 simili
1708 1803 1739 1820 re
1762 1792 1881 1820 clausus
1903 1795 2072 1828 septusque.
2116 1790 2154 1818 Et

212 1835 309 1854 revera
335 1833 365 1855 ut
386 1829 413 1856 in
438 1831 519 1859 libris
543 1832 738 1870 fulguralibus
761 1834 877 1872 Tagetis
902 1839 930 1863 et
954 1834 1079 1862 aliorum
1099 1835 1293 1863 Etruscorum
1318 1835 1502 1870 continetur,
1528 1836 1663 1874 Aruspex
1685 1845 1761 1874 pura
1785 1839 1867 1862 veste
1888 1833 2011 1861 indutus
2034 1832 2154 1861 bidente

215 1866 308 1895 locuni
332 1871 482 1909 expiabat,
508 1881 711 1904 consecratum
736 1877 883 1915 sepiebat,
912 1876 979 1914 quia
1004 1877 1112 1905 calcari
1135 1877 1216 1906 nefas
1240 1882 1313 1906 erat.
1359 1878 1395 1905 Et
1416 1877 1465 1905 hic
1488 1878 1588 1906 Festus
1612 1879 1668 1916 egit
1690 1879 1726 1906 de
1750 1877 1844 1916 prima
1869 1876 1980 1913 origine
2003 1877 2085 1904 vocis
2108 1873 2154 1902 bi-

214 1906 321 1955 dental.
367 1913 467 1942 Postea
497 1926 568 1944 vero
597 1917 659 1946 lieri
689 1919 803 1956 potuit,
839 1924 872 1947 ut
901 1919 1030 1948 bidental
1061 1919 1212 1948 diceretur
1242 1919 1338 1958 quivis
1361 1920 1446 1949 locus
1469 1920 1592 1949 fulmine
1615 1925 1729 1957 tactus,
1766 1920 1817 1958 qui
1838 1918 1958 1947 bidente
1981 1928 2041 1946 non
2063 1916 2155 1946 suerit

216 1956 365 1997 expiatus,
399 1965 462 1984 nani
487 1963 515 1986 et
538 1959 654 1988 Persius
678 1961 826 1990 hominem
850 1962 936 1991 etiam
959 1962 1092 1991 bidental
1115 1963 1242 1991 vocavit.
1286 1962 1342 1991 Sed
1365 1973 1424 1991 non
1446 1963 1514 1992 ideo
1537 1963 1629 1993 verba
1649 1963 1725 1991 Festi
1749 1962 1792 1990 sic
1813 1966 1922 1990 temere
1943 1961 2079 1989 mutilare
2102 1960 2153 1988 de-

214 1991 278 2020 buit
300 1994 346 2021 vir
368 1995 558 2030 doctissimus,
602 2002 691 2032 Dae,

379 2036 561 2085 Biclentes.
606 2045 718 2073 Nonius
742 2045 883 2085 (pag.53.
906 2047 1009 2084 Mero.)
1033 2051 1131 2075 tamen
1154 2046 1211 2075 hoc
1236 2052 1355 2086 etymon
1378 2047 1575 2086 reprehendit.
1626 2046 1729 2076 Goth.

249 2118 254 2124 1
379 2076 517 2127 steta.
561 2085 713 2115 Bissonum
736 2094 823 2117 vocat
848 2090 1044 2118 Glossarium:
1069 2089 1228 2126 Bisacnus,
1250 2094 1351 2129 χοῖρος
1373 2090 1572 2129 ἒξαμηνιαῖος.
1618 2091 1653 2118 Et
1678 2095 1774 2118 tamen
1795 2099 1855 2118 non
1876 2088 1979 2124 video,
2002 2085 2153 2125 quomodo

216 2117 443 2172 B‘fflem‘QIVOI
466 2122 586 2153 Bisenus
609 2129 644 2156 sit
667 2130 865 2169 ἕξαμηνιαῖος.
908 2132 992 2161 Idem
1016 2137 1058 2160 est
1080 2132 1159 2170 apud
1181 2132 1307 2161 cundem
1331 2138 1494 2161 auctorem:
1519 2131 1660 2169 Bibilles,
1687 2133 1828 2171 ὁίμαλληι.
1865 2131 1915 2159 Et:
1938 2129 2086 2165 Bicerres,
2109 2128 2153 2158 δί-

215 2163 332 2198 μᾱλλθί,
356 2162 516 2202 δικροσσοι-
562 2167 633 2197 Vide
656 2171 750 2208 ipsum
775 2174 893 2203 Festum
916 2175 947 2202 in
970 2173 1118 2203 Disulcus.
1142 2173 1244 2204 Scat.
1280 2174 1391 2205 Biseta.
1430 2175 1454 2204 A
1478 2175 1522 2205 his
1545 2180 1572 2204 et
1593 2183 1670 2211 seta,
1693 2175 1774 2213 quod
1798 2185 1836 2203 ex
1857 2178 1983 2212 utraque
2003 2175 2088 2211 parte
2109 2179 2154 2199 ⁸8·

216 2206 260 2230 las
279 2201 393 2254 hffbeflt-
440 2205 610 2256 QUOdJum
634 2211 750 2250 incipit,
786 2226 852 2244 cum
876 2227 928 2245 sex
951 2227 1065 2246 meuses
1092 2222 1159 2245 nata
1183 2222 1236 2246 est.
1280 2218 1364 2246 Unde
1388 2218 1537 2255 eleganter
1561 2218 1762 2247 Glossarium:
1796 2216 1941 2253 Bauius,
1965 2217 2066 2255 χοῖρος
2086 2213 2152 2250 ἕξοι-

216 2256 364 2284 μηνιαιθς·
388 2246 474 2295 D.ac'
505 2248 613 2278 steta.
649 2253 722 2283 Vide
744 2256 819 2285 infra
844 2258 1006 2290 Dissulcus.
1045 2260 1100 2288 Alii
1124 2260 1226 2298 legunt
1246 2259 1384 2289 Bisaena.
1431 2259 1533 2291 Goth.

340 2329 345 2334 ¹
379 2288 529 2328 Blgnae-
578 2292 688 2341 &lignus
718 2307 769 2333 pro
795 2299 937 2337 Rigenus,
973 2302 1076 2330 eodem
1106 2303 1193 2331 inodo
1224 2302 1354 2340 dictum,
1392 2313 1450 2341 quo
1474 2303 1627 2342 Privignus
1654 2314 1709 2342 pro
1736 2303 1881 2343 prigenus.
1926 2300 1998 2329 Nam
2022 2297 2075 2327 Pri
2094 2305 2151 2335 pro

218 2326 295 2356 Prae
317 2329 468 2367 dlcebssm‘,
483 2338 524 2381 ’ut
547 2333 654 2365 Pmlie.
680 2336 777 2366 Scal.
816 2341 896 2370 lnt'ra
919 2344 987 2382 quia
1011 2343 1054 2372 bis
1076 2356 1133 2372 una
1158 2344 1204 2373 die
1227 2353 1314 2373 natae
1336 2353 1411 2374 sunt.
1450 2346 1697 2375 Rescribendum:
1721 2346 1792 2385 quia
1813 2344 1897 2373 binae
1919 2353 1977 2372 una
2001 2339 2046 2369 die
2067 2345 2152 2367 natae

218 2377 292 2399 sunt.
314 2370 403 2402 Dac.
448 2373 568 2414 Btgnae.
592 2377 621 2406 id
642 2383 681 2406 ita
707 2379 841 2418 effertur,
868 2389 901 2411 ut
920 2386 1042 2424 prignus
1063 2397 1118 2424 pro
1139 2387 1299 2426 privignus,
1347 2386 1450 2418 Goth,
