2263 2668
551 110 615 143 DE
641 105 1028 143 SIGNIFlCATlONE
1056 105 1340 142 VERBORUM.
1390 108 1536 142 LIBER
1562 109 1602 144 X.
1969 112 2043 146 481

96 212 223 248 propter
245 210 409 234 nocturnas
431 204 507 242 ignis
531 203 713 243 eruptiones.
758 201 931 232 Aristoteles
953 200 984 228 in
1007 199 1163 228 Mirandis:
1201 200 1260 231 Kal
1289 198 1322 231 τὸ
1349 200 1380 231 ἔν
1402 205 1439 242 τῇ
1459 200 1584 244 Λιπάρᾳ
1608 200 1640 233 δὲ
1661 204 1720 240 πῦρ
1743 201 1876 242 φανερὸν
1899 205 1949 236 καὶ
1971 209 2045 244 φλο-

95 252 190 290 γῶὸες
214 246 251 280 οὐ
276 247 328 288 μὲν
347 245 475 287 ἡμέρας,
498 243 572 277 ἄλλα
595 244 703 282 νυκτὸς
725 247 862 277 καίεσθαι
886 243 1005 284 λέγεται.
1049 242 1086 270 Et
1108 243 1215 272 Paulus
1238 244 1424 274 Silentiarius
1447 246 1576 274 carmine
1600 245 1637 274 de
1661 246 1744 284 aquis
1767 245 1897 285 Pythiis:

719 289 779 319 Καὶ
802 283 927 328 Λιπάρᾳ
948 281 1083 328 περήσῳ

711 330 850 371 Ἇφεγγές
873 330 951 360 ἐστιν
973 329 1087 366 ἆσθμα,

707 372 746 405 uO
769 374 853 404 νυκτὶ
874 371 926 411 μὲν
948 374 1125 411 παμφαῖνον

722 417 837 455 Πέμπει
859 417 966 450 λίθους
987 411 1126 448 θειώδεις

719 456 948 498 Πολυψόφους,
978 454 1169 496 βροντώὸεις.

96 503 173 541 Sed,
207 502 288 541 quod
316 502 519 531 doctissimum
547 500 729 531 Bochartum
758 502 860 538 latuit,
896 501 975 529 idem
1003 499 1177 538 Lipararum
1208 503 1327 537 etymon
1356 499 1455 527 allusit
1479 499 1658 528 Scholiastes
1682 499 1857 528 Callimachi
1884 500 1987 539 hymn.
2013 502 2043 529 in

97 547 221 574 Dianam
251 544 308 584 (ad
331 544 455 583 v-4S.):
494 546 601 583 Νῖσος
629 544 659 575 δέ
687 545 765 575 ἐστιν
787 541 806 583 ἦ
830 540 952 581 Λιπάρα
976 543 1129 577 Σικελίας,
1165 541 1239 572 ἔνθα
1268 537 1307 579 ἦν
1336 540 1371 571 τά
1399 545 1516 578 χαλκεῖα
1535 539 1712 579 Ἡφαίστου.
1750 540 1833 572 ’Ἐστι
1857 542 1888 573 δὲ
1910 544 1963 582 μία
1984 546 2044 574 ταῖν

97 589 257 619 Αἰολίδων.
288 588 412 628 Λέγεται
435 587 482 624 δὲ,
507 584 550 617 ὅτι
573 588 680 626 σι’ὁηρα
703 586 838 626 διάφορα
860 586 962 622 θέντες
984 585 1015 616 ἐν
1036 582 1113 625 αὐτῇ
1135 587 1239 614 ναῦται
1262 583 1357 614 ἕωθεν
1381 581 1543 622 εὑρήκασιν
1567 580 1641 614 αὐτὰ
1664 584 1695 614 ἐκ
1717 586 1770 621 τῆς
1793 580 1968 622 ἆναόύσεως
1990 589 2045 617 τοῦ

96 630 196 670 πυρός
217 631 424 665 πεπανθέντα,
460 630 510 660 καὶ
535 628 584 659 διὰ
608 633 694 660 τοῦτο
718 628 831 670 ἐκλήθη
853 626 871 668 ἦ
894 632 986 667 νῆσος
1007 626 1132 665 Λιπάρα
1154 625 1202 657 διὰ
1226 624 1258 656 τὸ
1283 624 1357 656 αὗτᾶ
1378 625 1513 666 διάφορα
1536 626 1606 657 ὅντα
1626 628 1659 657 ἓν
1682 627 1832 666 γενέσθαι.
1879 628 1973 663 Quem
1996 629 2043 658 lo-

98 683 164 702 cum
188 674 243 702 nisi
266 673 305 701 ita
330 673 491 710 intelligas,
524 678 638 700 certum
661 677 704 701 est
725 684 786 701 non
809 682 895 711 posse
919 670 1059 708 intelligi,
1090 669 1147 698 nisi
1170 669 1271 708 potius
1294 669 1374 697 dieas
1397 669 1495 697 locum
1519 675 1693 708 corruptum
1718 680 1779 698 esse
1802 675 1830 698 et
1851 680 1907 709 pro
1930 683 2045 701 πεπαι-

96 717 190 747 θέντα
214 716 435 744 rescribendum
460 715 661 752 λιπανθέντα,
694 726 751 753 qua
774 726 847 744 voce
873 715 1018 744 Graecum
1044 718 1163 751 etymon
1187 712 1336 749 alluserit,
1367 722 1471 750 nempe
1495 709 1552 742 nimi
1577 715 1632 741 τοῦ
1654 714 1863 748 λιπαίνεσθαι,
1896 714 1976 751 quod
2001 719 2043 742 est

96 759 126 787 in
149 759 304 787 stricturas
328 758 400 797 cogi.
440 759 553 788 Gloss.:
579 757 741 795 Strictum,
765 757 989 796 λελιπαμμέιον.
1027 756 1121 784 Porro
1147 754 1251 793 Lipara
1274 755 1329 782 alio
1353 755 1471 783 nomine
1494 754 1647 783 dicebatur
1670 753 1832 794 IVIeligunis
1854 755 1914 785 sive
1936 755 2043 785 Melo-

93 803 190 839 gonis.
229 801 350 838 Strabo,
374 800 560 840 Stephanus,
583 800 712 839 Hesych.
749 800 882 830 Eustath.
905 805 932 829 et
955 799 1012 829 alii.
1036 798 1160 836 Egregie
1184 796 1356 826 callimach.
1378 796 1480 835 hymn.
1503 799 1532 825 in
1559 798 1637 825 Dian.
1662 795 1703 832 (v.
1718 796 1893 838 47.seqq.):

761 861 796 865 -
846 862 884 866 —-
929 841 1000 877 τούς
1024 841 1075 881 μὲν
1095 841 1190 879 ἔτετμε

717 884 812 925 Νήσῳ
835 886 879 916 ἐνὶ
901 882 1024 925 Λιπάρῃ
1047 884 1133 921 νέον,
1161 880 1234 912 ἀλλὰ
1256 878 1319 913 τότ’
1342 881 1424 912 ἔσκεν

710 927 829 968 ’Όνομοὶ
853 930 884 959 οἵ
905 927 1103 967 Μελιγουνὶς.

96 969 265 1010 Meligunin
289 972 338 1000 vel
360 963 536 1010 Melogonin
564 970 646 999 haud
676 971 765 1000 dubie
793 982 846 1010 per
869 983 887 1000 n
909 973 940 999 in
963 969 1091 998 secunda
1117 967 1231 1007 syllaba
1255 967 1342 995 Poeni
1367 966 1512 1005 scripsere
1535 964 1742 1005 Ilffenaggenin.
1786 966 1886 994 Insula
1908 965 2043 1006 Menog-

93 1014 181 1053 gem'n
204 1019 246 1042 est
269 1014 364 1042 insula
389 1024 508 1050 eorum,
546 1014 596 1052 qui
618 1014 737 1052 pulsant
759 1014 955 1042 instrumenta
978 1014 1106 1047 musica,
1143 1010 1303 1045 citharam,
1340 1009 1495 1046 barbiton,
1527 1009 1674 1041 nablium,
1706 1009 1890 1047 cymbalum,
1920 1013 2045 1048 tympa—

96 1066 167 1084 num
191 1061 245 1085 etc.
289 1057 348 1085 Iam
373 1057 446 1084 haec
469 1057 565 1085 insula
590 1067 644 1085 cur
667 1057 708 1084 sic
729 1062 871 1093 vocetur,
894 1062 922 1085 te
945 1056 1072 1084 doceant
1095 1054 1168 1083 haec
1191 1053 1356 1081 Aristotelis
1379 1054 1409 1080 in
1432 1052 1484 1081 lib.
1508 1051 1648 1093 Mirabih
1669 1049 1718 1080 ’Ev
1741 1052 1793 1093 μίςι
1815 1054 1873 1081 τῶν
1896 1049 1968 1081 {mo}
1990 1049 2046 1091 νή-

96 1109 157 1128 σων
180 1101 239 1129 τῶν
263 1098 374 1129 Αιόλου
399 1100 609 1138 καλουμένων,
646 1096 666 1138 ἢ
687 1103 816 1129 καλεῖται
838 1097 979 1138 Λιπάρα,
1012 1096 1112 1136 τάφον
1135 1094 1209 1127 εἶναι
1232 1097 1453 1137 μυ-θολογοῦσι,
1485 1094 1552 1133 περὶ
1576 1094 1610 1124 οὑ
1634 1094 1684 1123 καὶ
1708 1091 1778 1123 ἄλλα
1801 1093 1854 1133 μὲν
1878 1093 1971 1124 πολλοὶ
1996 1094 2046 1124 καὶ

95 1139 244 1181 τερατώδη
266 1142 384 1182 λέγουσι
408 1147 463 1170 ete.
503 1138 718 1178 Ἐξακούεσθαι
740 1140 797 1182 γάρ
820 1141 984 1181 τυμπάνων
1006 1141 1056 1171 καὶ
1077 1136 1237 1179 κυμβάλων
1259 1138 1348 1178 ἠχον,
1381 1134 1488 1178 γέλωτά
1512 1148 1542 1166 τε
1565 1134 1637 1175 μετὰ
1660 1132 1798 1175 θορύβου
1821 1137 1871 1166 καὶ
1892 1134 2046 1176 κροτάχων

95 1183 237 1225 ἐναργῶς.
281 1185 412 1213 Fabulae
443 1184 527 1212 dedit
559 1185 743 1213 occasionem
774 1185 908 1213 inclusus
939 1185 1014 1222 ignis
1046 1193 1083 1212 ex
1107 1183 1173 1211 imis
1203 1187 1300 1210 terrae
1331 1180 1466 1209 cavernis
1499 1189 1654 1217 erumpens
1678 1185 1766 1218 atque
1789 1185 1962 1208 exaestuans
1985 1189 2046 1207 non

95 1227 158 1255 sine
181 1227 294 1265 mugitu
319 1232 347 1255 et
371 1237 539 1263 murmure,
565 1238 656 1266 quare
679 1227 788 1255 Paulus
812 1227 996 1256 Silentiarius
1018 1236 1109 1265 supra
1133 1225 1174 1254 ait
1195 1223 1310 1263 lapides
1333 1223 1457 1252 excitari
1481 1220 1700 1261 πολυτρόφους,
1727 1219 1913 1262 βροντώδεις.
1956 1222 2045 1251 Plura

96 1269 164 1298 vide
187 1269 266 1309 apud
291 1270 416 1298 eundem
438 1268 630 1299 Bochartum.
673 1269 762 1299 Dac.

258 1311 387 1342 Labe&
434 1312 505 1340 Cum
535 1310 616 1341 labes
646 1312 685 1340 sit
709 1322 724 1339 a
747 1310 847 1349 labor,
886 1311 979 1348 cado,
1018 1309 1220 1339 verosimilius
1251 1313 1296 1337 est
1318 1308 1435 1337 ruinam
1459 1307 1582 1347 proprie
1605 1306 1771 1345 significare
1794 1311 1822 1335 et
1844 1305 2046 1345 metaphorice

94 1354 242 1382 nauculam
265 1355 296 1382 in
319 1355 502 1383 vestimentis
525 1360 553 1383 et
575 1354 762 1391 hominibus,
791 1359 825 1382 ut
849 1354 930 1393 apud
952 1354 1048 1383 Plaut.
1073 1354 1104 1381 in
1127 1353 1204 1381 Pers.
1229 1351 1299 1391 (HI,
1323 1353 1360 1388 3,
1383 1350 1440 1390 4.):
1476 1349 1576 1379 Lahes
1596 1348 1687 1389 popli.
1718 1349 1804 1379 Dac.
1848 1349 1913 1377 Alio
1936 1348 2046 1387 signifi-

94 1401 163 1425 catu
192 1395 273 1425 labes
303 1397 334 1425 in
361 1398 426 1425 iure
454 1396 569 1425 hiatum
599 1403 695 1427 terrae
718 1401 747 1426 et
769 1394 866 1437 χάσμα
891 1396 990 1435 signif.
1013 1396 1033 1426 l.
1048 1395 1096 1427 15.
1122 1395 1186 1435 §.2
1212 1397 1262 1426 11.
1308 1394 1428 1423 Servius
1450 1394 1469 1422 l.
1492 1393 1544 1422 ult.
1568 1392 1598 1421 ff.
1621 1392 1711 1421 locati
1734 1397 1763 1421 et
1785 1391 1904 1430 glossis:
1937 1389 2044 1428 Labes,

93 1437 189 1478 λύμη,
214 1439 292 1468 idem
317 1439 399 1478 quod
420 1440 492 1469 lues.
539 1438 647 1470 Goth.

257 1489 430 1521 Latrare.
477 1491 607 1527 Quidam
629 1491 690 1520 huc
713 1491 850 1520 referunt
871 1490 971 1518 locum
994 1489 1082 1519 Ennii
1104 1488 1154 1517 lib.
1168 1489 1221 1517 IX.
1246 1488 1354 1517 Annal.
1378 1487 1472 1527 (apud
1496 1487 1579 1516 Varr.
1597 1486 1633 1515 de
1653 1486 1683 1513 L.
1700 1486 1731 1515 L.
1753 1484 1815 1522 VII,
1838 1495 1868 1524 Ρ.
1881 1487 1952 1517 379.
1968 1484 2046 1525 Sp.)z

674 1559 712 1564 —
759 1557 798 1562 —
841 1539 1027 1580 Animus-que
1051 1540 1082 1568 in
1101 1545 1218 1578 pectore
1240 1537 1341 1568 latrat.

93 1591 152 1620 Sed
174 1591 345 1619 verosimile
367 1602 428 1619 non
453 1597 512 1628 est,
545 1601 578 1619 eo
600 1591 720 1620 Festum
744 1591 893 1627 allusisse,
930 1595 982 1618 aut
1005 1590 1027 1618 si
1051 1589 1199 1626 alluserit,
1236 1599 1395 1628 perperam
1418 1589 1522 1618 fecisse
1545 1593 1660 1618 certum
1682 1592 1735 1616 est.
1777 1585 1834 1615 Hic
1856 1586 1933 1615 enim
1955 1585 2046 1615 latrat

93 1644 152 1662 non
173 1635 287 1673 poscit,
312 1634 362 1662 sed
386 1633 514 1670 clamat,
538 1635 755 1669 tumultuatur,
782 1633 863 1671 quod
887 1643 924 1661 ex
946 1632 1067 1661 Homeri
1091 1632 1222 1670 Odyssea
1247 1633 1333 1670 (XX,
1361 1633 1408 1663 13.
1422 1631 1516 1670 seqq.)
1540 1630 1687 1670 expressit
1710 1629 1839 1658 Ennius:

669 1685 788 1724 Κραδίη
813 1681 841 1714 δ’
867 1684 897 1714 οἱ
919 1683 1006 1714 ἔνδον
1028 1680 1154 1714 manzer.

95 1733 223 1764 Lairare
243 1745 315 1764 vero
339 1745 395 1774 pro
415 1747 534 1775 poscere
555 1736 657 1775 posuit
679 1735 834 1764 Lueretius
856 1735 905 1764 lib.
920 1735 956 1764 ΙΙ.
980 1736 1069 1772 (17.);

671 1777 728 1807 Nil
748 1776 832 1807 aliud
854 1777 911 1806 sihi
933 1785 1069 1806 naturam
1094 1775 1220 1812 latrare,
1247 1776 1303 1804 nisi
1326 1782 1356 1804 ut
1379 1785 1465 1815 quom

673 1819 800 1860 Corpore
821 1821 967 1850 seiunctus
990 1818 1076 1850 dolor
1098 1818 1185 1848 absit.

93 1861 183 1891 Dac.

257 1902 540 1934 Lazitaverunt.
585 1904 610 1933 A
632 1903 725 1934 latum
748 1904 849 1943 latito,
873 1910 906 1933 ut
929 1915 944 1933 a
968 1903 1080 1934 dictum
1104 1901 1218 1932 dictito.
1243 1901 1331 1931 Dacs.
1377 1902 1400 1930 A
1422 1899 1500 1930 lateo
1523 1900 1636 1929 dicitur
1659 1899 1762 1936 latito,
1788 1903 1821 1926 ut
1844 1896 1985 1927 observito
2008 1896 2043 1924 ab

93 1945 227 1983 observo,
259 1951 288 1974 et
309 1947 366 1974 alia
388 1946 505 1976 similia.

257 1987 466 2020 Liberales.
511 1989 589 2018 Hinc
616 1989 711 2018 nostri
738 1989 873 2018 liberalia
902 1988 1017 2026 studia,
1056 1997 1132 2026 quae
1161 1985 1316 2025 ἐλευθέρια
1346 1987 1377 2014 in
1399 1987 1418 2015 1.
1434 1985 1506 2017 1.ff.
1531 1985 1566 2014 de
1590 1982 1832 2014 extraordinariis
1863 1981 2043 2020 cognitioni-

92 2030 157 2061 bus.
206 2028 311 2059 Goth.

258 2071 448 2104 Liberata.
494 2074 547 2103 Illa
577 2074 669 2103 verba
696 2072 729 2102 id
754 2081 794 2102 esi
819 2072 934 2109 locuta,
968 2083 1003 2101 ne
1026 2072 1109 2100 Pauli
1132 2071 1251 2110 quidem
1275 2076 1353 2100 sunt.
1392 2070 1492 2106 Quare
1515 2068 1718 2109 expungenda.
1754 2066 1877 2108 Effaia,
1908 2065 2042 2101 liberata,

93 2112 254 2157 defanata,
282 2114 368 2146 idem.
414 2116 564 2145 Arnobius
588 2117 619 2157 (l.
634 2117 684 2147 IV.
709 2115 811 2155 enm:
844 2114 983 2156 Spatiola
1006 2113 1179 2154 templorum
1203 2112 1357 2154 defanata.
1383 2111 1483 2144 Scal.
1521 2113 1597 2142 Vide
1618 2112 1648 2140 in
1671 2121 1699 2140 v.
1722 2109 1830 2151 Effari.
1854 2109 1945 2138 Dac.
1983 2107 2043 2137 Po-

93 2156 199 2186 nebant
222 2157 286 2186 XII.
307 2158 489 2187 Tabularum
512 2165 657 2188 auctores.
707 2157 811 2188 Goth.

258 2199 385 2229 Lacus
410 2200 610 2231 Lucrinus.
655 2202 775 2230 Veteres
799 2201 881 2230 Rom.
905 2210 962 2228 non
992 2199 1086 2227 solum
1117 2198 1192 2227 laeta
1218 2203 1247 2227 et
1270 2198 1366 2227 felicia
1389 2199 1479 2227 verba
1504 2201 1622 2236 captare
1644 2195 1796 2231 solebant,
1833 2194 1885 2222 sed
1909 2193 1993 2221 etiam
2017 2193 2039 2218 si

94 2252 167 2280 quae
192 2243 267 2270 male
290 2243 416 2271 ominata
440 2250 633 2273 occurrerent
656 2249 685 2273 et
709 2244 854 2280 obscena,
889 2253 921 2271 ea
945 2243 975 2271 in
999 2242 1149 2270 contraria
1173 2241 1379 2270 deflectebant.
1423 2241 1495 2270 Inde
1523 2244 1569 2268 est
1593 2248 1646 2267 cur
1668 2235 1869 2268 Maleventum
1892 2235 1923 2263 in
1945 2233 2039 2279 Bene-

91 2291 206 2313 ventum
231 2289 393 2321 mutarent;
434 2297 488 2315 cur
512 2288 672 2316 Lucrinum
695 2287 795 2315 lacum
819 2286 946 2324 primum
969 2285 999 2313 iu
1024 2283 1216 2321 vectigalibus
1239 2284 1366 2323 publicis
1388 2285 1522 2312 locarent
1544 2286 1669 2321 propter
1694 2290 1779 2308 omen
1803 2279 1896 2313 lucri,
1936 2285 1988 2318 cussr
2008 2284 2039 2301 ln

93 2327 205 2365 nuptiis
234 2328 401 2365 proferrent
427 2327 527 2358 Gaiam
554 2328 711 2359 Caeciliam
742 2333 771 2358 et
800 2327 1000 2357 Talassionem
1031 2331 1060 2356 et
1088 2327 1116 2354 in
1141 2326 1253 2355 Vestali
1281 2327 1423 2365 capienda
1445 2325 1606 2361 Amatam,
1646 2328 1675 2353 et
1704 2333 1759 2351 cur
1781 2321 1854 2350 adeo
1877 2316 2040 2365 inndelectu

92 2369 153 2398 sive
177 2368 285 2399 dilectu
309 2370 393 2409 (nam
415 2376 577 2411 utrumque
599 2382 691 2411 aeque
713 2372 826 2401 bonum
850 2370 926 2410 est‚)
950 2375 977 2400 et
1001 2370 1032 2399 in
1055 2379 1146 2398 censu
1168 2370 1282 2408 primos
1306 2380 1356 2399 eos
1378 2369 1426 2399 vel
1447 2369 1579 2407 legerent
1600 2367 1649 2396 vel
1672 2368 1840 2398 censerent,
1871 2369 1922 2398 qui
1946 2356 2038 2386 Vale-

141 2419 308 2450 GRAMMAT.
328 2432 395 2450 aar.
415 2422 451 2451 II.
1530 2421 1558 2453 P
1571 2431 1595 2464 P
1609 2431 1634 2464 P
