2263 2668
211 467 247 491 Ὗ.
263 474 292 490 ea

230 656 282 672 ΟΥΕ.

192 756 217 776 et
227 750 329 775 Matho-

229 793 291 809 nem.

235 1058 303 1083 siore

205 1590 212 1599 ’
222 1589 238 1613 f,
248 1589 333 1614 tremit

341 213 414 247 1ῗο

955 204 1095 238 SEXTI
1128 204 1328 240 POMPEII
1361 203 1500 238 FESTI

342 335 349 341 ,
404 334 410 339 ,
464 329 471 336 .
644 327 651 334 .
831 310 871 332 ea
898 297 1014 331 sterilis
1044 298 1102 340 sit,
1128 311 1229 342 quam
1256 298 1383 337 mulus;
1408 297 1463 331 vel
1490 296 1583 340 quod
1616 299 1653 329 ut
1679 295 1790 329 mulus
1815 308 1882 330 non
1909 310 1967 333 suo
1995 312 2121 346 genere

341 357 398 390 sed
426 353 517 399 equis
549 357 654 394 ortus,
682 352 728 385 sic
756 362 794 383 ea
821 350 926 391 Solis,
962 360 1030 382 non
1055 361 1114 382 suo
1142 351 1277 395 fulgore
1305 351 1425 385 luceat.
1480 347 1668 382 Murtiae
1704 347 1808 381 deae
1837 351 1996 384 sacellum

343 459 463 497 ditam,
502 455 595 498 quod
624 456 691 488 eo*

712 402 894 436 Martius
927 401 1081 434 mensis
1106 402 1234 435 initium
1260 402 1334 434 anni
1362 402 1423 434 fuit
1450 405 1482 432 et
1508 401 1540 433 in
1566 399 1687 440 Latio,
1715 404 1748 432 et
1774 404 1850 444 post
1876 401 2021 436 Romam
2039 415 2122 437 con-

720 466 802 499 gens
835 459 905 486 erat
935 453 1203 495 bellicosissima,
1246 454 1336 487 euius
1370 453 1417 485 rei
1444 451 1666 484 testimonium
1694 456 1760 492 est,
1804 452 1896 495 quod
1924 456 2123 498 posteriores

343 519 485 549 menseS‚
527 507 583 549 qui
611 518 731 539 annum
759 505 892 546 finiunt,
927 516 946 536 a
978 516 1115 537 numero
1150 505 1333 549 appellati,
1367 505 1519 536 ultimum
1546 503 1673 536 habent
1706 502 1939 539 Decembrem.

1999 505 2122 539 Malo

347 573 364 594 c
374 572 389 592 r
398 572 417 592 u
428 570 446 592 c
455 571 472 591 e
499 559 682 592 masculino
710 569 835 603 genere
863 568 938 590 cum
968 556 1049 588 dixit
1076 556 1253 590 Gracchus
1280 557 1313 588 in
1341 556 1506 596 oratione,
1539 566 1625 598 quae
1647 558 1696 587 est
1721 554 1753 586 in
1781 555 1818 588 P.
1846 556 2030 600 Popillium
2057 568 2124 602 po-

174 617 181 625 ⁸
196 615 212 639 f·
231 611 338 647 posteri·
347 612 516 645 steriorem
532 610 559 653 *,
596 615 662 642 tam
698 609 957 654 repraesentavit
984 608 1150 650 antiquam
1185 607 1457 642 consuetudinem
1467 631 1475 647 ‚
1519 618 1619 650 quam
1654 606 1679 638 h
1689 617 1708 638 u
1719 617 1740 638 n
1751 617 1770 639 c
1804 607 1871 639 fro
1883 614 1991 641 ntem
2026 613 2126 652 atque

348 663 372 695 h
384 675 403 696 u
414 675 434 695 n
446 674 465 696 c
491 661 543 693 sti
554 673 568 693 r
581 673 671 706 pem
698 661 788 694 idem
817 660 939 703 antiqui
968 659 1138 700 dixerunt,
1166 665 1199 692 et
1227 671 1336 692 rursus
1363 658 1387 691 h
1399 670 1446 691 an
1457 671 1475 693 c
1503 659 1645 702 lupum
1657 684 1666 699 ,
1697 657 1720 689 h
1731 668 1806 691 anc
1840 664 1952 692 metu
1964 672 2006 694 m.
2041 660 2125 693 Item

186 718 194 727 ’
206 715 338 748 Popillium
349 727 425 749 cum
452 713 540 745 idem
567 713 599 745 in
634 713 839 757 Pompilium
868 717 900 744 et
933 716 1098 744 matronas
1108 713 1123 726 ⁴*
1159 712 1220 744 ait:
1262 711 1293 743 E
1303 722 1323 743 o
1359 721 1405 743 ex
1414 722 1472 743 em
1483 710 1553 754 plo
1588 710 1626 741 ἰη
1636 721 1649 742 s
1659 709 1689 742 ti
1699 714 1711 741 t
1721 714 1789 742 uto
1801 733 1810 750 ‚
1849 710 1922 755 dig
1931 722 2001 744 nus
2040 712 2102 745 fui
2113 717 2126 744 t

349 767 422 810 qui
459 764 569 797 malo
614 775 741 798 cruce
783 764 953 808 periret
1006 790 1013 797 .

1035 787 1198 862 fi·

512 867 672 900 Mutum
701 867 861 900 dicimus:
890 871 946 898 aut
973 865 1064 908 quod
1083 866 1204 898 nullius
1232 865 1312 898 fiant
1339 864 1448 905 vocis,
1475 875 1550 897 cum
1578 864 1609 896 in
1638 875 1692 896 eas
1713 862 1837 896 litteras
1860 863 2007 897 incidant
2019 863 2043 897 ¹.
2072 863 2126 910 [l]

349 919 670 964 Metaphoram‚
693 930 793 962 quam
822 918 946 951 Graeci
973 922 1111 957 vocant,
1136 928 1194 949 nos
1221 916 1448 957 tralationem,
1475 916 1510 948 id
1539 920 1602 955 est,
1629 915 1732 948 domo
1760 920 1944 948 mutuatum
1971 917 2128 949 verbum:

349 983 417 1015 quo
445 973 567 1004 utimur
593 971 698 1014 inquit
730 970 863 1003 Verrius
876 967 904 1009 2,
936 969 1167 1009 irroratione,
1195 968 1324 1012 saepius
1353 968 1488 1011 quidem
1517 967 1649 1000 honesti
1676 964 1742 1000 ac3
1769 966 2007 1013 significantis
2031 967 2130 1001 verbi

195 1025 228 1048 Ὗ·
238 1023 339 1056 specio·
351 1023 510 1069 defectu,
538 1027 572 1055 ut
597 1022 821 1067 speciosiora*
838 1019 868 1060 4,
896 1025 995 1064 atque
1023 1020 1144 1053 eodem
1173 1020 1280 1054 etiam
1304 1017 1605 1064 significanti01·e⁵‚
1633 1030 1731 1062 quam
1752 1019 1890 1063 proprio
1906 1017 1922 1040 ⁶
1948 1018 2129 1060 vocabulo,

351 1087 422 1108 rem
449 1074 633 1108 indicemus
808 1071 923 1105 redit⁷
960 1072 1003 1104 ad

1038 1084 1095 1104 sua

659 1137 693 1157 as
721 1125 830 1157 alieno
859 1124 997 1168 perinde
1025 1135 1063 1157 ac
1085 1135 1144 1156 suo
1172 1123 1215 1155 ab

1456 1072 1610 1104 tralatum
1646 1071 1792 1103 manebit
1826 1082 1893 1114 quo
1920 1071 2070 1115 pervenit

1640 1122 1981 1166 Metaplasticos
1996 1121 2013 1144 8
2046 1121 2132 1156 dici-

353 1184 405 1211 tur
432 1177 522 1222 apud
552 1181 674 1221 poetas
708 1176 876 1221 usurpari
902 1176 958 1217 id,
1001 1175 1093 1218 quod
1130 1179 1270 1219 propter
1304 1174 1531 1208 necessitatem
1566 1174 1663 1207 metri
1695 1177 1835 1207 mutare
1871 1177 2132 1213 consueverunt,

354 1229 447 1273 quod
475 1229 553 1261 item
581 1228 808 1261 barbarismus
839 1227 969 1260 dicitur
991 1227 1024 1259 in
1047 1227 1157 1259 soluta
1185 1226 1334 1259 oratione
1361 1223 1637 1260 conscribenda⁹

540 1280 635 1312 Meta
1058 1289 1097 1311 ca
1140 1290 1159 1310 a
1194 1278 1321 1311 cariore

602 1330 694 1374 quod
706 1328 739 1350 1⁰

601 1379 738 1415 Metall
1039 1381 1121 1414 abus
1148 1385 1184 1413 ut
1236 1407 1243 1414 .

359 1463 365 1468 .
544 1461 551 1467 .
605 1460 612 1467 .
667 1460 673 1466 .
789 1461 795 1467 .
849 1458 855 1464 .
1033 1433 1235 1465 necessitate.

358 1486 519 1525 continet,
548 1485 752 1529 significatur
778 1484 830 1523 id,
862 1484 952 1527 quod
983 1484 1188 1525 continetur,
1220 1488 1274 1516 aut

1042 1329 1154 1362 dicare
1193 1330 1237 1362 ait
1276 1330 1402 1362 Ennius

1625 1303 1632 1310 .
1689 1304 1695 1311 .
1749 1302 1756 1309 .
1872 1303 1880 1312 .
1932 1281 2133 1321 perventura

1588 1354 1594 1361 .
1648 1329 1683 1361 id
1718 1332 1766 1361 est
1818 1354 1824 1361 .

1365 1381 1461 1424 accip
1893 1380 2002 1424 gratia

1290 1432 1557 1476 Metonymia
1587 1436 1632 1464 est
1653 1437 1784 1476 trop05‚
1811 1442 1887 1464 cum
1903 1432 1945 1464 ab
1963 1442 2013 1471 eo,
2041 1429 2133 1473 quod

1302 1484 1453 1527 superior
1480 1483 1652 1526 inferiore,
1681 1488 1714 1516 et
1739 1483 1876 1516 inferior
1903 1482 2083 1527 superiore.

525 1536 621 1577 Quae
650 1536 810 1575 continet,
838 1536 930 1578 quod
960 1537 1164 1573 continetur;
1192 1540 1228 1567 ut
1254 1536 1398 1575 Ennius,
1427 1547 1503 1568 cum
1530 1535 1590 1567 ait:

462 1587 615 1620 Africa
642 1587 837 1620 terribili
864 1587 1012 1619 tremis
1031 1589 1043 1602 *
1072 1586 1251 1619 horrida
1279 1591 1396 1619 terra
1419 1586 1613 1619 tumultu.

360 1639 403 1671 ab
431 1649 471 1671 eo
491 1639 582 1681 quod
612 1639 796 1671 continetur
823 1639 856 1670 id
873 1638 965 1681 quod
984 1639 1148 1676 continet3
1175 1643 1211 1670 ut
1238 1649 1313 1671 cum
1342 1638 1479 1677 dicitur3
1502 1642 1604 1682 epota
1627 1636 1793 1681 amphora
1819 1636 1895 1671 vini.
1922 1647 1942 1668 a
1967 1634 2138 1680 superiore

358 1689 495 1724 inferior
504 1717 512 1731 ,
542 1696 577 1723 ut
604 1691 742 1722 Ennius:

464 1741 563 1774 Cum
596 1753 748 1786 magno
771 1741 956 1784 strepitu
986 1740 1220 1774 Volcanum
1250 1745 1400 1773 ventus
1428 1746 1621 1786 vegerat.

363 1793 404 1824 ab
430 1793 587 1826 inferiore
614 1794 783 1837 superior,
814 1798 863 1825 ut:

464 1846 687 1888 persuasit
713 1845 847 1877 animo
875 1843 1014 1875 vinum
1043 1842 1162 1883 deus,
1189 1843 1258 1886 qui
1286 1843 1418 1876 multo
1446 1848 1505 1876 est
1532 1843 1740 1876 maximus.

367 1893 608 1929 Masculina
636 1901 669 1929 et
695 1896 852 1929 feminina
878 1895 1043 1928 vocabula
1071 1894 1137 1926 dici
1157 1894 1273 1926 melius
1300 1899 1348 1927 est
1374 1895 1556 1928 secundum
1578 1895 1786 1928 Graecorum
1804 1903 1941 1937 quoque
1964 1893 2141 1925 consuetu-

369 1944 496 1987 dinem,
523 1948 579 1991 qui
606 1959 672 1980 non
696 1943 847 1994 ἀνδρικοὶ
874 1951 907 1979 et
933 1948 1116 1992 γυναικεῖα
1142 1957 1199 1987 ea,
1233 1942 1254 1994 Η
1280 1946 1339 1979 sed
1368 1944 1537 1993 ἅρσενικοί
1564 1946 1678 1980 dicunt
1705 1950 1738 1979 et
1764 1941 1903 1993 θηλυκά
1915 1940 1960 1976 ¹².

456 2098 480 2131 1)
497 2094 575 2124 Haec
594 2098 682 2126 verba
699 2103 800 2137 aperte
821 2098 972 2136 pertinent
988 2097 1024 2126 ad
1045 2098 1230 2136 superiorem

371 2134 497 2172 glossam
515 2138 629 2167 Mutus.
659 2142 792 2170 Celerum
813 2142 849 2170 ab
870 2140 916 2169 his
932 2141 1038 2181 incipit
1058 2142 1230 2180 Fragmew-

372 2182 437 2204 tum
457 2178 545 2206 Festi.
567 2197 607 2201 —
630 2182 655 2218 Q)
677 2181 798 2211 Fen-ias
812 2184 865 2211 ali.
880 2194 915 2211 ne
929 2194 1010 2222 saep.
1031 2184 1075 2212 Pr.
1093 2184 1166 2213 Ven.
1185 2185 1231 2212 Sc.

374 2236 412 2241 —
435 2221 463 2257 3)
486 2222 615 2249 Honesti
635 2233 670 2250 ac
696 2236 722 2262 q.
748 2226 795 2254 Pr.
818 2226 887 2255 Ven.
907 2227 955 2254 Sc.
985 2242 1027 2248 —-
1055 2226 1084 2263 4)
1107 2237 1178 2254 enas
1199 2231 1234 2254 ut

373 2262 557 2300 speciosiora
579 2269 610 2291 at
631 2265 677 2294 Pr.
700 2266 770 2296 ven.
785 2268 830 2296 Sc.
854 2283 894 2289 —
925 2270 952 2305 5)
977 2280 1025 2296 ero
1040 2270 1235 2308 significante

375 2304 425 2334 Pr.
458 2315 503 2332 ere
523 2306 715 2344 significante
738 2308 808 2338 Ven.
837 2310 883 2339 Sc.
919 2329 956 2333 —-
1002 2313 1029 2349 6)
1051 2322 1107 2348 no,
1140 2322 1234 2350 qzoczm

371 2348 498 2384 proprio
517 2348 564 2376 Pr.
579 2348 707 2377 ven.Sc.
722 2366 758 2371 —-
781 2352 808 2386 7)
830 2352 940 2389 leret,
963 2353 1040 2380 redit
1056 2355 1100 2382 ad
1111 2365 1169 2382 sua
1188 2356 1233 2383 Pr.

378 2388 448 2416 Ven.
472 2390 517 2420 Sc.
551 2408 589 2413 —-
627 2392 653 2427 8)
679 2391 780 2418 Meta.
797 2412 803 2418 .
826 2395 913 2420 stices
943 2395 989 2423 Pr.
1024 2396 1096 2426 Ven.
1121 2398 1166 2424 Sc.
1195 2415 1233 2419 —-

377 2431 405 2467 9)
421 2431 548 2460 Oratc'on
563 2453 571 2461 .
589 2454 595 2461 .
610 2454 616 2461 .
633 2432 712 2461 scrib
727 2454 735 2461 .
751 2453 757 2461 .
775 2453 781 2459 .
806 2433 853 2463 Pr.
872 2435 941 2465 Veu.
960 2437 1005 2463 Sc.
1019 2454 1058 2458 —
1082 2440 1126 2475 10)
1145 2438 1238 2476 Quod

380 2482 436 2501 om.
456 2473 528 2503 Ven.
550 2475 597 2503 Sc.
625 2493 657 2497 —-
695 2475 738 2511 11)
767 2475 848 2503 Meta
869 2486 925 2505 om.
947 2477 1018 2505 Ven.
1042 2480 1089 2507 Sc.
1123 2498 1160 2502 -
1192 2482 1235 2517 12)

2082 1939 2138 1986 [²]

1275 2096 1377 2128 semna*
1402 2097 1508 2126 dieunt
1532 2104 1558 2126 et
1580 2095 1701 2137 θηλυκά
1722 2108 1780 2127 οιη.
1800 2097 1848 2126 Pr.
1866 2096 1940 2125 ven.
1962 2096 2009 2126 Sc.
2025 2113 2062 2123 f·-
2094 2094 2138 2131 13)

1275 2141 1448 2181 Mam-onis)
1477 2141 1550 2170 Vide
1566 2142 1686 2170 Festum
1706 2142 1737 2169 in
1750 2140 1890 2170 Palentis,
1914 2143 1943 2167 et
1957 2137 2030 2169 Livi,
2047 2135 2137 2174 V‚25.

1275 2184 1424 2223 Apolloni
1445 2189 1542 2212 aulem
1565 2184 1686 2223 antiqua
1711 2181 1861 2211 scribendi
1880 2181 1957 2210 ratio
1986 2191 2001 2209 e
2027 2180 2138 2208 Graeco

1276 2227 1357 2256 sonte
1375 2226 1475 2260 ducta,
1490 2226 1585 2265 qualis
1603 2228 1633 2255 in
1647 2236 1730 2255 aereo
1746 2218 2139 2259 numismate,rAPOLLONI

1277 2269 1435 2300 SANCTO.
1467 2270 1545 2298 Urs.
1570 2288 1608 2292 --
1635 2269 1676 2307 14)
1699 2268 1841 2309 Apollini
1853 2265 1936 2305 quod
1951 2265 2023 2294 Ven.
2042 2264 2136 2291 Sc.—

1278 2313 1323 2350 15)
1346 2313 1388 2341 isi
1414 2322 1513 2341 vocem
1536 2312 1608 2341 Ven.
1629 2312 1676 2340 Sc.
1708 2330 1748 2336 -
1786 2311 1828 2348 16)
1851 2320 1914 2337 cem
1935 2308 2007 2337 Ven.
2030 2307 2075 2333 Sc.
2099 2321 2136 2326 —

1280 2356 1323 2392 18)
1347 2355 1453 2393 Mille]
1479 2355 1611 2393 Agellius
1638 2353 1690 2384 lib.
1713 2356 1740 2385 1.
1767 2363 1831 2391 cap.
1854 2353 1902 2382 16.
1943 2349 2016 2385 Quis
2036 2348 2138 2375 inven-

1279 2402 1327 2426 tus
1344 2402 1403 2434 est,
1427 2397 1478 2435 qui
1507 2399 1536 2426 L.
1553 2396 1682 2425 Antonio
1705 2396 1788 2424 mille
1807 2402 1957 2422 nummum
1977 2391 2067 2418 ferret
2088 2397 2139 2416 ex-

1279 2449 1416 2477 pensum.
1440 2440 1470 2467 in
1489 2439 1551 2476 his,
1580 2444 1668 2476 atque
1684 2438 1786 2466 multis
1808 2435 1887 2471 aliis,
1917 2433 1996 2461 mille
2015 2439 2138 2459 numero

1280 2481 1420 2518 singulari
1437 2481 1548 2509 dictum
1568 2485 1622 2509 est.
1652 2480 1730 2507 Urs·
1752 2494 1793 2502 --
1824 2479 1868 2514 18)
1889 2474 2050 2511 Municas]
2075 2473 2138 2501 Pla-
