2263 2668
252 294 259 302 ⁹
264 290 282 319 f.
300 290 347 316 sibi

233 796 266 820 Ὗ.
282 794 367 828 Vapu-

235 830 288 854 lare
316 837 364 862 ego

220 1000 248 1025 Ὗ.
259 998 382 1027 malefice,

244 1041 359 1058 vacerra.

238 1264 246 1273 ·
256 1262 272 1286 f.
291 1262 365 1287 tracti

230 1923 237 1930 '
249 1921 275 1944 Α.
303 1929 387 1946 verua.

388 185 463 220 278
1008 181 1149 217 SEX'H
1173 182 1373 221 POMPEI!
1400 185 1539 224 FEs'rl

390 281 520 314 solitum
557 286 643 315 esse.
689 286 765 311 cum
801 276 923 309 vellent
958 277 1155 315 minantibus
1187 277 1257 313 ibi*
1277 282 1465 327 significare
1494 295 1529 317 se
1561 294 1617 317 eos
1644 285 1840 330 negligere,
1887 292 1919 322 et
1945 300 2011 325 non
2038 303 2153 329 curare

391 333 492 366 fretos
518 330 587 362 iure
614 328 782 362 ubertatis,
834 329 970 362 Plautus
996 329 1028 361 tn
1050 329 1279 366 Feneratrice:
2155 327 2165 342 '

492 382 605 414 Heus
640 385 684 412 tu
723 380 760 412 in
797 380 1002 412 barbaria
1029 381 1142 424 quod
1176 383 1331 417 fecisse
1368 383 1535 418 (licitur
1575 386 1764 420 libertus·
1801 398 1897 422 snae
1936 397 2147 436 patronae

596 431 696 464 ideo
723 431 820 465 dico
874 455 883 464 .
935 455 945 463 .
998 456 1009 465 ,
1061 457 1067 464 .
1120 433 1282 468 liberta
1309 436 1436 472 salve.
1490 437 1657 482 Vapula
1683 439 1869 483 Papiria.
2156 424 2165 440 ’

390 487 423 518 in
449 480 601 519 barbaria
628 488 692 525 est,
726 483 761 515 in
785 483 889 517 Italia.
945 482 1063 516 Aelius}
1085 483 1155 518 hoc
1180 487 1256 520 loco
1289 488 1443 531 vapula
1478 490 1621 533 positum
1650 501 1721 523 esse
1753 491 1795 523 ait
1824 501 1886 536 pro
1915 491 2013 533 dole:
2046 497 2165 541 Varro,

392 544 455 582 pro·
482 535 565 580 perh
589 539 674 568 teste
699 535 857 568 Verentio
883 536 916 568 in
943 534 1165 569 Phormione:

496 588 597 620 Num
624 591 666 620 tu
719 614 726 621 .
781 613 788 619 .
843 613 851 621 .
903 611 911 620 .
963 587 1122 632 resipis
1149 588 1339 622 verbero.

393 644 426 674 et
452 640 571 673 Plauto
598 638 631 671 in
658 636 875 672 Curculione:

493 688 684 731 Reddin,
711 699 760 723 an
787 699 867 723 non
893 690 1113 724 mulierem
1140 692 1275 736 priuS,

492 750 613 785 quam
639 746 678 775 te
703 741 803 776 huic
830 752 943 775 meae
971 742 1224 777 machaerae
1252 743 1393 778 obicio
1420 745 1651 790 mastigia?

493 793 661 838 Vapula
688 803 794 839 ergo
819 794 885 826 te*
912 794 1184 829 vehementer
1210 796 1360 838 iubeo,
1389 807 1437 828 ne
1465 806 1525 829 me
1552 799 1742 832 territes.

392 842 649 880 Vacerraml
673 846 785 878 Aelius
812 850 846 878 et
872 846 926 878 alii
952 846 1143 891 complures
1169 847 1280 880 vocari
1308 847 1397 879 aiunt
1423 848 1588 892 stipitem,
1621 849 1666 882 ad
1692 859 1792 893 quem
1821 859 1926 894 equos
1951 852 2058 885 solent
2084 854 2164 886 reli—

391 904 482 943 gare.
537 897 652 930 Ateius
678 893 807 945 vellro
835 897 1037 943 Philologus
1061 897 1131 932 hoc
1156 899 1289 931 nomine
1322 898 1500 944 significari
1529 901 1743 934 maledictum
1771 912 1913 948 magnae
1939 911 2032 937 acer·
2061 903 2167 950 [195]

390 950 517 989 bitatis,
545 946 647 982 ut'sit
673 959 789 982 vecors
815 953 848 981 et
874 957 1011 982 vesanus
1035 955 1118 983 teste
1142 945 1257 988 Livio,
1284 951 1342 994 qui
1368 950 1465 984 dicit:

496 999 713 1039 vecorde,
742 1004 779 1033 et
805 1000 1008 1034 malefica
1034 1001 1273 1035 vecordia*.

394 1053 600 1097 Vagorem
630 1062 692 1095 pro
716 1051 846 1096 vagitu,
874 1052 998 1085 Ennius
1025 1053 1058 1085 li.
1085 1053 1194 1085 XVI.:

494 1103 576 1144 Qui
604 1101 795 1136 clamor2
823 1104 1113 1148 oppugnantis
1137 1105 1287 1149 vigore
1314 1104 1485 1137 volanti.

392 1155 563 1189 Lucretius
589 1154 621 1189 li.
646 1153 704 1188 11.:

495 1206 547 1239 Et
571 1210 844 1250 superantur,
871 1206 970 1239 item
999 1207 1203 1239 miscetur
1226 1205 1378 1239 funere
1403 1218 1544 1251 vagor.

395 1257 565 1292 Valvoli
592 1257 690 1290 fabae
713 1257 853 1291 folliculi
880 1257 1041 1302 appellati
1066 1263 1154 1297 sunt,
1178 1258 1271 1301 quasi
1294 1257 1458 1298 vallivoli,
1486 1257 1562 1301 quia
1583 1257 1670 1290 vallo
1691 1258 1795 1293 facti·
1822 1261 2034 1296 excutiantur.
2081 1262 2166 1295 Va-

392 1310 557 1356 gulatio
584 1305 617 1341 in
644 1308 682 1342 L.
707 1309 780 1342 xli.
807 1306 972 1354 significat
999 1308 1146 1353 quaestio
1175 1320 1250 1343 cum
1278 1309 1449 1342 convicio:
1501 1310 1575 1343 Cui
1612 1311 1908 1345 testinnonium
1947 1313 2165 1354 defuerit,

392 1363 424 1394 is'
451 1361 596 1394 tertiis
624 1360 775 1393 diebus
803 1362 854 1393 ob
880 1367 1049 1405 portum
1078 1360 1391 1405 obvagulatum
1419 1361 1488 1393 ito.
1545 1361 1708 1405 Valgos
1736 1361 1871 1405 Opillus
1898 1365 2069 1404 Aurelius,
2092 1365 2166 1398 alii-

392 1420 458 1457 que
484 1412 674 1456 complures
702 1412 791 1444 aiunt
818 1412 900 1453 dici,
927 1413 983 1456 qui
1011 1413 1155 1446 diversas
1175 1423 1265 1445 suras
1284 1411 1439 1447 habeant.
1494 1412 1628 1444 Plautus
1655 1412 1687 1444 in
1713 1412 1824 1446 Milite
1844 1415 2011 1459 glorioso:

497 1464 576 1505 Qui
602 1463 716 1496 talos
743 1463 922 1497 vitiosos
958 1464 1160 1496 maiorem
1189 1469 1350 1508 partem
1379 1463 1524 1496 videas
1551 1464 1647 1508 vagi
1674 1464 1794 1497 salis:

393 1521 426 1550 et
451 1517 484 1549 in
507 1515 683 1560 Silitergo:

496 1567 570 1600 Sin
597 1578 644 1598 ea
673 1564 776 1598 mihi
804 1566 1038 1610 insignitos
1064 1576 1223 1610 pueros
1251 1567 1397 1610 pariat
1423 1570 1591 1610 postea,

495 1622 565 1651 aut
587 1628 746 1658 varum,
784 1622 853 1649 aut
880 1618 1067 1662 valgum,
1105 1622 1174 1650 aut
1204 1628 1494 1661 compernem,
1534 1621 1602 1649 aut
1628 1620 1815 1660 paetum,
1857 1623 1927 1650 aut
1953 1619 2166 1653 bocchum

599 1668 749 1701 filium.

396 1718 563 1761 viere³‚
591 1720 732 1765 alligare
759 1718 940 1764 significat,
967 1725 1002 1751 ut
1029 1719 1085 1753 hic
1111 1731 1222 1752 versus
1249 1719 1471 1752 demonstrat:

498 1772 623 1804 lbant
649 1770 802 1804 malaci
829 1770 948 1803 viere
976 1770 1202 1803 Veneriam
1231 1770 1463 1806 corollam:

396 1823 485 1857 unde
511 1823 647 1863 vimina,
676 1827 709 1855 et
734 1832 811 1854 vasa
838 1821 998 1861 viminea,
1034 1833 1120 1866 quae
1147 1822 1332 1855 vinciuntur
1359 1822 1470 1867 ligata.
1524 1821 1726 1854 Vermina
1755 1820 1908 1854 «licuntur
1934 1822 2069 1855 dolores*
2091 1832 2168 1856 cor-

396 1875 485 1919 poris
513 1885 587 1908 cum
610 1873 760 1917 quodam
786 1873 912 1906 minuto
940 1879 1032 1907 motu
1059 1874 1151 1917 quasi
1172 1886 1191 1906 a
1218 1874 1384 1907 vermibus
1411 1872 1610 1907 scindantur.
1643 1872 1701 1906 hic
1727 1872 1827 1905 dolor
1854 1872 1986 1907 Graece
2013 1871 2168 1922 στρόφος

398 1926 525 1960 (licitur.
577 1922 783 1965 Veruta4,
811 1925 879 1969 pila
905 1924 1077 1966 dicuntur,
1104 1925 1220 1969 quod*
1277 1954 1284 1960 .
1340 1951 1347 1958 .
1401 1925 1547 1957 habeant
1574 1924 1729 1969 praefixa.
1785 1924 1909 1958 Ennius
1935 1925 1974 1958 L.
1998 1925 2038 1958 X.
2073 1952 2080 1959 .
2116 1952 2123 1958 .
2159 1952 2168 1961 .

499 1987 643 2010 cursus
677 1976 942 2022 quingentos
973 1988 1102 2021 saepe
1128 1977 1278 2010 veruti.

400 2026 531 2060 Urunt
544 2026 573 2067 ⁵,
600 2029 724 2061 Ennius
750 2029 783 2061 in
811 2027 1029 2061 Andromeda
1056 2028 1238 2074 significat,
1273 2027 1462 2068 circundat,
1498 2026 1540 2059 ab
1565 2037 1606 2059 eo
1634 2026 1745 2067 sulco,
1778 2027 1835 2070 qui
1862 2026 1899 2059 fit
1923 2027 1956 2059 in
1982 2028 2063 2061 urbe
2086 2038 2169 2061 con-

401 2076 509 2110 denda
530 2085 613 2112 nruo
639 2079 752 2118 aratri,
779 2090 865 2123 quae
891 2080 932 2112 sit
958 2080 1067 2114 forma
1093 2080 1258 2114 simillima
1284 2079 1392 2112 uncini
1420 2091 1438 2111 a
1458 2077 1648 2113 curvatione
1675 2078 1765 2111 buris
1791 2084 1823 2111 et
1850 2077 1973 2115 denum
2000 2079 2053 2113 cui
2068 2089 2169 2123 prae—

403 2124 514 2172 figitur
539 2137 661 2163 vomer.
689 2131 732 2163 an
754 2133 885 2164 antem:

506 2178 671 2214 Circum
698 2194 789 2216 sese
816 2189 939 2215 uruat
965 2177 1014 2215 ad
1043 2182 1174 2228 pedes
1201 2191 1220 2216 a
1246 2186 1361 2215 terra
1389 2180 1732 2226 quadringentos
1765 2186 1901 2225 caput.

498 2284 530 2327 1)
565 2286 726 2326 Vacerra]
777 2290 833 2318 Pru
874 2292 1012 2330 malefica
1058 2291 1197 2321 vecordia
1234 2292 1265 2319 in
1308 2296 1368 2321 tur·
1422 2290 1507 2319 Ennii
1530 2297 1633 2319 versus
1660 2294 1741 2319 extat
1769 2289 1849 2328 apud
1879 2288 2041 2318 Varronem
2063 2287 2113 2317 lib.
2134 2289 2164 2319 4.

406 2337 492 2357 versu
528 2328 627 2365 Livii,
676 2329 732 2357 nisi
777 2333 908 2371 malefice
953 2344 1079 2363 vacet-ra
1124 2335 1265 2372 legamus,
1307 2333 1344 2363 de
1383 2333 1464 2372 Ling.
1494 2333 1557 2362 Lat.
1593 2333 1672 2372 apud
1707 2341 1794 2371 quem
1822 2332 1936 2360 malaci
1966 2336 2030 2367 est,
2072 2334 2105 2359 ut
2134 2329 2167 2357 iu

408 2378 468 2399 non
496 2370 585 2400 video
614 2379 668 2399 our
702 2371 816 2401 Livium
848 2375 917 2403 citet
952 2376 1066 2406 Festus.
1119 2377 1195 2406 Ure.
1224 2392 1265 2398 —
1307 2375 1433 2406 schedis.
1471 2371 1548 2406 Urs.
1577 2389 1619 2397 -—
1661 2376 1688 2412 4)
1709 2375 1851 2410 Verum]
1877 2373 1963 2403 Ennii
1985 2380 2088 2402 versun
2109 2370 2166 2401 de-

408 2412 437 2452 2)
461 2413 519 2442 Cui
548 2413 665 2442 clamas
694 2422 782 2451 marg.
810 2415 881 2445 Ven.
904 2418 980 2446 Soal.
1013 2435 1046 2439 —
1088 2419 1119 2455 3)
1151 2418 1265 2457 Vina]
1308 2423 1351 2447 est
1372 2419 1402 2447 in
1425 2419 1491 2448 aliis
1513 2418 1692 2447 editionibus
1713 2427 1766 2446 nec
1787 2417 1817 2445 in
1839 2415 1955 2444 schedis
1976 2415 2090 2452 integer
2108 2412 2166 2442 ha·

409 2455 488 2485 Haec
529 2464 647 2495 quoque
686 2455 716 2483 in
757 2456 820 2484 aliis
867 2458 1048 2489 editionibus
1089 2460 1265 2490 desideran-
1307 2461 1408 2497 betur,
1432 2466 1484 2490 aut
1510 2460 1681 2490 emendatus
1709 2459 1786 2488 satis.
1825 2458 1901 2486 Urs.
1927 2472 1964 2478 —
1987 2459 2016 2493 5)
2044 2455 2164 2490 Unum]
