2263 2668
231 159 306 192 363
658 149 1003 184 COMMENTARII
1028 149 1077 183 IN
1104 148 1246 184 PAULI
1272 149 1469 184 DIACONI
1494 151 1749 187 EXCERPTA

228 258 261 282 ut
283 263 298 281 a
322 249 401 279 funis
426 244 582 275 funiculus.
611 241 701 272 Dac.
747 244 772 270 A
796 242 934 271 cassibus.
959 251 1149 279 aranearum,
1186 242 1313 281 piscium
1334 242 1382 271 vel
1406 243 1534 272 aliorum
1558 245 1735 275 animalium.
1781 245 1903 275 Glossae
1925 247 2038 278 δίκτυα.
2069 247 2176 280 Goth,

226 294 356 334 Antiqui
375 290 406 318 id
431 293 472 316 est
495 285 591 314 Tusci.
640 284 713 313 Vide
736 284 839 313 isidor.
863 286 919 321 18,
948 287 997 316 14.
1044 282 1153 313 Idem.

393 330 535 358 Caseus.
584 327 610 355 A
634 332 737 355 coacto
761 327 838 355 lacte
862 337 979 355 caseum
1006 331 1145 355 vocatum
1169 327 1209 356 ait
1228 327 1322 356 Varro
1346 326 1396 357 lib.
1411 327 1459 357 lV.
1483 328 1519 358 de
1542 329 1573 358 L.
1588 330 1618 358 L.
1641 330 1695 368 (V,
1718 333 1869 369 pag-111.
1893 330 1974 370 Sp.),
1997 333 2081 371 quasi
2105 343 2177 362 coa-

227 389 325 408 xeum.
365 373 487 407 Caseus,
510 370 620 408 inquit,
643 380 662 397 a
686 377 789 399 coacto
812 368 890 398 lacte
912 377 943 398 ut
967 380 1096 398 coaoeeus
1119 368 1222 400 dicius.
1261 369 1319 397 Alii
1343 380 1358 398 a
1382 369 1527 408 carendo,
1551 372 1632 410 quod
1655 378 1754 402 careat
1776 383 1853 402 sero.
1884 373 2015 412 Scaliger
2037 375 2073 403 ab
2097 375 2175 404 Osco

229 432 312 450 casus
340 417 495 452 antiquus,
532 418 565 441 ut
594 413 631 440 sit
661 412 783 451 proprie
812 412 858 440 lac
885 417 1033 440 vetustate
1065 417 1200 441 coactum
1231 417 1471 451 concretumque.
1516 414 1660 444 Varronis
1689 420 1811 454 etymon
1835 415 1909 444 mihi
1930 416 2048 455 quidem
2071 417 2176 447 ceteris

229 465 366 502 praestat.
391 457 481 485 Dac.
519 455 574 484 Alii
598 466 613 483 a
635 455 779 492 cogendo.
818 455 890 483 Vide
914 455 1070 484 [sidorum.
1120 453 1222 484 Goth.

391 497 587 528 Cassilam.
621 497 788 534 Legendum
812 495 977 535 cassidum,
1003 502 1036 526 ut
1058 496 1159 526 videre
1176 497 1271 525 multi.
1296 496 1520 534 Vi1·g.Aeu.IX‚
1542 500 1605 537 (XI,
1629 499 1732 539 775,):
1756 499 1875 530 Aureus
1892 511 1932 529 ex
1950 500 2077 530 humeris
2090 508 2176 531 sonat

227 558 312 576 arcus
326 551 352 573 et
369 552 456 571 aurea
473 542 533 569 vati
548 538 679 570 cassida.
697 540 786 569 Dac.
814 540 942 568 Glossis:
968 540 1064 568 cassis
1079 540 1304 579 περικεφαλαία.
1328 539 1411 567 Adde
1429 540 1446 567 l.
1462 543 1489 571 1.
1510 541 1582 571 Cod.
1600 542 1746 572 Theodos.
1764 543 1800 571 de
1817 543 2042 573 fabricensibus.
2071 542 2176 574 Gotlz.

392 582 560 614 Casabun
571 581 644 613 dus.
692 581 907 612 cassabundus.
939 583 1033 611 Unico
1055 594 1069 611 s
1092 580 1284 612 cas-abundus.
1317 581 1390 610 Vide
1408 582 1571 613 Varronem
1594 584 1649 625 (De
1663 587 1693 615 L.
1711 586 1742 616 L.
1760 585 1822 624 VH,
1845 587 1958 624 p.338.
1976 587 2050 626 Sp.).
2073 584 2173 616 Scal.

229 633 252 660 A
275 641 384 662 casare.
413 627 508 656 Plaut.
531 625 591 654 Mil.
615 625 685 664 (HI,
708 629 743 663 2,
766 626 847 662 38.)=

758 685 800 690 —-
822 684 863 688 —
887 666 1069 696 bachabatur
1089 665 1178 695 hama
1202 664 1315 706 (aula),
1355 667 1498 697 casabant
1522 667 1598 699 cadi.

228 722 257 747 et
279 714 421 745 Naevius:
975 717 985 724 ¹

762 752 832 782 Risi
853 760 963 793 egomet
985 752 1185 782 casabundum
1208 753 1249 781 ire
1270 751 1388 782 ebrium.

230 801 317 830 Duc,
350 798 384 827 Id
406 796 515 826 nostris
539 795 679 824 cassitare
701 796 783 826 l.20.
808 798 831 834 §.
845 799 873 827 3.
888 796 917 824 ff.
943 796 977 824 de
1000 797 1101 825 servit.
1124 796 1315 824 urbanorum.
1363 793 1468 825 Gotlz.

393 839 559 869 Casaria.
604 838 671 873 Est,
710 849 797 876 quain
821 839 926 867 Graec-i
948 839 1105 876 οἰκουρίδα
1127 843 1251 874 vocant,
1289 837 1415 866 Hebraei
1436 839 1528 868 Nava.
1560 838 1660 869 Scal.
1704 839 1822 869 Dicitur
1846 839 1949 869 eodem
1973 839 2079 877 modo,
2116 849 2179 879 quo

228 885 354 921 focaria,
381 893 455 921 quae
479 882 578 910 focum
605 881 684 910 colit.
708 881 727 908 l.
742 883 790 913 12.
815 881 923 919 §.7.ff.
947 881 983 909 de
1005 881 1168 916 instructo,
1192 892 1206 909 a
1231 890 1289 918 qua
1312 881 1443 909 focarius
1467 882 1529 912 l.1.
1555 882 1662 919 §.5.fl“.
1686 888 1792 911 nautae
1816 893 1975 921 caupones,
2021 880 2125 912 Goth.

396 925 537 954 Cassia.
582 923 628 951 Ab
651 928 774 951 auctore
797 924 905 952 Cassio.
950 924 1029 952 Haec
1053 929 1137 952 extra
1161 924 1386 951 Flumentanam
1409 934 1464 962 per
1487 925 1636 962 Sutrium,
1666 925 1832 954 Vitem-bium
1854 930 1882 953 et
1904 924 2056 954 Vulsinios
2080 925 2179 954 mitte-

228 970 287 998 bat.
311 968 443 997 Meminit
467 967 571 995 Cicero
595 965 662 996 XII.
687 965 761 994 Phil.
783 966 869 1004 (9.):
912 967 980 995 Tres
1002 977 1086 1006 eigo,
1122 974 1153 995 ut
1177 965 1246 994 dixi
1267 966 1348 1003 viae,
1384 977 1403 995 a
1426 965 1536 1006 Supero
1559 968 1636 996 mari
1657 967 1825 1005 Flaminia,
1858 966 1894 996 ab
1918 966 2018 1009 Inf'ero
2041 966 2179 1005 Aurelia,

228 1011 326 1041 media
349 1011 456 1040 Cassia.
501 1008 590 1037 Dae.
1416 1023 1419 1026 ⁴
2053 1031 2056 1035 .

395 1053 520 1092 Caput.
564 1050 667 1079 Potius
691 1061 706 1078 a
727 1048 863 1088 κεφαλή,
895 1063 918 1089 φ
941 1056 1055 1080 mutato
1079 1051 1109 1079 in
1132 1063 1161 1080 π.
1185 1050 1274 1080 Dac.
1317 1050 1419 1090 Caput.
1454 1052 1564 1090 Capite.
1592 1050 1699 1082 Goth.
1743 1052 1778 1081 In
1802 1051 1896 1081 Codd.
1918 1051 1957 1082 M.
1982 1052 2088 1082 Gu.11.
2109 1044 2179 1080 loco

230 1098 359 1127 Graecae
382 1095 464 1124 vocis
487 1093 596 1131 legitur
619 1092 809 1132 karatenplzi5
834 1094 863 1122 in
886 1094 1086 1122 Berolinensiz
1109 1092 1186 1133 lupa
1209 1094 1283 1131 (seq.
1306 1091 1425 1135 lacuna)
1449 1093 1538 1134 ίὲρῘιί.
1583 1095 1756 1133 Legenduin
1778 1095 1914 1124 videtur:
1940 1091 2037 1135 κάρα
2057 1092 2105 1123 vel
2123 1104 2181 1126 κε-

230 1136 338 1178 φαλή.
371 1137 450 1167 Illud
475 1137 548 1165 enim
572 1135 670 1175 tenphi
692 1135 765 1164 nihil
789 1141 832 1165 est
854 1137 934 1165 aliud
958 1137 1014 1164 nisi
1036 1137 1049 1166 1
1073 1136 1103 1171 (i.
1124 1146 1147 1164 e.
1170 1134 1227 1176 vel)
1252 1148 1341 1173 κεφι
1363 1136 1395 1171 (i.
1420 1147 1444 1165 e.
1467 1135 1605 1176 κεφαλή).

395 1180 626 1220 Caperatum.
672 1178 695 1206 A
726 1189 812 1218 caper
842 1184 885 1207 est
915 1190 1067 1217 caper-are,
1107 1178 1185 1207 unde
1215 1183 1352 1217 caperata
1383 1179 1466 1215 frons
1488 1181 1570 1218 rugis
1594 1184 1758 1209 contracta.
1803 1180 1828 1209 A
1851 1189 2011 1218 caprorum
2030 1177 2180 1208 frontibus

229 1226 350 1265 crispis,
387 1223 488 1262 potius
511 1232 527 1250 a
551 1221 742 1259 caprinoruui
764 1231 906 1250 cornuum
929 1222 1129 1250 similitudine.
1174 1221 1268 1249 Varro
1293 1221 1324 1248 iu
1347 1215 1517 1250 Eum'enid.:
1559 1221 1638 1260 Quin
1663 1222 1735 1251 mihi
1758 1230 1926 1262 caper-atam
1949 1229 2029 1250 tuam
2042 1220 2181 1263 frontem

231 1266 359 1298 Strobile
381 1266 498 1295 omittis.
521 1263 611 1292 Dac.
650 1263 763 1291 Nonius
787 1262 864 1304 (pag.
878 1266 905 1295 8.
929 1263 1030 1302 Merc.)
1055 1264 1084 1291 in
1109 1264 1256 1303 Caper-are.
1283 1261 1387 1294 Goth.
1426 1264 1510 1293 Adde
1533 1265 1656 1293 Varron.
1690 1265 1731 1293 De
1755 1266 1785 1293 L.
1800 1265 1832 1295 L.
1855 1265 1927 1301 VII,
1949 1274 1978 1303 p.
1991 1266 2061 1296 385.
2087 1264 2138 1303 Sp.

395 1308 515 1347 Capis.
560 1306 656 1334 Varro
680 1306 730 1334 lib.
744 1306 792 1335 IV.
818 1307 853 1335 de
871 1307 900 1334 L.
920 1307 949 1335 L.
973 1307 1031 1344 (V,
1055 1317 1120 1345 pag.
1139 1309 1206 1337 127.
1228 1304 1306 1344 Sp-):
1330 1306 1366 1335 A
1386 1317 1442 1346 quo
1466 1305 1520 1335 illa
1544 1308 1627 1346 capis
1648 1314 1674 1335 et
1696 1308 1821 1336 minores
1843 1305 1967 1346 copulae
1988 1318 2006 1335 a
2029 1303 2181 1346 capiendo,

231 1352 310 1395 quod
333 1358 468 1386 armatae,
495 1356 525 1377 ut
546 1347 686 1388 prehendi
706 1350 836 1387 possint,
859 1348 891 1377 id
913 1356 953 1377 est
977 1350 1053 1388 capi.
1087 1348 1205 1377 Harum
1218 1349 1339 1387 figuras
1360 1348 1390 1376 in
1413 1350 1490 1377 vasis
1513 1350 1606 1377 sacris
1628 1348 1739 1388 ligneas
1761 1357 1786 1378 et
1798 1349 1913 1389 fictiles
1934 1350 2071 1389 antiquas
2092 1349 2182 1376 etiam

230 1407 307 1426 nunc
331 1392 472 1423 videmus.
509 1392 534 1420 A
556 1392 637 1431 capis
662 1391 872 1421 diminutivum
897 1390 1052 1431 capiclula,
1076 1391 1154 1420 unde
1178 1389 1295 1430 capula.
1322 1389 1409 1422 Dac.
1442 1391 1524 1420 Adde
1546 1391 1675 1419 Nonium
1699 1392 1775 1430 (pag.
1790 1392 1860 1423 547.
1882 1391 1989 1429 Mero.)
2011 1390 2044 1419 in
2064 1388 2182 1419 Armil-

231 1438 299 1469 Zum,
347 1434 451 1465 Gotlz.

396 1478 541 1517 Capsae.
588 1475 734 1513 Cistulae,
758 1487 773 1504 a
797 1477 911 1505 Graeco
934 1473 1062 1515 κάμψαι.
1100 1477 1174 1505 Nam
1198 1476 1240 1504 sic
1265 1475 1427 1512 legendum.
1468 1475 1632 1514 Hesychius
1654 1473 1787 1515 Κάμψη,
1814 1472 1906 1514 θήκη.
1943 1475 2017 1504 Item
2040 1474 2180 1514 Καμψία,

231 1525 327 1559 κανᾶ,
349 1521 499 1551 κανίσκια.
524 1518 613 1547 Dac.
653 1518 719 1547 Und
743 1519 900 1558 campsarii
924 1519 1091 1557 Epiphanio
1114 1519 1188 1547 libro
1205 1521 1232 1549 2.
1270 1518 1429 1556 Campsarii
1453 1517 1484 1546 in
1507 1518 1526 1547 l.
1540 1521 1568 1549 3.
1581 1518 1611 1547 ff.
1635 1519 1670 1547 de
1694 1518 1770 1548 offic.
1794 1518 1887 1557 praes.
1913 1518 1992 1556 vigil.
2016 1517 2066 1555 qui
2092 1516 2182 1546 vesti-

232 1570 328 1594 menta
353 1564 384 1592 in
407 1561 519 1590 balneis
542 1565 668 1590 servant.
715 1562 753 1590 At
774 1572 845 1590 vero
868 1562 897 1589 in
920 1562 982 1599 lege
998 1564 1046 1592 13.
1061 1561 1090 1589 ff.
1115 1561 1150 1589 de
1173 1560 1361 1588 manumissis
1389 1560 1539 1597 vindicta3
1576 1562 1717 1589 Suetonio
1740 1561 1771 1589 in
1794 1561 1910 1589 Nerone
1933 1561 2018 1591 αδδ.
2042 1564 2070 1588 et
2092 1559 2182 1588 Iuve-

232 1609 291 1636 nali
313 1609 419 1645 Satyra
434 1605 471 1633 X.
496 1603 535 1642 (v.
552 1606 619 1635 117.
641 1604 693 1631 ubi
717 1611 813 1632 custos
836 1603 964 1643 capsae).
998 1604 1133 1642 Capsarii
1155 1603 1314 1637 dicuntur,
1338 1605 1387 1640 qui
1409 1603 1500 1631 libros
1521 1608 1651 1641 portant.
1690 1603 1756 1631 Alio
1780 1602 1948 1641 significatu
1970 1606 2130 1631 sumuntur
2148 1601 2182 1631 in

234 1651 294 1689 lege
315 1650 369 1679 ult.
392 1647 421 1676 ff.
446 1647 481 1675 de
503 1647 567 1674 iure
590 1646 792 1676 immunitatis.
822 1644 924 1674 Goth.
964 1643 1175 1685 Κάμπτρας.
1210 1643 1353 1683 Ιίάμψας.
1399 1643 1511 1673 Idem.

397 1687 741 1729 Capitalfacinus.
787 1688 876 1723 Quod
900 1688 997 1727 capite
1019 1688 1123 1718 luitur.
1162 1688 1277 1726 Capital
1302 1687 1387 1715 etiam
1411 1687 1544 1716 absolute
1568 1686 1644 1716 dixit
1668 1687 1762 1718 Plaut.
1786 1685 1970 1716 Menaechm.
1985 1687 2015 1724 1,
2039 1689 2067 1718 1.
2090 1685 2183 1726 (16.):

767 1730 942 1770 Nunquam,
972 1729 1075 1770 edepol
1086 1729 1205 1771 fugiet,
1237 1731 1352 1758 tametsi
1375 1729 1488 1769 capital
1499 1729 1619 1771 fecerit.

237 1777 269 1805 In
290 1781 346 1804 vet.
369 1776 427 1804 lex.
451 1773 660 1801 Graeco-Lat.
683 1771 829 1812 κεφαλική
853 1774 995 1813 τιμωρία,
1026 1772 1159 1812 capitale.
1190 1772 1244 1800 Da
1255 1784 1279 1801 c.
1313 1771 1398 1800 Adde
1422 1773 1550 1801 Nouium
1575 1771 1655 1811 (pag.
1669 1774 1717 1803 38.
1741 1771 1843 1811 Merc.)
1865 1771 1897 1800 iu
1920 1769 2046 1811 capital.
2079 1769 2181 1803 Goth.

400 1817 597 1855 Capronae.
643 1815 716 1844 Vide
738 1815 859 1846 Amiae.
891 1816 1005 1844 Nonius
1029 1814 1107 1854 (pag.
1122 1818 1171 1846 22.
1195 1814 1298 1855 Mero.)
1324 1825 1383 1843 non
1406 1825 1551 1854 equorum
1574 1819 1688 1843 tantum
1710 1814 1810 1852 iubas,
1833 1814 1936 1847 sedet
1957 1813 2111 1843 hominum
2133 1824 2183 1843 co-

240 1871 316 1894 mas,
341 1869 415 1898 quae
439 1863 507 1888 sunt
530 1863 597 1887 ante
620 1858 748 1887 frontem
769 1868 916 1897 capronas
939 1858 1014 1887 dicit
1037 1868 1073 1886 ex
1096 1858 1147 1886 illo
1172 1857 1291 1885 Lucilii:

808 1900 923 1939 Aptari
945 1908 1048 1940 caput,
1082 1907 1168 1940 atque
1191 1911 1290 1929 comas
1301 1900 1428 1940 fluitare
1450 1911 1604 1939 capronas,

809 1941 919 1981 Altus,
938 1942 1091 1984 frontibus
1112 1943 1272 1979 immissas,
1295 1949 1327 1970 ut
1349 1953 1411 1971 mos
1429 1942 1491 1983 fuit
1514 1941 1585 1970 illis.

242 1985 351 2013 Forsan
374 1989 401 2012 et
424 1985 459 2013 de
482 1986 617 2025 capreriis
639 1985 704 2013 istis
725 1985 936 2022 intelligendus
960 1987 1074 2023 elegans
1097 1985 1147 2013 ille
1170 1985 1255 2013 locus
1277 1985 1306 2013 in
1331 1985 1451 2013 Cantico
1476 1985 1664 2013 Canticorum
1689 1994 1752 2023 cap.
1765 1985 1793 2015 4.
1816 1983 1886 2021 (1.)=
1913 1981 2023 2023 Capilli
2044 1982 2088 2012 tui
2107 1982 2184 2013 sicut

242 2038 339 2067 greges
361 2037 527 2064 caprarum,
551 2039 624 2067 quae
646 2026 836 2056 ascenderunt
860 2026 895 2055 tle
916 2036 1012 2057 monte
1038 2026 1166 2057 Galaad.
1210 2026 1300 2056 Dac.

406 2067 636 2105 Capidulum.
683 2070 820 2098 Glossae:
846 2070 1020 2111 Capidulum
1043 2071 1238 2098 vestimentum
1263 2070 1376 2109 capitis.
1399 2069 1488 2099 Dae.
1527 2068 1584 2097 Alii
1608 2067 1779 2107 capitulum.
1826 2066 1934 2098 Goth.

409 2109 555 2146 Caprae.
598 2113 623 2139 A
646 2113 795 2150 cai-pendo
820 2112 913 2142 dictas
935 2113 1026 2142 tradit
1051 2113 1137 2141 eliam
1155 2113 1247 2141 Varro
1271 2112 1386 2140 duobus
1410 2112 1483 2139 loris
1507 2112 1563 2150 (V,
1587 2114 1677 2150 p-99.
1695 2112 1745 2149 Sp.
1768 2116 1797 2139 et
1822 2111 1861 2139 De
1879 2111 1912 2140 R.
1930 2111 1964 2139 R.
1983 2109 2027 2147 II,
2049 2111 2109 2146 3.);
2130 2109 2185 2138 Isi-

245 2154 335 2182 dorus
358 2151 460 2184 etiam,
491 2151 539 2188 qui
562 2157 719 2191 utrumque
741 2155 820 2183 Festi
843 2161 961 2194 etymon
985 2155 1121 2189 adducit3
1160 2155 1212 2184 sed
1235 2160 1277 2183 est
1300 2166 1315 2183 a
1339 2154 1517 2193 Tyrrhenis,
1551 2154 1659 2192 quibus
1684 2164 1771 2193 caper
1792 2151 1910 2193 κάπρος
1932 2152 2062 2190 dicitur,
2093 2161 2184 2191 capra

244 2193 354 2232 κάπροι.
390 2191 518 2230 Hesyeh.
541 2191 640 2232 κάπροι
660 2197 706 2231 αἲξ
733 2198 892 2236 Τυρᾆνοί.
935 2198 1022 2228 Dac.

411 2235 560 2273 Cuppes.
589 2235 682 2264 Varro
699 2238 745 2267 IV.
764 2240 828 2277 (lib.
843 2241 880 2276 V,
904 2251 933 2279 p.
952 2241 1019 2272 148.
1039 2241 1102 2278 Sp.)
1120 2239 1156 2268 de
1176 2239 1277 2267 Latino
1301 2249 1452 2267 sermone:
1474 2237 1530 2267 Ad
1554 2246 1672 2267 corneta
1685 2236 1792 2277 forum
1816 2235 1982 2276 cupedinis,
2005 2247 2023 2264 a
2043 2234 2181 2278 fastidio.

248 2278 357 2319 (Etiam
381 2276 474 2305 Codd.
498 2276 574 2304 Flor.
598 2282 625 2305 et
646 2277 739 2307 Ham.
761 2280 942 2320 afasstdio,
975 2283 1054 2321 qnod
1076 2287 1174 2311 tamen
1196 2281 1277 2310 haud
1300 2281 1388 2310 dubie
1413 2281 1484 2309 nihil
1508 2286 1564 2318 est,
1594 2281 1651 2308 nisi
1676 2281 1968 2318 interpretamentum
1988 2279 2138 2317 vulgatae:
2162 2287 2182 2305 α

249 2319 393 2360 cupedio.)
423 2318 565 2365 Itahenim
588 2318 693 2354 legitur
715 2321 744 2348 in
768 2325 985 2363 manuscripto,
1008 2331 1037 2353 et
1058 2330 1147 2354 recte.
1190 2324 1353 2353 Fastidium
1380 2324 1456 2353 enim
1480 2329 1537 2358 cst,
1563 2324 1642 2361 quod
1668 2323 1776 2359 vulgus
1801 2322 1955 2350 Gallorum
1978 2321 2051 2350 dicit
2072 2318 2182 2347 Frian-

250 2362 329 2399 dize,
364 2366 393 2390 et
416 2360 582 2389 s³S¹¹di⁰⁸US
606 2359 727 2389 Frissnd-
763 2363 862 2394 italice
885 2365 983 2395 Giotto
1006 2379 1020 2395 a
1044 2367 1205 2404 glutiendo.
1249 2367 1474 2395 vetustissimus
1503 2371 1602 2394 orator
1624 2366 1803 2394 Favorinus:
1843 2363 1873 2393 Is
1895 2375 1971 2392 mmo
1992 2363 2054 2402 flos
2076 2371 2183 2390 caenae

249 2403 369 2434 habetur
389 2405 461 2432 inter
483 2413 544 2440 eos,
583 2402 686 2443 quibus
708 2412 837 2442 sumpius
859 2414 883 2434 et
903 2408 1060 2447 fastidium
1082 2420 1136 2448 pro
1155 2408 1276 2450 facetiis
1296 2408 1438 2448 procedit.
1482 2409 1631 2437 Isidorus:
1669 2408 1792 2446 Cuppes,
1824 2404 2019 2446 fastidiosus,
2049 2401 2180 2442 cupidus.
