<?xml version="1.0" encoding="UTF-8"?>
<!DOCTYPE html PUBLIC "-//W3C//DTD XHTML 1.0 Transitional//EN"
    "http://www.w3.org/TR/xhtml1/DTD/xhtml1-transitional.dtd">
<html xmlns="http://www.w3.org/1999/xhtml" xml:lang="en" lang="en">
 <head>
  <title>
</title>
<meta http-equiv="Content-Type" content="text/html;charset=utf-8" />
  <meta name='ocr-system' content='tesseract 3.04.00' />
  <meta name='ocr-capabilities' content='ocr_page ocr_carea ocr_par ocr_line ocrx_word'/>
</head>
<body>
  <div class='ocr_page' id='page_1' title='image "./corpusgrammatico01linduoft_1100.png"; bbox 0 0 2263 2668; ppageno 0'>
   <div class='ocr_carea' id='block_1_1' title="bbox 233 172 1748 225">
    <p class='ocr_par' dir='ltr' id='par_1_1' title="bbox 233 172 1748 225">
     <span class='ocr_line' id='line_1_1' title="bbox 233 172 1748 225; baseline -0.001 -14"><span class='ocrx_word' id='word_1_1' title='bbox 233 190 308 225; x_wconf 70' lang='lat'><strong>672</strong></span> <span class='ocrx_word' id='word_1_2' title='bbox 658 174 1004 211; x_wconf 86' lang='lat' dir='ltr'><strong>COMMENTARH</strong></span> <span class='ocrx_word' id='word_1_3' title='bbox 1029 174 1078 207; x_wconf 91' lang='lat' dir='ltr'><strong>IN</strong></span> <span class='ocrx_word' id='word_1_4' title='bbox 1104 172 1247 216; x_wconf 82' lang='lat' dir='ltr'><strong>PAULI</strong></span> <span class='ocrx_word' id='word_1_5' title='bbox 1272 173 1468 207; x_wconf 86' lang='lat' dir='ltr'><strong>DIACONI</strong></span> <span class='ocrx_word' id='word_1_6' title='bbox 1493 173 1748 210; x_wconf 86' lang='lat' dir='ltr'><strong>EXCERPTA</strong></span> 
     </span>
    </p>
   </div>
   <div class='ocr_carea' id='block_1_2' title="bbox 232 265 2180 2468">
    <p class='ocr_par' dir='ltr' id='par_1_2' title="bbox 234 265 2175 353">
     <span class='ocr_line' id='line_1_2' title="bbox 234 265 2175 310; baseline -0.003 -7"><span class='ocrx_word' id='word_1_7' title='bbox 234 284 433 310; x_wconf 68' lang='lat' dir='ltr'><strong>Succusanffln</strong></span> <span class='ocrx_word' id='word_1_8' title='bbox 463 272 575 302; x_wconf 80' lang='lat' dir='ltr'><strong>tribum</strong></span> <span class='ocrx_word' id='word_1_9' title='bbox 601 280 617 297; x_wconf 87' lang='lat' dir='ltr'><strong>a</strong></span> <span class='ocrx_word' id='word_1_10' title='bbox 640 268 757 297; x_wconf 87' lang='lat' dir='ltr'><strong>Subura</strong></span> <span class='ocrx_word' id='word_1_11' title='bbox 786 268 833 296; x_wconf 84' lang='lat' dir='ltr'><strong>vel</strong></span> <span class='ocrx_word' id='word_1_12' title='bbox 862 268 992 295; x_wconf 87' lang='lat' dir='ltr'>Succusa</span> <span class='ocrx_word' id='word_1_13' title='bbox 1021 266 1140 304; x_wconf 81' lang='lat' dir='ltr'>regione</span> <span class='ocrx_word' id='word_1_14' title='bbox 1170 265 1274 294; x_wconf 81' lang='lat' dir='ltr'><strong>merito</strong></span> <span class='ocrx_word' id='word_1_15' title='bbox 1301 277 1408 295; x_wconf 89' lang='lat' dir='ltr'><strong>nomen</strong></span> <span class='ocrx_word' id='word_1_16' title='bbox 1435 266 1589 306; x_wconf 84' lang='lat' dir='ltr'><strong>habuisse,</strong></span> <span class='ocrx_word' id='word_1_17' title='bbox 1627 274 1656 298; x_wconf 87' lang='lat' dir='ltr'><strong>at</strong></span> <span class='ocrx_word' id='word_1_18' title='bbox 1683 269 1831 308; x_wconf 81' lang='lat' dir='ltr'><strong>regionem</strong></span> <span class='ocrx_word' id='word_1_19' title='bbox 1860 280 1875 298; x_wconf 82' lang='lat' dir='ltr'><strong>a</strong></span> <span class='ocrx_word' id='word_1_20' title='bbox 1904 278 1989 308; x_wconf 86' lang='lat' dir='ltr'><strong>pago.</strong></span> <span class='ocrx_word' id='word_1_21' title='bbox 2032 270 2175 300; x_wconf 87' lang='lat' dir='ltr'><strong>Suburam</strong></span> 
     </span>
     <span class='ocr_line' id='line_1_3' title="bbox 235 307 1465 353; baseline -0.009 -3"><span class='ocrx_word' id='word_1_22' title='bbox 235 330 331 353; x_wconf 80' lang='lat' dir='ltr'><strong>autem</strong></span> <span class='ocrx_word' id='word_1_23' title='bbox 352 323 437 350; x_wconf 80' lang='lat' dir='ltr'><strong>imam</strong></span> <span class='ocrx_word' id='word_1_24' title='bbox 461 313 608 353; x_wconf 84' lang='lat' dir='ltr'><strong>appellat,</strong></span> <span class='ocrx_word' id='word_1_25' title='bbox 633 311 714 349; x_wconf 87' lang='lat' dir='ltr'><strong>quod</strong></span> <span class='ocrx_word' id='word_1_26' title='bbox 736 311 790 338; x_wconf 88' lang='lat' dir='ltr'><strong>sub</strong></span> <span class='ocrx_word' id='word_1_27' title='bbox 815 310 887 338; x_wconf 86' lang='lat' dir='ltr'><strong>urbe</strong></span> <span class='ocrx_word' id='word_1_28' title='bbox 912 310 1042 348; x_wconf 87' lang='lat' dir='ltr'><strong>antiqua.</strong></span> <span class='ocrx_word' id='word_1_29' title='bbox 1079 308 1153 336; x_wconf 83' lang='lat' dir='ltr'>Vide</span> <span class='ocrx_word' id='word_1_30' title='bbox 1178 307 1331 339; x_wconf 76' lang='lat' dir='ltr'><strong>Suburam.</strong></span> <span class='ocrx_word' id='word_1_31' title='bbox 1377 310 1465 339; x_wconf 75' lang='lat' dir='ltr'><strong>Dac-</strong></span> 
     </span>
    </p>

    <p class='ocr_par' dir='ltr' id='par_1_3' title="bbox 235 349 2176 446">
     <span class='ocr_line' id='line_1_4' title="bbox 396 349 2176 394; baseline -0.003 -10"><span class='ocrx_word' id='word_1_32' title='bbox 396 356 578 387; x_wconf 75' lang='lat' dir='ltr'><strong>Scz&#39;scito.</strong></span> <span class='ocrx_word' id='word_1_33' title='bbox 622 354 715 391; x_wconf 86' lang='lat' dir='ltr'>Lego:</span> <span class='ocrx_word' id='word_1_34' title='bbox 743 352 886 387; x_wconf 75' lang='lat' dir='ltr'><strong>Scisciro,</strong></span> <span class='ocrx_word' id='word_1_35' title='bbox 910 352 1078 380; x_wconf 75' lang='lat' dir='ltr'><strong>senientiam</strong></span> <span class='ocrx_word' id='word_1_36' title='bbox 1102 349 1209 388; x_wconf 63' lang='lat' dir='ltr'><strong>dicito,</strong></span> <span class='ocrx_word' id='word_1_37' title='bbox 1234 361 1272 379; x_wconf 83' lang='lat' dir='ltr'><strong>ex</strong></span> <span class='ocrx_word' id='word_1_38' title='bbox 1295 352 1422 390; x_wconf 80' lang='lat' dir='ltr'><strong>ipsomet</strong></span> <span class='ocrx_word' id='word_1_39' title='bbox 1444 353 1532 381; x_wconf 77' lang='lat' dir='ltr'><strong>Festo</strong></span> <span class='ocrx_word' id='word_1_40' title='bbox 1555 353 1585 381; x_wconf 89' lang='lat' dir='ltr'><strong>in</strong></span> <span class='ocrx_word' id='word_1_41' title='bbox 1608 353 1719 394; x_wconf 77' lang='lat' dir='ltr'><strong>Nequis</strong></span> <span class='ocrx_word' id='word_1_42' title='bbox 1741 354 1834 383; x_wconf 79' lang='lat' dir='ltr'><strong>scivit.</strong></span> <span class='ocrx_word' id='word_1_43' title='bbox 1873 352 1952 382; x_wconf 83' lang='lat' dir='ltr'><strong>Nam</strong></span> <span class='ocrx_word' id='word_1_44' title='bbox 1974 353 2108 390; x_wconf 77' lang='lat' dir='ltr'><em>sciscito,</em></span> <span class='ocrx_word' id='word_1_45' title='bbox 2131 353 2176 382; x_wconf 91' lang='lat' dir='ltr'><strong>in.</strong></span> 
     </span>
     <span class='ocr_line' id='line_1_5' title="bbox 235 392 1249 446; baseline -0.012 -11"><span class='ocrx_word' id='word_1_46' title='bbox 235 408 296 446; x_wconf 90' lang='lat' dir='ltr'><strong>quit</strong></span> <span class='ocrx_word' id='word_1_47' title='bbox 336 401 482 442; x_wconf 74' lang='lat' dir='ltr'><strong>significat</strong></span> <span class='ocrx_word' id='word_1_48' title='bbox 504 397 673 426; x_wconf 69' lang='lat' dir='ltr'><strong>sententiam</strong></span> <span class='ocrx_word' id='word_1_49' title='bbox 697 394 804 431; x_wconf 76' lang='lat' dir='ltr'><strong>dicito,</strong></span> <span class='ocrx_word' id='word_1_50' title='bbox 831 394 1007 436; x_wconf 70' lang='lat' dir='ltr'><strong>suffragium</strong></span> <span class='ocrx_word' id='word_1_51' title='bbox 1021 392 1116 435; x_wconf 78' lang='lat' dir='ltr'><strong>ferto.</strong></span> <span class='ocrx_word' id='word_1_52' title='bbox 1162 393 1249 423; x_wconf 77' lang='lat' dir='ltr'><strong>Dac-</strong></span> 
     </span>
    </p>

    <p class='ocr_par' dir='ltr' id='par_1_4' title="bbox 233 429 2174 525">
     <span class='ocr_line' id='line_1_6' title="bbox 306 429 2174 476; baseline -0.003 -5"><span class='ocrx_word' id='word_1_53' title='bbox 306 429 313 441; x_wconf 67' lang='lat'><strong><em>⁷</em></strong></span> <span class='ocrx_word' id='word_1_54' title='bbox 396 438 651 471; x_wconf 82' lang='lat' dir='ltr'><strong>Succidanea.</strong></span> <span class='ocrx_word' id='word_1_55' title='bbox 697 437 770 466; x_wconf 87' lang='lat' dir='ltr'>Vide</span> <span class='ocrx_word' id='word_1_56' title='bbox 793 435 992 466; x_wconf 81' lang='lat' dir='ltr'><strong>Praecidanea</strong></span> <span class='ocrx_word' id='word_1_57' title='bbox 1016 441 1045 464; x_wconf 87' lang='lat' dir='ltr'><strong>et</strong></span> <span class='ocrx_word' id='word_1_58' title='bbox 1068 435 1141 465; x_wconf 88' lang='lat' dir='ltr'><strong>Gell.</strong></span> <span class='ocrx_word' id='word_1_59' title='bbox 1163 436 1215 465; x_wconf 88' lang='lat' dir='ltr'><strong>lib.</strong></span> <span class='ocrx_word' id='word_1_60' title='bbox 1228 436 1277 464; x_wconf 87' lang='lat' dir='ltr'><strong>tV.</strong></span> <span class='ocrx_word' id='word_1_61' title='bbox 1301 446 1364 475; x_wconf 83' lang='lat' dir='ltr'><strong>cap.</strong></span> <span class='ocrx_word' id='word_1_62' title='bbox 1377 439 1406 468; x_wconf 93' lang='lat'><strong>7.</strong></span> <span class='ocrx_word' id='word_1_63' title='bbox 1437 435 1524 465; x_wconf 84' lang='lat' dir='ltr'><strong>Dac.</strong></span> <span class='ocrx_word' id='word_1_64' title='bbox 1570 437 1651 467; x_wconf 89' lang='lat' dir='ltr'><strong>Adde</strong></span> <span class='ocrx_word' id='word_1_65' title='bbox 1673 438 1803 467; x_wconf 89' lang='lat' dir='ltr'><strong>Nonium</strong></span> <span class='ocrx_word' id='word_1_66' title='bbox 1831 438 1862 466; x_wconf 88' lang='lat' dir='ltr'><strong>in</strong></span> <span class='ocrx_word' id='word_1_67' title='bbox 1885 436 2027 468; x_wconf 78' lang='lat' dir='ltr'><strong>Succidia</strong></span> <span class='ocrx_word' id='word_1_68' title='bbox 2049 437 2090 476; x_wconf 91' lang='lat' dir='ltr'><strong>(p.</strong></span> <span class='ocrx_word' id='word_1_69' title='bbox 2104 440 2174 470; x_wconf 89' lang='lat'><strong>170.</strong></span> 
     </span>
     <span class='ocr_line' id='line_1_7' title="bbox 233 477 1101 525; baseline -0.012 -8"><span class='ocrx_word' id='word_1_70' title='bbox 233 486 345 525; x_wconf 72' lang='lat' dir='ltr'><strong>Mem.)-</strong></span> <span class='ocrx_word' id='word_1_71' title='bbox 373 483 480 514; x_wconf 74' lang='lat' dir='ltr'><strong>Goth.</strong></span> <span class='ocrx_word' id='word_1_72' title='bbox 521 479 715 510; x_wconf 78' lang='lat' dir='ltr'><strong>Succidendo.</strong></span> <span class='ocrx_word' id='word_1_73' title='bbox 747 479 950 508; x_wconf 82' lang='lat' dir='ltr'><strong>Succedendo.</strong></span> <span class='ocrx_word' id='word_1_74' title='bbox 995 477 1101 507; x_wconf 78' lang='lat' dir='ltr'><strong>Idem.</strong></span> 
     </span>
    </p>

    <p class='ocr_par' dir='ltr' id='par_1_5' title="bbox 232 518 2178 938">
     <span class='ocr_line' id='line_1_8' title="bbox 397 518 2176 564; baseline -0.001 -9"><span class='ocrx_word' id='word_1_75' title='bbox 397 522 667 564; x_wconf 72' lang='lat' dir='ltr'><strong>Suggillatum.</strong></span> <span class='ocrx_word' id='word_1_76' title='bbox 712 522 816 561; x_wconf 89' lang='lat' dir='ltr'><strong>Inepta</strong></span> <span class='ocrx_word' id='word_1_77' title='bbox 848 520 1039 560; x_wconf 71' lang='lat' dir='ltr'><strong>etymologia,</strong></span> <span class='ocrx_word' id='word_1_78' title='bbox 1076 531 1109 549; x_wconf 90' lang='lat' dir='ltr'><strong>ac</strong></span> <span class='ocrx_word' id='word_1_79' title='bbox 1132 526 1289 560; x_wconf 82' lang='lat' dir='ltr'><strong>propterea</strong></span> <span class='ocrx_word' id='word_1_80' title='bbox 1315 520 1397 550; x_wconf 86' lang='lat' dir='ltr'><strong>salsa.</strong></span> <span class='ocrx_word' id='word_1_81' title='bbox 1445 518 1553 550; x_wconf 76' lang='lat' dir='ltr'><strong>Cinnas</strong></span> <span class='ocrx_word' id='word_1_82' title='bbox 1575 526 1619 550; x_wconf 88' lang='lat' dir='ltr'><strong>est</strong></span> <span class='ocrx_word' id='word_1_83' title='bbox 1642 523 1742 551; x_wconf 86' lang='lat' dir='ltr'><strong>cilium</strong></span> <span class='ocrx_word' id='word_1_84' title='bbox 1767 527 1818 551; x_wconf 88' lang='lat' dir='ltr'><strong>aut</strong></span> <span class='ocrx_word' id='word_1_85' title='bbox 1841 522 2000 561; x_wconf 82' lang='lat' dir='ltr'>palpebra,</span> <span class='ocrx_word' id='word_1_86' title='bbox 2033 518 2176 561; x_wconf 73' lang='grc' dir='ltr'><strong><em>ὑποκορι-</em></strong></span> 
     </span>
     <span class='ocr_line' id='line_1_9' title="bbox 233 561 2177 603; baseline -0.004 -4"><span class='ocrx_word' id='word_1_87' title='bbox 233 569 337 602; x_wconf 75' lang='grc' dir='ltr'><strong><em>στικόν</em></strong></span> <span class='ocrx_word' id='word_1_88' title='bbox 362 567 463 598; x_wconf 81' lang='lat' dir='ltr'><strong>Cillus.</strong></span> <span class='ocrx_word' id='word_1_89' title='bbox 507 566 578 595; x_wconf 89' lang='lat' dir='ltr'><strong>Inde</strong></span> <span class='ocrx_word' id='word_1_90' title='bbox 601 563 757 593; x_wconf 78' lang='lat' dir='ltr'><strong>subcillum</strong></span> <span class='ocrx_word' id='word_1_91' title='bbox 781 570 810 593; x_wconf 89' lang='lat' dir='ltr'><strong>et</strong></span> <span class='ocrx_word' id='word_1_92' title='bbox 830 563 1000 599; x_wconf 76' lang='lat' dir='ltr'><strong>subcillare,</strong></span> <span class='ocrx_word' id='word_1_93' title='bbox 1040 564 1118 601; x_wconf 89' lang='lat' dir='ltr'><strong>quod</strong></span> <span class='ocrx_word' id='word_1_94' title='bbox 1143 569 1242 602; x_wconf 86' lang='lat' dir='ltr'><strong>postea</strong></span> <span class='ocrx_word' id='word_1_95' title='bbox 1266 561 1424 602; x_wconf 72' lang='lat' dir='ltr'><strong>subgillum</strong></span> <span class='ocrx_word' id='word_1_96' title='bbox 1448 567 1477 591; x_wconf 79' lang='lat' dir='ltr'><strong>et</strong></span> <span class='ocrx_word' id='word_1_97' title='bbox 1499 563 1659 602; x_wconf 76' lang='lat' dir='ltr'><strong>subgillare</strong></span> <span class='ocrx_word' id='word_1_98' title='bbox 1679 563 1873 601; x_wconf 73' lang='grc' dir='ltr'><strong>ὑπωπιάζειν,</strong></span> <span class='ocrx_word' id='word_1_99' title='bbox 1921 562 1946 593; x_wconf 87' lang='lat' dir='ltr'><strong><em>G</em></strong></span> <span class='ocrx_word' id='word_1_100' title='bbox 1966 565 1995 593; x_wconf 89' lang='lat' dir='ltr'><strong>in</strong></span> <span class='ocrx_word' id='word_1_101' title='bbox 2016 575 2054 603; x_wconf 77' lang='lat' dir='ltr'><strong>g:</strong></span> <span class='ocrx_word' id='word_1_102' title='bbox 2091 563 2177 593; x_wconf 84' lang='lat' dir='ltr'><strong>Subi-</strong></span> 
     </span>
     <span class='ocr_line' id='line_1_10' title="bbox 233 605 2177 649; baseline -0.003 -9"><span class='ocrx_word' id='word_1_103' title='bbox 233 615 341 649; x_wconf 64' lang='lat' dir='ltr'><strong>chare,</strong></span> <span class='ocrx_word' id='word_1_104' title='bbox 366 612 491 640; x_wconf 77' lang='lat' dir='ltr'><strong>inicere:</strong></span> <span class='ocrx_word' id='word_1_105' title='bbox 517 608 699 645; x_wconf 76' lang='lat' dir='ltr'><strong>Subigitare,</strong></span> <span class='ocrx_word' id='word_1_106' title='bbox 725 607 846 645; x_wconf 83' lang='lat' dir='ltr'><strong>lnigere.</strong></span> <span class='ocrx_word' id='word_1_107' title='bbox 889 608 1039 635; x_wconf 82' lang='lat' dir='ltr'><strong>Praeterea</strong></span> <span class='ocrx_word' id='word_1_108' title='bbox 1063 606 1167 634; x_wconf 87' lang='lat' dir='ltr'><strong>salsum</strong></span> <span class='ocrx_word' id='word_1_109' title='bbox 1192 611 1235 634; x_wconf 83' lang='lat' dir='ltr'><strong>est</strong></span> <span class='ocrx_word' id='word_1_110' title='bbox 1255 605 1482 643; x_wconf 82' lang='lat' dir='ltr'><strong>Suggillationes</strong></span> <span class='ocrx_word' id='word_1_111' title='bbox 1506 606 1652 642; x_wconf 86' lang='lat' dir='ltr'><strong>pertinere</strong></span> <span class='ocrx_word' id='word_1_112' title='bbox 1675 608 1711 636; x_wconf 86' lang='lat' dir='ltr'><strong>ad</strong></span> <span class='ocrx_word' id='word_1_113' title='bbox 1736 608 1863 643; x_wconf 87' lang='lat' dir='ltr'><strong>collum,</strong></span> <span class='ocrx_word' id='word_1_114' title='bbox 1887 607 1942 635; x_wconf 89' lang='lat' dir='ltr'><strong>nisi</strong></span> <span class='ocrx_word' id='word_1_115' title='bbox 1965 607 2058 636; x_wconf 86' lang='lat' dir='ltr'><strong>mavis</strong></span> <span class='ocrx_word' id='word_1_116' title='bbox 2079 607 2177 644; x_wconf 84' lang='lat' dir='ltr'><strong>legere</strong></span> 
     </span>
     <span class='ocr_line' id='line_1_11' title="bbox 233 646 2177 690; baseline -0.004 -4"><span class='ocrx_word' id='word_1_117' title='bbox 233 656 285 686; x_wconf 82' lang='lat' dir='ltr'><strong>sub</strong></span> <span class='ocrx_word' id='word_1_118' title='bbox 309 653 408 688; x_wconf 69' lang='lat' dir='ltr'><strong>oculo,</strong></span> <span class='ocrx_word' id='word_1_119' title='bbox 432 652 480 680; x_wconf 87' lang='lat' dir='ltr'><strong>sed</strong></span> <span class='ocrx_word' id='word_1_120' title='bbox 506 657 578 679; x_wconf 87' lang='lat' dir='ltr'><strong>tunc</strong></span> <span class='ocrx_word' id='word_1_121' title='bbox 602 650 673 688; x_wconf 90' lang='lat' dir='ltr'><strong>quid</strong></span> <span class='ocrx_word' id='word_1_122' title='bbox 694 650 805 678; x_wconf 77' lang='lat' dir='ltr'><strong>Graece</strong></span> <span class='ocrx_word' id='word_1_123' title='bbox 828 649 1021 685; x_wconf 85' lang='lat' dir='ltr'><strong>substituam,</strong></span> <span class='ocrx_word' id='word_1_124' title='bbox 1045 658 1104 676; x_wconf 92' lang='lat' dir='ltr'><strong>non</strong></span> <span class='ocrx_word' id='word_1_125' title='bbox 1127 648 1222 679; x_wconf 80' lang='lat' dir='ltr'><strong>video.</strong></span> <span class='ocrx_word' id='word_1_126' title='bbox 1256 649 1286 676; x_wconf 88' lang='lat' dir='ltr'><strong>Si</strong></span> <span class='ocrx_word' id='word_1_127' title='bbox 1304 646 1429 683; x_wconf 79' lang='grc' dir='ltr'><strong><em>κυλλὸν,</em></strong></span> <span class='ocrx_word' id='word_1_128' title='bbox 1454 647 1526 676; x_wconf 88' lang='lat' dir='ltr'><strong>nihil</strong></span> <span class='ocrx_word' id='word_1_129' title='bbox 1545 659 1607 685; x_wconf 84' lang='lat' dir='ltr'><strong>ago.</strong></span> <span class='ocrx_word' id='word_1_130' title='bbox 1637 650 1666 677; x_wconf 90' lang='lat' dir='ltr'><strong>Si</strong></span> <span class='ocrx_word' id='word_1_131' title='bbox 1684 647 1810 690; x_wconf 63' lang='grc' dir='ltr'><strong><em>γύαλον,</em></strong></span> <span class='ocrx_word' id='word_1_132' title='bbox 1833 660 1926 688; x_wconf 85' lang='lat' dir='ltr'><strong>nugas</strong></span> <span class='ocrx_word' id='word_1_133' title='bbox 1946 659 2041 686; x_wconf 80' lang='lat' dir='ltr'><strong>egero·</strong></span> <span class='ocrx_word' id='word_1_134' title='bbox 2075 647 2177 679; x_wconf 78' lang='grc' dir='ltr'><strong><em>Γύαλα</em></strong></span> 
     </span>
     <span class='ocr_line' id='line_1_12' title="bbox 234 689 2176 738; baseline -0.003 -12"><span class='ocrx_word' id='word_1_135' title='bbox 234 698 352 738; x_wconf 87' lang='lat' dir='ltr'><strong>quidem</strong></span> <span class='ocrx_word' id='word_1_136' title='bbox 378 695 480 724; x_wconf 77' lang='lat' dir='ltr'><strong>Graeci</strong></span> <span class='ocrx_word' id='word_1_137' title='bbox 509 693 542 722; x_wconf 72' lang='grc' dir='ltr'><strong>τά</strong></span> <span class='ocrx_word' id='word_1_138' title='bbox 570 690 747 730; x_wconf 77' lang='grc' dir='ltr'><strong><em>κοιλώματα.</em></strong></span> <span class='ocrx_word' id='word_1_139' title='bbox 792 693 847 720; x_wconf 83' lang='lat' dir='ltr'><strong>Sed</strong></span> <span class='ocrx_word' id='word_1_140' title='bbox 880 696 1023 730; x_wconf 77' lang='lat' dir='ltr'><strong>quantuni</strong></span> <span class='ocrx_word' id='word_1_141' title='bbox 1049 691 1152 726; x_wconf 85' lang='lat' dir='ltr'><strong>video,</strong></span> <span class='ocrx_word' id='word_1_142' title='bbox 1189 691 1308 719; x_wconf 84' lang='lat' dir='ltr'><strong>Verrius</strong></span> <span class='ocrx_word' id='word_1_143' title='bbox 1330 689 1471 729; x_wconf 80' lang='lat' dir='ltr'><strong>sugillare</strong></span> <span class='ocrx_word' id='word_1_144' title='bbox 1494 696 1580 728; x_wconf 84' lang='lat' dir='ltr'><strong>putat</strong></span> <span class='ocrx_word' id='word_1_145' title='bbox 1602 691 1715 721; x_wconf 89' lang='lat' dir='ltr'><strong>dictum</strong></span> <span class='ocrx_word' id='word_1_146' title='bbox 1739 704 1754 720; x_wconf 90' lang='lat' dir='ltr'><strong>a</strong></span> <span class='ocrx_word' id='word_1_147' title='bbox 1774 691 1864 731; x_wconf 78' lang='lat' dir='ltr'><strong>gula,</strong></span> <span class='ocrx_word' id='word_1_148' title='bbox 1900 702 1975 730; x_wconf 85' lang='lat' dir='ltr'><strong>quae</strong></span> <span class='ocrx_word' id='word_1_149' title='bbox 1999 692 2078 720; x_wconf 82' lang='lat' dir='ltr'><strong>dicta</strong></span> <span class='ocrx_word' id='word_1_150' title='bbox 2100 692 2138 721; x_wconf 88' lang='lat' dir='ltr'><strong>sit</strong></span> <span class='ocrx_word' id='word_1_151' title='bbox 2160 702 2176 720; x_wconf 88' lang='lat' dir='ltr'><strong>a</strong></span> 
     </span>
     <span class='ocr_line' id='line_1_13' title="bbox 234 733 2177 776; baseline 0.004 -19"><span class='ocrx_word' id='word_1_152' title='bbox 234 743 369 775; x_wconf 57' lang='lat' dir='ltr'><strong>Graeco,</strong></span> <span class='ocrx_word' id='word_1_153' title='bbox 394 739 442 776; x_wconf 61' lang='lat' dir='ltr'><strong>qui</strong></span> <span class='ocrx_word' id='word_1_154' title='bbox 467 734 575 775; x_wconf 64' lang='grc' dir='ltr'><strong><em>γύαλον</em></strong></span> <span class='ocrx_word' id='word_1_155' title='bbox 598 739 710 773; x_wconf 88' lang='lat' dir='ltr'><strong>partem</strong></span> <span class='ocrx_word' id='word_1_156' title='bbox 735 734 789 763; x_wconf 89' lang='lat' dir='ltr'><strong>sub</strong></span> <span class='ocrx_word' id='word_1_157' title='bbox 812 735 888 762; x_wconf 90' lang='lat' dir='ltr'><strong>collo</strong></span> <span class='ocrx_word' id='word_1_158' title='bbox 911 737 1029 762; x_wconf 79' lang='lat' dir='ltr'><strong>vocant.</strong></span> <span class='ocrx_word' id='word_1_159' title='bbox 1060 733 1122 762; x_wconf 88' lang='lat' dir='ltr'><strong>Hae</strong></span> <span class='ocrx_word' id='word_1_160' title='bbox 1144 739 1212 762; x_wconf 87' lang='lat' dir='ltr'><strong>sunt</strong></span> <span class='ocrx_word' id='word_1_161' title='bbox 1234 743 1328 771; x_wconf 82' lang='lat' dir='ltr'>nugae</span> <span class='ocrx_word' id='word_1_162' title='bbox 1344 734 1621 762; x_wconf 83' lang='lat' dir='ltr'>Grammaticorum.</span> <span class='ocrx_word' id='word_1_163' title='bbox 1646 733 1745 765; x_wconf 82' lang='lat' dir='ltr'><strong>Scal.</strong></span> <span class='ocrx_word' id='word_1_164' title='bbox 1783 736 1900 763; x_wconf 77' lang='lat' dir='ltr'>Certum</span> <span class='ocrx_word' id='word_1_165' title='bbox 1924 739 1968 763; x_wconf 83' lang='lat' dir='ltr'><strong>est</strong></span> <span class='ocrx_word' id='word_1_166' title='bbox 1990 733 2048 772; x_wconf 80' lang='lat' dir='ltr'><strong>legi</strong></span> <span class='ocrx_word' id='word_1_167' title='bbox 2069 734 2177 764; x_wconf 81' lang='lat' dir='ltr'><strong>debere</strong></span> 
     </span>
     <span class='ocr_line' id='line_1_14' title="bbox 233 775 2178 818; baseline -0.004 -6"><span class='ocrx_word' id='word_1_168' title='bbox 233 783 285 812; x_wconf 76' lang='lat' dir='ltr'><strong>suh</strong></span> <span class='ocrx_word' id='word_1_169' title='bbox 309 779 404 810; x_wconf 83' lang='lat' dir='ltr'><strong>oculo.</strong></span> <span class='ocrx_word' id='word_1_170' title='bbox 449 779 521 806; x_wconf 84' lang='lat' dir='ltr'><strong>Nam</strong></span> <span class='ocrx_word' id='word_1_171' title='bbox 551 780 654 808; x_wconf 76' lang='grc' dir='ltr'><strong><em>κοῖλον</em></strong></span> <span class='ocrx_word' id='word_1_172' title='bbox 685 777 746 806; x_wconf 78' lang='lat' dir='ltr'><strong>sive</strong></span> <span class='ocrx_word' id='word_1_173' title='bbox 770 780 863 807; x_wconf 77' lang='grc' dir='ltr'><strong><em>κῦλον</em></strong></span> <span class='ocrx_word' id='word_1_174' title='bbox 887 776 1027 814; x_wconf 78' lang='lat' dir='ltr'><strong>palpebra</strong></span> <span class='ocrx_word' id='word_1_175' title='bbox 1051 776 1129 804; x_wconf 87' lang='lat' dir='ltr'><strong>oculi</strong></span> <span class='ocrx_word' id='word_1_176' title='bbox 1151 776 1290 812; x_wconf 82' lang='lat' dir='ltr'><strong>inferior,</strong></span> <span class='ocrx_word' id='word_1_177' title='bbox 1323 775 1402 804; x_wconf 87' lang='lat' dir='ltr'><strong>unde</strong></span> <span class='ocrx_word' id='word_1_178' title='bbox 1425 777 1582 818; x_wconf 77' lang='grc' dir='ltr'><strong><em>κυλοιδιᾷν</em></strong></span> <span class='ocrx_word' id='word_1_179' title='bbox 1604 776 1759 813; x_wconf 88' lang='lat' dir='ltr'><strong>dicuntur,</strong></span> <span class='ocrx_word' id='word_1_180' title='bbox 1796 777 1847 815; x_wconf 92' lang='lat' dir='ltr'><strong>qui</strong></span> <span class='ocrx_word' id='word_1_181' title='bbox 1870 777 1973 806; x_wconf 89' lang='lat' dir='ltr'><strong>oculos</strong></span> <span class='ocrx_word' id='word_1_182' title='bbox 1997 776 2105 805; x_wconf 82' lang='lat' dir='ltr'><strong>habent</strong></span> <span class='ocrx_word' id='word_1_183' title='bbox 2126 781 2178 805; x_wconf 80' lang='lat' dir='ltr'><strong>tu-</strong></span> 
     </span>
     <span class='ocr_line' id='line_1_15' title="bbox 233 818 2177 859; baseline -0.003 -6"><span class='ocrx_word' id='word_1_184' title='bbox 233 829 353 854; x_wconf 78' lang='lat' dir='ltr'><strong>mentes.</strong></span> <span class='ocrx_word' id='word_1_185' title='bbox 398 823 472 850; x_wconf 86' lang='lat' dir='ltr'><strong>Sane</strong></span> <span class='ocrx_word' id='word_1_186' title='bbox 494 820 552 848; x_wconf 90' lang='lat' dir='ltr'><strong>hoc</strong></span> <span class='ocrx_word' id='word_1_187' title='bbox 576 825 696 858; x_wconf 78' lang='lat' dir='ltr'><strong>etymon</strong></span> <span class='ocrx_word' id='word_1_188' title='bbox 719 820 827 859; x_wconf 85' lang='lat' dir='ltr'><strong>probat</strong></span> <span class='ocrx_word' id='word_1_189' title='bbox 849 819 1030 847; x_wconf 78' lang='lat' dir='ltr'><strong>Camerarius</strong></span> <span class='ocrx_word' id='word_1_190' title='bbox 1053 819 1083 846; x_wconf 92' lang='lat' dir='ltr'><strong>in</strong></span> <span class='ocrx_word' id='word_1_191' title='bbox 1105 818 1269 857; x_wconf 80' lang='lat' dir='ltr'><strong>appendice</strong></span> <span class='ocrx_word' id='word_1_192' title='bbox 1291 818 1524 857; x_wconf 82' lang='lat' dir='ltr'><strong>problematum,</strong></span> <span class='ocrx_word' id='word_1_193' title='bbox 1553 819 1605 847; x_wconf 86' lang='lat' dir='ltr'><strong>sed</strong></span> <span class='ocrx_word' id='word_1_194' title='bbox 1630 820 1732 848; x_wconf 86' lang='lat' dir='ltr'><strong>melius</strong></span> <span class='ocrx_word' id='word_1_195' title='bbox 1756 820 1890 857; x_wconf 81' lang='lat' dir='ltr'><strong>Scaliger.</strong></span> <span class='ocrx_word' id='word_1_196' title='bbox 1936 819 2058 858; x_wconf 76' lang='lat' dir='ltr'><strong>Proprie</strong></span> <span class='ocrx_word' id='word_1_197' title='bbox 2080 823 2177 848; x_wconf 86' lang='lat' dir='ltr'><strong>autem</strong></span> 
     </span>
     <span class='ocr_line' id='line_1_16' title="bbox 232 861 2177 906; baseline -0.004 -10"><span class='ocrx_word' id='word_1_198' title='bbox 232 865 370 906; x_wconf 71' lang='lat' dir='ltr'><strong>sugillare</strong></span> <span class='ocrx_word' id='word_1_199' title='bbox 393 869 435 892; x_wconf 84' lang='lat' dir='ltr'><strong>est</strong></span> <span class='ocrx_word' id='word_1_200' title='bbox 458 865 497 891; x_wconf 87' lang='lat' dir='ltr'><strong>ita</strong></span> <span class='ocrx_word' id='word_1_201' title='bbox 521 867 697 902; x_wconf 82' lang='lat' dir='ltr'><strong>percutere,</strong></span> <span class='ocrx_word' id='word_1_202' title='bbox 736 867 768 891; x_wconf 84' lang='lat' dir='ltr'><strong>ut</strong></span> <span class='ocrx_word' id='word_1_203' title='bbox 791 863 869 890; x_wconf 86' lang='lat' dir='ltr'><strong>oculi</strong></span> <span class='ocrx_word' id='word_1_204' title='bbox 892 862 1047 890; x_wconf 83' lang='lat' dir='ltr'><strong>livescant.</strong></span> <span class='ocrx_word' id='word_1_205' title='bbox 1089 861 1292 901; x_wconf 83' lang='lat' dir='ltr'><strong>Metaphorice</strong></span> <span class='ocrx_word' id='word_1_206' title='bbox 1321 871 1391 889; x_wconf 90' lang='lat' dir='ltr'><strong>vero</strong></span> <span class='ocrx_word' id='word_1_207' title='bbox 1422 862 1528 889; x_wconf 88' lang='lat' dir='ltr'><strong>samam</strong></span> <span class='ocrx_word' id='word_1_208' title='bbox 1556 867 1585 890; x_wconf 88' lang='lat' dir='ltr'><strong>et</strong></span> <span class='ocrx_word' id='word_1_209' title='bbox 1609 862 1856 891; x_wconf 76' lang='lat' dir='ltr'><strong>existimationem</strong></span> <span class='ocrx_word' id='word_1_210' title='bbox 1879 862 2013 898; x_wconf 87' lang='lat' dir='ltr'><strong>laedere,</strong></span> <span class='ocrx_word' id='word_1_211' title='bbox 2043 861 2125 890; x_wconf 89' lang='lat' dir='ltr'><strong>Livio</strong></span> <span class='ocrx_word' id='word_1_212' title='bbox 2148 865 2177 890; x_wconf 89' lang='lat' dir='ltr'><strong>et</strong></span> 
     </span>
     <span class='ocr_line' id='line_1_17' title="bbox 232 908 436 938; baseline -0.02 0"><span class='ocrx_word' id='word_1_213' title='bbox 232 910 304 938; x_wconf 89' lang='lat' dir='ltr'><strong>aliis.</strong></span> <span class='ocrx_word' id='word_1_214' title='bbox 350 908 436 936; x_wconf 73' lang='lat' dir='ltr'><strong>Dae.</strong></span> 
     </span>
    </p>

    <p class='ocr_par' dir='ltr' id='par_1_6' title="bbox 232 944 2178 1243">
     <span class='ocr_line' id='line_1_18' title="bbox 398 944 2176 987; baseline -0.002 -10"><span class='ocrx_word' id='word_1_215' title='bbox 398 948 679 987; x_wconf 78' lang='lat' dir='ltr'><strong>Sycoplzantas.</strong></span> <span class='ocrx_word' id='word_1_216' title='bbox 726 949 814 976; x_wconf 87' lang='lat' dir='ltr'><strong>Plura</strong></span> <span class='ocrx_word' id='word_1_217' title='bbox 845 946 881 976; x_wconf 88' lang='lat' dir='ltr'><strong>de</strong></span> <span class='ocrx_word' id='word_1_218' title='bbox 909 946 965 975; x_wconf 79' lang='lat' dir='ltr'><strong>hae</strong></span> <span class='ocrx_word' id='word_1_219' title='bbox 995 957 1026 976; x_wconf 91' lang='lat' dir='ltr'><strong>re</strong></span> <span class='ocrx_word' id='word_1_220' title='bbox 1054 953 1202 986; x_wconf 81' lang='lat' dir='ltr'><strong>nugantur</strong></span> <span class='ocrx_word' id='word_1_221' title='bbox 1226 947 1346 983; x_wconf 84' lang='lat' dir='ltr'><strong>Graeci,</strong></span> <span class='ocrx_word' id='word_1_222' title='bbox 1385 957 1460 985; x_wconf 89' lang='lat' dir='ltr'><strong>quae</strong></span> <span class='ocrx_word' id='word_1_223' title='bbox 1490 947 1570 975; x_wconf 89' lang='lat' dir='ltr'><strong>natio</strong></span> <span class='ocrx_word' id='word_1_224' title='bbox 1600 946 1675 975; x_wconf 88' lang='lat' dir='ltr'><strong>nihil</strong></span> <span class='ocrx_word' id='word_1_225' title='bbox 1703 957 1797 986; x_wconf 86' lang='lat' dir='ltr'><strong>paene</strong></span> <span class='ocrx_word' id='word_1_226' title='bbox 1824 946 1907 976; x_wconf 84' lang='lat' dir='ltr'><strong>atiud</strong></span> <span class='ocrx_word' id='word_1_227' title='bbox 1930 946 2020 984; x_wconf 81' lang='lat' dir='ltr'><strong>egisse</strong></span> <span class='ocrx_word' id='word_1_228' title='bbox 2044 944 2176 981; x_wconf 79' lang='lat' dir='ltr'><strong>videtur,</strong></span> 
     </span>
     <span class='ocr_line' id='line_1_19' title="bbox 233 987 2176 1032; baseline -0.003 -11"><span class='ocrx_word' id='word_1_229' title='bbox 233 1003 320 1032; x_wconf 75' lang='lat' dir='ltr'><strong>quani</strong></span> <span class='ocrx_word' id='word_1_230' title='bbox 345 997 378 1020; x_wconf 90' lang='lat' dir='ltr'><strong>ut</strong></span> <span class='ocrx_word' id='word_1_231' title='bbox 401 991 560 1030; x_wconf 78' lang='lat' dir='ltr'><strong>reperiret,</strong></span> <span class='ocrx_word' id='word_1_232' title='bbox 585 991 735 1029; x_wconf 81' lang='lat' dir='ltr'><strong>quomodo</strong></span> <span class='ocrx_word' id='word_1_233' title='bbox 760 992 789 1019; x_wconf 88' lang='lat' dir='ltr'><strong>in</strong></span> <span class='ocrx_word' id='word_1_234' title='bbox 813 990 873 1018; x_wconf 86' lang='lat' dir='ltr'><strong>otio</strong></span> <span class='ocrx_word' id='word_1_235' title='bbox 897 992 1049 1027; x_wconf 82' lang='lat' dir='ltr'><strong>negotiosa</strong></span> <span class='ocrx_word' id='word_1_236' title='bbox 1073 1000 1132 1018; x_wconf 88' lang='lat' dir='ltr'><strong>esse</strong></span> <span class='ocrx_word' id='word_1_237' title='bbox 1155 995 1261 1029; x_wconf 83' lang='lat' dir='ltr'><strong>posset.</strong></span> <span class='ocrx_word' id='word_1_238' title='bbox 1297 990 1451 1017; x_wconf 82' lang='lat' dir='ltr'><strong>Caeterum</strong></span> <span class='ocrx_word' id='word_1_239' title='bbox 1474 994 1557 1028; x_wconf 88' lang='lat' dir='ltr'><strong>potes</strong></span> <span class='ocrx_word' id='word_1_240' title='bbox 1581 989 1749 1025; x_wconf 84' lang='lat' dir='ltr'><strong>advertere,</strong></span> <span class='ocrx_word' id='word_1_241' title='bbox 1776 999 1863 1028; x_wconf 89' lang='lat' dir='ltr'><strong>quam</strong></span> <span class='ocrx_word' id='word_1_242' title='bbox 1887 989 2006 1027; x_wconf 87' lang='lat' dir='ltr'><strong>dignum</strong></span> <span class='ocrx_word' id='word_1_243' title='bbox 2030 989 2067 1016; x_wconf 89' lang='lat' dir='ltr'><strong>sit</strong></span> <span class='ocrx_word' id='word_1_244' title='bbox 2086 987 2176 1016; x_wconf 84' lang='lat' dir='ltr'><strong>Paulo</strong></span> 
     </span>
     <span class='ocr_line' id='line_1_20' title="bbox 233 1030 2178 1072; baseline -0.003 -8"><span class='ocrx_word' id='word_1_245' title='bbox 233 1030 402 1064; x_wconf 85' lang='lat' dir='ltr'><strong>mutilatore</strong></span> <span class='ocrx_word' id='word_1_246' title='bbox 428 1034 517 1061; x_wconf 89' lang='lat' dir='ltr'><strong>illud:</strong></span> <span class='ocrx_word' id='word_1_247' title='bbox 549 1031 650 1072; x_wconf 79' lang='lat' dir='ltr'><strong>Capite</strong></span> <span class='ocrx_word' id='word_1_248' title='bbox 672 1040 865 1067; x_wconf 74' lang='lat' dir='ltr'><strong>truncaretur,</strong></span> <span class='ocrx_word' id='word_1_249' title='bbox 891 1033 970 1069; x_wconf 91' lang='lat' dir='ltr'><strong>quod</strong></span> <span class='ocrx_word' id='word_1_250' title='bbox 993 1033 1095 1061; x_wconf 85' lang='lat' dir='ltr'><strong>Festus</strong></span> <span class='ocrx_word' id='word_1_251' title='bbox 1120 1033 1233 1061; x_wconf 75' lang='lat' dir='ltr'><strong>dixerat</strong></span> <span class='ocrx_word' id='word_1_252' title='bbox 1251 1032 1366 1070; x_wconf 87' lang='lat' dir='ltr'><strong>Capital</strong></span> <span class='ocrx_word' id='word_1_253' title='bbox 1389 1036 1480 1068; x_wconf 87' lang='lat' dir='ltr'><strong>esset,</strong></span> <span class='ocrx_word' id='word_1_254' title='bbox 1506 1037 1533 1060; x_wconf 90' lang='lat' dir='ltr'><strong>et</strong></span> <span class='ocrx_word' id='word_1_255' title='bbox 1555 1033 1587 1060; x_wconf 89' lang='lat' dir='ltr'><strong>in</strong></span> <span class='ocrx_word' id='word_1_256' title='bbox 1605 1033 1718 1060; x_wconf 84' lang='lat' dir='ltr'><strong>Graeco</strong></span> <span class='ocrx_word' id='word_1_257' title='bbox 1741 1032 1859 1060; x_wconf 86' lang='lat' dir='ltr'><strong>decreto</strong></span> <span class='ocrx_word' id='word_1_258' title='bbox 1883 1032 1944 1060; x_wconf 87' lang='lat' dir='ltr'><strong>sine</strong></span> <span class='ocrx_word' id='word_1_259' title='bbox 1968 1031 2057 1060; x_wconf 82' lang='lat' dir='ltr'><strong>dubio</strong></span> <span class='ocrx_word' id='word_1_260' title='bbox 2080 1031 2178 1059; x_wconf 81' lang='lat' dir='ltr'><strong>fuerat</strong></span> 
     </span>
     <span class='ocr_line' id='line_1_21' title="bbox 232 1073 2178 1114; baseline -0.004 -6"><span class='ocrx_word' id='word_1_261' title='bbox 232 1076 366 1112; x_wconf 71' lang='grc' dir='ltr'><strong><em>θάνατος</em></strong></span> <span class='ocrx_word' id='word_1_262' title='bbox 389 1077 499 1114; x_wconf 77' lang='grc' dir='ltr'><em>τίμημα</em></span> <span class='ocrx_word' id='word_1_263' title='bbox 522 1076 603 1106; x_wconf 73' lang='grc' dir='ltr'><strong><em>ἔστω.</em></strong></span> <span class='ocrx_word' id='word_1_264' title='bbox 624 1074 723 1104; x_wconf 70' lang='lat' dir='ltr'><strong>scal.</strong></span> <span class='ocrx_word' id='word_1_265' title='bbox 757 1075 849 1103; x_wconf 83' lang='lat' dir='ltr'><strong>Aliter</strong></span> <span class='ocrx_word' id='word_1_266' title='bbox 872 1076 960 1113; x_wconf 80' lang='lat' dir='ltr'><strong>paulo</strong></span> <span class='ocrx_word' id='word_1_267' title='bbox 984 1074 1164 1103; x_wconf 86' lang='lat' dir='ltr'><strong>Scholiastes</strong></span> <span class='ocrx_word' id='word_1_268' title='bbox 1181 1074 1402 1113; x_wconf 86' lang='lat' dir='ltr'><strong>Aristophanis,</strong></span> <span class='ocrx_word' id='word_1_269' title='bbox 1428 1075 1477 1112; x_wconf 92' lang='lat' dir='ltr'><strong>qui</strong></span> <span class='ocrx_word' id='word_1_270' title='bbox 1502 1075 1542 1103; x_wconf 85' lang='lat' dir='ltr'><strong>ait</strong></span> <span class='ocrx_word' id='word_1_271' title='bbox 1558 1075 1764 1114; x_wconf 73' lang='lat' dir='ltr'><strong>sycophantas</strong></span> <span class='ocrx_word' id='word_1_272' title='bbox 1788 1075 1901 1111; x_wconf 83' lang='lat' dir='ltr'><strong>dictos,</strong></span> <span class='ocrx_word' id='word_1_273' title='bbox 1925 1075 2004 1112; x_wconf 90' lang='lat' dir='ltr'><strong>quod</strong></span> <span class='ocrx_word' id='word_1_274' title='bbox 2027 1083 2076 1101; x_wconf 82' lang='lat' dir='ltr'><strong>eos</strong></span> <span class='ocrx_word' id='word_1_275' title='bbox 2098 1073 2178 1101; x_wconf 82' lang='lat' dir='ltr'><strong>indi-</strong></span> 
     </span>
     <span class='ocr_line' id='line_1_22' title="bbox 233 1116 2178 1157; baseline -0.003 -8"><span class='ocrx_word' id='word_1_276' title='bbox 233 1125 350 1156; x_wconf 79' lang='lat' dir='ltr'><strong>carent,</strong></span> <span class='ocrx_word' id='word_1_277' title='bbox 376 1120 426 1157; x_wconf 90' lang='lat' dir='ltr'><strong>qui</strong></span> <span class='ocrx_word' id='word_1_278' title='bbox 449 1119 522 1146; x_wconf 84' lang='lat' dir='ltr'><strong>ficus</strong></span> <span class='ocrx_word' id='word_1_279' title='bbox 545 1128 580 1146; x_wconf 84' lang='lat' dir='ltr'><strong>ex</strong></span> <span class='ocrx_word' id='word_1_280' title='bbox 604 1117 701 1146; x_wconf 78' lang='lat' dir='ltr'><strong>Attica</strong></span> <span class='ocrx_word' id='word_1_281' title='bbox 727 1118 934 1155; x_wconf 69' lang='lat' dir='ltr'><strong>deportarent,</strong></span> <span class='ocrx_word' id='word_1_282' title='bbox 958 1129 972 1145; x_wconf 84' lang='lat' dir='ltr'><strong>a</strong></span> <span class='ocrx_word' id='word_1_283' title='bbox 998 1121 1089 1148; x_wconf 80' lang='grc' dir='ltr'><strong><em>σῦκον</em></strong></span> <span class='ocrx_word' id='word_1_284' title='bbox 1112 1118 1182 1146; x_wconf 85' lang='lat' dir='ltr'><strong>ficus</strong></span> <span class='ocrx_word' id='word_1_285' title='bbox 1205 1122 1232 1145; x_wconf 81' lang='lat' dir='ltr'><strong>et</strong></span> <span class='ocrx_word' id='word_1_286' title='bbox 1256 1118 1355 1153; x_wconf 78' lang='grc' dir='ltr'><strong><em>φαίνω</em></strong></span> <span class='ocrx_word' id='word_1_287' title='bbox 1379 1118 1496 1153; x_wconf 86' lang='lat' dir='ltr'><strong>iudico,</strong></span> <span class='ocrx_word' id='word_1_288' title='bbox 1520 1127 1638 1145; x_wconf 88' lang='lat' dir='ltr'><strong>accuso.</strong></span> <span class='ocrx_word' id='word_1_289' title='bbox 1673 1117 1735 1146; x_wconf 89' lang='lat' dir='ltr'><strong>Alia</strong></span> <span class='ocrx_word' id='word_1_290' title='bbox 1760 1118 1850 1146; x_wconf 88' lang='lat' dir='ltr'><strong>multa</strong></span> <span class='ocrx_word' id='word_1_291' title='bbox 1874 1127 1963 1155; x_wconf 89' lang='lat' dir='ltr'><strong>super</strong></span> <span class='ocrx_word' id='word_1_292' title='bbox 1985 1116 2042 1144; x_wconf 90' lang='lat' dir='ltr'><strong>hac</strong></span> <span class='ocrx_word' id='word_1_293' title='bbox 2065 1125 2097 1144; x_wconf 88' lang='lat' dir='ltr'><strong>re</strong></span> <span class='ocrx_word' id='word_1_294' title='bbox 2118 1124 2178 1144; x_wconf 91' lang='lat' dir='ltr'><strong>nu-</strong></span> 
     </span>
     <span class='ocr_line' id='line_1_23' title="bbox 233 1156 2178 1200; baseline -0.002 -10"><span class='ocrx_word' id='word_1_295' title='bbox 233 1168 339 1200; x_wconf 76' lang='lat' dir='ltr'><strong>gantur</strong></span> <span class='ocrx_word' id='word_1_296' title='bbox 363 1162 484 1193; x_wconf 74' lang='lat' dir='ltr'><strong>Graeci,</strong></span> <span class='ocrx_word' id='word_1_297' title='bbox 517 1171 590 1198; x_wconf 88' lang='lat' dir='ltr'><strong>quae</strong></span> <span class='ocrx_word' id='word_1_298' title='bbox 615 1170 671 1188; x_wconf 86' lang='lat' dir='ltr'><strong>non</strong></span> <span class='ocrx_word' id='word_1_299' title='bbox 696 1165 738 1188; x_wconf 84' lang='lat' dir='ltr'><strong>est</strong></span> <span class='ocrx_word' id='word_1_300' title='bbox 762 1160 809 1187; x_wconf 82' lang='lat' dir='ltr'><strong>liic</strong></span> <span class='ocrx_word' id='word_1_301' title='bbox 833 1160 948 1187; x_wconf 83' lang='lat' dir='ltr'><strong>dicendi</strong></span> <span class='ocrx_word' id='word_1_302' title='bbox 972 1160 1061 1188; x_wconf 86' lang='lat' dir='ltr'><strong>locus.</strong></span> <span class='ocrx_word' id='word_1_303' title='bbox 1102 1160 1174 1188; x_wconf 85' lang='lat' dir='ltr'><strong>Vide</strong></span> <span class='ocrx_word' id='word_1_304' title='bbox 1197 1159 1401 1199; x_wconf 68' lang='lat' dir='ltr'><strong>Holopluznia⁴</strong></span> <span class='ocrx_word' id='word_1_305' title='bbox 1430 1159 1516 1189; x_wconf 72' lang='lat' dir='ltr'><strong>Dae.</strong></span> <span class='ocrx_word' id='word_1_306' title='bbox 1561 1159 1639 1198; x_wconf 73' lang='lat' dir='ltr'><strong>Lege</strong></span> <span class='ocrx_word' id='word_1_307' title='bbox 1652 1159 1755 1200; x_wconf 80' lang='lat' dir='ltr'><strong>facia.</strong></span> <span class='ocrx_word' id='word_1_308' title='bbox 1797 1161 1887 1197; x_wconf 87' lang='lat' dir='ltr'><strong>Lege:</strong></span> <span class='ocrx_word' id='word_1_309' title='bbox 1920 1158 2027 1198; x_wconf 78' lang='lat' dir='ltr'><strong>Legem</strong></span> <span class='ocrx_word' id='word_1_310' title='bbox 2049 1156 2178 1197; x_wconf 72' lang='lat' dir='ltr'><strong>factam,</strong></span> 
     </span>
     <span class='ocr_line' id='line_1_24' title="bbox 232 1199 2134 1243; baseline -0.001 -11"><span class='ocrx_word' id='word_1_311' title='bbox 232 1206 296 1234; x_wconf 63' lang='lat' dir='ltr'><strong>x&#39;el:</strong></span> <span class='ocrx_word' id='word_1_312' title='bbox 321 1203 381 1243; x_wconf 70' lang='lat' dir='ltr'><strong>lege</strong></span> <span class='ocrx_word' id='word_1_313' title='bbox 404 1211 554 1238; x_wconf 77' lang='lat' dir='ltr'><strong>sanctum,</strong></span> <span class='ocrx_word' id='word_1_314' title='bbox 578 1210 608 1231; x_wconf 78' lang='lat' dir='ltr'><strong>ui</strong></span> <span class='ocrx_word' id='word_1_315' title='bbox 632 1204 681 1241; x_wconf 80' lang='lat' dir='ltr'><strong>qui</strong></span> <span class='ocrx_word' id='word_1_316' title='bbox 703 1202 735 1230; x_wconf 81' lang='lat' dir='ltr'><strong>id</strong></span> <span class='ocrx_word' id='word_1_317' title='bbox 748 1202 887 1242; x_wconf 74' lang='lat' dir='ltr'><strong>jecisset,</strong></span> <span class='ocrx_word' id='word_1_318' title='bbox 912 1202 1025 1242; x_wconf 79' lang='lat' dir='ltr'><strong>capital</strong></span> <span class='ocrx_word' id='word_1_319' title='bbox 1047 1210 1116 1230; x_wconf 80' lang='lat' dir='ltr'><strong>esset</strong></span> <span class='ocrx_word' id='word_1_320' title='bbox 1138 1203 1170 1230; x_wconf 79' lang='lat' dir='ltr'><strong>ei.</strong></span> <span class='ocrx_word' id='word_1_321' title='bbox 1197 1201 1309 1230; x_wconf 80' lang='lat' dir='ltr'><strong>Idem.</strong></span> <span class='ocrx_word' id='word_1_322' title='bbox 1352 1201 1512 1239; x_wconf 78' lang='lat' dir='ltr'><strong>Quosdam.</strong></span> <span class='ocrx_word' id='word_1_323' title='bbox 1540 1202 1706 1237; x_wconf 84' lang='lat' dir='ltr'><strong>Quondam.</strong></span> <span class='ocrx_word' id='word_1_324' title='bbox 1745 1201 1851 1241; x_wconf 80' lang='lat' dir='ltr'><strong>Capite.</strong></span> <span class='ocrx_word' id='word_1_325' title='bbox 1878 1201 2001 1240; x_wconf 79' lang='lat' dir='ltr'><strong>capital.</strong></span> <span class='ocrx_word' id='word_1_326' title='bbox 2027 1199 2134 1230; x_wconf 75' lang='lat' dir='ltr'><strong>Goth.</strong></span> 
     </span>
    </p>

    <p class='ocr_par' dir='ltr' id='par_1_7' title="bbox 237 1241 2176 1325">
     <span class='ocr_line' id='line_1_25' title="bbox 398 1241 2176 1284; baseline -0.002 -10"><span class='ocrx_word' id='word_1_327' title='bbox 398 1245 506 1274; x_wconf 81' lang='lat' dir='ltr'><strong>Sulci</strong></span> <span class='ocrx_word' id='word_1_328' title='bbox 536 1243 796 1284; x_wconf 74' lang='lat' dir='ltr'><strong>appellantur.</strong></span> <span class='ocrx_word' id='word_1_329' title='bbox 841 1245 946 1272; x_wconf 76' lang='lat' dir='ltr'><strong>Sulcus</strong></span> <span class='ocrx_word' id='word_1_330' title='bbox 976 1246 1132 1282; x_wconf 78' lang='lat' dir='ltr'><strong>vestigium</strong></span> <span class='ocrx_word' id='word_1_331' title='bbox 1162 1245 1269 1280; x_wconf 83' lang='lat' dir='ltr'><strong>aratri,</strong></span> <span class='ocrx_word' id='word_1_332' title='bbox 1306 1245 1426 1273; x_wconf 86' lang='lat' dir='ltr'><strong>Graecis</strong></span> <span class='ocrx_word' id='word_1_333' title='bbox 1454 1242 1550 1280; x_wconf 82' lang='grc' dir='ltr'><strong><em>ὁλκός.</em></strong></span> <span class='ocrx_word' id='word_1_334' title='bbox 1596 1245 1800 1282; x_wconf 84' lang='lat' dir='ltr'><strong>Apollon.111.</strong></span> <span class='ocrx_word' id='word_1_335' title='bbox 1825 1246 1933 1282; x_wconf 86' lang='lat' dir='ltr'><strong>Argon.</strong></span> <span class='ocrx_word' id='word_1_336' title='bbox 1956 1243 2061 1280; x_wconf 85' lang='lat'><strong>(141.).</strong></span> <span class='ocrx_word' id='word_1_337' title='bbox 2088 1241 2176 1271; x_wconf 76' lang='lat' dir='ltr'><strong>Dae.</strong></span> 
     </span>
     <span class='ocr_line' id='line_1_26' title="bbox 237 1285 2124 1325; baseline -0.003 -8"><span class='ocrx_word' id='word_1_338' title='bbox 237 1288 294 1317; x_wconf 72' lang='lat' dir='ltr'><strong>Vel</strong></span> <span class='ocrx_word' id='word_1_339' title='bbox 315 1287 393 1316; x_wconf 80' lang='lat' dir='ltr'><strong>urbis</strong></span> <span class='ocrx_word' id='word_1_340' title='bbox 417 1286 593 1317; x_wconf 70' lang='lat' dir='ltr'><strong>condendae.</strong></span> <span class='ocrx_word' id='word_1_341' title='bbox 640 1287 711 1315; x_wconf 86' lang='lat' dir='ltr'><strong>Nam</strong></span> <span class='ocrx_word' id='word_1_342' title='bbox 735 1287 813 1325; x_wconf 85' lang='lat' dir='ltr'><strong>apud</strong></span> <span class='ocrx_word' id='word_1_343' title='bbox 837 1292 949 1315; x_wconf 80' lang='lat' dir='ltr'><strong>veteres</strong></span> <span class='ocrx_word' id='word_1_344' title='bbox 971 1288 1099 1325; x_wconf 76' lang='lat' dir='ltr'><strong>spatium</strong></span> <span class='ocrx_word' id='word_1_345' title='bbox 1123 1287 1241 1315; x_wconf 84' lang='lat' dir='ltr'><strong>futurae</strong></span> <span class='ocrx_word' id='word_1_346' title='bbox 1263 1287 1343 1315; x_wconf 92' lang='lat' dir='ltr'><strong>urbis</strong></span> <span class='ocrx_word' id='word_1_347' title='bbox 1367 1292 1464 1315; x_wconf 86' lang='lat' dir='ltr'><strong>aratro</strong></span> <span class='ocrx_word' id='word_1_348' title='bbox 1489 1287 1706 1325; x_wconf 82' lang='lat' dir='ltr'><strong>designabatur.</strong></span> <span class='ocrx_word' id='word_1_349' title='bbox 1752 1287 1853 1325; x_wconf 86' lang='lat' dir='ltr'><strong>Virgil.</strong></span> <span class='ocrx_word' id='word_1_350' title='bbox 1871 1287 1892 1316; x_wconf 92' lang='grc' dir='ltr'><strong>Ι.</strong></span> <span class='ocrx_word' id='word_1_351' title='bbox 1917 1286 1985 1315; x_wconf 85' lang='lat' dir='ltr'><strong>Aen.</strong></span> <span class='ocrx_word' id='word_1_352' title='bbox 2010 1285 2124 1322; x_wconf 79' lang='lat'><strong>(425.):</strong></span> 
     </span>
    </p>

    <p class='ocr_par' dir='ltr' id='par_1_8' title="bbox 233 1328 1536 1413">
     <span class='ocr_line' id='line_1_27' title="bbox 769 1328 1536 1368; baseline 0.001 -11"><span class='ocrx_word' id='word_1_353' title='bbox 769 1328 841 1357; x_wconf 68' lang='lat' dir='ltr'><em>Pars</em></span> <span class='ocrx_word' id='word_1_354' title='bbox 864 1336 963 1368; x_wconf 64' lang='lat' dir='ltr'><strong>apfssre</strong></span> <span class='ocrx_word' id='word_1_355' title='bbox 986 1328 1080 1357; x_wconf 71' lang='grc' dir='ltr'><em>ΖΟΟΠΠῚ</em></span> <span class='ocrx_word' id='word_1_356' title='bbox 1106 1337 1180 1358; x_wconf 66' lang='grc'><em>16010</em></span> <span class='ocrx_word' id='word_1_357' title='bbox 1202 1337 1228 1358; x_wconf 74' lang='lat' dir='ltr'><strong>el</strong></span> <span class='ocrx_word' id='word_1_358' title='bbox 1251 1328 1424 1358; x_wconf 65' lang='lat' dir='ltr'><strong>COUCZudere</strong></span> <span class='ocrx_word' id='word_1_359' title='bbox 1444 1328 1536 1358; x_wconf 72' lang='lat' dir='ltr'>SUZCO·</span> 
     </span>
     <span class='ocr_line' id='line_1_28' title="bbox 233 1370 1301 1413; baseline -0.002 -12"><span class='ocrx_word' id='word_1_360' title='bbox 233 1372 341 1401; x_wconf 77' lang='lat' dir='ltr'><strong>Idem.</strong></span> <span class='ocrx_word' id='word_1_361' title='bbox 379 1370 436 1400; x_wconf 76' lang='lat' dir='ltr'><strong>Vel</strong></span> <span class='ocrx_word' id='word_1_362' title='bbox 447 1370 575 1413; x_wconf 82' lang='lat' dir='ltr'><strong>fossura</strong></span> <span class='ocrx_word' id='word_1_363' title='bbox 599 1372 683 1400; x_wconf 76' lang='lat' dir='ltr'><strong>rectis</strong></span> <span class='ocrx_word' id='word_1_364' title='bbox 706 1370 852 1400; x_wconf 72' lang='lat' dir='ltr'><strong>lateribus.</strong></span> <span class='ocrx_word' id='word_1_365' title='bbox 898 1372 999 1408; x_wconf 79' lang='lat' dir='ltr'><strong>virgil.</strong></span> <span class='ocrx_word' id='word_1_366' title='bbox 1017 1372 1051 1402; x_wconf 76' lang='lat' dir='ltr'><strong>ll,</strong></span> <span class='ocrx_word' id='word_1_367' title='bbox 1077 1373 1184 1408; x_wconf 83' lang='lat' dir='ltr'><strong>Georg.</strong></span> <span class='ocrx_word' id='word_1_368' title='bbox 1211 1371 1301 1407; x_wconf 77' lang='lat'><strong>(24.):</strong></span> 
     </span>
    </p>

    <p class='ocr_par' dir='ltr' id='par_1_9' title="bbox 768 1411 1631 1452">
     <span class='ocr_line' id='line_1_29' title="bbox 768 1411 1631 1452; baseline 0 -11"><span class='ocrx_word' id='word_1_369' title='bbox 768 1413 830 1441; x_wconf 80' lang='lat' dir='ltr'><strong>Hic</strong></span> <span class='ocrx_word' id='word_1_370' title='bbox 851 1412 971 1451; x_wconf 73' lang='lat' dir='ltr'><strong>planias</strong></span> <span class='ocrx_word' id='word_1_371' title='bbox 993 1421 1087 1442; x_wconf 69' lang='lat' dir='ltr'><strong>tenero</strong></span> <span class='ocrx_word' id='word_1_372' title='bbox 1110 1412 1285 1442; x_wconf 78' lang='lat' dir='ltr'><strong>abscindens</strong></span> <span class='ocrx_word' id='word_1_373' title='bbox 1308 1411 1343 1441; x_wconf 78' lang='lat' dir='ltr'><strong>de</strong></span> <span class='ocrx_word' id='word_1_374' title='bbox 1365 1423 1484 1452; x_wconf 81' lang='lat' dir='ltr'><strong>corpore</strong></span> <span class='ocrx_word' id='word_1_375' title='bbox 1506 1420 1631 1442; x_wconf 80' lang='lat' dir='ltr'><strong>matrum</strong></span> 
     </span>
    </p>

    <p class='ocr_par' dir='ltr' id='par_1_10' title="bbox 233 1455 2177 1579">
     <span class='ocr_line' id='line_1_30' title="bbox 766 1455 1024 1493; baseline 0.008 -10"><span class='ocrx_word' id='word_1_376' title='bbox 766 1455 904 1493; x_wconf 76' lang='lat' dir='ltr'><strong>Deposuit</strong></span> <span class='ocrx_word' id='word_1_377' title='bbox 926 1455 1024 1485; x_wconf 83' lang='lat' dir='ltr'><strong>sulcis.</strong></span> 
     </span>
     <span class='ocr_line' id='line_1_31' title="bbox 233 1496 2177 1537; baseline -0.002 -10"><span class='ocrx_word' id='word_1_378' title='bbox 233 1498 343 1527; x_wconf 74' lang='lat' dir='ltr'><strong>Idem.</strong></span> <span class='ocrx_word' id='word_1_379' title='bbox 376 1496 495 1526; x_wconf 78' lang='lat' dir='ltr'><strong>Fulmen</strong></span> <span class='ocrx_word' id='word_1_380' title='bbox 519 1508 640 1537; x_wconf 81' lang='lat' dir='ltr'><strong>quoque.</strong></span> <span class='ocrx_word' id='word_1_381' title='bbox 679 1497 762 1525; x_wconf 83' lang='lat' dir='ltr'><strong>Unde</strong></span> <span class='ocrx_word' id='word_1_382' title='bbox 786 1503 815 1525; x_wconf 86' lang='lat' dir='ltr'><strong>et</strong></span> <span class='ocrx_word' id='word_1_383' title='bbox 838 1497 1006 1535; x_wconf 76' lang='lat' dir='ltr'><strong>trisulcum,</strong></span> <span class='ocrx_word' id='word_1_384' title='bbox 1036 1498 1116 1536; x_wconf 91' lang='lat' dir='ltr'><strong>quod</strong></span> <span class='ocrx_word' id='word_1_385' title='bbox 1140 1507 1195 1536; x_wconf 84' lang='lat' dir='ltr'><strong>per</strong></span> <span class='ocrx_word' id='word_1_386' title='bbox 1216 1502 1277 1525; x_wconf 84' lang='lat' dir='ltr'><strong>tres</strong></span> <span class='ocrx_word' id='word_1_387' title='bbox 1300 1502 1414 1525; x_wconf 83' lang='lat' dir='ltr'><strong>tractus</strong></span> <span class='ocrx_word' id='word_1_388' title='bbox 1438 1498 1500 1526; x_wconf 85' lang='lat' dir='ltr'><strong>sive</strong></span> <span class='ocrx_word' id='word_1_389' title='bbox 1523 1498 1622 1526; x_wconf 86' lang='lat' dir='ltr'><strong>sulcos</strong></span> <span class='ocrx_word' id='word_1_390' title='bbox 1645 1503 1750 1526; x_wconf 85' lang='lat' dir='ltr'><strong>manet.</strong></span> <span class='ocrx_word' id='word_1_391' title='bbox 1789 1498 1861 1526; x_wconf 88' lang='lat' dir='ltr'><strong>Nam</strong></span> <span class='ocrx_word' id='word_1_392' title='bbox 1885 1498 1914 1526; x_wconf 90' lang='lat' dir='ltr'><strong>id</strong></span> <span class='ocrx_word' id='word_1_393' title='bbox 1938 1497 2057 1536; x_wconf 86' lang='lat' dir='ltr'><strong>proprie</strong></span> <span class='ocrx_word' id='word_1_394' title='bbox 2080 1497 2177 1526; x_wconf 83' lang='lat' dir='ltr'><strong>sulcus</strong></span> 
     </span>
     <span class='ocr_line' id='line_1_32' title="bbox 233 1540 900 1579; baseline -0.004 -9"><span class='ocrx_word' id='word_1_395' title='bbox 233 1542 351 1570; x_wconf 85' lang='lat' dir='ltr'><strong>dicitur.</strong></span> <span class='ocrx_word' id='word_1_396' title='bbox 391 1540 526 1579; x_wconf 88' lang='lat' dir='ltr'><strong>Apollon.</strong></span> <span class='ocrx_word' id='word_1_397' title='bbox 543 1540 592 1569; x_wconf 83' lang='lat'><strong>111.</strong></span> <span class='ocrx_word' id='word_1_398' title='bbox 617 1540 725 1576; x_wconf 79' lang='lat' dir='ltr'><strong>Argon.</strong></span> <span class='ocrx_word' id='word_1_399' title='bbox 749 1542 788 1574; x_wconf 85' lang='lat' dir='ltr'><strong>(V.</strong></span> <span class='ocrx_word' id='word_1_400' title='bbox 804 1541 900 1577; x_wconf 77' lang='lat'>141.):</span> 
     </span>
    </p>

    <p class='ocr_par' dir='ltr' id='par_1_11' title="bbox 233 1577 2176 1737">
     <span class='ocr_line' id='line_1_33' title="bbox 764 1577 1536 1621; baseline 0 -10"><span class='ocrx_word' id='word_1_401' title='bbox 764 1579 869 1619; x_wconf 78' lang='grc' dir='ltr'><strong><em>Ἀστὴρ</em></strong></span> <span class='ocrx_word' id='word_1_402' title='bbox 894 1580 948 1618; x_wconf 77' lang='grc' dir='ltr'><strong>ὥς,</strong></span> <span class='ocrx_word' id='word_1_403' title='bbox 974 1581 1158 1621; x_wconf 78' lang='grc' dir='ltr'><em>φλεγέθοντα</em></span> <span class='ocrx_word' id='word_1_404' title='bbox 1182 1578 1223 1611; x_wconf 74' lang='grc' dir='ltr'><strong>ὁι7</strong></span> <span class='ocrx_word' id='word_1_405' title='bbox 1242 1579 1331 1620; x_wconf 73' lang='grc' dir='ltr'><strong><em>ἥερος</em></strong></span> <span class='ocrx_word' id='word_1_406' title='bbox 1353 1577 1443 1611; x_wconf 74' lang='grc' dir='ltr'><strong><em>ὁλκὸν</em></strong></span> <span class='ocrx_word' id='word_1_407' title='bbox 1465 1582 1536 1619; x_wconf 67' lang='grc' dir='ltr'><strong><em>ἰἠσι.</em></strong></span> 
     </span>
     <span class='ocr_line' id='line_1_34' title="bbox 234 1622 2176 1664; baseline 0 -11"><span class='ocrx_word' id='word_1_408' title='bbox 234 1628 332 1660; x_wconf 86' lang='lat' dir='ltr'><strong>Quare</strong></span> <span class='ocrx_word' id='word_1_409' title='bbox 364 1625 473 1663; x_wconf 89' lang='lat' dir='ltr'><strong>optime</strong></span> <span class='ocrx_word' id='word_1_410' title='bbox 497 1624 610 1651; x_wconf 76' lang='lat' dir='ltr'><strong>Nonius</strong></span> <span class='ocrx_word' id='word_1_411' title='bbox 638 1624 807 1662; x_wconf 76' lang='lat' dir='ltr'><strong>(pag-448.</strong></span> <span class='ocrx_word' id='word_1_412' title='bbox 831 1624 953 1660; x_wconf 64' lang='lat' dir='ltr'><strong>Mei-c.):</strong></span> <span class='ocrx_word' id='word_1_413' title='bbox 999 1623 1118 1660; x_wconf 67' lang='lat' dir='ltr'><strong>Salem,</strong></span> <span class='ocrx_word' id='word_1_414' title='bbox 1149 1624 1263 1661; x_wconf 84' lang='lat' dir='ltr'><strong>inquit,</strong></span> <span class='ocrx_word' id='word_1_415' title='bbox 1294 1635 1377 1652; x_wconf 85' lang='lat' dir='ltr'><strong>omne</strong></span> <span class='ocrx_word' id='word_1_416' title='bbox 1399 1623 1540 1664; x_wconf 75' lang='lat' dir='ltr'><strong>quicquid</strong></span> <span class='ocrx_word' id='word_1_417' title='bbox 1562 1624 1591 1651; x_wconf 85' lang='lat' dir='ltr'><strong>in</strong></span> <span class='ocrx_word' id='word_1_418' title='bbox 1615 1622 1797 1662; x_wconf 72' lang='lat' dir='ltr'><strong>longitudine</strong></span> <span class='ocrx_word' id='word_1_419' title='bbox 1816 1622 1979 1653; x_wconf 80' lang='lat' dir='ltr'><strong>aculeatum</strong></span> <span class='ocrx_word' id='word_1_420' title='bbox 2003 1631 2053 1653; x_wconf 76' lang='lat' dir='ltr'><strong>est.</strong></span> <span class='ocrx_word' id='word_1_421' title='bbox 2089 1623 2176 1653; x_wconf 75' lang='lat' dir='ltr'><strong>Dac-</strong></span> 
     </span>
     <span class='ocr_line' id='line_1_35' title="bbox 238 1664 2175 1706; baseline 0.001 -11"><span class='ocrx_word' id='word_1_422' title='bbox 238 1668 315 1705; x_wconf 78' lang='lat' dir='ltr'><strong>Qnia</strong></span> <span class='ocrx_word' id='word_1_423' title='bbox 338 1665 385 1695; x_wconf 83' lang='lat' dir='ltr'><em>illi</em></span> <span class='ocrx_word' id='word_1_424' title='bbox 408 1666 508 1695; x_wconf 78' lang='lat' dir='ltr'><strong>dicunt</strong></span> <span class='ocrx_word' id='word_1_425' title='bbox 532 1664 626 1701; x_wconf 81' lang='grc' dir='ltr'><strong><em>ὁλκός.</em></strong></span> <span class='ocrx_word' id='word_1_426' title='bbox 672 1667 713 1694; x_wconf 85' lang='lat' dir='ltr'><strong>lta</strong></span> <span class='ocrx_word' id='word_1_427' title='bbox 739 1667 835 1694; x_wconf 82' lang='lat' dir='ltr'><strong>Latini</strong></span> <span class='ocrx_word' id='word_1_428' title='bbox 864 1667 977 1695; x_wconf 80' lang='lat' dir='ltr'><strong>literam</strong></span> <span class='ocrx_word' id='word_1_429' title='bbox 1004 1666 1027 1695; x_wconf 84' lang='lat' dir='ltr'><strong><em>S</em></strong></span> <span class='ocrx_word' id='word_1_430' title='bbox 1048 1667 1165 1695; x_wconf 87' lang='lat' dir='ltr'><strong>addunt</strong></span> <span class='ocrx_word' id='word_1_431' title='bbox 1188 1667 1308 1694; x_wconf 82' lang='lat' dir='ltr'><strong>Graecis</strong></span> <span class='ocrx_word' id='word_1_432' title='bbox 1332 1667 1494 1695; x_wconf 82' lang='lat' dir='ltr'><strong>nonnullis.</strong></span> <span class='ocrx_word' id='word_1_433' title='bbox 1535 1666 1607 1695; x_wconf 73' lang='lat' dir='ltr'><strong>Vide</strong></span> <span class='ocrx_word' id='word_1_434' title='bbox 1629 1666 1705 1694; x_wconf 81' lang='lat' dir='ltr'><strong>iufra</strong></span> <span class='ocrx_word' id='word_1_435' title='bbox 1729 1665 1869 1706; x_wconf 82' lang='lat' dir='ltr'><strong>Suppum.</strong></span> <span class='ocrx_word' id='word_1_436' title='bbox 1900 1665 2006 1696; x_wconf 74' lang='lat' dir='ltr'><strong>Goth.</strong></span> <span class='ocrx_word' id='word_1_437' title='bbox 2048 1665 2175 1696; x_wconf 79' lang='lat' dir='ltr'><strong>Victum.</strong></span> 
     </span>
     <span class='ocr_line' id='line_1_36' title="bbox 233 1707 514 1737; baseline -0.007 0"><span class='ocrx_word' id='word_1_438' title='bbox 233 1711 360 1737; x_wconf 80' lang='lat' dir='ltr'><strong>Dictum.</strong></span> <span class='ocrx_word' id='word_1_439' title='bbox 406 1707 514 1736; x_wconf 69' lang='lat' dir='ltr'><strong>Idem.</strong></span> 
     </span>
    </p>

    <p class='ocr_par' dir='ltr' id='par_1_12' title="bbox 234 1748 2180 2384">
     <span class='ocr_line' id='line_1_37' title="bbox 397 1748 2178 1791; baseline 0 -12"><span class='ocrx_word' id='word_1_440' title='bbox 397 1751 565 1779; x_wconf 70' lang='grc' dir='ltr'><strong><em>διιαειιηι.</em></strong></span> <span class='ocrx_word' id='word_1_441' title='bbox 611 1750 719 1778; x_wconf 86' lang='lat' dir='ltr'><strong>Versus</strong></span> <span class='ocrx_word' id='word_1_442' title='bbox 743 1751 838 1779; x_wconf 87' lang='lat' dir='ltr'><strong>Plauti</strong></span> <span class='ocrx_word' id='word_1_443' title='bbox 869 1756 913 1780; x_wconf 82' lang='lat' dir='ltr'><strong>est</strong></span> <span class='ocrx_word' id='word_1_444' title='bbox 936 1752 965 1780; x_wconf 90' lang='lat' dir='ltr'><strong>in</strong></span> <span class='ocrx_word' id='word_1_445' title='bbox 989 1752 1171 1780; x_wconf 86' lang='lat' dir='ltr'><strong>Truculento</strong></span> <span class='ocrx_word' id='word_1_446' title='bbox 1195 1748 1257 1791; x_wconf 82' lang='lat' dir='ltr'><strong>(II,</strong></span> <span class='ocrx_word' id='word_1_447' title='bbox 1280 1753 1313 1786; x_wconf 78' lang='lat'><strong>2,</strong></span> <span class='ocrx_word' id='word_1_448' title='bbox 1341 1748 1426 1790; x_wconf 87' lang='lat'><strong>16.),</strong></span> <span class='ocrx_word' id='word_1_449' title='bbox 1463 1750 1492 1779; x_wconf 92' lang='lat' dir='ltr'><strong>in</strong></span> <span class='ocrx_word' id='word_1_450' title='bbox 1522 1760 1581 1788; x_wconf 89' lang='lat' dir='ltr'><strong>quo</strong></span> <span class='ocrx_word' id='word_1_451' title='bbox 1609 1750 1718 1788; x_wconf 75' lang='lat' dir='ltr'><strong>legitur</strong></span> <span class='ocrx_word' id='word_1_452' title='bbox 1746 1751 1871 1780; x_wconf 72' lang='lat' dir='ltr'><strong>insitas-o.</strong></span> <span class='ocrx_word' id='word_1_453' title='bbox 1918 1750 1990 1779; x_wconf 87' lang='lat' dir='ltr'><strong>Vide</strong></span> <span class='ocrx_word' id='word_1_454' title='bbox 2013 1748 2178 1779; x_wconf 78' lang='lat' dir='ltr'><strong>Insuasum.</strong></span> 
     </span>
     <span class='ocr_line' id='line_1_38' title="bbox 234 1792 2178 1832; baseline -0.001 -10"><span class='ocrx_word' id='word_1_455' title='bbox 234 1795 321 1822; x_wconf 80' lang='lat' dir='ltr'><strong>Ant.</strong></span> <span class='ocrx_word' id='word_1_456' title='bbox 342 1793 433 1832; x_wconf 79' lang='lat' dir='ltr'><strong>Aug.</strong></span> <span class='ocrx_word' id='word_1_457' title='bbox 473 1793 555 1827; x_wconf 84' lang='lat' dir='ltr'><strong>Quae</strong></span> <span class='ocrx_word' id='word_1_458' title='bbox 579 1792 791 1832; x_wconf 74' lang='grc' dir='ltr'><strong>ἐπιτεταμένως</strong></span> <span class='ocrx_word' id='word_1_459' title='bbox 814 1795 946 1823; x_wconf 82' lang='lat' dir='ltr'><strong>colorata</strong></span> <span class='ocrx_word' id='word_1_460' title='bbox 971 1799 1038 1822; x_wconf 84' lang='lat' dir='ltr'><strong>suut</strong></span> <span class='ocrx_word' id='word_1_461' title='bbox 1063 1800 1092 1822; x_wconf 88' lang='lat' dir='ltr'><strong>et</strong></span> <span class='ocrx_word' id='word_1_462' title='bbox 1114 1798 1260 1829; x_wconf 85' lang='lat' dir='ltr'><strong>saturata,</strong></span> <span class='ocrx_word' id='word_1_463' title='bbox 1291 1793 1395 1821; x_wconf 77' lang='lat' dir='ltr'><strong>Graeci</strong></span> <span class='ocrx_word' id='word_1_464' title='bbox 1419 1793 1598 1830; x_wconf 70' lang='grc' dir='ltr'><strong><em>πεπεισμένα</em></strong></span> <span class='ocrx_word' id='word_1_465' title='bbox 1621 1793 1740 1830; x_wconf 86' lang='lat' dir='ltr'><strong>dieunt,</strong></span> <span class='ocrx_word' id='word_1_466' title='bbox 1768 1793 1864 1821; x_wconf 89' lang='lat' dir='ltr'><strong>Latini</strong></span> <span class='ocrx_word' id='word_1_467' title='bbox 1886 1804 1974 1821; x_wconf 82' lang='lat' dir='ltr'><strong>suasa</strong></span> <span class='ocrx_word' id='word_1_468' title='bbox 1997 1798 2026 1822; x_wconf 85' lang='lat' dir='ltr'><strong>et</strong></span> <span class='ocrx_word' id='word_1_469' title='bbox 2048 1793 2178 1828; x_wconf 72' lang='lat' dir='ltr'><strong>insuam,</strong></span> 
     </span>
     <span class='ocr_line' id='line_1_39' title="bbox 237 1833 2178 1875; baseline 0.001 -13"><span class='ocrx_word' id='word_1_470' title='bbox 237 1846 308 1872; x_wconf 80' lang='lat' dir='ltr'><strong>quae</strong></span> <span class='ocrx_word' id='word_1_471' title='bbox 332 1836 447 1874; x_wconf 86' lang='lat' dir='ltr'><strong>penitus</strong></span> <span class='ocrx_word' id='word_1_472' title='bbox 470 1836 521 1864; x_wconf 80' lang='grc' dir='ltr'><strong>καὶ</strong></span> <span class='ocrx_word' id='word_1_473' title='bbox 545 1836 586 1870; x_wconf 82' lang='grc' dir='ltr'><strong>εἰς</strong></span> <span class='ocrx_word' id='word_1_474' title='bbox 610 1834 708 1874; x_wconf 74' lang='grc' dir='ltr'><strong><em>βάθος</em></strong></span> <span class='ocrx_word' id='word_1_475' title='bbox 730 1836 913 1865; x_wconf 84' lang='lat' dir='ltr'><strong>imbiberunt</strong></span> <span class='ocrx_word' id='word_1_476' title='bbox 937 1837 1074 1866; x_wconf 78' lang='lat' dir='ltr'><strong>colorem.</strong></span> <span class='ocrx_word' id='word_1_477' title='bbox 1108 1836 1294 1875; x_wconf 84' lang='lat' dir='ltr'><strong>Epigramma</strong></span> <span class='ocrx_word' id='word_1_478' title='bbox 1318 1840 1419 1864; x_wconf 87' lang='lat' dir='ltr'><strong>vetus:</strong></span> <span class='ocrx_word' id='word_1_479' title='bbox 1445 1851 1482 1857; x_wconf 92' lang='lat'>—</span> <span class='ocrx_word' id='word_1_480' title='bbox 1507 1839 1627 1874; x_wconf 83' lang='grc' dir='ltr'><strong><em>σχοῖνος</em></strong></span> <span class='ocrx_word' id='word_1_481' title='bbox 1651 1833 1781 1874; x_wconf 79' lang='grc' dir='ltr'><strong><em>βάμματι</em></strong></span> <span class='ocrx_word' id='word_1_482' title='bbox 1802 1833 1996 1874; x_wconf 81' lang='grc' dir='ltr'><strong><em>πειθόμενος.</em></strong></span> <span class='ocrx_word' id='word_1_483' title='bbox 2027 1835 2064 1863; x_wconf 88' lang='lat' dir='ltr'><strong>Et</strong></span> <span class='ocrx_word' id='word_1_484' title='bbox 2082 1834 2178 1864; x_wconf 83' lang='lat' dir='ltr'><strong>Strab.</strong></span> 
     </span>
     <span class='ocr_line' id='line_1_40' title="bbox 237 1876 2179 1917; baseline 0 -12"><span class='ocrx_word' id='word_1_485' title='bbox 237 1877 435 1914; x_wconf 71' lang='grc' dir='ltr'><strong><em>πεπεισμένως</em></strong></span> <span class='ocrx_word' id='word_1_486' title='bbox 458 1877 672 1907; x_wconf 78' lang='grc' dir='ltr'><strong><em>ἔπικεκαῦσθοιι</em></strong></span> <span class='ocrx_word' id='word_1_487' title='bbox 694 1876 748 1915; x_wconf 73' lang='grc' dir='ltr'><strong>τὴν</strong></span> <span class='ocrx_word' id='word_1_488' title='bbox 770 1877 872 1917; x_wconf 75' lang='grc' dir='ltr'><strong><em>χροάν.</em></strong></span> <span class='ocrx_word' id='word_1_489' title='bbox 904 1881 1061 1916; x_wconf 81' lang='lat' dir='ltr'><strong>Eleganter</strong></span> <span class='ocrx_word' id='word_1_490' title='bbox 1084 1879 1158 1907; x_wconf 87' lang='lat' dir='ltr'><strong>dicit</strong></span> <span class='ocrx_word' id='word_1_491' title='bbox 1180 1879 1298 1917; x_wconf 88' lang='lat' dir='ltr'><strong>penitus</strong></span> <span class='ocrx_word' id='word_1_492' title='bbox 1321 1878 1459 1906; x_wconf 85' lang='lat' dir='ltr'><strong>adustum</strong></span> <span class='ocrx_word' id='word_1_493' title='bbox 1483 1887 1545 1906; x_wconf 89' lang='lat' dir='ltr'><strong>esse</strong></span> <span class='ocrx_word' id='word_1_494' title='bbox 1569 1882 1597 1906; x_wconf 90' lang='lat' dir='ltr'><strong>et</strong></span> <span class='ocrx_word' id='word_1_495' title='bbox 1621 1878 1769 1916; x_wconf 83' lang='lat' dir='ltr'><strong>profunde</strong></span> <span class='ocrx_word' id='word_1_496' title='bbox 1792 1879 1958 1906; x_wconf 85' lang='lat' dir='ltr'><strong>coloratum</strong></span> <span class='ocrx_word' id='word_1_497' title='bbox 1981 1877 2051 1906; x_wconf 87' lang='lat' dir='ltr'><strong>sole.</strong></span> <span class='ocrx_word' id='word_1_498' title='bbox 2083 1877 2179 1906; x_wconf 79' lang='lat' dir='ltr'><strong>Latini</strong></span> 
     </span>
     <span class='ocr_line' id='line_1_41' title="bbox 238 1915 2178 1961; baseline 0.003 -16"><span class='ocrx_word' id='word_1_499' title='bbox 238 1919 381 1947; x_wconf 75' lang='lat' dir='ltr'><strong>insuasum</strong></span> <span class='ocrx_word' id='word_1_500' title='bbox 407 1921 516 1949; x_wconf 79' lang='lat' dir='ltr'><strong>dicunt.</strong></span> <span class='ocrx_word' id='word_1_501' title='bbox 558 1918 687 1948; x_wconf 80' lang='lat' dir='ltr'><strong>Colorem</strong></span> <span class='ocrx_word' id='word_1_502' title='bbox 711 1920 889 1961; x_wconf 78' lang='lat' dir='ltr'><strong>infumatum</strong></span> <span class='ocrx_word' id='word_1_503' title='bbox 914 1923 1002 1957; x_wconf 63' lang='lat' dir='ltr'><strong>vulgo</strong></span> <span class='ocrx_word' id='word_1_504' title='bbox 1026 1922 1225 1960; x_wconf 83' lang='lat' dir='ltr'><strong>appellamus,</strong></span> <span class='ocrx_word' id='word_1_505' title='bbox 1251 1920 1300 1959; x_wconf 86' lang='lat' dir='ltr'><strong>qui</strong></span> <span class='ocrx_word' id='word_1_506' title='bbox 1323 1921 1405 1949; x_wconf 88' lang='lat' dir='ltr'><strong>luteo</strong></span> <span class='ocrx_word' id='word_1_507' title='bbox 1428 1920 1531 1949; x_wconf 87' lang='lat' dir='ltr'><strong>similis</strong></span> <span class='ocrx_word' id='word_1_508' title='bbox 1554 1925 1612 1956; x_wconf 88' lang='lat' dir='ltr'><strong>est,</strong></span> <span class='ocrx_word' id='word_1_509' title='bbox 1635 1920 1684 1949; x_wconf 90' lang='lat' dir='ltr'><strong>sed</strong></span> <span class='ocrx_word' id='word_1_510' title='bbox 1707 1921 1844 1950; x_wconf 84' lang='lat' dir='ltr'><strong>obscuro.</strong></span> <span class='ocrx_word' id='word_1_511' title='bbox 1881 1921 1932 1949; x_wconf 83' lang='lat' dir='ltr'><strong>Est</strong></span> <span class='ocrx_word' id='word_1_512' title='bbox 1954 1920 2030 1948; x_wconf 89' lang='lat' dir='ltr'><strong>enim</strong></span> <span class='ocrx_word' id='word_1_513' title='bbox 2052 1915 2178 1958; x_wconf 79' lang='grc' dir='ltr'><strong><em>μήλινον</em></strong></span> 
     </span>
     <span class='ocr_line' id='line_1_42' title="bbox 239 1959 2178 2002; baseline 0.003 -14"><span class='ocrx_word' id='word_1_514' title='bbox 239 1962 336 1998; x_wconf 75' lang='grc' dir='ltr'>χρῶμα</span> <span class='ocrx_word' id='word_1_515' title='bbox 358 1961 388 1990; x_wconf 80' lang='grc' dir='ltr'><strong>τὸ</strong></span> <span class='ocrx_word' id='word_1_516' title='bbox 413 1959 624 2000; x_wconf 76' lang='grc' dir='ltr'><strong>βαθυνόμενυν</strong></span> <span class='ocrx_word' id='word_1_517' title='bbox 648 1964 757 2000; x_wconf 80' lang='grc' dir='ltr'><strong><em>μέλανι.</em></strong></span> <span class='ocrx_word' id='word_1_518' title='bbox 798 1965 932 1993; x_wconf 85' lang='lat' dir='ltr'><strong>Glossae:</strong></span> <span class='ocrx_word' id='word_1_519' title='bbox 959 1963 1113 1992; x_wconf 62' lang='lat' dir='ltr'><strong>Insuasum</strong></span> <span class='ocrx_word' id='word_1_520' title='bbox 1136 1962 1213 1998; x_wconf 74' lang='grc' dir='ltr'><strong><em>εἶδος</em></strong></span> <span class='ocrx_word' id='word_1_521' title='bbox 1237 1964 1382 2002; x_wconf 80' lang='grc' dir='ltr'><strong><em>ὁοκαρίου</em></strong></span> <span class='ocrx_word' id='word_1_522' title='bbox 1405 1963 1651 2001; x_wconf 75' lang='grc' dir='ltr'><strong><em>κεκαπνισμένου.</em></strong></span> <span class='ocrx_word' id='word_1_523' title='bbox 1692 1963 1797 1991; x_wconf 83' lang='lat' dir='ltr'><strong>Graeci</strong></span> <span class='ocrx_word' id='word_1_524' title='bbox 1819 1965 1920 2002; x_wconf 80' lang='grc' dir='ltr'><strong><em>χρῶμα</em></strong></span> <span class='ocrx_word' id='word_1_525' title='bbox 1941 1961 2178 2001; x_wconf 79' lang='grc' dir='ltr'><strong>κεκαπνισμὲνον</strong></span> 
     </span>
     <span class='ocr_line' id='line_1_43' title="bbox 240 2002 2180 2044; baseline 0.003 -16"><span class='ocrx_word' id='word_1_526' title='bbox 240 2002 374 2029; x_wconf 83' lang='lat' dir='ltr'><strong>similiter</strong></span> <span class='ocrx_word' id='word_1_527' title='bbox 397 2010 518 2039; x_wconf 78' lang='lat' dir='ltr'><strong>vocant,</strong></span> <span class='ocrx_word' id='word_1_528' title='bbox 546 2004 640 2042; x_wconf 88' lang='lat' dir='ltr'><strong>qualis</strong></span> <span class='ocrx_word' id='word_1_529' title='bbox 664 2010 706 2033; x_wconf 83' lang='lat' dir='ltr'><strong>est</strong></span> <span class='ocrx_word' id='word_1_530' title='bbox 729 2006 813 2034; x_wconf 85' lang='lat' dir='ltr'><strong>color</strong></span> <span class='ocrx_word' id='word_1_531' title='bbox 836 2008 865 2033; x_wconf 88' lang='lat' dir='ltr'><strong>in</strong></span> <span class='ocrx_word' id='word_1_532' title='bbox 890 2007 978 2044; x_wconf 80' lang='lat' dir='ltr'><strong>tignis</strong></span> <span class='ocrx_word' id='word_1_533' title='bbox 1003 2017 1036 2034; x_wconf 82' lang='lat' dir='ltr'><strong>ac</strong></span> <span class='ocrx_word' id='word_1_534' title='bbox 1059 2007 1193 2034; x_wconf 70' lang='lat' dir='ltr'><strong>trabibus</strong></span> <span class='ocrx_word' id='word_1_535' title='bbox 1219 2006 1333 2034; x_wconf 84' lang='lat' dir='ltr'><strong>diutino</strong></span> <span class='ocrx_word' id='word_1_536' title='bbox 1357 2005 1438 2035; x_wconf 86' lang='lat' dir='ltr'><strong>fumo</strong></span> <span class='ocrx_word' id='word_1_537' title='bbox 1461 2005 1585 2033; x_wconf 84' lang='lat' dir='ltr'><strong>insectis.</strong></span> <span class='ocrx_word' id='word_1_538' title='bbox 1614 2006 1713 2034; x_wconf 87' lang='lat' dir='ltr'><strong>Genus</strong></span> <span class='ocrx_word' id='word_1_539' title='bbox 1737 2010 1800 2034; x_wconf 89' lang='lat' dir='ltr'><strong>erat</strong></span> <span class='ocrx_word' id='word_1_540' title='bbox 1822 2005 1963 2044; x_wconf 83' lang='lat' dir='ltr'><strong>Iaspidis,</strong></span> <span class='ocrx_word' id='word_1_541' title='bbox 1987 2006 2036 2044; x_wconf 84' lang='lat' dir='ltr'><strong>qui</strong></span> <span class='ocrx_word' id='word_1_542' title='bbox 2050 2005 2180 2040; x_wconf 78' lang='grc' dir='ltr'><strong><em>καπνίας</em></strong></span> 
     </span>
     <span class='ocr_line' id='line_1_44' title="bbox 241 2042 2179 2089; baseline 0.004 -18"><span class='ocrx_word' id='word_1_543' title='bbox 241 2042 393 2089; x_wconf 76' lang='lat' dir='ltr'><strong>dicebatur</strong></span> <span class='ocrx_word' id='word_1_544' title='bbox 416 2055 430 2071; x_wconf 91' lang='lat' dir='ltr'><strong>a</strong></span> <span class='ocrx_word' id='word_1_545' title='bbox 454 2046 566 2074; x_wconf 76' lang='lat' dir='ltr'><strong>fumido</strong></span> <span class='ocrx_word' id='word_1_546' title='bbox 590 2047 700 2079; x_wconf 80' lang='lat' dir='ltr'><strong>colore.</strong></span> <span class='ocrx_word' id='word_1_547' title='bbox 746 2049 933 2077; x_wconf 83' lang='lat' dir='ltr'><strong>Dioscorides</strong></span> <span class='ocrx_word' id='word_1_548' title='bbox 957 2048 1024 2088; x_wconf 89' lang='lat' dir='ltr'><strong>(lib.</strong></span> <span class='ocrx_word' id='word_1_549' title='bbox 1040 2049 1077 2083; x_wconf 79' lang='lat' dir='ltr'><strong>V,</strong></span> <span class='ocrx_word' id='word_1_550' title='bbox 1104 2047 1208 2086; x_wconf 81' lang='lat'><strong>160.):</strong></span> <span class='ocrx_word' id='word_1_551' title='bbox 1243 2045 1278 2078; x_wconf 71' lang='lat' dir='ltr'><strong>‘O</strong></span> <span class='ocrx_word' id='word_1_552' title='bbox 1302 2048 1332 2078; x_wconf 86' lang='grc' dir='ltr'><strong>ὁὲ</strong></span> <span class='ocrx_word' id='word_1_553' title='bbox 1360 2045 1502 2085; x_wconf 83' lang='grc' dir='ltr'><strong><em>αἐρίζων,</em></strong></span> <span class='ocrx_word' id='word_1_554' title='bbox 1542 2045 1558 2078; x_wconf 78' lang='grc' dir='ltr'>ὁ</span> <span class='ocrx_word' id='word_1_555' title='bbox 1581 2047 1612 2078; x_wconf 76' lang='grc' dir='ltr'><strong>δὲ</strong></span> <span class='ocrx_word' id='word_1_556' title='bbox 1633 2048 1761 2083; x_wconf 82' lang='grc' dir='ltr'><strong><em>καπνίας</em></strong></span> <span class='ocrx_word' id='word_1_557' title='bbox 1784 2045 1910 2087; x_wconf 65' lang='grc' dir='ltr'><strong>ω”σπερεὶ</strong></span> <span class='ocrx_word' id='word_1_558' title='bbox 1934 2046 2179 2086; x_wconf 68' lang='grc' dir='ltr'><strong><em>κεκαπνισμένος.</em></strong></span> 
     </span>
     <span class='ocr_line' id='line_1_45' title="bbox 241 2085 2178 2130; baseline 0.003 -19"><span class='ocrx_word' id='word_1_559' title='bbox 241 2085 359 2114; x_wconf 68' lang='lat' dir='ltr'><strong>Cavems</strong></span> <span class='ocrx_word' id='word_1_560' title='bbox 390 2091 484 2115; x_wconf 83' lang='lat' dir='ltr'><strong>autem</strong></span> <span class='ocrx_word' id='word_1_561' title='bbox 515 2093 601 2126; x_wconf 87' lang='lat' dir='ltr'><strong>putes</strong></span> <span class='ocrx_word' id='word_1_562' title='bbox 627 2101 743 2118; x_wconf 80' lang='lat' dir='ltr'><strong>suasum</strong></span> <span class='ocrx_word' id='word_1_563' title='bbox 774 2095 801 2119; x_wconf 88' lang='lat' dir='ltr'><strong>et</strong></span> <span class='ocrx_word' id='word_1_564' title='bbox 826 2092 973 2120; x_wconf 82' lang='lat' dir='ltr'><strong>insuasum</strong></span> <span class='ocrx_word' id='word_1_565' title='bbox 1000 2093 1118 2130; x_wconf 77' lang='lat' dir='ltr'><strong>proprie</strong></span> <span class='ocrx_word' id='word_1_566' title='bbox 1142 2091 1202 2119; x_wconf 86' lang='lat' dir='ltr'><strong>dici</strong></span> <span class='ocrx_word' id='word_1_567' title='bbox 1222 2089 1274 2121; x_wconf 82' lang='grc' dir='ltr'><strong>τὸν</strong></span> <span class='ocrx_word' id='word_1_568' title='bbox 1295 2087 1424 2120; x_wconf 69' lang='grc' dir='ltr'><strong><em>κσίπνιον</em></strong></span> <span class='ocrx_word' id='word_1_569' title='bbox 1447 2091 1592 2126; x_wconf 85' lang='lat' dir='ltr'><strong>colorem,</strong></span> <span class='ocrx_word' id='word_1_570' title='bbox 1628 2090 1680 2119; x_wconf 87' lang='lat' dir='ltr'><strong>sed</strong></span> <span class='ocrx_word' id='word_1_571' title='bbox 1701 2091 1837 2119; x_wconf 87' lang='lat' dir='ltr'><strong>insuasus</strong></span> <span class='ocrx_word' id='word_1_572' title='bbox 1859 2091 1906 2118; x_wconf 89' lang='lat' dir='ltr'><strong>vel</strong></span> <span class='ocrx_word' id='word_1_573' title='bbox 1929 2100 2031 2119; x_wconf 87' lang='lat' dir='ltr'><strong>suasus</strong></span> <span class='ocrx_word' id='word_1_574' title='bbox 2055 2090 2138 2118; x_wconf 87' lang='lat' dir='ltr'><strong>color</strong></span> <span class='ocrx_word' id='word_1_575' title='bbox 2161 2087 2178 2121; x_wconf 81' lang='grc' dir='ltr'><em>ἆ</em></span> 
     </span>
     <span class='ocr_line' id='line_1_46' title="bbox 240 2126 2178 2173; baseline 0.002 -17"><span class='ocrx_word' id='word_1_576' title='bbox 240 2126 705 2173; x_wconf 54' lang='grc' dir='ltr'><strong><em>πεπεισμένωςὶκεκαπνισμένος.</em></strong></span> <span class='ocrx_word' id='word_1_577' title='bbox 755 2133 844 2168; x_wconf 88' lang='lat' dir='ltr'><strong>Quod</strong></span> <span class='ocrx_word' id='word_1_578' title='bbox 875 2134 911 2162; x_wconf 89' lang='lat' dir='ltr'><strong>de</strong></span> <span class='ocrx_word' id='word_1_579' title='bbox 940 2133 1076 2162; x_wconf 90' lang='lat' dir='ltr'><strong>omnibus</strong></span> <span class='ocrx_word' id='word_1_580' title='bbox 1106 2133 1257 2161; x_wconf 89' lang='lat' dir='ltr'><strong>coloribus</strong></span> <span class='ocrx_word' id='word_1_581' title='bbox 1285 2132 1498 2161; x_wconf 80' lang='lat' dir='ltr'><strong>intensioribus</strong></span> <span class='ocrx_word' id='word_1_582' title='bbox 1528 2132 1586 2161; x_wconf 82' lang='lat' dir='ltr'><strong>dici</strong></span> <span class='ocrx_word' id='word_1_583' title='bbox 1615 2137 1713 2171; x_wconf 90' lang='lat' dir='ltr'><strong>queat.</strong></span> <span class='ocrx_word' id='word_1_584' title='bbox 1758 2133 1795 2161; x_wconf 88' lang='lat' dir='ltr'><strong>Ut</strong></span> <span class='ocrx_word' id='word_1_585' title='bbox 1825 2134 1935 2169; x_wconf 80' lang='lat' dir='ltr'><strong>optime</strong></span> <span class='ocrx_word' id='word_1_586' title='bbox 1961 2132 2039 2161; x_wconf 81' lang='lat' dir='ltr'><strong>infra</strong></span> <span class='ocrx_word' id='word_1_587' title='bbox 2066 2132 2178 2161; x_wconf 82' lang='lat' dir='ltr'><strong>Festus.</strong></span> 
     </span>
     <span class='ocr_line' id='line_1_47' title="bbox 242 2169 2178 2213; baseline 0.003 -16"><span class='ocrx_word' id='word_1_588' title='bbox 242 2169 319 2203; x_wconf 86' lang='lat' dir='ltr'><strong>Quia</strong></span> <span class='ocrx_word' id='word_1_589' title='bbox 340 2178 412 2197; x_wconf 85' lang='lat' dir='ltr'><strong>vero</strong></span> <span class='ocrx_word' id='word_1_590' title='bbox 435 2173 565 2206; x_wconf 67' lang='lat' dir='ltr'><strong>tignum,</strong></span> <span class='ocrx_word' id='word_1_591' title='bbox 596 2174 675 2209; x_wconf 89' lang='lat' dir='ltr'><strong>quod</strong></span> <span class='ocrx_word' id='word_1_592' title='bbox 698 2174 812 2204; x_wconf 85' lang='lat' dir='ltr'><strong>diutino</strong></span> <span class='ocrx_word' id='word_1_593' title='bbox 836 2176 917 2204; x_wconf 86' lang='lat' dir='ltr'><strong>sumo</strong></span> <span class='ocrx_word' id='word_1_594' title='bbox 940 2177 1080 2204; x_wconf 79' lang='lat' dir='ltr'><strong>infectum</strong></span> <span class='ocrx_word' id='word_1_595' title='bbox 1105 2181 1166 2212; x_wconf 89' lang='lat' dir='ltr'><strong>est,</strong></span> <span class='ocrx_word' id='word_1_596' title='bbox 1191 2176 1238 2204; x_wconf 86' lang='lat' dir='ltr'><strong>vel</strong></span> <span class='ocrx_word' id='word_1_597' title='bbox 1262 2185 1310 2212; x_wconf 84' lang='lat' dir='ltr'><strong>ea,</strong></span> <span class='ocrx_word' id='word_1_598' title='bbox 1333 2185 1408 2213; x_wconf 88' lang='lat' dir='ltr'><strong>quae</strong></span> <span class='ocrx_word' id='word_1_599' title='bbox 1432 2186 1467 2204; x_wconf 86' lang='lat' dir='ltr'><strong>ex</strong></span> <span class='ocrx_word' id='word_1_600' title='bbox 1491 2175 1644 2203; x_wconf 85' lang='lat' dir='ltr'><strong>stillicidio</strong></span> <span class='ocrx_word' id='word_1_601' title='bbox 1667 2175 1783 2203; x_wconf 85' lang='lat' dir='ltr'><strong>fumoso</strong></span> <span class='ocrx_word' id='word_1_602' title='bbox 1805 2175 1914 2203; x_wconf 80' lang='lat' dir='ltr'><strong>insecta</strong></span> <span class='ocrx_word' id='word_1_603' title='bbox 1936 2180 2024 2212; x_wconf 82' lang='lat' dir='ltr'><strong>sunt,</strong></span> <span class='ocrx_word' id='word_1_604' title='bbox 2048 2174 2178 2204; x_wconf 81' lang='lat' dir='ltr'><strong>colorem</strong></span> 
     </span>
     <span class='ocr_line' id='line_1_48' title="bbox 242 2211 2178 2262; baseline 0.004 -24"><span class='ocrx_word' id='word_1_605' title='bbox 242 2220 308 2262; x_wconf 65' lang='lat' dir='ltr'><strong>curn</strong></span> <span class='ocrx_word' id='word_1_606' title='bbox 339 2211 454 2260; x_wconf 52' lang='lat' dir='ltr'><strong>peniltus</strong></span> <span class='ocrx_word' id='word_1_607' title='bbox 482 2212 676 2250; x_wconf 86' lang='lat' dir='ltr'><strong>imbiberunt,</strong></span> <span class='ocrx_word' id='word_1_608' title='bbox 711 2227 804 2254; x_wconf 83' lang='lat' dir='ltr'><strong>eoque</strong></span> <span class='ocrx_word' id='word_1_609' title='bbox 832 2229 954 2256; x_wconf 86' lang='lat' dir='ltr'><strong>prorsus</strong></span> <span class='ocrx_word' id='word_1_610' title='bbox 985 2219 1097 2247; x_wconf 76' lang='lat' dir='ltr'><strong>imbuta</strong></span> <span class='ocrx_word' id='word_1_611' title='bbox 1126 2229 1160 2247; x_wconf 83' lang='lat' dir='ltr'><strong>ac</strong></span> <span class='ocrx_word' id='word_1_612' title='bbox 1189 2218 1283 2246; x_wconf 88' lang='lat' dir='ltr'><strong>veluti</strong></span> <span class='ocrx_word' id='word_1_613' title='bbox 1309 2218 1425 2246; x_wconf 61' lang='lat' dir='ltr'><strong>insuam</strong></span> <span class='ocrx_word' id='word_1_614' title='bbox 1448 2218 1545 2247; x_wconf 87' lang='lat' dir='ltr'><strong>valide</strong></span> <span class='ocrx_word' id='word_1_615' title='bbox 1568 2218 1710 2254; x_wconf 90' lang='lat' dir='ltr'><strong>retinent,</strong></span> <span class='ocrx_word' id='word_1_616' title='bbox 1747 2217 1816 2246; x_wconf 86' lang='lat' dir='ltr'><strong>ideo</strong></span> <span class='ocrx_word' id='word_1_617' title='bbox 1838 2217 1987 2246; x_wconf 77' lang='lat' dir='ltr'><strong>insuasum</strong></span> <span class='ocrx_word' id='word_1_618' title='bbox 2010 2221 2040 2246; x_wconf 86' lang='lat' dir='ltr'><strong>et</strong></span> <span class='ocrx_word' id='word_1_619' title='bbox 2060 2227 2178 2246; x_wconf 75' lang='lat' dir='ltr'><strong>suasum</strong></span> 
     </span>
     <span class='ocr_line' id='line_1_49' title="bbox 242 2252 2177 2299; baseline 0.003 -16"><span class='ocrx_word' id='word_1_620' title='bbox 242 2265 297 2283; x_wconf 80' lang='grc' dir='ltr'><strong>κατ</strong></span> <span class='ocrx_word' id='word_1_621' title='bbox 328 2252 429 2292; x_wconf 77' lang='grc' dir='ltr'><strong><em>ἐξοχην</em></strong></span> <span class='ocrx_word' id='word_1_622' title='bbox 453 2252 488 2281; x_wconf 87' lang='lat' dir='ltr'><strong>de</strong></span> <span class='ocrx_word' id='word_1_623' title='bbox 512 2253 567 2281; x_wconf 76' lang='lat' dir='ltr'><strong>hoc</strong></span> <span class='ocrx_word' id='word_1_624' title='bbox 590 2256 702 2284; x_wconf 77' lang='lat' dir='ltr'><strong>fumido</strong></span> <span class='ocrx_word' id='word_1_625' title='bbox 725 2261 825 2288; x_wconf 88' lang='lat' dir='ltr'><strong>colore</strong></span> <span class='ocrx_word' id='word_1_626' title='bbox 848 2266 1025 2299; x_wconf 86' lang='lat' dir='ltr'><strong>usurpatum</strong></span> <span class='ocrx_word' id='word_1_627' title='bbox 1049 2265 1107 2297; x_wconf 84' lang='lat' dir='ltr'><strong>est,</strong></span> <span class='ocrx_word' id='word_1_628' title='bbox 1143 2261 1224 2298; x_wconf 90' lang='lat' dir='ltr'><strong>quod</strong></span> <span class='ocrx_word' id='word_1_629' title='bbox 1247 2261 1283 2288; x_wconf 90' lang='lat' dir='ltr'><strong>de</strong></span> <span class='ocrx_word' id='word_1_630' title='bbox 1306 2260 1443 2289; x_wconf 88' lang='lat' dir='ltr'><strong>omnibus</strong></span> <span class='ocrx_word' id='word_1_631' title='bbox 1473 2261 1531 2289; x_wconf 87' lang='lat' dir='ltr'><strong>dici</strong></span> <span class='ocrx_word' id='word_1_632' title='bbox 1555 2265 1669 2298; x_wconf 88' lang='lat' dir='ltr'><strong>potest,</strong></span> <span class='ocrx_word' id='word_1_633' title='bbox 1706 2264 1739 2288; x_wconf 90' lang='lat' dir='ltr'><strong>ut</strong></span> <span class='ocrx_word' id='word_1_634' title='bbox 1761 2259 1866 2288; x_wconf 85' lang='lat' dir='ltr'><strong>Graeci</strong></span> <span class='ocrx_word' id='word_1_635' title='bbox 1888 2260 2051 2290; x_wconf 79' lang='grc' dir='ltr'><strong><em>πείθεσθαι</em></strong></span> <span class='ocrx_word' id='word_1_636' title='bbox 2073 2264 2103 2288; x_wconf 84' lang='lat' dir='ltr'><strong>et</strong></span> <span class='ocrx_word' id='word_1_637' title='bbox 2123 2270 2177 2289; x_wconf 87' lang='grc' dir='ltr'><strong>πε-</strong></span> 
     </span>
     <span class='ocr_line' id='line_1_50' title="bbox 242 2295 2176 2342; baseline 0.003 -17"><span class='ocrx_word' id='word_1_638' title='bbox 242 2295 409 2332; x_wconf 80' lang='grc' dir='ltr'><strong><em>πεισμένον.</em></strong></span> <span class='ocrx_word' id='word_1_639' title='bbox 449 2295 568 2323; x_wconf 73' lang='lat' dir='ltr'><strong>Salmas·</strong></span> <span class='ocrx_word' id='word_1_640' title='bbox 591 2297 620 2323; x_wconf 81' lang='lat' dir='ltr'><strong>iu</strong></span> <span class='ocrx_word' id='word_1_641' title='bbox 643 2299 732 2327; x_wconf 85' lang='lat' dir='ltr'><strong>Solin.</strong></span> <span class='ocrx_word' id='word_1_642' title='bbox 768 2302 846 2329; x_wconf 86' lang='lat' dir='ltr'><strong>lnfra</strong></span> <span class='ocrx_word' id='word_1_643' title='bbox 869 2313 923 2340; x_wconf 83' lang='lat' dir='ltr'><strong>pro</strong></span> <span class='ocrx_word' id='word_1_644' title='bbox 945 2301 1135 2342; x_wconf 71' lang='lat' dir='ltr'><strong>persuadetur</strong></span> <span class='ocrx_word' id='word_1_645' title='bbox 1156 2303 1288 2331; x_wconf 79' lang='lat' dir='ltr'><strong>Scliedae</strong></span> <span class='ocrx_word' id='word_1_646' title='bbox 1308 2301 1516 2342; x_wconf 75' lang='lat' dir='ltr'><strong>persuadentur</strong></span> <span class='ocrx_word' id='word_1_647' title='bbox 1538 2308 1639 2341; x_wconf 86' lang='lat' dir='ltr'><strong>aperte</strong></span> <span class='ocrx_word' id='word_1_648' title='bbox 1660 2313 1716 2342; x_wconf 88' lang='lat' dir='ltr'><strong>pro</strong></span> <span class='ocrx_word' id='word_1_649' title='bbox 1736 2300 1956 2342; x_wconf 72' lang='lat' dir='ltr'><strong>persuadeatur.</strong></span> <span class='ocrx_word' id='word_1_650' title='bbox 1978 2302 2032 2331; x_wconf 85' lang='lat' dir='ltr'><strong>Da</strong></span> <span class='ocrx_word' id='word_1_651' title='bbox 2041 2312 2067 2331; x_wconf 82' lang='lat' dir='ltr'><strong>c.</strong></span> <span class='ocrx_word' id='word_1_652' title='bbox 2110 2299 2176 2329; x_wconf 83' lang='lat' dir='ltr'><strong>Fu-</strong></span> 
     </span>
     <span class='ocr_line' id='line_1_51' title="bbox 243 2336 1541 2384; baseline 0.003 -15"><span class='ocrx_word' id='word_1_653' title='bbox 243 2348 327 2366; x_wconf 75' lang='lat' dir='ltr'><strong>mose-</strong></span> <span class='ocrx_word' id='word_1_654' title='bbox 372 2336 446 2365; x_wconf 75' lang='lat' dir='ltr'><strong>Vide</strong></span> <span class='ocrx_word' id='word_1_655' title='bbox 468 2337 543 2365; x_wconf 81' lang='lat' dir='ltr'><strong>Non·</strong></span> <span class='ocrx_word' id='word_1_656' title='bbox 567 2347 631 2376; x_wconf 74' lang='lat' dir='ltr'><strong>cap·</strong></span> <span class='ocrx_word' id='word_1_657' title='bbox 648 2341 694 2369; x_wconf 89' lang='lat'><strong>16.</strong></span> <span class='ocrx_word' id='word_1_658' title='bbox 718 2341 747 2368; x_wconf 88' lang='lat' dir='ltr'><strong>in</strong></span> <span class='ocrx_word' id='word_1_659' title='bbox 771 2341 962 2381; x_wconf 78' lang='lat' dir='ltr'><strong>Impluviatus</strong></span> <span class='ocrx_word' id='word_1_660' title='bbox 985 2344 1067 2374; x_wconf 84' lang='lat' dir='ltr'><strong>color</strong></span> <span class='ocrx_word' id='word_1_661' title='bbox 1089 2345 1166 2384; x_wconf 89' lang='lat' dir='ltr'><strong>(pag.</strong></span> <span class='ocrx_word' id='word_1_662' title='bbox 1179 2346 1250 2377; x_wconf 80' lang='grc'>548.</span> <span class='ocrx_word' id='word_1_663' title='bbox 1275 2344 1388 2383; x_wconf 72' lang='lat' dir='ltr'><strong>Mem).</strong></span> <span class='ocrx_word' id='word_1_664' title='bbox 1436 2343 1541 2374; x_wconf 75' lang='lat' dir='ltr'><strong>Goth.</strong></span> 
     </span>
    </p>

    <p class='ocr_par' dir='ltr' id='par_1_13' title="bbox 244 2377 2175 2468">
     <span class='ocr_line' id='line_1_52' title="bbox 408 2377 2174 2427; baseline 0.003 -21"><span class='ocrx_word' id='word_1_665' title='bbox 408 2377 564 2408; x_wconf 78' lang='lat' dir='ltr'><strong>Saltum.</strong></span> <span class='ocrx_word' id='word_1_666' title='bbox 595 2379 658 2419; x_wconf 84' lang='lat' dir='ltr'><strong>(Ad</strong></span> <span class='ocrx_word' id='word_1_667' title='bbox 681 2383 814 2420; x_wconf 78' lang='lat' dir='ltr'><strong>p-244.)</strong></span> <span class='ocrx_word' id='word_1_668' title='bbox 843 2386 931 2422; x_wconf 82' lang='lat' dir='ltr'><strong>Lege:</strong></span> <span class='ocrx_word' id='word_1_669' title='bbox 966 2386 1035 2415; x_wconf 83' lang='lat' dir='ltr'><strong>Non</strong></span> <span class='ocrx_word' id='word_1_670' title='bbox 1061 2389 1180 2425; x_wconf 78' lang='lat' dir='ltr'><strong>peremit</strong></span> <span class='ocrx_word' id='word_1_671' title='bbox 1207 2398 1310 2416; x_wconf 80' lang='lat' dir='ltr'><strong>nomen</strong></span> <span class='ocrx_word' id='word_1_672' title='bbox 1330 2386 1455 2426; x_wconf 74' lang='lat' dir='ltr'><strong>saltuis5</strong></span> <span class='ocrx_word' id='word_1_673' title='bbox 1485 2385 1638 2427; x_wconf 67' lang='grc' dir='ltr'><strong><em>ἀρχαϊκῶς.</em></strong></span> <span class='ocrx_word' id='word_1_674' title='bbox 1681 2388 1756 2415; x_wconf 86' lang='lat' dir='ltr'><strong>Sunt</strong></span> <span class='ocrx_word' id='word_1_675' title='bbox 1777 2386 1854 2415; x_wconf 87' lang='lat' dir='ltr'><strong>enim</strong></span> <span class='ocrx_word' id='word_1_676' title='bbox 1877 2385 1968 2414; x_wconf 86' lang='lat' dir='ltr'><strong>verba</strong></span> <span class='ocrx_word' id='word_1_677' title='bbox 1991 2384 2064 2413; x_wconf 86' lang='lat' dir='ltr'><strong>Aelii</strong></span> <span class='ocrx_word' id='word_1_678' title='bbox 2087 2383 2174 2412; x_wconf 90' lang='lat' dir='ltr'><strong>Galli.</strong></span> 
     </span>
     <span class='ocr_line' id='line_1_53' title="bbox 244 2419 2175 2468; baseline 0.002 -18"><span class='ocrx_word' id='word_1_679' title='bbox 244 2419 345 2451; x_wconf 80' lang='lat' dir='ltr'><strong>Scal.</strong></span> <span class='ocrx_word' id='word_1_680' title='bbox 385 2419 465 2459; x_wconf 78' lang='lat' dir='ltr'><strong>Quos</strong></span> <span class='ocrx_word' id='word_1_681' title='bbox 492 2432 577 2460; x_wconf 77' lang='lat' dir='ltr'><strong>agros</strong></span> <span class='ocrx_word' id='word_1_682' title='bbox 602 2432 660 2450; x_wconf 83' lang='lat' dir='ltr'><strong>non</strong></span> <span class='ocrx_word' id='word_1_683' title='bbox 682 2421 815 2452; x_wconf 74' lang='lat' dir='ltr'><strong>colebam</strong></span> <span class='ocrx_word' id='word_1_684' title='bbox 835 2434 952 2464; x_wconf 77' lang='lat' dir='ltr'><strong>propter</strong></span> <span class='ocrx_word' id='word_1_685' title='bbox 972 2426 1087 2465; x_wconf 79' lang='lat' dir='ltr'><strong>sylvas,</strong></span> <span class='ocrx_word' id='word_1_686' title='bbox 1121 2437 1173 2457; x_wconf 78' lang='lat' dir='ltr'><strong>aut</strong></span> <span class='ocrx_word' id='word_1_687' title='bbox 1195 2428 1227 2457; x_wconf 81' lang='lat' dir='ltr'><strong>icl</strong></span> <span class='ocrx_word' id='word_1_688' title='bbox 1247 2441 1350 2468; x_wconf 75' lang='lat' dir='ltr'><strong>genus,</strong></span> <span class='ocrx_word' id='word_1_689' title='bbox 1387 2428 1438 2458; x_wconf 82' lang='lat' dir='ltr'><strong>ubi</strong></span> <span class='ocrx_word' id='word_1_690' title='bbox 1456 2441 1544 2468; x_wconf 71' lang='lat' dir='ltr'><strong>pecus</strong></span> <span class='ocrx_word' id='word_1_691' title='bbox 1563 2430 1655 2468; x_wconf 76' lang='lat' dir='ltr'><strong>possit</strong></span> <span class='ocrx_word' id='word_1_692' title='bbox 1675 2429 1761 2467; x_wconf 74' lang='lat' dir='ltr'><strong>pasci</strong></span> <span class='ocrx_word' id='word_1_693' title='bbox 1780 2436 1807 2457; x_wconf 76' lang='lat' dir='ltr'><strong>et</strong></span> <span class='ocrx_word' id='word_1_694' title='bbox 1825 2426 2028 2467; x_wconf 72' lang='lat' dir='ltr'><strong>possidebant,</strong></span> <span class='ocrx_word' id='word_1_695' title='bbox 2062 2424 2100 2453; x_wconf 77' lang='lat' dir='ltr'><strong>ab</strong></span> <span class='ocrx_word' id='word_1_696' title='bbox 2123 2437 2175 2454; x_wconf 84' lang='lat' dir='ltr'><strong>usu</strong></span> 
     </span>
    </p>
   </div>
  </div>
 </body>
</html>
