2263 2668
256 79 329 111 llo
665 72 808 106 PAULI
835 71 958 105 D1Ac.
986 71 1241 108 EXCERPTA
1268 75 1331 109 Ex
1357 76 1446 110 LIB.
1473 76 1616 112 POMP.
1644 77 1783 111 FESTI

255 167 396 206 Navos¹
420 181 439 201 a
465 167 633 202 celeritate
660 160 770 198 navis²
794 164 935 198 dicimus
947 161 968 198 ³.

254 220 492 258 Nouendiales
518 217 619 250 feriae
646 228 665 248 a
691 227 830 249 numero
859 216 987 249 dierum
1015 222 1089 250 sunt
1115 217 1234 252 dictae.

254 273 406 308 Navalis
432 264 549 314 porta⁴
574 280 592 300 a
617 267 736 301 vicinia
763 268 929 300 navalium
956 268 1055 302 dicta.

256 326 453 362 Nonarum,
481 319 614 360 iduum,
643 318 858 352 calendarum
887 315 978 352 dies⁵
1001 317 1144 365 nuptiis⁸
1165 321 1263 354 alieni
1290 321 1473 365 habentur,
1501 323 1658 366 quoniam
1685 322 1722 356 hi
1749 323 1818 356 dies
1845 325 1980 359 decreto
2005 329 2202 372 pontificum

354 374 413 407 atri
446 371 581 405 iudicati
613 375 705 412 sunt,
751 371 844 414 quod
877 368 1161 415 quotiescunque⁷
1182 373 1327 406 Romani
1361 373 1464 407 duces
1489 374 1571 407 belli
1597 374 1739 419 gerendi
1765 377 1874 420 gratia
1899 377 1952 410 his
1978 378 2096 413 diebus
2122 392 2203 426 sup-

354 424 577 468 plicaverunt,
609 422 698 455 male
724 422 970 467 rempublicam
997 434 1140 468 gessere.

958 540 1263 583 LIBER
1341 540 1495 583 XIII.

257 629 312 662 Ob
338 626 541 673 praepositio
570 626 651 658 alias
677 624 834 670 ponitur8
854 637 918 671 pro
946 626 1096 669 circum,
1124 632 1160 660 ut
1186 622 1311 670 quum⁹
1334 626 1476 661 dicimus
1502 625 1624 660 urbem
1652 626 1806 661 obsideri
1816 625 1850 671 ¹⁰,
1878 628 2114 676 obsignare11,
2140 631 2203 666 ob-

353 678 483 713 vallari
492 688 503 715 ‚·
533 677 613 710 alias
625 673 649 694 ¹²
668 678 702 711 in
729 679 836 712 vicem
862 679 1136 724 praepositionis,
1167 690 1254 722 quae
1282 683 1330 711 est
1350 682 1519 724 propter,
1553 683 1590 711 ut
1616 677 1659 712 ob
1686 680 1833 721 merila,
1860 680 1902 714 ob
1928 687 2113 727 superatos
2139 683 2200 717 ho-

352 735 437 771 stes,
473 729 563 762 unde
590 728 727 763 obsides
752 741 816 775 pro
844 730 997 777 olfides,
1032 731 1090 774 qui
1117 730 1161 763 ob
1188 730 1292 763 fidem
1319 731 1447 775 patriae
1473 730 1707 775 praestandam
1737 731 1875 772 dantur;
1915 730 2029 767 alias¹³
2051 746 2115 779 pro
2142 735 2203 776 ad,

354 788 388 814 ut
415 781 554 814 Ennius:

623 831 678 865 Ob
704 832 858 866 Romam
885 837 988 866 noctu
1015 833 1172 878 legiones
1182 829 1206 850 ¹⁴
1227 833 1359 866 ducere
1385 834 1507 878 coepit.

253 893 499 928 Oculi-ssimum
509 888 534 909 ¹⁵
556 891 766 927 carissimum.
820 892 957 926 Plautus
968 890 1011 926 ¹⁶:

630 951 878 985 oculissimum
904 953 1029 987 ostium
1056 953 1195 985 amicae
1205 948 1240 986 ¹⁷.

255 1008 481 1047 Oculatum¹⁸
501 1023 565 1056 pro
593 1013 759 1057 praesenti
785 1013 897 1057 posuit
923 1013 1079 1054 Plautus,
1118 1023 1221 1056 quum
1249 1011 1348 1045 dixit:

625 1071 780 1106 Oculata
807 1072 875 1107 die.

355 1125 437 1157 {tem
462 1123 552 1168 ipse:

620 1174 740 1208 Pluris
767 1179 816 1208 est
843 1176 1004 1209 oculatus
1030 1175 1126 1209 testis
1151 1185 1240 1208 unus
1266 1186 1373 1220 quam
1401 1176 1510 1209 auriti
1536 1177 1668 1219 decem,

350 1235 386 1268 id
415 1240 461 1268 est
488 1235 544 1279 qui
569 1246 604 1267 se
629 1234 749 1268 vidisse
776 1234 875 1271 dicat.

254 1296 413 1330 Oculitus
435 1306 570 1339 quoque
592 1291 756 1337 dicitur¹⁹‚
784 1300 820 1328 ut
838 1295 1004 1336 funditus,
1031 1295 1179 1339 penitus,
1207 1306 1276 1339 quo
1295 1293 1534 1340 significatur²⁰
1552 1302 1621 1330 tam
1644 1308 1759 1332 carum
1783 1307 1872 1338 esse,
1900 1307 2000 1340 quam
2022 1296 2158 1330 oculum
2167 1291 2200 1327 ²¹.

255 1346 425 1393 Odesacz't
452 1347 608 1380 dicebant
634 1358 698 1391 pro
725 1344 886 1389 olfacit²²,
918 1343 1038 1391 quae²³
1060 1358 1126 1379 vox
1152 1358 1172 1379 a
1196 1346 1331 1381 Graeco
1360 1344 1455 1394 ὀσμή
1480 1352 1586 1383 tracta
1614 1345 1708 1384 estu.

255 1396 442 1445 Ogygia²⁵
464 1398 595 1432 moenia
622 1398 790 1432 Thebana
817 1399 859 1432 ab
886 1394 1047 1444 Ogyge²⁰
1068 1398 1243 1432 conditore
1271 1398 1370 1433 dicta.

253 1446 437 1485 Occasio²⁷
460 1451 692 1495 opportunitas
718 1450 879 1495 temporis
906 1462 983 1484 casu
1009 1450 1218 1495 proveniens.

254 1497 445 1536 Οοοιιειιεῑ28
467 1502 612 1535 interitus
639 1502 693 1535 vel
719 1502 796 1535 solis
822 1502 856 1535 in
883 1498 1080 1536 oceanum²⁹
1100 1502 1231 1536 mersio.

255 1550 451 1587 Omisumffi
471 1566 491 1586 a
517 1558 636 1588 necato
663 1553 885 1600 distinguitur.
938 1555 1025 1588 Nam
1053 1554 1202 1589 occisum
1229 1565 1249 1587 a
1276 1551 1452 1587 caedendo
1479 1552 1625 1595 dictum,
1669 1557 1825 1588 necatum
1852 1552 1919 1585 sine
1945 1551 2022 1586 ictu.

1249 1666 1370 1695 minuta.
1416 1667 1440 1694 A
1465 1666 1562 1706 prima
1590 1676 1680 1695 manu
1701 1670 1771 1695 sunt
1794 1667 1909 1704 glossae
1933 1666 2152 1695 oculissimum
2175 1670 2203 1694 et

336 1671 365 1704 1)
390 1669 511 1706 Navos]
536 1678 593 1696 om.
611 1668 736 1706 glossam
758 1669 786 1699 S.
809 1684 852 1690 —
874 1668 904 1704 2)
928 1668 1010 1697 celer.
1025 1666 1113 1705 natu]
1136 1676 1205 1695 παν.

1252 1709 1434 1745 oculatum,
1464 1709 1515 1738 sed
1538 1709 1641 1739 eadem
1659 1719 1674 1737 a
1689 1719 1767 1737 nova
1792 1719 1881 1737 manu
1901 1709 2029 1747 ascripta
2054 1711 2131 1737 sunt.
2163 1725 2202 1730 —-

255 1712 303 1737 cel.
320 1711 349 1738 L.
360 1711 393 1741 B.
402 1711 438 1739 M.
455 1711 551 1742 Gu.1.
575 1727 617 1732 —-
639 1709 668 1750 3)
692 1710 836 1750 dicimus]
851 1709 954 1738 dictus
969 1710 1000 1740 L.
1023 1725 1065 1731 —
1087 1710 1119 1746 4)
1135 1719 1206 1747 por.

254 1751 303 1790 la]
323 1758 430 1790 portus·
453 1753 484 1782 L.
523 1755 664 1792 porticus
685 1754 741 1781 Gu.
760 1756 786 1785 1.
808 1764 852 1793 pr.
877 1768 914 1775 —
939 1751 967 1792 5)
992 1751 1072 1787 dies]
1089 1753 1208 1790 posteri

256 1795 446 1832 praeponitur
462 1795 569 1833 vulgo,
598 1796 649 1824 sed
671 1807 727 1825 om.
745 1797 802 1825 Gu.
818 1799 846 1828 2.
886 1796 1004 1835 posteri
1019 1794 1082 1822 dm·
1100 1805 1157 1823 0¹11·
1173 1794 1206 1823 Β·

256 1836 349 1866 Gu.1.
365 1847 408 1875 pr.
433 1854 469 1859 —
492 1840 519 1874 6)
543 1838 672 1877 nuptiis]
688 1841 795 1877 nuptis
808 1839 838 1868 L.
848 1838 880 1867 Β.
898 1838 993 1869 Gu.2.
1021 1853 1055 1858 —
1081 1839 1108 1875 7)
1133 1847 1207 1876 quo-

254 1879 441 1917 tiescunque]
465 1883 714 1920 quotienscunque
729 1882 762 1913 Β.
778 1892 823 1921 pr.
846 1897 888 1903 —
910 1880 938 1920 8)
961 1880 1045 1908 alia-5*
1056 1881 1205 1919 ponitur]

255 1925 296 1946 est
310 1920 477 1957 aliquando
494 1923 522 1951 Β.
547 1939 583 1945 -
607 1921 638 1964 9)
662 1924 769 1963 quum]
793 1934 883 1964 quom
900 1924 993 1954 Gu.1.
1019 1940 1052 1944 —
1087 1921 1131 1962 10)
1155 1933 1207 1950 ur-

256 1963 318 1989 bem
341 1962 486 2000 obsideri]
509 1964 568 1992 obs.
585 1967 647 1996 urb.
667 1968 698 1995 B.
721 1984 758 1989 -
784 1965 833 2007 11)
857 1967 1033 2005 obsignare]
1058 1966 1106 1994 Sic
1125 1966 1156 1994 L.
1169 1964 1204 1994 B.

257 2006 353 2035 Gu 2.
369 2014 413 2043 pr.
457 2005 611 2043 obsignari
624 2009 705 2047 vulg.
731 2027 765 2031 ——-
794 2010 840 2046 12)
865 2008 964 2048 alias]
988 2007 1159 2047 aliquando
1172 2007 1204 2036 L.

256 2047 285 2075 B.
307 2063 348 2069 -
373 2046 417 2084 13)
441 2047 539 2085 alias]
562 2050 731 2087 aliquando
751 2053 782 2082 L.
797 2052 829 2080 B.
851 2069 892 2074 ——
916 2051 959 2091 14)
983 2050 1132 2090 legiones]
1155 2051 1203 2079 Sic

254 2089 291 2117 M.
307 2089 400 2119 Gu.1.
412 2091 439 2119 2.
457 2099 501 2127 pr.
515 2091 543 2119 S.
578 2091 720 2127 legionem
735 2095 814 2132 vulg,
841 2111 873 2116 --—
901 2093 945 2133 15)
973 2092 1202 2132 oculissimum]

255 2131 287 2159 [n
306 2131 362 2161 Gu.
379 2134 408 2163 1.
431 2131 520 2159 verba
543 2132 577 2159 ab
596 2134 811 2164 Oculissimum
832 2147 923 2175 usque
946 2137 985 2165 ad
1007 2137 1101 2166 Orare
1117 2147 1133 2165 a
1149 2146 1204 2165 no-

255 2174 372 2202 vissima
386 2183 474 2202 manu
493 2174 620 2212 ascripta
637 2181 720 2211 sunt,
750 2183 778 2206 et
794 2178 824 2206 in
845 2179 901 2207 fine
921 2179 1050 2218 legitur:
1081 2180 1203 2207 Desunt

253 2227 283 2244 tn
313 2217 514 2244 vetustis-simo
545 2215 644 2244 codice
673 2220 828 2248 nonnulla.
878 2222 935 2251 Sed
965 2222 1058 2250 multa
1084 2232 1120 2251 ex
1144 2220 1202 2257 his,

253 2268 327 2296 quae
351 2269 366 2286 a
388 2258 545 2287 novissima
573 2269 662 2287 manu
692 2260 804 2288 adiecta
831 2268 912 2298 sunt,
953 2264 1039 2292 etiam
1063 2275 1077 2292 a
1101 2269 1202 2293 vetere

252 2311 341 2329 manu
364 2301 477 2339 scripta
499 2302 703 2340 reperiuntur,
734 2302 812 2330 unde
835 2303 919 2340 plura
941 2306 1031 2333 verba
1051 2306 1095 2334 bis
1116 2306 1201 2335 inve-

250 2344 387 2379 niuntur,
419 2343 458 2371 ita
480 2348 594 2380 tamen,
623 2349 657 2373 ut
675 2344 801 2372 varietas
824 2344 957 2374 lectionis
980 2346 1138 2376 admodum
1162 2349 1201 2377 sit

1251 1750 1294 1791 16)
1318 1751 1467 1790 Plautus]
1491 1762 1547 1782 om.
1562 1752 1594 1782 B.
1618 1768 1659 1773 —-
1684 1751 1729 1787 17)
1754 1749 1882 1790 amicae]
1899 1751 2055 1779 amicitiae
2069 1750 2102 1778 Β.
2135 1752 2202 1781 Om.

1250 1795 1306 1823 Gu.
1325 1797 1351 1825 1.
1378 1805 1393 1822 a
1416 1794 1511 1833 prima
1532 1805 1626 1832 man.‚
1657 1793 1709 1822 sed
1730 1805 1746 1822 a
1767 1804 1844 1822 nova
1866 1794 1998 1833 positum
2016 1797 2070 1821 est.
2092 1807 2135 1813 —
2157 1792 2202 1833 18)

1253 1836 1435 1875 Oculatum]
1458 1838 1489 1867 B.
1510 1836 1567 1866 hoc
1587 1837 1691 1865 ordine
1705 1837 1795 1865 verba
1813 1835 1935 1866 exhibet
1950 1836 2107 1864 amicitiae
2126 1836 2203 1876 (pro

1249 1881 1379 1916 amicae,
1417 1884 1450 1907 ut
1470 1880 1560 1909 modo
1581 1878 1732 1916 vidimus)
1759 1880 1830 1907 item
1857 1880 1920 1918 ipse
1936 1879 2096 1918 pluris—
2109 1878 2202 1907 dicat.

1252 1923 1416 1952 oculatum
1439 1927 1493 1952 etc.
1521 1939 1563 1943 —
1592 1920 1638 1962 19)
1662 1933 1780 1960 quoque
1802 1921 1935 1961 dicitur]
1959 1931 2017 1950 om.
2036 1921 2093 1949 Gu.
2108 1924 2134 1952 1.
2161 1938 2200 1942 —-

1248 1964 1296 2004 ΞΟ)
1320 1975 1379 2004 quo
1393 1965 1603 2004 Significatur]
1628 1963 1713 2003 quod
1725 1966 1845 2004 signiat
1859 1965 1929 2002 (sic)
1945 1964 1977 1993 B.
1991 1964 2010 1992 i.
2024 1974 2050 1994 e.
2065 1962 2203 2002 quod-si-

1243 2008 1383 2048 gnificat.
1407 2025 1445 2029 —
1471 2007 1516 2046 21)
1540 2006 1679 2046 oculum]
1704 2008 1813 2036 oculus
1830 2007 1887 2036 Gu.
1907 2010 1933 2038 1.
1976 2005 2088 2035 Nesciit
2104 2005 2201 2036 scriba

1245 2050 1431 2080 notissimam
1449 2050 1672 2087 attractionem,
1702 2051 1787 2079 cuius
1800 2050 1928 2089 plurima
1945 2049 2079 2088 exempla
2094 2049 2202 2078 lauda-

1246 2093 1290 2123 vit
1306 2094 1377 2122 Otto
1395 2092 1432 2121 ad
1447 2092 1507 2122 Cic.
1522 2093 1583 2123 cat.
1600 2093 1639 2123 Μ.
1654 2103 1682 2131 p.
1699 2094 1727 2126 5.
1749 2110 1791 2116 —
1813 2092 1859 2132 22)
1883 2090 2006 2131 olfacit]
2032 2092 2157 2130 olefacit
2168 2090 2201 2119 Β.

1246 2153 1287 2157 —
1311 2138 1354 2174 23)
1381 2146 1458 2175 quae
1472 2141 1628 2164 —tracta
1643 2135 1697 2175 est]
1721 2147 1777 2165 om.
1795 2136 1889 2166 Gu.1.
1915 2152 1953 2157 --
1976 2136 2024 2171 24)
2047 2145 2066 2163 a
2084 2135 2199 2164 Graeco

1245 2175 1326 2218 ὄσμή
1355 2184 1456 2206 tracta
1484 2179 1544 2217 est]
1575 2189 1594 2206 a
1617 2178 1723 2208 Graec.
1743 2183 1843 2207 tracta
1867 2183 1911 2206 est
1932 2181 2073 2216 sequente
2094 2177 2198 2206 lacuna

1246 2221 1378 2251 Graecae
1397 2221 1478 2250 vocis
1501 2222 1532 2252 L.
1548 2221 1580 2252 B.
1603 2231 1650 2260 pr.
1673 2238 1714 2244 ·--
1741 2218 1787 2261 25)
1815 2219 1953 2260 Ogvgia]
1977 2229 2033 2251 om.
2058 2220 2114 2249 Gn.
2133 2220 2159 2248 1.
2181 2226 2196 2244 8

1245 2264 1340 2302 prima
1357 2274 1455 2294 manu.
1482 2280 1520 2286 -—
1543 2263 1589 2302 26)
1616 2264 1729 2304 Ogjge]
1745 2263 1794 2292 Sic
1810 2264 1841 2293 L.
1853 2264 1883 2293 B.
1893 2263 1931 2294 M.
1948 2262 2081 2292 Gu.1-2.
2118 2260 2197 2298 Ogy-

1241 2308 1294 2346 gio
1312 2317 1355 2345 pr.
1373 2307 1401 2334 S.
1425 2324 1466 2328 —
1488 2306 1533 2345 27)
1562 2306 1707 2346 Occasio]
1731 2316 1786 2335 om.
1809 2306 1864 2335 Gu.
1883 2308 1908 2336 1.
1933 2305 2066 2343 glossam.
2091 2317 2127 2323 —
2150 2304 2195 2333 28)

1247 2348 1395 2388 Occasus]
1413 2359 1470 2378 om.
1489 2349 1544 2378 Gu.
1557 2352 1582 2380 1.
1600 2349 1734 2387 glossam.
1757 2365 1790 2370 -
1811 2348 1861 2386 29)
1875 2345 2030 2383 oceanum]
2046 2344 2093 2373 Sic
2102 2344 2195 2376 Gu.2.
