2263 2668
762 152 851 189 LIB.
877 152 904 187 1.
945 151 1090 190 SEGM.
1117 152 1243 192 XVIII.
1923 160 1976 195 99

199 243 232 279 5.
286 243 489 291 Aphaeresis
515 248 563 278 est
588 245 824 290 metaplasmus
851 257 928 281 cum
952 247 1120 293 principio
1147 249 1241 283 verbi
1267 251 1396 296 syllaba
1422 251 1640 296 subtrahitur,
1666 257 1718 287 ut:

261 297 311 330 Et
337 309 403 330 non
429 300 582 329 temnere
609 295 760 337 divos²²;

34 360 99 396 pro
127 353 347 383 contemnere.
407 348 454 381 Et
478 348 511 381 in
536 348 722 383 nominibus
754 350 934 392 invenitur,
972 354 1009 384 ut
1034 350 1172 385 Plautus
1207 352 1288 386 dixit
1315 366 1335 388 a
1360 355 1574 391 Praenestinis
1611 367 1756 400 cenea-9,
1791 368 1855 404 pro
1882 359 1974 394 cieo-

34 412 121 435 neas
129 397 154 418 ²³
180 400 355 445 appellari.

199 469 234 503 6.
287 468 444 512 Syncope
473 471 538 510 est,
564 468 678 502 medio
707 471 868 516 syllabam
901 473 1098 507 subtrahens
1122 472 1244 514 verbo,
1271 476 1323 507 ut:

259 514 452 552 Ε.ι·ἰι“1ι.κ·ἰι”Ή
459 531 472 558 ,·

39 575 89 605 et:

266 621 366 654 l'e'xet
394 621 450 654 cui
475 623 588 656 vitam
617 621 746 657 densffi.

201 690 236 724 7.
288 690 458 734 Apocope
486 696 551 733 est,
578 692 744 726 interdum
770 694 895 738 aliquid
921 695 1057 728 ultimae
1082 695 1170 740 parti
1197 693 1367 735 auferens,
1396 698 1446 728 ut:

258 740 409 786 Namque
433 753 537 775 suam
564 741 663 781 (10²⁶,-

34 793 105 828 hoc
132 798 196 835 est,
223 804 323 826 suam
351 793 511 826 domum.-
537 799 572 827 ut
598 795 771 829 Lucretius
797 797 830 829 in
856 798 984 842 primo:

257 844 353 877 Nam
369 843 505 890 fierent
527 846 665 881 iuvenes
690 847 801 880 subito
828 860 871 881 ea:
897 846 1080 894 infantibn’
1103 844 1284 894 parvis²²‚·

33 897 79 930 sic
105 897 192 930 enim
218 907 330 928 versus
357 896 471 928 scandi
501 902 620 941 potest.
672 899 863 943 Aliquando
890 900 1105 941 imminuens,
1133 905 1169 933 ut
1195 899 1374 944 Virgilius:

258 947 389 992 Aspice
415 959 497 980 uam
522 946 684 995 mage²²³;

33 1008 145 1044 mage
169 1008 233 1042 pro
259 999 389 1044 magis.

197 1064 231 1099 8.
283 1067 410 1100 Ectasis
438 1072 501 1107 est,
529 1079 605 1102 cum
631 1080 694 1113 per
720 1070 888 1104 licentiam
913 1072 1023 1105 brevis
1047 1071 1266 1116 producitur,
1291 1074 1343 1103 ut:

259 1118 415 1151 Exercet
439 1118 564 1153 Diana
591 1120 716 1154 choros
724 1118 757 1155 ²⁹.

196 1186 229 1222 9.
281 1189 414 1234 Systole
440 1192 487 1223 est
514 1200 532 1221 e
562 1190 749 1234 contrario,
775 1190 910 1235 quando
937 1191 1067 1235 syllaba
1093 1191 1198 1237 longa
1224 1189 1417 1235 corripitur,
1443 1191 1496 1221 ut:

259 1241 422 1286 Aqnosus
451 1237 603 1275 Orion³⁰.

31 1290 118 1326 Cum
143 1292 251 1337 prima
276 1293 421 1337 produci
448 1293 588 1334 debeat,
615 1293 803 1337 corripitur.

193 1360 251 1394 10.
304 1362 467 1395 Diaeresis
494 1366 560 1402 est,
587 1361 655 1394 sive
684 1361 874 1404 Diazeuxis,
901 1374 979 1397 cum
1005 1364 1038 1396 in
1065 1362 1147 1396 duas
1175 1361 1320 1407 syllabas
1347 1371 1413 1394 una
1439 1358 1624 1400 diducitur,
1652 1362 1703 1391 ut:

255 1412 366 1446 Dives
389 1414 502 1458 pictai
528 1413 631 1446 vestis
658 1417 691 1446 et
718 1411 841 1447 aur-5³¹.

32 1463 143 1505 Quam
169 1463 425 1498 declinationem
452 1465 610 1510 Virgilius
636 1470 780 1509 quatuor
804 1465 887 1501 locis
912 1470 1040 1500 tantum
1065 1465 1177 1512 posuit
1203 1465 1237 1498 in
1262 1462 1436 1498 Aeneidis:

256 1516 367 1550 Aulai
392 1517 509 1550 medio
517 1513 562 1556 ῃ,-

31 1569 79 1599 et:

255 1618 371 1664 Atque
397 1619 503 1653 aurai
527 1617 697 1663 simplicis
723 1614 897 1663 ignem³³3

30 1672 79 1702 et:

256 1721 357 1755 Furit
384 1721 474 1754 intus
501 1721 609 1766 aquai
647 1732 660 1759 3

29 1776 77 1805 et:

254 1823 365 1858 Dives
385 1824 501 1869 pictai
526 1823 631 1856 vestis
658 1826 691 1856 et
714 1818 836 1856 aur-5³⁵.

192 1890 251 1924 ll.
303 1892 579 1938 Episynaloephe
607 1896 655 1925 est
680 1903 745 1924 una
771 1891 897 1935 syllaba
926 1900 966 1922 ex
993 1888 1121 1920 duabus
1148 1886 1255 1927 faeta,
1283 1889 1333 1917 ut:

31 1989 125 2011 antro.
147 1997 188 2005 —
238 1986 282 2019 19)
303 1984 384 2023 Virg.
408 1986 513 2023 Georg.
542 1985 575 2021 I,
600 1987 669 2016 137.
714 1984 832 2013 Putscb.
856 1983 978 2012 vitiose:

30 2023 110 2054 dum.
134 2041 175 2046 —
225 2028 268 2059 ΞΟ)
293 2027 568 2067 Prosparulempsis
591 2028 662 2055 Cod.
685 2027 750 2055 Asc.
777 2043 818 2049 —
850 2029 894 2059 21)
918 2024 979 2052 Al·-

30 2068 81 2095 iis
113 2067 185 2095 (lod.
215 2075 303 2096 aries
335 2070 403 2099 Asc.
434 2071 464 2098 P.
517 2071 610 2098 Locus
642 2074 686 2098 est
717 2069 794 2105 Virg.
826 2068 896 2095 Aen.
927 2067 977 2100 lv,

30 2109 101 2142 493.
124 2126 166 2131 —
208 2110 255 2147 22)
279 2110 358 2149 Virg.
381 2112 452 2141 Aen.
477 2112 524 2148 Vl,
549 2115 619 2144 620.
641 2127 683 2133 -—
726 2110 771 2147 93)
797 2109 918 2139 Concas
936 2125 977 2130 -—

30 2153 205 2188 ciconeas,
227 2156 261 2180 ut
285 2152 435 2191 dedimus,
459 2155 530 2183 cod.
557 2153 734 2183 Concas—
751 2152 893 2181 ciconias
912 2151 975 2179 Asc.

30 2195 145 2223 conius
163 2211 203 2215 —
222 2195 362 2224 ciconias
384 2197 415 2225 P.
458 2197 554 2225 Locus
577 2195 657 2234 apud
674 2195 767 2223 Plani.
792 2198 835 2221 est
853 2193 973 2223 Trucul.

29 2235 86 2273 Ill,
110 2240 145 2273 2,
165 2239 214 2269 23.
271 2236 308 2264 Ui
329 2236 522 2267 Praenestinis
550 2239 662 2268 conius!
694 2236 816 2266 ciconia.
844 2252 885 2257 —
930 2236 976 2273 24)

30 2278 110 2317 Virg.
139 2279 211 2307 Aen.
238 2279 296 2315 lv,
319 2281 389 2311 682.
439 2279 598 2309 Exstinxti
620 2290 664 2306 me
693 2285 788 2317 reque,
820 2288 910 2307 soror.
935 2294 978 2299 —

29 2324 75 2354 25)
100 2321 180 2359 Virg.
207 2321 275 2350 Aen.
299 2322 351 2358 XI,
376 2324 442 2353 118.
464 2339 506 2344 —
555 2320 603 2360 ⁶26)
628 2321 670 2348 Cf.
694 2320 768 2348 Enn.
794 2321 905 2357 Fragm.
928 2321 975 2350 ed.

29 2362 141 2392 Hessel.
164 2374 228 2402 pag.
253 2365 320 2395 146.
375 2364 417 2392 Cs.
441 2364 526 2392 eliam
550 2363 645 2401 Sosip.
670 2361 781 2391 Charis.
808 2363 858 2392 lib.
878 2362 925 2398 lv,
947 2363 977 2391 in

0 2419 1 2438 ι
31 2405 168 2435 doctrina
191 2407 227 2435 de
248 2406 450 2446 metaplasmo,
473 2406 522 2434 ubi
545 2404 630 2435 Endo
648 2416 730 2434 suam
748 2404 785 2433 clo
808 2406 977 2444 legitur.--

1021 1981 1066 2015 27)
1091 1979 1207 2006 Lucret.
1233 1978 1268 2006 de
1291 1978 1322 2005 R.
1342 1977 1374 2006 N.
1394 1976 1416 2012 Ι,
1436 1977 1504 2008 187.
1549 1974 1631 2003 Idem
1653 1974 1685 2002 in
1707 1972 1796 2001 simili
1818 1980 1850 2000 re
1872 1979 1969 1999 exem·
2003 1987 2008 1989 >

1020 2022 1104 2061 plum
1135 2021 1228 2049 citant
1253 2020 1345 2048 Diom.
1375 2024 1404 2048 et
1433 2020 1535 2056 Pomp.
1564 2028 1630 2056 pag.
1652 2019 1704 2048 30.
1726 2030 1768 2038 —
1817 2013 1865 2051 28)
1889 2013 1970 2061 Vir-g.

1020 2065 1091 2093 Aen.
1114 2065 1153 2100 X,
1176 2063 1246 2095 481.
1270 2079 1308 2084 —-
1352 2062 1401 2099 29)
1424 2062 1506 2098 Virg.
1523 2061 1595 2089 Aen.
1611 2060 1634 2095 Ι,
1648 2060 1718 2091 499.
1735 2074 1777 2080 —
1819 2056 1867 2091 30)
1888 2056 1968 2093 Virg.

1019 2107 1090 2135 Aen.
1115 2106 1169 2142 lv,
1193 2107 1241 2137 52.
1274 2122 1310 2127 —-
1362 2104 1408 2143 31)
1432 2104 1512 2141 Virg.
1535 2103 1606 2132 Aen.
1633 2102 1695 2138 IX,
1723 2103 1775 2133 26.
1831 2098 1969 2128 Ceterum

1019 2150 1055 2178 de
1076 2153 1139 2178 toto
1168 2147 1226 2176 hoc
1248 2148 1314 2176 loco
1339 2148 1416 2175 conf.
1439 2147 1540 2184 Pomp.
1562 2155 1627 2184 pag.
1649 2145 1719 2177 449.
1738 2159 1781 2164 —
1822 2140 1870 2179 32)
1897 2140 1970 2169 Au-

1020 2191 1064 2221 lai
1087 2193 1124 2220 in
1146 2189 1240 2219 metlio
1264 2191 1293 2219 P.
1317 2189 1384 2219 Asc.
1407 2190 1438 2219 in
1461 2200 1519 2218 om.
1538 2188 1609 2217 Cod.
1654 2187 1736 2216 Idem
1759 2183 1830 2213 eod.
1858 2187 1887 2212 et
1902 2183 1969 2211 Asc.

1020 2234 1162 2263 exhibent
1190 2234 1220 2261 in
1243 2231 1401 2268 Aeneidis,
1433 2231 1513 2271 quod
1536 2231 1613 2260 dedi.
1663 2229 1700 2260 In
1721 2224 1853 2259 Aeneide
1874 2226 1905 2254 P.
1927 2238 1969 2245 —-

1019 2277 1066 2315 33)
1087 2277 1169 2315 Virg.
1199 2276 1271 2303 Aen.
1298 2275 1353 2311 Vl,
1377 2275 1448 2306 747.
1502 2275 1636 2303 Ceterum
1659 2281 1686 2302 et
1712 2270 1791 2311 quod
1814 2269 1872 2297 duo
1895 2266 1968 2314 baec

1021 2320 1172 2358 exempla,
1197 2317 1255 2346 lion·
1279 2323 1306 2346 et
1332 2317 1468 2356 superius
1489 2316 1670 2352 intercedit,
1694 2317 1726 2345 iu
1750 2311 1830 2356 ⁰⁰2¹:
1850 2308 1968 2338 desule-

1019 2367 1111 2392 ratur.
1134 2378 1177 2383 —
1218 2360 1264 2400 34)
1283 2361 1360 2399 Virg.
1383 2360 1454 2389 Aen.
1472 2360 1536 2396 Vll,
1553 2359 1624 2392 464.
1646 2375 1689 2381 —
1726 2355 1777 2394 35)
1798 2352 1875 2389 Virg.
1895 2350 1965 2378 Aen.

1019 2404 1072 2442 lx,
1093 2408 1143 2437 26.
1161 2421 1201 2426 —

1484 2446 1516 2478 N
1539 2446 1558 2469 *
