2263 2668
376 152 556 188 ΜΑΧΙΜΙ
581 152 830 188 VICTORINI
855 153 918 188 DE
943 150 1159 188 RATIONE
1185 151 1480 191 METRORUM.
1534 155 1676 192 SEGM.
1704 155 1729 190 1.
1945 152 2020 187 293

562 373 939 416 MAXIMI
996 373 1555 418 VICTORINI

634 468 1041 503 RATIONE
1140 469 1649 508 METRORUM

778 551 1320 584 COMMENTARIUsl.

1874 391 2018 439 [1963]

445 467 542 503 DE

943 664 1075 699 Ssam.
1128 666 1155 699 L

164 714 365 778 Liquentes
391 733 522 766 litterae
547 737 621 766 sunt
646 737 806 777 quatuor.
833 733 856 776 l,
882 744 928 775 m,
954 744 987 774 η,
1014 745 1043 768 ν.
1097 731 1296 778 Liquentes²
1321 734 1399 768 ideo
1426 735 1589 780 dicuntur,
1616 740 1709 784 quod
1733 739 1845 785 fluant,
1873 745 1906 775 et
1931 743 2025 785 quasi

75 735 254 826 intereant,
281 782 382 818 (Ιιιιιι3
408 790 654 829 consequuntur
680 781 846 828 aliqua1n⁴
871 785 1007 818 brevem
1032 785 1205 853 ‘syllabam
1234 797 1310 819 cum
1342 788 1455 830 quavis
1483 786 1565 821 alia5
1592 798 1803 828 consonante.
1856 793 1940 826 Sunt
1966 805 2026 826 au-

75 844 145 872 tem
171 838 314 883 duplicis
341 837 518 881 potentiae.
567 838 654 870 Nam
688 837 851 880 syllabam
886 833 1044 881 longam⁶
1071 838 1235 881 positione
1272 838 1384 872 facere
1419 846 1575 884 possunt,
1611 844 1636 875 si
1666 844 1710 876 ita
1743 848 1846 888 poeta
1873 845 2024 883 voluerit,

77 896 111 924 et
134 891 274 924 brevem
298 900 365 922 non
392 888 591 932 producunt.
644 888 747 929 Quod
779 888 856 921 dico
883 888 1074 921 huiusmodi
1101 894 1149 921 est
1176 890 1383 934 exemplum,
1410 896 1447 924 ut
1473 892 1531 926 hic
1556 892 1690 928 Lucreti
1716 893 1861 929 versus':

307 939 404 973 Nam
423 939 558 986 fierent
580 940 717 972 iuvenes
742 938 854 972 subito
882 951 926 973 ex
951 939 1144 984 infantibus
1163 942 1299 985 parvis.

77 992 135 1026 Sic
160 991 325 1034 habetur,
352 992 444 1034 quasi
471 991 588 1024 dixerit
613 990 796 1024 subtracta
821 1002 839 1024 s
865 991 1003 1025 littera:
1029 991 1202 1038 inscmtibu
1225 990 1385 1039 parvis⁹5
1410 993 1468 1029 hic
1496 995 1583 1029 enim
1607 1008 1625 1031 s
1651 997 1759 1032 littera
1784 998 1902 1033 interit.

77 1044 149 1077 nius
175 1055 311 1087 quoque
338 1043 399 1076 ait:

307 1114 358 1119 ——
383 1094 457 1127 vita
483 1093 547 1126 illa
571 1093 713 1138 dignus,
740 1089 926 1138 loeoque⁹5

79 1146 174 1190 quasi
202 1146 335 1192 dignu,
364 1146 506 1189 locoque
532 1144 660 1180 dixerit.
713 1144 871 1178 Similiter
903 1145 1051 1179 Lucilius
1074 1144 1166 1179 ait¹⁰:

316 1196 404 1230 Τιιηι
431 1196 593 1229 lateralis
619 1196 721 1229 dolor
747 1197 958 1230 certissimus
983 1198 1120 1231 nuntias
1142 1199 1271 1232 mortis.

1954 997 2026 1032 En-

79 1249 163 1282 Pro:

313 1298 401 1331 Tum
427 1297 572 1331 laterali
597 1297 700 1331 dolor
726 1299 920 1332 certissima
946 1300 1066 1332 nuntia
1092 1301 1222 1333 mortis.

78 1350 136 1385 Sic
161 1350 306 1383 habetur
332 1350 426 1393 quasi
453 1350 624 1383 subtractis
649 1361 666 1383 s
692 1350 823 1389 litteris3
856 1351 932 1394 quia
961 1351 1112 1385 licentius
1147 1352 1271 1395 antiqui
1306 1355 1338 1385 et
1372 1353 1444 1396 ipsa
1471 1352 1563 1396 quasi
1592 1365 1655 1398 pro
1682 1354 1819 1397 liquenti
1844 1355 2030 1396 utebantur,

78 1402 241 1436 inerudita
268 1401 382 1435 adhuc
411 1402 573 1443 novitate,
601 1401 694 1444 quod
721 1402 922 1446 posteriores
949 1409 1071 1447 poetae
1098 1414 1164 1436 non
1186 1399 1339 1446 fe1unt¹¹‚
1366 1416 1433 1436 non
1457 1405 1551 1447 quod
1571 1406 1632 1439 ista
1659 1407 1807 1440 defensio
1834 1412 1904 1440 rata
1914 1403 1938 1424 ¹²
1963 1417 2029 1439 non

80 1459 181 1496 esset,
208 1453 267 1487 sed
295 1453 388 1497 quod
415 1465 526 1486 versus
552 1464 626 1486 suos
653 1453 810 1496 liquidius
833 1451 1043 1487 decurrere1³
1068 1456 1165 1488 nullis
1192 1456 1328 1489 salebris
1354 1456 1537 1489 voluerunt.

244 1505 278 1540 2.
330 1505 509 1548 Liquentes
537 1510 646 1538 autem
675 1516 880 1550 cognoscere
906 1517 1079 1551 possumus
1106 1507 1139 1539 in
1166 1507 1226 1540 illo
1252 1507 1384 1552 Virgilii
1411 1504 1553 1541 versun:

308 1576 358 1581 —
386 1556 461 1590 Sed
487 1557 577 1590 haee
603 1556 695 1589 lento
721 1568 794 1590 mos
822 1561 872 1590 est
899 1562 1028 1602 aptare
1041 1557 1203 1603 flagello
1211 1573 1223 1602 ,-

81 1607 173 1650 quasi
200 1607 368 1641 subtracta
390 1609 402 1641 l
428 1608 535 1640 littera
551 1608 703 1653 sagello
725 1605 886 1642 ‹lixerit¹5.
938 1609 995 1642 Sic
1023 1616 1054 1641 et
1081 1611 1113 1642 in
1140 1610 1214 1642 illo:

308 1659 449 1692 Phoebe
475 1661 602 1704 gravis
632 1659 758 1693 Troiae
783 1671 922 1705 semper
945 1661 1110 1693 miserate
1136 1656 1317 1694 laboresffi.

82 1708 186 1750 Quasi
213 1708 412 1745 subtracta¹⁷
437 1722 457 1743 r
482 1712 590 1744 littera
615 1711 724 1756 garis
757 1711 894 1755 dixerit,
929 1723 996 1745 non
1029 1712 1148 1757 gravis.

168 1827 196 1867 1)
219 1828 331 1868 Incipit
359 1836 556 1859 commentum
583 1832 715 1859 Maximi
747 1832 897 1859 ῘἝείονιί-ιί
920 1830 956 1859 cle
981 1842 1036 1859 rcc—

83 1870 162 1897 tione
175 1876 346 1902 metrorum.
370 1874 440 1903 Cod.
461 1873 533 1903 Bob.
556 1889 599 1895 —
620 1876 650 1910 2)
679 1874 754 1901 Vero
772 1874 968 1912 interponunt
986 1874 1033 1902 Pe.

83 1917 113 1940 et
130 1912 247 1944 Putseh.
267 1930 309 1935 -—-
329 1913 357 1953 3)
383 1916 462 1944 Tam
490 1927 559 1944 cum
587 1927 665 1945 cmm.
689 1917 736 1944 Pe.
765 1921 792 1944 et
809 1916 928 1946 Putseh.
958 1916 1034 1944 Con-

83 1960 245 1982 secuntur
267 1955 338 1985 Cod.
355 1957 424 1988 Bub.
446 1975 486 1980 -—
508 1959 536 1994 4)
561 1960 668 1987 Aliam
691 1958 760 1987 eod.
786 1959 815 1987 B.
846 1975 889 1980 -
911 1955 940 1996 5)
963 1958 1033 1985 Ala*-

85 2007 148 2035 qua
169 1997 242 2026 Cod.
259 1997 329 2025 Bob.
347 1999 394 2029 Pe.
416 2016 457 2021 —
479 2003 507 2035 6)
530 2003 672 2039 Longum
685 2001 836 2030 Sillalmm
851 2001 900 2029 Pe.
917 2000 1034 2029 Putseh.

86 2056 122 2060 -
134 2041 164 2075 7)
174 2040 312 2067 Lucretii
329 2041 376 2069 Pe.
389 2042 506 2071 Putseh.
525 2043 598 2072 Tum
615 2045 695 2072 A'am
703 2046 837 2081 ficet-ant
855 2043 900 2070 Pe.
915 2041 1033 2070 Putseh.

83 2081 138 2110 Est
159 2082 244 2110 locus
264 2082 350 2110 Lucr-
373 2084 396 2120 1,
420 2087 508 2120 187..
530 2086 581 2114 ubi
602 2086 727 2123 legitur,
752 2091 785 2113 ut
806 2096 820 2112 e
848 2084 920 2112 cod.
941 2084 1033 2111 edidi-

83 2134 159 2153 mu8.
182 2141 223 2145 —
246 2128 272 2159 3)
298 2125 397 2162 Qua-si
417 2126 543 2155 dixerit.-
572 2139 610 2156 εκ
635 2128 852 2165 ιἸι]“(ιηίίύιι
875 2128 1032 2163 parvis,

83 2167 243 2195 subtracta
259 2177 274 2193 S
288 2167 376 2195 litera
397 2169 444 2197 Pe.
463 2169 583 2198 Putseh.
607 2187 644 2192 --
669 2174 696 2204 9)
721 2169 808 2198 Ennii
834 2179 935 2196 versus
951 2169 1032 2206 apud

83 2208 198 2238 Hessel.
221 2209 328 2246 legitur
350 2220 415 2248 pag.
440 2214 508 2242 147.
530 2213 605 2240 Tum
630 2213 722 2251 quast)
746 2211 855 2238 dixerit
884 2212 948 2238 wila
974 2211 1032 2239 illa

83 2249 194 2290 dignu,
219 2252 340 2290 locoque
360 2253 407 2280 Pe.
426 2253 542 2282 Putseh.
563 2256 619 2282 Λίι
642 2259 709 2282 ante
733 2253 819 2281 Ennii
837 2263 954 2281 versum
973 2253 1031 2281 dc—

1078 1830 1192 1869 syllaba
1213 1829 1245 1856 la
1262 1828 1324 1856 sive
1346 1827 1378 1855 lu
1397 1837 1486 1866 supra
1509 1828 1620 1866 scripta
1645 1833 1696 1858 est.
1722 1827 1823 1857 Voluit
1847 1828 1970 1856 fortasse
1994 1827 2027 1855 li-

1077 1873 1192 1901 brarius
1208 1872 1368 1899 noluerunt
1386 1880 1440 1908 pro
1460 1881 1520 1898 non.
1536 1875 1656 1908 gerunt.
1683 1887 1721 1891 —
1747 1874 1789 1905 12)
1812 1871 1960 1908 Definitio
1978 1881 2025 1897 re-

1078 1921 1127 1942 cta
1147 1915 1195 1943 Pe.
1217 1913 1335 1942 Putseh.
1358 1914 1503 1949 foensio
1527 1914 1637 1942 dicitur
1660 1924 1729 1941 usus
1747 1913 1966 1951 antiquiorum,
1990 1913 2027 1940 ad

1077 1967 1162 1994 quem
1185 1961 1330 1994 provocat
1352 1955 1574 1984 Grammaticus.
1603 1973 1641 1979 —-
1675 1955 1718 1995 13)
1748 1957 1949 1983 Discussere
1978 1955 2025 1986 Pe.

1078 2005 1105 2026 et
1120 1998 1240 2029 Putseh.
1265 2015 1307 2020 —
1336 1996 1379 2035 14)
1401 1997 1581 2036 Cognoscere
1603 2001 1636 2026 in
1655 1999 1708 2026 illo
1737 1999 1821 2036 I't'l'g.
1846 2009 1932 2026 versu
1950 2009 2026 2036 pos-

1077 2052 1184 2069 sumus
1201 2042 1247 2070 Pe.
1266 2039 1382 2069 Putseh.
1407 2041 1482 2069 Tum
1498 2042 1601 2070 verba:
1628 2040 1687 2069 §ed
1704 2041 1777 2069 haec
1799 2042 1877 2068 lento
1896 2051 1960 2068 mos
1983 2046 2024 2068 est

1076 2088 1262 2112 accesserunt
1280 2093 1294 2111 e
1315 2083 1386 2111 cod.
1407 2083 1479 2111 Bob.
1496 2084 1591 2112 Locus
1606 2089 1651 2112 est
1665 2083 1746 2122 Virg.
1772 2084 1844 2113 Aen.
1866 2083 1937 2119 VH,
1952 2086 2023 2114 731.

1078 2143 1112 2147 -
1141 2128 1184 2162 15)
1211 2126 1262 2155 Vv.
1277 2127 1367 2164 qua-si
1382 2125 1539 2154 subtracta
1561 2128 1664 2154 littera
1681 2127 1693 2153 l
1713 2127 1783 2163 (sic)
1800 2126 1931 2165 stagello
1955 2125 2022 2165 (sic)

1076 2168 1104 2196 in
1129 2169 1198 2197 Cod.
1225 2179 1314 2206 supra
1334 2168 1446 2206 scripta
1470 2169 1609 2206 leguntur
1630 2170 1708 2197 inter
1732 2179 1847 2198 versus.
1891 2183 1932 2189 -
1976 2167 2022 2205 16)

1077 2212 1191 2239 Gravis
1217 2211 1288 2240 cod.
1311 2211 1385 2239 Bob.
1408 2221 1518 2249 graves
1543 2212 1588 2240 Pe.
1614 2211 1733 2241 Putseh.
1757 2212 1854 2240 Locus
1875 2216 1917 2239 est
1940 2211 2020 2246 Virg.

1073 2253 1144 2282 Aen.
1160 2254 1214 2290 vl,
1235 2254 1283 2285 56.
1314 2269 1356 2274 ——-
1386 2252 1432 2293 17)

1452 2253 1615 2283 Sabas-acta
1638 2266 1652 2281 s
1678 2264 1778 2282 errore
1798 2253 2022 2292 typothetarum

84 2299 129 2323 est
150 2294 181 2321 in
203 2294 276 2323 Cod.
295 2295 318 2322 Β
332 2295 370 2323 b.
401 2311 442 2316 -—
473 2300 515 2329 lO)
538 2297 697 2324 Lucillam·
716 2296 760 2323 Pe.
788 2294 906 2324 Putseh.
932 2296 998 2323 Una
1019 2296 1033 2323 l
1073 2296 1120 2324 Pe.
1144 2301 1171 2324 et
1194 2294 1311 2326 Putseh.
1337 2296 1410 2323 Tum
1432 2307 1526 2334 gaves
1549 2313 1591 2318 ——-·
1618 2308 1729 2335 graves
1750 2297 1796 2326 Pe.
1819 2294 1937 2324 Putseh.
1964 2293 2019 2321 Sed

84 2336 204 2365 exhibet
228 2336 298 2365 Cod.
317 2338 387 2366 Bob.
405 2337 461 2365 Ait
476 2338 610 2366 additum
627 2349 641 2366 e
663 2338 735 2367 Cod.
752 2338 824 2366 Bob.
842 2338 944 2366 Paullo
960 2342 1030 2376 post
1069 2340 1178 2376 gravi-5·
1191 2355 1232 2360 ——
1244 2339 1354 2376 gravis
1371 2338 1441 2370 Cod.
1456 2339 1529 2370 Bob.
1546 2339 1645 2369 littera
1659 2351 1675 2368 r
1691 2339 1721 2368 in
1736 2339 1831 2378 priori
1852 2346 1925 2366 voce
1940 2345 2018 2373 pun-

84 2381 129 2407 sic
144 2378 215 2407 Aah.
222 2378 304 2407 bitur
318 2381 425 2408 omisso
443 2382 534 2418 quasi
548 2381 620 2409 Cod.
639 2380 710 2410 Bob.
734 2397 773 2401 —
797 2381 910 2415 11)P10
922 2381 1029 2417 serunt
1072 2386 1120 2410 cto
1139 2382 1295 2422 supposito
1318 2381 1423 2412 deleta.

83 2421 117 2450 in
135 2422 414 2461 Cod.estge1unt‚
449 2423 499 2451 sed
519 2433 543 2462 g
563 2428 676 2462 puncto
705 2423 859 2462 supposito
881 2423 976 2452 deleta
1001 2428 1030 2452 et
