2263 2668
562 119 628 153 DE
653 117 1040 155 SIGNIFIGATIONE
1072 116 1356 152 VERBORUM.
1414 117 1561 153 LIBER
1588 119 1644 153 Vl.
2000 123 2076 158 427

128 215 174 244 Ex
197 213 304 252 quibus
326 212 397 241 licet
418 212 566 242 conticere
587 213 794 252 antiquitatem
819 215 881 243 eius
901 211 1051 252 glossarii,
1076 215 1106 239 et
1129 216 1272 249 quantum
1296 211 1382 240 fidem
1405 212 1468 240 eius
1491 212 1575 250 sequi
1599 212 1767 242 debeamus.
1812 213 1874 251 Ego
1899 215 2009 253 alioqui
2031 217 2076 246 iu-

127 257 198 286 veni
222 258 300 285 duos
323 255 488 284 versiculos
511 255 656 285 lambiens
678 258 708 285 in
731 258 830 285 Litera
849 258 898 293 R„
930 255 983 294 qui
1006 253 1147 282 videntur
1167 255 1362 283 dedicationis
1383 255 1452 284 loco
1475 265 1553 284 esse:

755 311 878 338 Τοιοῦτο
903 308 1002 344 δῶρον
1024 306 1060 347 τῇ
1083 308 1167 344 σοφῇ
1187 306 1328 345 γερουσίᾳ

738 348 872 385 ’Ὕπατος
893 346 1036 387 ὑπάρχων
1058 347 1221 386 προςφὲρω
1249 346 1416 383 Φιλόξενος.

129 400 255 430 Videtur
278 401 367 429 fuisse
389 399 413 429 is
438 398 632 436 Philoxenus,
656 400 707 438 qui
730 401 912 441 temporibus
935 399 1088 428 Iustiniani
1113 399 1215 426 consul
1238 398 1294 426 suit
1318 407 1382 425 cum
1402 398 1506 429 Probo.
1544 399 1637 427 Porro
1661 399 1751 428 verba
1774 399 1877 428 ultima
1895 400 1978 429 Fasti
2000 402 2074 430 enim

130 442 191 472 dies
208 443 279 482 festi
300 449 379 478 suni,
412 452 449 470 ne
469 442 550 470 Pauli
574 442 691 480 quidem
716 449 792 474 sunt.
838 443 894 472 Sed
917 442 954 470 ad
977 440 1213 470 sacrificulorum
1236 440 1426 476 calendaria,
1466 442 1543 470 unde
1566 442 1700 480 profecta
1724 446 1809 478 sunt,
1843 453 1875 471 ea
1898 444 2074 473 remittimus

130 491 220 524 atque
242 486 316 514 adeo
338 484 436 522 flagris
459 484 634 522 ablegamus,
658 484 758 514 Scal.
798 486 882 515 Fasti
904 497 919 514 a
942 484 1047 513 diebus
1070 483 1168 519 fastis,
1200 484 1250 522 qui
1272 483 1302 511 in
1326 483 1361 510 iis
1382 484 1566 521 referuntur,
1592 489 1626 512 ut
1645 490 1674 513 et
1696 484 1816 521 nefasti,
1840 485 1889 514 sed
1915 495 1980 514 cum
2003 487 2076 525 plu-

129 539 177 557 res
200 528 284 563 fasti,
313 539 327 556 a
349 527 459 566 potiori
483 537 589 555 nomen
614 529 791 558 sortiuntur.
838 528 921 564 Quae
939 528 1077 565 leguntur
1100 525 1130 553 in
1153 525 1226 562 fine,
1256 535 1307 562 ego
1330 525 1412 554 Festi
1436 536 1497 554 esse
1521 528 1671 563 existimo,
1698 527 1748 555 sed
1772 527 1878 555 leviter
1901 528 2074 559 deformata.

131 571 225 608 Lego:
248 569 346 598 Fastis
368 570 443 598 enim
465 567 526 598 dies
541 568 619 608 sosii
641 570 754 608 insunt,
778 571 840 608 vel,
863 571 886 599 si
910 571 1016 599 mavis:
1036 569 1127 607 fastis
1150 569 1222 596 enim
1248 567 1308 597 dies
1324 567 1401 605 fasti
1423 569 1525 607 scripti
1546 576 1619 598 sunt.
1643 569 1730 598 Dac.
1764 568 1848 597 Fasti
1865 575 1893 598 et
1910 570 1989 600 Festi
2011 572 2074 600 dies

130 624 147 641 a
170 612 322 641 sanson-ito
347 611 434 647 hhas,
459 611 638 640 Graecorum
663 611 772 651 φάος,
804 624 878 652 quae
901 612 990 642 lucem
1015 611 1172 647 denotant,
1202 610 1358 639 derivandi
1381 615 1456 638 sunt.
1503 612 1596 639 Probe
1619 617 1717 640 tamen
1740 611 1897 640 tenendum
1922 618 1983 650 est,
2012 613 2074 643 fieri

129 666 233 695 posse,
258 660 290 683 ut
314 653 561 693 quemadmodum
587 652 673 692 φάω,
697 656 799 693 luceo,
823 661 849 684 et
873 653 942 695 φάω
966 654 1058 693 φημὶ,
1085 654 1151 681 dico
1175 653 1255 691 apud
1280 653 1407 681 Graecos
1431 654 1513 682 suere
1537 655 1716 690 communia,
1739 653 1954 692 significatione
1978 661 2075 684 tamen

130 697 266 733 diversa3
299 697 340 725 ita
363 696 532 725 Latinorum
555 697 654 735 fastus
678 703 705 726 et
722 699 816 737 festus
837 698 969 738 potuisse
993 698 1087 725 forma
1113 695 1230 734 quidem
1255 696 1438 731 communia,
1476 706 1509 724 re
1533 707 1594 725 esse
1617 697 1742 726 diversa.
1789 696 1831 724 Ita
1849 697 1957 735 festus,
1994 698 2075 736 quod

126 740 286 780 probabile
309 745 353 768 est
375 739 460 767 etiam
478 740 576 778 fastus
598 741 748 779 prolatum
773 752 848 779 esse,
873 739 1001 770 lucidum
1018 737 1180 778 significare
1196 743 1307 777 potest,
1331 736 1475 777 φαιστὸν,·
1503 744 1605 767 contra
1623 740 1722 777 fastus
1745 738 1876 778 φαστόν,
1901 740 1981 778 quod
2005 738 2074 777 dici,

128 782 177 811 vel
199 783 250 812 ubi
274 782 332 811 dici
355 787 460 820 potest.

293 831 432 861 Fanum
456 844 473 861 a
497 832 631 864 Fauno.
677 834 720 863 lta
744 835 764 864 l.
787 845 825 864 m.
848 844 903 873 pro
927 844 945 862 a
962 833 1046 873 sano.
1070 830 1169 861 Fulv.
1199 830 1274 860 Urs.
1313 831 1334 859 A
1358 830 1454 859 saunis
1478 831 1544 859 fana
1569 832 1644 861 (ficta
1668 836 1781 861 veteres
1804 832 1967 871 putabant,
1994 832 2075 871 quod

129 874 190 903 illis
212 875 341 913 primum
365 876 474 914 templa
497 876 556 904 sint
580 882 756 905 consecrata.
802 877 958 906 Cornelius
981 877 1108 904 Fronto:
1136 874 1247 903 Fanum
1272 875 1372 902 Fauno
1398 879 1609 904 consecratum.
1646 875 1702 902 Alii
1718 874 1794 913 sana
1818 886 1832 903 a
1850 874 1965 913 fando,
1995 874 2075 913 quod

130 917 162 945 iu
185 917 222 945 iis
245 918 454 946 consecrandis
478 918 610 957 pontifex
634 925 712 947 certa
736 919 826 948 verba
849 921 942 955 fatur3
972 918 1019 947 vel
1042 917 1159 957 potius,
1183 921 1218 945 ut
1241 917 1335 946 Varro
1358 917 1410 945 lib.
1423 917 1458 946 V.
1481 916 1518 945 de
1538 917 1568 945 L.
1594 917 1623 945 L„
1645 917 1712 955 (VI,
1736 927 1800 956 pag.
1815 920 1885 948 230-
1909 917 1971 957 ΞΡ.)
1995 916 2074 956 quod

128 959 265 998 pontifex
286 960 318 988 in
341 961 489 989 sacrando
512 962 589 989 satus
613 967 655 990 est
679 962 779 998 finen13
817 962 886 990 hinc
911 964 937 999 (a
962 961 1065 999 fando)
1082 960 1158 999 fana
1184 961 1347 995 nominata,
1381 959 1493 998 inquit,
1527 958 1607 999 quod
1626 961 1777 998 pontifices
1800 960 1828 988 in
1852 959 1997 989 sacrando
2014 960 2076 999 fati

129 1009 195 1031 sunt
210 1003 310 1040 finem.
354 1003 411 1032 Sed
434 1004 561 1032 maxime
584 1005 681 1042 placet
705 1006 847 1034 sententia
870 1005 979 1040 vossii,
1011 1004 1062 1042 qui
1085 1008 1170 1041 putat
1193 1002 1294 1030 sanum
1318 1013 1379 1030 esse
1403 1013 1452 1038 eo,
1480 1001 1558 1040 quod
1582 1001 1611 1030 id
1638 1002 1742 1030 Graeci
1765 1002 1898 1030 similiter
1921 1001 1995 1032 ναόν
2018 1003 2075 1030 vo'-

130 1049 206 1072 cent.
239 1045 350 1084 Nempe
374 1056 428 1084 per
452 1048 710 1084 transpositionem
735 1048 824 1076 fuerit
847 1044 941 1081 civo'v,
965 1048 1016 1075 sed
1040 1047 1164 1084 spiritus
1188 1045 1248 1073 abit
1271 1045 1387 1083 saepius
1409 1045 1438 1073 in
1456 1044 1482 1082 f.
1511 1045 1545 1073 Id
1566 1045 1696 1083 probant
1720 1045 1812 1082 ipsam
1835 1049 1864 1072 et
1882 1044 1962 1073 Festi
1984 1045 2075 1073 verba

130 1097 146 1116 e
165 1087 215 1116 lib.
230 1087 320 1116 VIll.:
350 1087 476 1118 Hanula
496 1100 589 1128 parva
612 1088 732 1118 delubra
756 1090 841 1130 quasi
857 1088 978 1128 famula.
1024 1089 1100 1127 Ergo
1126 1098 1163 1116 ex
1187 1087 1308 1126 obliquo
1333 1085 1406 1117 οἶνόν
1430 1087 1547 1123 fanum,
1576 1087 1654 1115 unde
1677 1085 1836 1122 lmnulutn,
1863 1092 1964 1125 postea
1987 1088 2075 1115 fanu-

129 1129 207 1167 lum,
232 1135 265 1158 ut
287 1129 394 1166 hostis,
421 1131 526 1168 fastis,
549 1131 650 1169 holus,
675 1131 755 1161 solus
777 1137 805 1161 et
827 1132 943 1161 similia.
968 1131 1053 1161 Dac.
1092 1129 1174 1159 Hinc
1191 1130 1269 1169 fana
1292 1130 1398 1160 sistere.
1439 1130 1510 1159 Vide
1534 1129 1610 1158 infra
1635 1127 1748 1158 Sistere.
1776 1128 1883 1161 Goth,
1922 1128 2034 1158 Fanum
2059 1141 2074 1158 a

131 1173 280 1201 sanserita
302 1183 376 1201 voce
399 1172 527 1210 himmas,
559 1184 634 1212 quae
656 1175 858 1213 splendorem,
892 1176 1007 1209 lumen,
1038 1174 1163 1202 maxime
1186 1174 1284 1201 lumen
1309 1173 1396 1208 solis,
1423 1172 1581 1211 ipsumque
1603 1172 1694 1201 solem
1717 1171 1869 1209 significat.
1913 1172 1964 1200 Est
1984 1172 2076 1210 igitur

124 1215 231 1253 fanum
253 1213 286 1246 τὰ
308 1213 421 1254 φανόν,
449 1216 468 1244 i.
493 1227 521 1254 q.
545 1214 644 1254 lucus,
682 1218 801 1256 proprie
824 1218 906 1246 locus
930 1217 1064 1252 lucidus,
1097 1215 1125 1244 h.
1150 1226 1174 1247 e.
1197 1225 1282 1244 sacer
1304 1216 1405 1252 Iocus,
1440 1215 1589 1244 sacellum.
1634 1215 1672 1244 Ut
1696 1215 1771 1243 enim
1793 1212 1875 1243 lucus
1897 1225 1913 1242 a
1936 1214 2074 1251 lucendo,

130 1258 173 1286 sic
189 1257 296 1296 fanum
320 1268 335 1285 a
359 1255 445 1295 φάω,
469 1257 556 1295 lukas,
581 1258 701 1288 blmnus.
746 1260 853 1288 Contra
876 1259 997 1288 Faunus
1019 1265 1063 1288 est
1083 1270 1098 1287 a
1122 1258 1247 1287 favendo
1271 1257 1377 1288 dictus.

293 1307 516 1348 Fastigium.
562 1310 593 1338 In
619 1310 788 1339 Glossario:
818 1309 1001 1347 Fastidium,
1030 1310 1151 1348 λέτωμα.
1187 1310 1277 1345 Lege:
1301 1308 1482 1348 Fastigium,
1510 1305 1635 1346 οἷὲτωμα.
1681 1307 1727 1335 Ita
1751 1317 1837 1345 saepe
1861 1306 2014 1335 Vitruvius
2038 1316 2075 1335 ex

130 1350 258 1378 Ctesibio
281 1355 309 1379 et
332 1351 412 1386 aliis,
435 1357 463 1380 et
486 1349 609 1388 οἷέτωσις
630 1353 797 1390 fastigiatiO.
823 1351 923 1382 Scal.
961 1353 1066 1381 Graeci
1089 1357 1198 1381 vocant
1219 1349 1351 1390 (Ξέτωμα,
1376 1352 1455 1389 quod
1479 1352 1595 1390 aquilae
1618 1350 1745 1379 volantis
1768 1350 1895 1388 speciem
1917 1359 2074 1388 represen-

128 1397 213 1421 taret.
250 1394 289 1421 De
311 1392 369 1421 hoc
390 1394 431 1422 ita
456 1395 599 1423 Galenus:
620 1392 751 1434 Ἀέτωμά
775 1395 835 1426 ἐστι
857 1393 890 1426 τὸ
913 1396 955 1430 εἰς
976 1394 1060 1433 ὕψος
1082 1393 1299 1431 ἀνατεταμένον
1322 1396 1373 1432 τῆς
1395 1391 1513 1433 ὀροφῆς
1536 1392 1632 1432 ὥσπερ
1657 1394 1812 1431 τρίγωνον.
1850 1391 1920 1419 Inde
1944 1397 1971 1420 et
1994 1392 2077 1420 fasti-

129 1435 208 1473 gium
232 1434 381 1465 trichoron
404 1437 532 1475 dictum,
559 1438 703 1476 τρίχωνον
727 1443 755 1467 et
777 1440 924 1478 τρίγωνον
947 1436 1034 1468 idem.
1080 1438 1154 1466 Vide
1178 1438 1298 1467 Salmas.
1321 1437 1351 1465 in
1375 1436 1558 1465 Fescennino
1584 1437 1672 1474 Nigro
1696 1435 1851 1473 Spartiani.
1876 1434 1966 1462 Dae.
2004 1434 2077 1462 Vide

127 1478 258 1507 Nonium
281 1478 312 1507 in
334 1478 496 1520 Fastigium
521 1485 550 1509 et
572 1480 714 1519 Fastigia.
745 1481 823 1509 Hinc
845 1485 943 1509 autem
960 1481 1129 1519 fastigiatio
1153 1481 1239 1510 dicta.
1267 1478 1373 1509 Goth..
1413 1479 1575 1518 Fastigium
1599 1479 1757 1507 formatum
1782 1482 1810 1505 et
1832 1486 1993 1515 procusum
2015 1486 2077 1505 esse

131 1525 269 1560 apparet,
293 1522 542 1559 quemadmodum
560 1521 686 1561 litigium
706 1523 726 1553 i.
743 1534 768 1552 e.
792 1523 850 1551 litis
873 1523 968 1558 actio;
992 1523 1158 1561 vestigium,
1181 1522 1349 1551 vestimenti
1371 1523 1464 1557 actio,
1489 1522 1557 1560 quia
1580 1526 1676 1550 vestes
1699 1525 1810 1549 tractae
1833 1519 1987 1558 pulverem
2010 1529 2077 1548 ver-

127 1569 215 1601 runt3
239 1574 329 1602 quare
345 1564 518 1604 fastigium,
542 1564 624 1602 quod
645 1565 740 1593 lucem
763 1565 869 1601 habet,
899 1564 946 1593 vel
970 1566 1066 1593 lucem
1091 1565 1190 1600 all'ert,
1215 1575 1228 1592 a
1247 1564 1361 1602 fastus,
1386 1564 1514 1593 lucidus.
1560 1564 1743 1601 Videturque
1766 1561 1894 1600 primum
1917 1561 1957 1589 ita
1980 1560 2076 1589 dictus

131 1616 193 1635 esse
220 1607 305 1635 locus
334 1606 364 1633 in
393 1611 472 1635 tecto
499 1607 629 1641 medius,
668 1617 720 1644 per
750 1618 836 1646 quem
862 1607 1003 1645 splendor
1027 1606 1085 1634 diei
1110 1608 1220 1635 intrare
1243 1608 1273 1634 in
1297 1612 1374 1634 tecta
1397 1606 1518 1636 solebat.
1564 1607 1638 1635 Satis
1660 1617 1716 1645 pro
1740 1605 1862 1634 arbitrio
1884 1603 2077 1632 Doederlinus

127 1648 299 1688 fastigium,
323 1653 356 1676 ut
378 1649 548 1684 fastidium,
570 1660 585 1676 a
601 1649 678 1686 satis
701 1650 717 1677 i.
742 1660 767 1678 e.
790 1651 861 1678 satis
886 1650 1002 1678 derivat
1024 1651 1083 1677 Lat.
1105 1650 1176 1687 Syn.
1200 1654 1268 1677 tom*
1282 1649 1324 1685 H,
1347 1659 1411 1686 pag.
1426 1650 1492 1679 109.
1508 1659 1590 1688 seqq.

295 1689 485 1720 Favissae.
531 1692 603 1720 Vide
628 1692 702 1721 Gell.
725 1692 823 1722 ltb.1[.
847 1702 912 1730 cap.
929 1695 976 1723 10.
1001 1691 1087 1721 Ant.
1110 1691 1206 1730 Aug.
1250 1692 1316 1719 Non
1340 1695 1384 1719 est
1406 1691 1548 1728 dubium,
1581 1691 1651 1730 quin
1676 1690 1780 1718 Graeci
1803 1687 1939 1718 vocarint
1959 1692 2076 1725 θησαυ-

132 1726 204 1769 ρούς
229 1740 260 1758 ea
283 1731 358 1761 loca.
395 1733 573 1762 Plutarchus
596 1734 625 1762 in
648 1734 876 1773 Philopoemene
898 1735 989 1771 (19.):
1017 1731 1059 1764 On}
1080 1734 1133 1771 μὲν
1155 1731 1229 1764 ἄλλά
1252 1734 1426 1771 κομίσαντες
1450 1732 1542 1764 αὐτὸν
1565 1735 1606 1769 εἰς
1628 1731 1678 1763 τὸν
1701 1730 1885 1770 καλούμενον
1905 1728 2076 1768 Θησαυρὸν,

131 1773 243 1811 οἴκημα
265 1772 419 1814 κατάγειον
444 1774 511 1807 οῧτε
534 1780 647 1815 πνεῦμα
673 1775 828 1817 λαμβάνον
857 1774 925 1808 οὕτε
955 1779 1023 1815 φώς
1051 1777 1165 1812 ἔξωθεν
1195 1775 1264 1807 οὔτε
1296 1773 1394 1814 θύρας
1423 1775 1507 1814 ἕχον,
1546 1771 1618 1806 ἄλλο)
1641 1771 1753 1814 μεγάλῳ
1775 1776 1851 1815 λίθῳ
1874 1773 2075 1812 περιαγομένῳ

131 1813 393 1854 κατακλειόμενον,
433 1819 563 1849 ἐνταῦθα
593 1820 752 1850 κατέθεντο
781 1820 832 1851 καὶ
860 1818 912 1850 τὸν
940 1821 1030 1849 λίθον
1059 1817 1268 1856 ἐπιρῤάξαντες
1296 1817 1408 1855 ἄνδρας
1436 1816 1583 1854 ἐνόπλους
1605 1815 1705 1858 κύκλῳ
1727 1816 1931 1855 περιέστησαν.
1978 1815 2077 1843 Livius

132 1867 223 1897 quum
247 1860 393 1897 acciperet
416 1860 488 1890 haec
513 1863 547 1890 ab
572 1863 674 1890 eodem
705 1868 842 1900 auctore,
879 1873 916 1890 ex
940 1873 1000 1901 quo
1022 1861 1120 1891 hausit
1144 1866 1247 1901 postea
1269 1860 1463 1895 Plutarchus,
1497 1861 1536 1889 ita
1559 1860 1691 1889 reddidit
1713 1858 1749 1888 (Ie
1773 1858 1873 1887 eadem
1895 1868 1927 1886 re
1950 1855 2075 1894 loquens

131 1901 186 1930 lib.
197 1902 346 1938 XXXIX,
370 1902 460 1941 (50.):
491 1903 664 1933 Admoneat
687 1904 790 1934 deinde
812 1904 948 1946 quidam,
981 1916 1039 1933 esse
1061 1903 1224 1933 thesaurum
1246 1902 1396 1943 publicum
1419 1901 1470 1931 sub
1494 1910 1586 1940 terra,
1618 1913 1697 1931 saxo
1719 1899 1865 1942 quadrato
1887 1906 2014 1943 sepium5
2043 1909 2075 1928 eo

131 1945 245 1973 vinctus
274 1943 447 1981 demittitur,
485 1955 510 1975 et
539 1957 648 1976 saxum
679 1948 794 1986 ingens,
830 1959 887 1988 quo
912 1948 1038 1987 operitur
1059 1945 1214 1983 machina,
1251 1946 1502 1985 superimpositum
1524 1951 1573 1974 esi.
1618 1944 1651 1973 In
1676 1954 1734 1982 quo
1758 1941 1977 1978 annotandum,
2014 1941 2075 1970 ele-

130 1991 236 2025 ganter
258 1987 293 2015 ab
317 1987 382 2025 ipso
399 1989 482 2017 Livio
498 1987 549 2019 τὸν
573 1988 790 2028 περιαγόμενον
813 1994 901 2020 λίθον
924 1990 997 2018 verti
1022 1999 1143 2024 saxum,
1168 1999 1227 2026 quo
1252 1987 1384 2026 operitur
1406 1987 1560 2023 machina,
1585 1986 1643 2015 hoe
1667 1991 1710 2015 cst
1732 1986 1806 2014 mola
1830 1984 1962 2020 inferior,
1987 1994 2075 2022 quam

132 2034 237 2057 metam
267 2035 357 2058 vocat
381 2031 487 2059 Paulus
519 2032 755 2060 iurisconsultus.
800 2033 977 2070 Intelligitur
1007 2041 1076 2069 ergo
1101 2029 1257 2067 Catillum,
1296 2036 1328 2058 ut
1356 2030 1434 2058 idem
1462 2030 1567 2058 Paulus
1599 2034 1699 2065 vocat,
1735 2027 1792 2056 hoc
1820 2031 1864 2055 est
1891 2036 2075 2064 superiorem

130 2072 251 2102 molam.
295 2073 430 2101 Machina
460 2074 537 2102 enim
560 2074 703 2111 significat
726 2076 834 2104 molam
858 2075 935 2113 apud
959 2079 1083 2102 veteres.
1129 2074 1210 2101 Unde
1237 2073 1381 2101 Ausonius
1406 2073 1483 2100 dixit
1505 2070 1671 2101 machinale
1688 2068 1806 2110 pondus
1827 2079 1883 2108 pro
1905 2069 1984 2096 mola
2008 2069 2073 2107 (Ep.

130 2116 188 2151 21,
210 2114 286 2154 34.).
329 2116 406 2144 ltine
436 2117 571 2145 Italicum
602 2118 707 2153 vulgus
738 2118 905 2146 machinare
934 2128 989 2156 pro
1015 2116 1134 2145 molere.
1180 2117 1255 2144 Sane
1279 2126 1373 2154 neque
1399 2113 1573 2143 Plutarchus
1597 2115 1659 2143 sine
1681 2113 1779 2146 Livio,
1820 2121 1914 2149 neque
1939 2110 1989 2139 ille
2013 2112 2074 2139 sine

131 2157 291 2186 Plutarcho
320 2160 429 2197 exponi
461 2164 608 2198 potuerat.
653 2160 745 2188 Porro
775 2166 803 2188 et
827 2160 920 2188 Varro
951 2159 1118 2188 thesaurum
1149 2169 1204 2197 pro
1232 2158 1331 2186 eadem
1355 2168 1386 2186 re
1410 2158 1487 2186 dixit
1509 2157 1559 2185 lib.
1582 2156 1617 2184 de
1643 2155 1743 2184 [latino
1768 2164 1902 2183 sermone
1926 2153 1972 2183 Vl.
1996 2152 2073 2191 (Vll,

131 2203 279 2239 pag-304.
303 2201 384 2240 Sp.);
406 2201 464 2230 Sed
486 2201 565 2241 quod
590 2200 709 2240 Delphis
733 2202 762 2230 in
785 2201 856 2231 aede
872 2202 1008 2240 foramen
1033 2199 1072 2229 ad
1095 2199 1172 2229 Intus
1195 2208 1235 2228 est
1257 2198 1407 2240 quoddam
1432 2195 1559 2228 thesauri
1578 2198 1686 2236 specie,
1711 2197 1789 2236 qnod
1808 2195 1912 2225 Graeci
1936 2192 2071 2235 ὀμφαλόν

130 2243 278 2274 dixerunt.
325 2243 468 2273 Thesauri
489 2245 596 2283 specie,
622 2243 678 2272 hoc
701 2249 745 2272 est
768 2244 805 2272 ad.
826 2245 949 2273 modum
972 2244 1088 2272 illatum
1112 2243 1315 2278 favisset-mn,
1343 2243 1424 2280 quod
1449 2241 1553 2270 Graeci
1576 2238 1757 2280 θησαυρούς
1779 2243 1896 2270 vocant.
1941 2238 2003 2266 Non
2025 2241 2069 2264 ta-

130 2296 197 2316 men
219 2287 323 2325 ignoro
346 2287 431 2316 aliter
453 2287 525 2315 olim
549 2297 564 2315 a
588 2286 672 2315 nobis
694 2297 760 2316 euin
784 2288 882 2316 locum
906 2287 1088 2326 expositum,
1125 2285 1177 2314 sed
1206 2286 1352 2324 eleganter
1373 2284 1500 2314 Naevius
1522 2283 1552 2312 in
1575 2293 1630 2312 suo
1653 2280 1812 2323 Epitaphio
1838 2280 1977 2311 Orcivum
2001 2278 2067 2306 the-

130 2339 252 2358 saurum
272 2329 307 2358 ab
331 2339 363 2358 ea
387 2330 577 2358 translatione
600 2329 691 2358 dixit:

702 2378 804 2419 Itaque
822 2387 978 2420 postquam
1001 2387 1041 2408 est
1063 2380 1161 2409 orcivo
1184 2377 1310 2408 traditus
1331 2378 1473 2408 thesauro.

1503 2427 1663 2461 Hhh*
