2263 2668
727 168 815 202 LlB.
842 167 901 202 111.
964 165 1108 200 SEGM.
1136 165 1162 202 Ι.
1188 165 1232 198 11.

1918 165 1966 198 27

553 261 776 296 Snennll.
859 260 938 294 De
991 259 1439 294 soloecismo.

195 315 229 349 1.
283 315 505 349 Soloecismus
532 319 581 346 est
602 315 718 346 vitium
736 315 770 346 in
793 317 948 346 contextu
963 313 1109 357 partium
1125 310 1299 352 orationis,
1327 317 1440 344 contra
1458 310 1611 356 regulam
1628 310 1704 343 artis
1722 309 1967 344 Grammaticae

32 369 167 402 factum.
220 368 309 400 Inter
334 366 566 400 soloecismum
589 371 622 398 et
642 365 882 398 barbarismum
908 364 976 397 hoc
1000 364 1152 403 interest,
1179 362 1272 406 quod
1295 363 1506 396 soloecismus
1527 363 1750 407 discrepantes
1774 367 1830 394 aut
1850 363 1968 395 incon-

33 423 207 462 sequentes
233 419 266 450 in
292 430 325 451 se
352 418 511 451 dictiones
538 417 656 453 habet:
683 417 903 449 barbarismus
930 421 1041 448 autem
1067 415 1100 447 in
1127 414 1262 459 singulis
1288 415 1396 446 verbis
1423 415 1477 454 fit,
1503 414 1632 457 scriptis
1657 414 1711 446 vel
1735 414 1968 457 pronunciatis.

35 471 248 513 Quamquam
267 469 363 502 multi
388 465 532 508 erunt¹⁹,
560 469 616 511 qui
635 473 770 512 putant,
798 467 895 500 etiam
919 467 951 499 in
972 479 1038 499 una
1061 471 1158 511 parte
1182 465 1336 498 orationis
1353 465 1424 498 fieri
1440 465 1688 507 soloecismum,
1714 464 1740 496 si
1756 469 1812 497 aut
1828 465 1970 497 demon-

36 527 172 555 strantes
192 522 314 561 virum,
342 520 435 553 hanc
456 520 621 559 dicamus⁷
648 525 703 552 aut
725 519 897 559 feminam,
925 519 1031 557 lzunc3
1067 522 1124 550 aut
1149 517 1359 561 interrogati,
1388 528 1452 561 quo
1468 527 1684 562 pergamus,
1710 516 1970 560 respondeamus

37 574 193 610 Romae3
225 577 280 604 aut
296 583 397 604 unum
413 567 619 604 salutantes²⁰
642 571 773 604 salvete
789 570 953 607 dicamus3
989 580 1065 602 cum
1082 570 1195 612 utique
1212 568 1418 612 praecedens
1435 567 1668 601 demonstratio
1683 572 1739 599 aut
1754 568 1969 611 interrogatio

36 624 91 657 *rel
106 624 258 656 salutatio
275 623 340 656 vim
358 618 562 656 contextae²¹
578 622 733 654 orationis
750 622 906 654 obtineat.
959 621 1061 653 Multi
1084 622 1183 653 etiam
1203 620 1452 660 dubitaverunt,
1479 619 1596 659 scala,
1622 629 1747 663 scopa,
1774 620 1970 663 quadriga,

37 676 250 709 soloecismus
265 686 306 707 an
320 675 541 707 barbarismus
559 679 657 715 esset,
686 685 762 707 cum
785 673 910 707 scilicet
931 672 965 704 id
989 684 1095 717 genus
1117 671 1268 705 dictionis
1290 668 1544 704 barbarismus²²
1568 682 1638 703 esse
1659 670 1714 702 vel
1732 670 1887 713 exipsius
1903 671 1972 702 vitii

38 727 229 760 definitione
244 726 344 759 facile
359 726 462 770 possit
474 726 622 770 agnosci.

203 778 236 810 2.
289 778 513 811 Soloecismus
530 777 568 808 fit
584 776 714 809 (luobus
730 775 855 813 modis,
884 780 940 807 aut
953 786 1015 818 per
1031 779 1142 819 partes
1161 773 1334 814 orationis,
1361 777 1418 806 aut
1432 784 1493 817 per
1511 784 1565 813 ea,
1592 784 1679 817 quae
1699 772 1853 807 accidunt
1869 772 1975 817 parti-

38 830 101 863 bus
118 829 275 862 orationis
284 825 317 861 ²³.
371 829 435 862 Per
450 834 559 873 partes
571 828 726 860 orationis
739 828 821 860 fiunt
833 827 1038 865 soloecismi,
1066 837 1142 859 cum
1159 826 1222 858 alia
1239 837 1303 870 pro
1320 825 1385 857 alia
1401 825 1551 869 ponitur,
1577 829 1613 857 ut

864 882 1067 922 torvamque
1091 881 1234 922 repente

1845 873 1976 920 [1769]

478 929 619 963 Clamat
627 926 672 966 Ἃ,-

41 992 105 1026 pro
122 985 229 1014 torve.
282 982 412 1015 Nomen
430 993 493 1026 pro
515 980 674 1014 adverbio
694 978 838 1023 positum
861 985 918 1013 est.
971 980 1027 1013 Fit
1042 980 1141 1013 etiam
1158 980 1193 1012 in
1208 975 1360 1013 eadem²⁵
1374 982 1471 1023 parte
1487 977 1639 1011 orationis
1654 976 1723 1011 hoc
1739 976 1872 1018 vitium,
1900 988 1977 1011 cum

42 1034 115 1078 ipsa
128 1045 191 1078 pro
209 1045 243 1067 se
257 1044 324 1067 non
339 1034 372 1066 in
385 1035 462 1067 loco
481 1043 540 1065 suo
548 1029 573 1049 ²⁶
592 1043 701 1075 neque
715 1036 752 1064 ut
769 1032 937 1071 convenit,
964 1033 1115 1075 ponitur,
1142 1036 1177 1064 ut

478 1084 542 1117 Cat*
568 1084 614 1116 de
640 1087 674 1116 te
699 1086 834 1115 tantam
859 1080 995 1116 lieuitff.

42 1148 107 1183 pro
122 1137 157 1170 in
171 1140 213 1170 te.
240 1135 286 1169 Et
301 1136 401 1181 apud
417 1136 569 1168 amicam
585 1146 634 1175 eo,
651 1146 714 1179 pro
731 1134 781 1166 ad
796 1135 969 1172 ωηίοιιηις
983 1139 1016 1167 et
1032 1135 1122 1167 intro
1139 1145 1226 1174 sam,
1243 1144 1306 1177 pro
1324 1133 1414 1165 intus
1422 1142 1518 1169 sum3
1534 1134 1566 1164 et
1572 1130 1669 1176 soris
1680 1141 1773 1171 exeo,
1788 1141 1852 1174 pro
1860 1129 1978 1175 foras.

207 1187 240 1220 3.
293 1189 359 1221 Per
375 1187 560 1221 accidentia
574 1182 757 1231 partibus²8
776 1186 932 1218 orationis
950 1191 999 1219 tot
1017 1186 1125 1218 modis
1142 1186 1223 1218 fiunt
1239 1183 1444 1224 soloecismi,
1472 1187 1554 1227 quot
1577 1187 1650 1215 sunt
1672 1182 1855 1215 accidentia
1872 1181 1980 1224 parti-

43 1233 136 1273 bus²⁹
160 1239 324 1272 orationis.
375 1239 444 1272 Sed
463 1250 503 1271 ex
515 1238 567 1271 his
584 1243 724 1282 propter
743 1238 982 1281 compendium
998 1237 1142 1281 exempli
1159 1249 1258 1271 causa
1274 1247 1448 1281 perpauca
1466 1234 1726 1268 monstrabimus.
1778 1229 1896 1266 Nam³⁰
1918 1231 1983 1277 per

44 1290 218 1335 qualitates
236 1292 407 1324 nominum
422 1291 505 1324 fiunt
524 1290 726 1329 soloecismi,
755 1289 837 1321 sicut

479 1342 637 1374 Hauriat
664 1341 754 1373 hunc
780 1341 888 1374 oculis
915 1341 1035 1385 ignem
1062 1339 1216 1373 crudelis
1243 1339 1289 1372 ab
1317 1339 1389 1372 alto

480 1393 679 1426 Dardanus
687 1388 711 1408 ³¹
720 1402 732 1429 ,-

45 1456 110 1490 pro
126 1444 354 1481 Dm·dc1nius;
379 1445 554 1489 proprium
572 1455 635 1489 pro
653 1443 858 1488 appellativo
875 1443 994 1487 posuit.
1047 1443 1113 1476 Per
1132 1454 1273 1488 genera,
1300 1442 1398 1475 sicut:
1428 1440 1541 1474 validi
1561 1440 1668 1473 silicis
1684 1443 1716 1472 et
1735 1447 1885 1471 amarae
1904 1447 1983 1470 cor-

47 1494 156 1530 ΐίοἰεε3ἱῖ
173 1501 206 1530 et
223 1496 332 1530 collus
350 1497 499 1529 collaria
518 1500 615 1528 caret
624 1492 657 1527 ³³.
712 1496 776 1528 Per
794 1506 967 1534 numeros„
994 1499 1030 1527 ut
1038 1491 1062 1511 ³⁴

483 1547 578 1580 Pars
604 1547 637 1580 in
655 1546 780 1592 frusta
807 1550 927 1579 secant
937 1543 980 1584 ³⁵5

298 1599 363 1632 Per
389 1595 712 1644 conparationen1³⁸3
744 1598 826 1631 sicut

481 1650 679 1695 Respondit
703 1649 791 1682 Iano
820 1648 992 1682 Saturnia
1017 1649 1143 1681 sancta
1169 1640 1381 1682 Dearum³⁷‚·

424 1703 490 1735 Per
516 1714 624 1742 casus,
652 1698 720 1734 ιη3Β

488 1754 635 1793 Urbem,
663 1763 769 1797 quam
795 1755 929 1790 statuo,
960 1753 1078 1784 vestra
1106 1745 1208 1785 est³⁹,·

51 1816 115 1850 pro
142 1803 244 1846 urbs,
270 1816 377 1849 qaam
402 1808 527 1838 statuo.
580 1806 646 1838 Per
673 1804 791 1836 modos
818 1804 1015 1843 verborum,
1043 1802 1127 1833 sicut

483 1856 564 1897 Itis,
593 1856 737 1901 paratis
763 1866 869 1888 arma
895 1865 1001 1899 qaam
1021 1853 1196 1897 primum,
1222 1849 1289 1882 viri
1298 1845 1309 1865 ⁴

48 1610 112 1645 pro
138 1602 245 1632 secat.

49 1714 114 1748 pro
140 1701 370 1736 sanctissima.

1310 1843 1323 1864 0

1336 1857 1343 1866 ο

1332 1870 1342 1885 9

54 1956 106 1985 sed
126 1961 194 1995 post
214 1956 435 1985 hemistichium
457 1957 635 1997 interposuit
655 1956 877 1985 annotationem
900 1963 999 1992 gram-
1042 1950 1112 1987 VlI,
1135 1952 1207 1981 399.
1233 1964 1273 1971 ——
1316 1946 1361 1987 25)
1386 1946 1456 1977 cod.
1482 1946 1535 1974 Fit
1552 1950 1577 1972 et
1591 1946 1624 1972 in
1640 1954 1682 1972 ea.
1704 1958 1746 1964 -
1789 1941 1834 1981 26)
1857 1953 1912 1970 ,ςιιο
1937 1942 1991 1970 de-

54 1999 208 2028 maticmn:
242 2010 299 2037 pro
312 2001 446 2036 fervere,
478 2005 565 2038 atque
595 2000 636 2028 ita
666 2010 786 2028 versum
809 1997 935 2026 diremit.
959 2011 998 2016 ——
1043 1998 1087 2022 est
1104 1992 1183 2032 apud
1205 1992 1236 2021 P.
1257 2007 1299 2012 ——
1341 1990 1386 2029 27)
1411 1989 1482 2018 Cod.
1499 1989 1604 2017 vitiose
1621 1987 1734 2015 elicuit.
1777 1985 1865 2024 Apud
1881 1985 1912 2014 P.
1932 1990 1988 2013 est:

57 2041 101 2080 13)
125 2040 334 2069 adiiciuntur
362 2042 393 2072 Ρ,
424 2059 464 2064 —
516 2042 559 2082 14)
584 2044 772 2081 aspiratione
803 2042 831 2068 P.
862 2056 900 2061 —
956 2037 999 2076 15)
1047 2037 1106 2065 s'ai
1135 2040 1256 2063 tantum
1286 2033 1322 2061 de
1350 2038 1376 2061 te
1406 2034 1511 2068 licuit,
1556 2030 1632 2058 mihi
1651 2030 1749 2066 sama
1778 2037 1929 2066 suprema.
1951 2043 1992 2048 -—

51 2089 166 2123 patant
198 2083 230 2112 P.
258 2099 300 2106 —
348 2084 391 2124 16)
416 2085 485 2114 Cod,
508 2085 583 2113 hako
607 2087 745 2113 Sintflon,
774 2098 817 2105 —
862 2080 905 2119 17)
928 2080 1001 2107 haec
1044 2079 1125 2116 Virg.
1147 2077 1219 2106 Aen.
1242 2076 1296 2112 Vl,
1325 2078 1395 2108 502.
1423 2091 1465 2096 -
1513 2072 1559 2113 28)
1577 2074 1718 2111 partium
1747 2081 1822 2100 corr.
1857 2069 1927 2098 Cod.
1951 2085 1992 2090 —-

57 2128 160 2155 omnia
183 2127 261 2152 'villa
282 2126 313 2154 P·
340 2140 376 2148 ·-·
421 2127 464 2166 18)
488 2128 619 2166 Respicit
634 2127 715 2155 hune
735 2126 833 2153 locum
849 2122 1002 2160 Pompeius
1045 2124 1089 2158 29)
1109 2122 1247 2159 partiam
1264 2129 1340 2147 corr.
1359 2118 1429 2146 cod.
1449 2132 1491 2138 -·
1534 2114 1579 2154 30)
1601 2116 1681 2143 Nam
1698 2114 1779 2141 deest
1795 2112 1876 2151 apud
1900 2113 1928 2140 Ρ.
1950 2127 1991 2132 -

56 2170 161 2209 p.428
190 2167 236 2196 his
264 2168 375 2197 verbis:
419 2170 474 2197 Ait
504 2172 664 2204 Donatus,
696 2179 750 2196 nos
783 2165 904 2204 quidem
931 2165 1003 2192 haec

57 2213 137 2240 vilia
160 2210 330 2238 docuimus.
377 2212 532 2248 Quomodo
556 2212 696 2239 dicamas
726 2211 787 2236 [sta
816 2210 884 2248 ipsa
916 2209 1002 2242 vitia,

59 2255 182 2292 relt'quil
200 2253 273 2280 alii-s·
289 2253 459 2290 quaerenda
476 2261 499 2282 el
518 2255 666 2282 abstinuit
690 2263 726 2281 se.
754 2268 789 2272 —
839 2249 880 2289 19)
904 2255 1003 2278 errant

58 2297 91 2326 P.
115 2301 144 2325 et
167 2306 242 2325 corr.
267 2294 337 2323 Cod.
361 2312 398 2317 —
441 2296 487 2335 520)
510 2297 709 2324 resalutantes
732 2295 760 2323 P.
785 2298 813 2322 et
835 2303 912 2321 corr.
931 2292 1003 2321 Cod.

59 2355 102 2361 —
131 2337 176 2377 21)
201 2348 347 2366 connexae
369 2337 398 2366 P.
422 2354 462 2358 —
505 2339 552 2376 ἓξ)
577 2338 801 2365 ὁ(ιι·ὐ(ινί.ςηιιιηι
825 2337 854 2366 Ρ,
877 2340 904 2363 et
927 2345 1004 2363 corr.

62 2382 133 2410 Cod.
155 2397 196 2403 —
240 2379 286 2419 23)
311 2386 365 2407 aa!
383 2391 438 2419 per
461 2381 628 2408 accizlwzlia
646 2380 789 2419 partibas
809 2390 850 2406 or.
874 2379 903 2406 P.
948 2377 1006 2406 Sed

64 2434 140 2454 corr.
172 2423 242 2452 Cod.
272 2434 299 2451 a.
319 2434 350 2461 J).
375 2434 402 2451 a.
426 2425 580 2461 partiam
610 2434 650 2452 or.
678 2438 719 2444 -—-—
762 2421 807 2461 24)
831 2421 910 2460 Virg.
935 2421 1006 2449 Aen.

1045 2162 1090 2202 31)
1111 2163 1191 2201 Virg.
1205 2163 1276 2190 Aen.
1288 2161 1336 2198 lV,
1360 2163 1431 2192 661.
1445 2175 1487 2181 —-
1507 2157 1553 2196 32)
1573 2156 1674 2185 validi
1686 2156 1809 2184 silices
1827 2161 1852 2182 et
1869 2163 1993 2182 amarae

1046 2207 1190 2233 cortices
1212 2206 1242 2234 P.
1264 2219 1306 2226 ——-
1348 2203 1393 2240 3³)
1417 2202 1511 2231 Plaut.
1557 2200 1671 2239 Captiv.
1694 2199 1734 2235 ΙΙ,
1758 2201 1792 2233 2,
1818 2199 1904 2233 107.‚
1939 2194 1991 2224 ubi

1046 2248 1203 2286 legendum
1226 2247 1336 2276 collari
1358 2256 1412 2284 pro
1436 2245 1573 2273 collaria.
1595 2257 1637 2263 —
1659 2240 1704 2279 34)
1727 2242 1806 2268 sicut
1831 2240 1859 2268 Ρ.
1882 2254 1924 2260 -·—-
1945 2235 1990 2273 35)

1046 2291 1127 2329 Vil‘g·
1150 2291 1222 2319 ΑΕΗ·
1246 2291 1274 2326 1,
1298 2292 1368 2321 212.
1391 2302 1433 2309 --
1474 2285 1520 2325 36)
1545 2285 1783 2323 comparationes
1805 2282 1836 2310 P.
1861 2296 1902 2302 --
1944 2277 1989 2315 37)

1047 2334 1156 2362 Versus
1179 2333 1282 2369 Ennii,
1319 2335 1352 2359 ut
1382 2334 1507 2359 testatur
1536 2327 1654 2357 Servius
1685 2326 1723 2354 ad
1746 2325 1826 2361 Virg.
1849 2323 1918 2351 Aen.
1940 2319 1988 2354 IV,

1050 2379 1118 2409 576.
1141 2390 1182 2397 --
1225 2374 1270 2413 38)
1295 2375 1375 2401 secat
1400 2373 1427 2402 P.
1457 2386 1500 2393 —-
1542 2370 1587 2408 39)
1612 2370 1690 2407 Virg.
1714 2368 1785 2397 Aen.
1808 2366 1834 2400 1,
1858 2364 1927 2395 573.
1949 2375 1990 2382 --

1049 2418 1095 2458 40)
1119 2418 1228 2446 Incerti
1249 2421 1362 2456 poetae.
1395 2414 1491 2444 Habet
1513 2413 1638 2443 eundem
1661 2412 1762 2448 Pomp.
1785 2418 1813 2446 p.
1830 2406 1899 2436 435.

1519 2497 1585 2531 D*
