2263 2668
417 139 481 172 DE
508 139 781 174 VERBORUM
808 135 1195 173 SIGNIFICATIONE
1224 137 1535 174 FRAGMENTA.
1792 139 1866 173 249

90 234 192 267 Idem
208 232 340 265 Livius:
364 231 590 276 Ostrymon
611 235 826 278 quendam
849 235 1087 265 memorant
1104 232 1234 264 Graio
1259 233 1392 278 stirpe
1409 235 1619 267 extitisse.
1644 232 1860 266 EnniusAn-

89 285 179 318 nala
211 285 377 317 nomine
404 284 595 327 Pyrrhus
622 286 685 318 uti
710 287 955 318 memorant
982 295 1000 315 a
1028 283 1163 326 stirpe
1190 295 1388 328 supremo
1417 311 1423 318 .
1459 309 1754 320 .........
1781 290 1864 328 est,

90 347 243 369 revoca
270 336 448 369 fratrem
477 336 625 370 eodem
651 338 794 382 stirpe
815 338 1110 382 prognatum,
1146 335 1356 378 plaudite.
1385 349 1484 380 quam
1520 336 1642 370 Gallus
1668 335 1791 369 Aelius
1815 336 1867 370 sic

91 387 224 420 definit:
256 387 472 431 Stirpest*
496 389 607 432 gentis
631 389 868 434 propagatio,
895 390 933 420 ut
960 386 1055 430 qui**
1079 397 1098 417 a
1123 397 1259 429 quoque
1279 393 1326 420 est
1342 392 1537 433 prognatus.
1555 389 1684 433 stirpes
1699 391 1816 421 autem
1831 383 1852 436 ΙΙ
1877 388 2042 435 ’ἰυζειῑφερει

85 450 156 484 per
182 439 446 472 translationem
475 439 628 472 dicuntur
654 440 700 473 ab
726 439 892 485 stirpibus
918 438 977 479 iis,
1013 448 1104 482 quae
1129 438 1194 470 sub
1220 438 1293 470 imis
1320 439 1495 473 arboribus
1521 443 1719 473 nascuntur.
1762 438 1865 485 [123]
1926 424 1944 449 f.
1964 432 2023 458 ‘¹⁰¹⁵

92 490 345 535 Stipatores
373 490 645 535 appellabantur
671 492 827 537 corporis
854 489 1025 530 custodes,
1065 499 1148 532 quos
1176 490 1309 534 antiqui
1335 491 1489 524 latrones
1515 492 1692 533 dicebant,
1734 490 1753 522 i.
1779 502 1863 523 mer-

92 542 272 580 cenarios3
309 542 367 586 qui
400 554 476 574 cum
505 542 593 575 ferro
627 544 719 576 velut
757 540 1013 576 circundabaut
1034 541 1170 585 Regum
1198 551 1356 586 corpora.
1413 542 1561 587 Stipes
1573 541 1590 564 5
1610 542 1724 588 fustis
1749 545 1868 575 terrae

92 593 236 626 defixus:
281 593 440 626 Afranius
465 594 499 626 iu
555 619 807 629 .....
860 594 993 626 Porro
1020 592 1200 624 honeste
1231 604 1356 637 quam
1381 593 1572 639 fecerit,
1617 593 1690 639 qui
1716 593 1868 639 stipite

91 644 279 677 hostium
295 646 308 660 *
334 645 530 690 impulit,
557 649 752 678 vostram
780 645 969 690 imploro
997 644 1143 684 fidem,
1171 644 1240 686 qui
1264 644 1435 678 adestis
1487 670 1740 680 .....
1795 651 1916 677 eam'f.
1937 651 2028 677 ostium

93 696 227 736 silvam,
256 701 288 728 et
340 722 346 729 .
403 722 408 728 .
465 723 472 731 .
528 723 534 729 .
589 708 629 730 us
655 698 689 730 in
745 727 751 733 ,
805 725 812 732 ,
866 696 977 728 hostili
1002 696 1035 728 in
1058 707 1111 728 me
1134 695 1249 727 lactu*
1265 697 1440 740 percussit
1465 697 1571 737 latus,
1599 701 1634 729 ut
1655 696 1786 729 revolso
1806 696 1868 729 sti-
1913 701 1998 727 'iactu

87 748 164 793 pite
190 747 306 790 miles,
352 747 408 791 qui
440 748 529 781 iactu
560 748 675 781 valido
704 748 879 794 percussit
906 759 1065 792 parmam.
1102 746 1161 779 nisi
1188 746 1213 778 si
1239 747 1389 791 stipitem
1412 758 1545 792 ponere
1571 748 1675 781 voluit
1700 758 1763 792 pro
1789 748 1867 787 telo,

93 799 148 831 vel
175 799 289 832 hasla.
344 799 474 832 Accius
497 800 529 832 in
552 799 716 834 Bacchis:
761 801 949 844 Ecquem
975 799 1172 843 stipitem
1200 797 1404 843 abiegum
1419 801 1443 838 *‚
1487 803 1554 832 aut
1581 801 1745 832 alueum
1798 827 1804 833 .
1860 803 2042 837 ‚⁸f-abiegnum

217 877 223 883 .
279 862 324 884 us.
378 851 503 884 Ennius
556 876 931 885 .......
993 850 1171 895 stipites
1214 849 1397 895 abiegno
1412 851 1424 865 *
1488 875 1866 885 .......
1877 856 1906 882 ·f.
1919 856 2043 890 abiegnos

156 927 162 934 .
217 913 235 934 e
261 902 404 946 stipitem
459 928 900 937 ........
953 902 1123 935 interemit
1150 912 1245 942 eum,
1273 913 1340 944 qua
1392 929 1399 936 .
1453 930 1460 936 .
1515 928 1521 934 .
1577 927 1583 933 .
1635 902 1786 946 stipitem
1810 913 1867 933 ar-

93 953 179 996 ripit.
233 953 494 986 Strittavum
522 954 655 999 antiqui
681 953 839 987 dicebant
866 965 928 997 pro
955 953 1097 996 tritavo,
1140 953 1199 998 qui
1225 956 1274 985 est
1296 957 1406 998 pater
1432 953 1547 993 atavi,
1590 956 1622 985 et
1649 953 1792 992 ataviae3
1833 956 1870 985 ut

94 1004 241 1041 stlitem,
264 1015 334 1049 pro
362 1006 429 1038 lite.
483 1005 705 1051 Strigores
732 1006 764 1037 in
788 1005 887 1038 Nelei
914 1005 1071 1038 carmine
1093 1015 1162 1049 pro
1185 1003 1350 1049 Strigosis
1371 1005 1514 1049 positum
1535 1004 1723 1045 invenitur,
1751 1005 1789 1037 id
1811 1008 1870 1041 est,

94 1055 278 1088 densarum
307 1057 422 1089 virium
451 1056 678 1090 haminibus*.
712 1057 822 1097 alias,
856 1057 1023 1102 strigores
1051 1056 1193 1091 exerciti.
1249 1056 1337 1088 stri
1345 1068 1433 1102 gae
1460 1054 1714 1102 appellabatur
1741 1055 2043 1088 ordines·f.h0m1„5-

94 1117 204 1139 rerum
231 1108 321 1141 iuter
345 1119 383 1141 se
410 1109 645 1143 continuatae*
673 1109 926 1149 colocatarum‚
956 1121 974 1140 a
1000 1107 1185 1153 strigendo
1213 1107 1332 1141 dictae.
1386 1108 1469 1141 Stri
1477 1119 1564 1153 gas
1589 1111 1626 1139 ut
1652 1107 1701 1140 ait
1734 1107 1871 1140 Verrius
1898 1093 2027 1152 .f·{¹4¹){·t3-

96 1158 219 1193 Graeci
246 1158 380 1203 syrnia6
407 1160 605 1205 appellant,
652 1160 744 1204 quod
772 1159 930 1193 maleficis
956 1160 1147 1193 mulieribus
1172 1156 1194 1208 Η
1216 1170 1338 1192 nomen
1364 1159 1503 1193 inditum
1531 1163 1593 1201 est,
1629 1169 1710 1202 quas
1763 1157 1870 1204 [124]
1926 1164 2002 1186 nuate

94 1210 253 1245 volaticas
280 1211 378 1243 etiam
405 1216 535 1245 vocant.
587 1213 703 1255 Itaque
730 1211 837 1244 solent
862 1211 914 1243 his
941 1212 1048 1245 verbis
1075 1223 1130 1244 eas
1157 1211 1258 1244 veluti
1285 1215 1433 1245 avertere
1460 1210 1601 1244 Graeci:

196 1271 471 1307 ΣῙΡΡΙΝΤΑ
504 1272 795 1307 ΡΟΜΡΕΙΕΝ
822 1271 1186 1308 ΝΥΚΤΙΚΟΜΑΝ
1214 1270 1676 1308 ΣΤΡΙΝΤΑΤΟΛΑΟΝ
1708 1269 1878 1304 ΟΡΝΙΝ

300 1322 639 1358 ANJZNYMION
657 1323 987 1359 ΩΚΥΡΟΡΟΥΣ
1006 1324 1107 1358 EPI
1125 1321 1318 1359 NHA27.

94 1380 337 1414 Statuliber
364 1388 429 1424 est,
473 1383 530 1426 qui
556 1388 751 1416 testamento
778 1388 869 1417 certa
893 1383 1086 1417 conditione
1112 1383 1287 1427 proposita
1312 1383 1445 1416 iubetur
1472 1393 1543 1415 esse
1569 1381 1664 1415 liber.
1704 1383 1736 1412 et
1761 1379 1787 1411 si
1814 1390 1874 1423 per

94 1431 257 1465 heredem
285 1439 333 1466 est
344 1437 368 1474 *‚
405 1446 474 1480 quo
502 1434 607 1468 minus
633 1436 804 1468 statuliber
829 1440 1000 1480 praestare
1027 1435 1146 1479 possit,
1191 1435 1284 1478 quod
1311 1438 1479 1479 praestare
1507 1433 1625 1475 debet,
1662 1430 1875 1464 nihilominus
1901 1433 1937 1458 's-
1957 1436 2016 1460 stet.

94 1483 181 1516 liber
207 1495 277 1517 esse
303 1484 442 1519 videtur.
494 1486 640 1520 Status
667 1487 756 1520 dies
782 1491 919 1521 vocatur
944 1487 1001 1530 qui
1027 1486 1140 1520 iudicii
1167 1497 1265 1520 causa
1291 1491 1338 1519 est
1365 1486 1559 1520 constitutus
1585 1495 1660 1517 cum
1686 1482 1873 1528 peregrino.

94 1535 176 1569 Eius
201 1536 288 1568 enim
313 1537 444 1581 generis
470 1538 513 1571 ab
539 1538 678 1582 antiquis
705 1538 817 1571 hostes
842 1539 1119 1584 appellabantur,
1145 1538 1239 1581 quod
1267 1542 1360 1571 erant
1385 1538 1458 1582 pari
1484 1537 1553 1570 iure
1576 1539 1652 1568 'cum
1678 1534 1809 1580 populo
1828 1534 1871 1567 R.

97 1591 195 1630 atque
222 1587 389 1622 hostire
416 1589 603 1633 ponebatur
628 1601 691 1634 pro
717 1601 873 1633 aequare.
927 1590 1063 1623 Plautus
1089 1590 1122 1622 in
1145 1590 1366 1623 Curculione:

199 1656 243 1689 Si
270 1661 403 1690 status
430 1657 659 1692 condictus
686 1669 776 1692 cum
801 1658 924 1691 hoste
951 1658 1185 1691 intercedit
1211 1658 1320 1697 (lies,

200 1712 336 1740 tamen
363 1713 422 1742 est
449 1709 644 1752 eundum,
676 1721 757 1753 quo
783 1710 993 1754 imperant
1018 1710 1211 1754 ingratis.

98 1775 299 1820 Stagnum
334 1776 470 1820 quidam
504 1777 569 1811 dici
601 1782 736 1823 putant,
779 1778 873 1821 quod
905 1778 938 1811 in
966 1790 1006 1811 eo
1033 1790 1118 1822 aqua
1145 1782 1312 1823 perpetuo
1338 1780 1410 1809 stet.
1445 1774 1519 1816 alii,
1562 1772 1653 1817 quod
1681 1772 1707 1804 is
1734 1772 1826 1804 locus
1853 1782 1872 1803 a

100 1827 238 1861 Graecis
266 1825 421 1867 συεινός*
443 1828 580 1873 dicitur,
608 1830 685 1874 quia
710 1830 796 1862 bene
823 1830 988 1864 contineat
1014 1841 1145 1873 aquam.
1200 1826 1392 1868 Saturafl,
1429 1831 1461 1859 et
1487 1825 1550 1858 cibi
1577 1835 1682 1869 genus
1710 1834 1749 1856 ex
1774 1821 1919 1855 variis's.
1939 1828 2047 1863 στεγνὸς

98 1879 198 1912 rebus
223 1879 392 1913 conditum
419 1885 484 1921 est,
518 1886 551 1914 et
577 1881 629 1914 lex
656 1882 695 1914 tis
722 1881 806 1914 alis*
826 1882 956 1926 legibus
983 1881 1142 1916 conferta.
1176 1881 1289 1923 itaque
1313 1879 1346 1911 in
1372 1877 1540 1911 sanctione
1567 1877 1683 1920 legum
1710 1873 1871 1907 adscribi-
1893 1881 1928 1907 Ὗ.
1949 1881 2033 1921 multis

99 1936 169 1963 tur:
222 1941 323 1963 neve
359 1942 433 1976 per
475 1932 668 1965 Saturam
713 1933 926 1978 abrogato
943 1959 952 1974 ‚
1004 1937 1073 1965 aut
1114 1931 1342 1976 derogato.
1418 1929 1461 1961 T.
1506 1928 1629 1961 Annius
1671 1927 1797 1960 Luscus
1838 1925 1871 1957 in
1938 1917 1994 1941 ”¹¹¹³

101 1993 139 2014 ea
155 2007 165 2023 ‚
219 1981 367 2027 (quam)
416 1994 515 2027 quam
564 1983 647 2016 dixit
699 1984 855 2017 adversus
902 1984 956 2017 Ti.
1007 1983 1202 2017 Gracchum
1220 1995 1228 2015 ι
1283 1981 1513 2025 Imperium
1559 1978 1674 2023 quod
1719 1976 1872 2022 plebes

99 2044 177 2078 per
216 2032 414 2067 Saturam
456 2034 659 2075 dederat,
709 2036 752 2068 id
789 2037 1041 2081 abrogatum
1078 2039 1150 2068 est.
1183 2039 1215 2067 et
1250 2033 1288 2066 C.
1319 2033 1453 2065 Laelius
1487 2032 1520 2064 in
1562 2043 1618 2072 ea,
1668 2040 1768 2073 quam
1810 2038 1874 2071 pro

100 2097 134 2118 se
162 2084 259 2117 dixit:
292 2084 395 2119 Dein
421 2091 597 2130 postero
631 2087 720 2128 die,
772 2088 891 2130 quasi
924 2098 999 2131 per
1032 2086 1224 2119 Saturam
1261 2088 1405 2117 senten
1427 2079 1448 2132 Η
1471 2083 1540 2115 tiis
1575 2081 1721 2125 exqui-
1762 2075 1871 2125 [125]

100 2215 150 2234 am
181 2205 244 2233 sine
275 2208 342 2232 nota
372 2204 558 2242 aspirationis
589 2204 796 2241 scribendum,
833 2205 904 2233 licet
933 2204 964 2232 in
1009 2204 1095 2240 ριντα
1129 2201 1258 2242 πόμπειν
1294 2199 1473 2240 νυκτικόμαν
1501 2199 1622 2239 στρίγγα
1650 2194 1759 2227 τόλᾱῡν
1788 2193 1872 2233 ὄρνιν

100 2247 264 2286 exemplari
288 2247 326 2275 sit
338 2246 487 2282 hostium,
514 2251 548 2275 ut
562 2246 690 2274 liostreis
705 2257 795 2286 supra
818 2247 849 2275 in
864 2248 963 2275 Scru-
1008 2243 1182 2285 ἅνωνύμιον
1207 2241 1383 2284 ω’κυπόρους
1412 2243 1460 2275 ἐπὶ
1482 2244 1568 2281 νῆας.
1597 2240 1677 2269 Scal.
1700 2256 1735 2261 —
1763 2240 1793 2276 8)
1816 2238 1871 2265 Sa-

96 2292 148 2329 Ρί,
172 2300 226 2328 pro
251 2290 364 2318 ostreis.
396 2290 472 2317 Urs.
505 2306 542 2310 —
575 2288 605 2327 ὑ)
628 2286 767 2328 σύρνια
792 2289 863 2318 Ven.
887 2289 962 2317 Scal.
1007 2290 1096 2326 tara]
1130 2289 1161 2317 ln
1186 2288 1350 2325 fragmento
1381 2287 1452 2325 legis
1475 2283 1617 2314 Serviliae
1637 2283 1681 2312 sic
1704 2286 1765 2310 estz
1796 2281 1872 2308 ΕΧ-

100 2349 134 2354 --
155 2333 183 2372 7)
200 2329 342 2383 σύῖῤῥιντΙα
365 2328 714 2383 πόμπξειενινυκτικόμαν
737 2328 963 2371 στριντατόλαον
1009 2331 1107 2361 TRA.
1146 2331 1279 2367 QVAM.
1322 2328 1510 2368 SEIQVID.
1556 2326 1613 2356 IN]
1659 2322 1879 2354 SATVRAM

101 2372 204 2415 τόρνιν
228 2386 401 2413 ανωνυμιον
425 2386 603 2413 ωκυπορους
625 2374 673 2404 ἐπὶ
689 2376 773 2413 νῆας.
798 2375 869 2403 Ven.
886 2371 962 2413 σύῤ-
1005 2373 1225 2403 FERETVR.
1255 2373 1332 2403 Urs.

153 2425 318 2456 GRAMMAT.
342 2437 409 2455 hu.
424 2426 459 2455 11.
1585 2420 1601 2453 1
1620 2420 1629 2452 i
