2263 2668
478 137 542 171 DE
569 136 955 173 SIGNIFICATIONE
980 136 1264 174 VERBORUM.
1323 141 1467 176 LIBER
1494 142 1550 177 lV.

1937 144 1983 180 51

38 227 265 266 Duicensus³¹
286 230 459 264 dicebatur
485 241 561 265 eum
590 233 710 275 altero,
742 233 777 266 id
805 238 854 266 est
879 244 955 266 cum
982 232 1053 264 filio
1077 244 1199 266 census

37 279 162 318 Duis³²
184 282 267 316 duas
293 282 399 316 habet
423 284 689 328 significationes.

36 335 199 369 Duidens
224 334 334 367 hostia
360 334 486 367 bidens.

38 386 207 420 Daellum
233 386 379 427 bellum,
424 386 579 420 videlicet
612 387 706 431 quod
733 387 862 421 duabus
888 387 1039 432 partibus
1064 386 1107 419 de
1133 387 1271 421 victoria
1300 389 1572 425 contendentibus
1600 391 1785 425 dimicatur.

745 286 830 318 Nam
856 289 888 318 et
913 292 976 329 pro
1005 280 1094 318 dis²⁸³
1121 281 1344 329 ponebatur-³⁴
1371 291 1403 319 et
1430 298 1492 331 pro
1521 288 1664 322 dederis
1674 285 1707 321 ³5.

1845 392 1928 426 inde
1955 398 1986 427 et

134 434 380 483 perduellium.
418 438 474 481 qui
484 435 509 456 ³⁷
533 440 746 483 pertinaciter
773 439 890 473 retinet
915 439 1053 472 bellum.

39 489 204 523 Duommz
231 490 357 522 bonum
367 485 401 521 ³⁸.

41 541 220 587 Duplabis
245 539 442 585 duplicabis.

44 592 297 638 Duodeviginti
329 591 463 624 dicendi
491 593 764 626 consuetudinem
794 605 813 625 a
838 593 974 626 Graecis
1001 592 1133 625 traxisse
1159 592 1308 626 videmus
1345 617 1353 634 ,
1401 595 1459 637 qui
1486 595 1531 629 sic
1560 595 1734 629 enunciant
1760 596 1860 630 δυοῖν
1887 593 1986 631 δεόν-

143 657 224 679 τοιν
252 639 429 711 εἴκοσινζζ,
474 648 505 677 et
533 641 610 683 ἑνός
638 642 781 683 δεόντος
809 640 983 679 εἴκοσινῃ.

40 695 203 728 Dumosa
227 695 387 728 frondosa
423 721 430 728 .

41 745 166 780 Dabat
176 743 201 763 ⁴³
227 746 366 779 dubitat.

43 797 213 831 Dubenus
239 798 330 843 apud
358 797 509 840 antiquos
537 797 728 838 dicebatur,
770 797 827 840 qui
853 808 939 831 nunc
965 793 1162 830 dominusfl.

47 846 251 883 Dusmoso⁴⁵
272 850 304 881 in
332 846 444 882 loco*¹⁶
467 848 558 893 apud
586 849 719 882 Livium
748 849 913 894 significat
939 849 1115 882 dumosum
1126 844 1151 864 ⁴⁷
1174 847 1295 883 locum.

1350 849 1487 893 Antiqui
1515 852 1599 883 enim
1627 850 1862 883 interserebant
1888 862 1905 883 s
1933 850 1988 883 lit-

146 906 269 941 teram,
297 906 329 934 et
356 900 514 933 dicebaut
541 901 735 933 cosmitterc
761 912 824 944 pro
852 901 1076 941 committere,
1109 903 1142 932 et
1172 899 1367 933 Casmenae
1392 912 1456 945 pro
1484 901 1660 935 Camenae.

44 952 222 986 Damecta
232 948 256 968 ’¹⁸
284 953 408 995 antiqui
436 951 528 995 quasi
556 952 723 986 dumiceta
734 948 758 968 ⁴⁹
783 953 1017 997 appellabant,

45 1002 183 1037 Domus·
208 1015 227 1036 a
250 1003 384 1037 Graeco
410 1000 532 1036 venit⁵⁰
558 1000 666 1048 δόμος
677 1000 711 1035 5¹.

49 1055 232 1089 Dracones
263 1055 342 1088 dicti
377 1051 450 1090 α’πό
483 1054 552 1090 τοῦ
585 1050 822 1101 ὃέρκεσθαιῑῖἳ,
869 1054 961 1098 quod
989 1059 1040 1087 est
1065 1050 1224 1087 videref’ss.

148 1107 321 1140 oculorum
355 1106 458 1140 aciem
468 1117 477 1144 ;

1057 963 1143 996 quae
1169 962 1228 984 nos
1255 951 1401 986 dumeta.

1285 1053 1508 1087 Clarissimam
1537 1055 1623 1087 enim
1651 1051 1836 1089 dicuntur⁵⁴
1862 1053 1990 1087 habere

525 1117 590 1149 qua
624 1117 665 1138 ex
697 1118 794 1140 causa
826 1106 1019 1140 incubantes
1045 1118 1102 1140 eos
1128 1105 1290 1139 thesauris
1316 1106 1486 1139 custodiae
1513 1103 1643 1139 causa5⁵
1669 1107 1831 1140 finxerunt
1857 1106 1990 1150 antiqui.

148 1158 299 1202 Ideoque
324 1157 527 1201 Aesculapio
562 1157 798 1198 attribuuntur,
846 1158 940 1202 quod
973 1158 1212 1203 vigilantissimi
1242 1158 1372 1203 generis
1398 1162 1573 1202 putantur,
1619 1169 1705 1201 quae
1731 1170 1782 1191 res
1807 1157 1992 1191 medicinae

149 1211 290 1243 maxime
316 1210 498 1243 necessaria
525 1205 614 1241 est5‘5.

51 1261 131 1295 Dici
156 1272 228 1294 mos
255 1266 325 1294 erat
345 1261 505 1293 Romanis
531 1261 563 1293 in
591 1261 743 1294 omnibus
771 1260 939 1295 sacrificiis
965 1261 1206 1306 precibusque:
1228 1261 1398 1306 populo
1420 1260 1617 1294 Romano
1643 1259 1992 1307 Quiritibusque,

147 1312 241 1356 quod
268 1317 316 1346 est
343 1311 543 1345 Curensibus
553 1308 588 1353 ⁵⁷,
632 1323 719 1356 quae
745 1312 859 1346 civitas
885 1312 1086 1346 Sabinorum
1113 1313 1339 1357 potentissima
1363 1313 1434 1345 suit.

49 1363 230 1398 Dalivium
242 1360 267 1381 ⁵⁸
292 1360 481 1408 supinum⁵⁹
507 1364 551 1396 ait
585 1375 654 1397 esse
682 1365 856 1407 Aurelius,
902 1365 1019 1398 Aelius
1053 1365 1188 1398 stultum
1199 1361 1233 1398 ⁸⁵⁰.

149 1416 308 1449 insanum.

150 1467 333 1500 fatuitatem
360 1467 431 1510 quis
457 1467 603 1500 misereri
629 1467 760 1501 debeat.

49 1514 188 1563 Βιῑρεὶ155
211 1518 301 1562 apud
326 1519 477 1562 antiquos
504 1519 676 1553 dicebatur
703 1531 754 1553 res
782 1519 909 1561 divina,
937 1531 1024 1563 quae
1050 1519 1154 1552 fiebat
1180 1524 1237 1552 aut
1262 1518 1402 1552 hiberna
1430 1522 1575 1551 semente
1586 1513 1621 1556 ⁶⁶,
1649 1522 1705 1550 aut
1730 1528 1838 1550 verna.

49 1602 98 1641 34)
117 1602 298 1641 ponebatur]
316 1604 445 1640 ponitur
464 1603 557 1634 Gu.1.
580 1620 622 1625 —
644 1606 689 1641 35)
713 1603 843 1641 dederis]
868 1605 903 1633 V.
919 1605 952 1634 D.
967 1604 1004 1633 ad

52 1645 212 1683 marginem
228 1645 298 1674 edit.
318 1655 363 1684 pr.
379 1646 516 1684 ascripsit
533 1652 567 1673 ιιι
583 1646 664 1674 illud
678 1647 788 1686 apudt
806 1646 1003 1687 (Terentium)

53 1697 106 1726 ego
122 1687 235 1715 curabo
250 1697 284 1715 ne
300 1686 377 1726 quid
391 1688 546 1716 verborum
561 1688 660 1719 duint.
684 1706 726 1712 —-
746 1691 795 1726 36)
812 1690 1002 1728 perduellio]

49 1728 215 1768 perduelli-s·
235 1731 265 1758 S.
289 1747 324 1751 —
350 1731 398 1767 37)
422 1729 491 1769 qui]
515 1731 603 1770 Vulg.
623 1734 726 1771 etqui.
772 1733 829 1761 Sed
849 1743 906 1762 om.
926 1738 952 1761 et
973 1733 1003 1762 L.

53 1772 87 1802 B.
102 1772 142 1800 M.
161 1772 256 1803 Gu.1.
269 1774 297 1803 2.
313 1773 340 1801 S.
362 1789 404 1794 —
429 1772 476 1812 38)
500 1773 621 1813 bonum]
647 1774 746 1803 dixere
761 1775 830 1805 add.
846 1776 875 1804 L.
897 1792 940 1797 -
962 1778 1008 1812 39)

54 1813 211 1853 videmus]
233 1814 283 1842 Sic
298 1815 328 1843 L.
343 1815 374 1843 B.
391 1815 430 1844 M.
448 1816 503 1846 Gu.
522 1819 547 1847 1.
568 1827 614 1856 pr.
631 1818 661 1847 S.
707 1817 846 1846 videmur
860 1819 942 1856 vulg.
967 1834 1008 1839 -—

54 1855 100 1895 40)
131 1857 218 1887 δυοῖν
246 1854 382 1887 δεόντοιν
412 1857 541 1898 εἴκοσιν]
577 1860 626 1888 Sic
653 1861 760 1899 scripsi
786 1871 801 1890 e
825 1861 1008 1896 coniectura,

55 1908 148 1938 quum
170 1899 202 1927 in
221 1898 287 1929 cod.
305 1900 360 1928 Gu.
373 1903 402 1932 2.
424 1905 453 1929 et
469 1901 507 1929 M.
524 1902 563 1931 sit
578 1902 609 1940 (ξι
619 1904 650 1930 in
665 1902 798 1932 deikosin
811 1926 818 1940 ‚
849 1908 878 1932 et
891 1904 920 1932 in
939 1902 1009 1931 edit.

54 1951 99 1980 pr.
118 1940 169 1969 dio
188 1940 224 1969 de
245 1943 362 1971 eico-ein.
405 1943 462 1971 Sed
486 1944 559 1982 quid
583 1945 718 1974 ‹leik-osia
742 1948 796 1983 sit,
827 1956 886 1974 non
909 1945 1010 1980 video,

56 1983 112 2013 nisi
143 1983 348 2013 abbreviatum
381 1990 468 2024 putes
496 1997 551 2024 pro
584 1985 726 2018 δεόντοίν.
771 1988 900 2026 Vulgata
922 1987 1009 2016 lectio

56 2027 259 2063 δυοεξείκοσιν
278 2026 363 2055 nihili
384 2032 436 2056 est.
479 2029 512 2057 Β.
527 2030 710 2067 δυοεξεικοσι
728 2031 774 2059 vel
788 2029 1009 2068 duodeviginti.

56 2068 123 2098 Om.
139 2070 171 2098 L.
186 2070 242 2098 Gu.
254 2071 280 2100 1.
303 2085 344 2091 --
364 2070 413 2107 41)
437 2075 463 2098 et
479 2069 543 2107 ἑνὸς
558 2070 677 2108 ὁεόντος
693 2073 816 2108 εἴκοσιν]
841 2073 904 2101 Hoc
920 2072 1010 2111 plane

56 2111 138 2140 abest
161 2122 177 2139 a
200 2111 330 2151 vulgatis
353 2113 587 2152 exemplaribus,
622 2115 674 2144 sed
699 2115 850 2154 reperitur
871 2115 901 2143 in
919 2114 959 2143 M.
986 2118 1015 2143 et

58 2154 115 2182 Gu.
126 2157 173 2191 2.‚
197 2153 250 2182 ubi
267 2158 311 2183 est
325 2159 353 2182 et
369 2166 437 2183 enos
453 2155 595 2188 dein-osia.
642 2158 753 2197 Recepi
767 2158 885 2195 itaque,
912 2156 1011 2185 conie-

57 2201 142 2225 ctura
160 2206 232 2225 usus
248 2196 359 2234 eadem,
376 2207 433 2236 qua
450 2208 549 2238 supra.
561 2215 603 2222 ——
616 2199 838 2238 42)frondo.s·a]
855 2201 981 2228 Dama-⁵·
995 2211 1015 2227 α

59 2239 176 2267 Graeco
193 2238 357 2267 deducitur
373 2240 442 2269 add.
456 2241 490 2270 L.
513 2257 554 2262 —
580 2242 625 2279 43)
648 2242 773 2281 Dabat]
798 2242 920 2270 Dubiat
934 2242 966 2270 L.
981 2241 1014 2270 B.

58 2281 115 2310 Gu.
130 2284 157 2312 1.
177 2291 220 2320 pr.
238 2282 265 2311 S.
312 2282 351 2311 At
365 2287 399 2311 ut
416 2293 431 2311 a
447 2283 545 2310 clamo
562 2283 596 2312 fit
611 2285 751 2321 clamito,
775 2284 815 2312 sic
831 2294 845 2312 a
861 2284 942 2312 dubo
958 2284 1015 2313 ori-

58 2329 108 2352 tur
123 2323 240 2353 dubito.
286 2325 377 2354 Recte
395 2326 484 2364 igitur
502 2326 559 2354 Gu.
574 2329 603 2358 2.
620 2326 731 2363 dabat,
756 2326 835 2365 quod
851 2327 960 2366 recepi.
974 2342 1014 2348 —

58 2364 108 2406 44)
132 2368 188 2405 qui
211 2377 292 2395 nunc
314 2368 474 2403 dominus]
499 2368 584 2407 qnod
602 2379 682 2397 nunc
695 2369 838 2397 dominus
853 2369 968 2398 dicitur
985 2369 1016 2397 L.

61 2407 203 2437 dominus
219 2419 276 2439 om.
288 2410 325 2439 M.
347 2426 388 2432 —
411 2409 458 2450 45)
477 2412 642 2448 Jmsmoso]
659 2413 778 2440 Dasmo
794 2412 825 2442 L.
833 2412 870 2442 M.
887 2413 1017 2444 Gu.1.2.

1295 1363 1461 1398 Oscorum
1494 1360 1662 1408 quoquessl
1688 1363 1801 1408 lingua
1832 1361 1995 1407 significat

362 1416 482 1449 Santra
507 1426 587 1449 vero
615 1416 681 1450 dici
707 1413 836 1460 putat⁶²
856 1418 982 1461 ipsum,
1027 1428 1127 1461 quem
1153 1416 1277 1450 Graeci
1304 1412 1506 1456 δείλαιον63,
1547 1416 1583 1448 id
1610 1419 1657 1448 est
1667 1412 1702 1456 ⁶⁴,
1740 1418 1879 1459 propter
1905 1413 1995 1447 cuius

1892 1515 1997 1557 Quod

1047 1605 1239 1632 Dusmosum
1255 1604 1318 1631 loco
1337 1603 1368 1633 B,
1393 1619 1434 1624 —
1457 1601 1502 1641 46)
1526 1603 1606 1637 loco]
1630 1603 1730 1629 locum
1746 1601 1784 1631 M.
1809 1618 1847 1622 —
1870 1602 1916 1638 47)
1939 1599 1998 1628 da-

1049 1649 1182 1681 mosum]
1206 1645 1362 1674 domo-§um
1387 1645 1425 1675 M.
1449 1645 1504 1672 Gu.
1520 1647 1547 1674 1.
1593 1643 1745 1672 domisum
1766 1643 1822 1672 Gu.
1839 1646 1868 1674 2.
1888 1659 1930 1665 —
1951 1641 1998 1680 48)

1048 1688 1219 1727 Dumecta]
1240 1690 1355 1716 Damet
1376 1688 1404 1714 L.
1448 1688 1567 1714 Dumec
1591 1687 1647 1716 Gu.
1664 1689 1691 1718 1.
1708 1692 1753 1725 pr.
1797 1687 1948 1714 Dumetae
1966 1685 1999 1714 B.

1051 1749 1085 1753 —
1111 1731 1157 1771 45)
1181 1729 1347 1769 dumiceta]
1371 1728 1540 1758 dumectica
1557 1729 1586 1760 L.
1632 1728 1786 1757 dumetica
1798 1729 1833 1758 B.
1848 1729 1939 1760 Gu.1.
1956 1737 2000 1766 pr.

1052 1791 1091 1795 —
1114 1773 1161 1813 50)
1184 1784 1204 1801 a
1219 1774 1332 1801 Graeco
1348 1773 1437 1807 venit]
1452 1773 1535 1800 venit
1547 1782 1567 1799 a
1583 1773 1698 1802 Graeco
1712 1772 1744 1802 L.
1771 1788 1806 1793 -
1832 1769 1880 1811 51)
1900 1767 1999 1809 δόμος]

1053 1828 1110 1846 om.
1128 1817 1159 1844 L.
1176 1816 1234 1844 Gu.
1249 1818 1274 1845 1.
1319 1814 1428 1842 domus
1442 1815 1480 1843 M.
1498 1815 1593 1847 Gu.2.
1633 1814 1726 1843 doma
1738 1824 1785 1854 pr.
1806 1829 1849 1836 -—
1869 1813 1916 1849 52)
1941 1809 2000 1842 ἀπὸ

1051 1862 1105 1889 τοῦ
1127 1856 1303 1898 δέρκεσθαι]
1326 1868 1384 1896 apo
1406 1862 1440 1885 tu
1457 1856 1587 1886 derkeste
1602 1857 1641 1888 M.
1659 1858 1715 1888 Gu.
1727 1860 1758 1889 2.
1802 1852 1862 1886 vimi
1875 1856 1930 1884 τοῦ
1944 1864 2000 1882 om.

1053 1912 1113 1941 pn,
1150 1910 1224 1939 quae
1244 1899 1335 1928 habet
1359 1898 1528 1930 dercestlzie.
1573 1897 1633 1931 οἷπό
1656 1901 1711 1931 τοῦ
1734 1898 1850 1939 δέρκειν
1868 1898 1901 1926 B.
1946 1893 2004 1926 οἷπὸ

1052 1946 1107 1973 τοῦ
1126 1944 1248 1982 δρακεῖν
1266 1943 1295 1972 S.
1339 1953 1395 1973 om.
1414 1943 1446 1972 L.
1467 1943 1523 1971 Gu.
1543 1946 1568 1974 1.
1591 1959 1632 1964 —
1654 1941 1700 1981 53)
1723 1940 1807 1981 quod
1824 1945 1866 1968 est
1888 1938 2002 1977 videre]

1054 1985 1137 2025 quod
1156 1991 1244 2013 acute
1264 1983 1385 2013 videant
1405 1985 1436 2014 L.
1458 2002 1499 2007 -—
1522 1984 1569 2025 54)
1592 1984 1750 2023 dicuntur]
1775 1982 1880 2011 dicunt
1902 1982 1959 2011 Gu.
1976 1985 2001 2012 1.

1052 2045 1094 2050 —
1117 2029 1162 2064 55)
1186 2026 1343 2056 custodiae
1360 2027 1473 2067 causa]
1496 2038 1554 2057 om.
1569 2028 1606 2058 Μ’.
1629 2045 1668 2049 -
1691 2025 1740 2066 56)
1762 2027 1931 2055 necessaria
1945 2023 2004 2063 est]

1053 2077 1096 2099 est
1109 2081 1170 2099 nec.
1188 2070 1219 2099 L.
1235 2071 1327 2101 Gu.1.
1351 2087 1390 2092 —-
1413 2071 1459 2107 57)
1478 2069 1673 2109 Curensibus]
1694 2069 1826 2098 Curibus
1841 2068 1872 2097 L.
1895 2083 1936 2089 —
1958 2069 2004 2101 58)

1058 2114 1233 2149 Daliviam]
1256 2113 1409 2141 Dala'vum
1424 2113 1462 2142 M.
1487 2130 1521 2135 —
1549 2115 1594 2148 59)
1610 2114 1766 2152 supinum]
1789 2112 1957 2150 suppinum
1972 2109 2004 2137 B.

1059 2173 1096 2178 -—
1113 2154 1158 2195 60)
1175 2154 1315 2194 siwltum]
1331 2156 1444 2184 stultus
1459 2156 1492 2187 L.
1502 2156 1535 2185 Β.
1545 2155 1583 2186 Μ.
1600 2156 1657 2185 Gu.
1671 2158 1698 2187 1.
1714 2164 1762 2195 pr.
1785 2171 1828 2178 -—
1849 2152 1896 2193 61)
1916 2153 2004 2181 Osco-

1058 2209 1128 2226 rum
1149 2200 1279 2238 quoque]
1305 2199 1511 2238 Oscorumque
1529 2198 1563 2228 B.
1584 2214 1627 2221 —
1648 2197 1694 2240 6⁶2)
1712 2198 1825 2237 putat]
1842 2200 1955 2236 putant
1972 2193 2002 2240 L.

1059 2242 1089 2270 B.
1113 2241 1169 2270 Gu.
1184 2244 1210 2273 1.
1225 2244 1269 2278 2.,
1298 2240 1378 2279 quod
1401 2246 1445 2270 est
1467 2253 1482 2270 a
1503 2241 1647 2279 librariis,
1684 2241 1735 2279 qui
1757 2243 1902 2280 putarunt
1924 2235 2005 2264 Dah-

1058 2284 1139 2312 Vium
1166 2283 1224 2312 dici
1246 2285 1390 2312 Sanlram.
1413 2300 1454 2306 —-
1483 2282 1532 2324 63)
1555 2283 1704 2322 δείλαιον]
1727 2283 1827 2312 ἄίΙεόη
1845 2281 1883 2309 Μ.
1904 2279 1960 2306 Gu.
1974 2280 2002 2308 2-

1060 2337 1117 2355 om.
1134 2327 1166 2355 L.
1188 2326 1243 2355 Gu.
1261 2329 1288 2357 1.
1312 2337 1357 2365 pr.
1381 2344 1422 2349 —
1444 2324 1493 2368 64)
1516 2326 1576 2366 est]
1601 2337 1659 2357 om.
1674 2327 1706 2356 L.
1722 2326 1755 2354 B.
1778 2325 1833 2353 Gu.
1853 2326 1877 2353 1.
1897 2331 1940 2359 pr.
1965 2334 2003 2362 ‘¹

1060 2368 1106 2407 65)
1129 2366 1239 2408 Daps]
1262 2369 1373 2408 Dap-ra
1394 2370 1449 2401 Gu.
1468 2373 1494 2401 1.
1515 2379 1559 2409 pr.
1584 2386 1626 2392 -
1650 2369 1699 2406 66)
1722 2364 1862 2402 semente]
1885 2364 2001 2390 se‘mffll‘

1062 2412 1093 2440 L.
1112 2412 1143 2441 B.
1156 2411 1194 2440 M.
1210 2420 1254 2450 pr.

1519 2462 1593 2495 G*
