2263 2668
234 334 243 344 ’
251 333 264 357 t'
279 332 374 356 chaera

291 369 317 390 at

241 793 264 816 ‘s
284 790 373 816 Atilius

239 1459 247 1467 '
259 1458 274 1481 l'.
289 1457 385 1481 Tribu-

278 1500 345 1516 nicia

398 229 469 263 176
1019 223 1158 256 SEXTI
1188 222 1386 257 POMPEH
1412 223 1551 257 FESTI

396 323 430 356 in
465 318 706 353 Bacchidibus
731 318 761 351 si
795 316 857 350 tibi
885 320 934 350 est
964 316 1215 360 machaeoem,
1259 318 1330 351 ad*
1362 318 1462 351 nobis
1499 317 1646 351 veruina
1682 322 1732 352 est
1767 318 1879 362 domi,
1923 331 1993 364 qua
2028 320 2169 365 quidem

398 384 465 417 ego
497 377 530 402 te
566 370 731 410 reddam,
781 369 839 402 ubi
870 380 926 402 me
959 369 1180 410 irritaveris,
1222 369 1463 415 confossiorem
1505 369 1646 402 soricina
1686 370 1825 403 naenia.
1867 370 1939 404 sive
1981 373 2073 416 quod
2109 383 2171 405 ex-

397 429 545 456 tremam
567 421 689 467 flendo
719 421 891 453 efferimus
919 431 997 453 eam
1024 431 1161 461 vocem,
1196 422 1457 466 qucrendoque3
1483 432 1566 453 nam
1595 421 1718 454 Graeci
1746 422 1874 457 νέατον
1899 426 2092 456 extremum
2118 424 2172 457 cli-

396 478 491 507 cant:
520 473 592 505 sive
619 473 713 517 quod
741 472 945 505 chordarum
974 472 1090 505 ultima
1117 469 1204 520 νήτη
1224 473 1371 513 dieitur,
1399 473 1626 517 appellarunt
1654 477 1842 506 extremam
1858 474 2016 506 cantionis
2042 486 2171 516 vocem,

397 526 569 558 naeniam.
623 522 810 557 Naeuiael
839 524 930 556 deae
957 524 1117 557 sacellum
1146 525 1229 557 ultra
1255 529 1389 568 portam
1421 524 1629 557 simiualem
1642 523 1770 570 suerat
1798 521 1818 572 Η
1843 525 2058 569 dedicatum,
2091 525 2169 572 [ll]

398 589 486 610 necne
514 575 619 608 habet
648 580 782 608 tantum
811 575 1009 608 aediculam.

562 627 591 659 [i
606 640 627 660 a
639 627 711 660 val
721 627 732 660 i
750 625 767 647 ²
795 638 961 659 corona
989 627 1160 668 donatur,
1188 627 1246 672 qui
1260 627 1395 671 primus
1423 627 1454 659 in
1481 627 1625 659 hostium
1655 638 1781 660 navem
1810 630 1970 660 armatus
1997 628 2172 661 transilie—

397 681 459 718 rit,
488 679 627 711 cuiusve
655 690 777 722 opera,
807 689 950 711 manave
972 679 1072 712 navis
1099 679 1246 712 hostium
1274 682 1383 723 capta
1399 677 1527 724 suerit.
1555 678 1705 723 adeptus
1733 683 1780 711 est
1807 690 1878 711 eam
1912 678 1962 713 M.
1995 678 2174 712 Terentius

404 731 537 766 Varro,
567 730 656 763 bello
683 730 860 772 Piratico,
889 730 1042 763 donante
1069 730 1140 764 CN.
1168 731 1334 775 Pompeio
1355 730 1507 775 BIagno.
1560 730 1651 763 Item
1679 730 1761 772 alii,
1789 730 1878 762 inter
1905 741 1989 774 quos
2010 730 2055 765 A.
2083 729 2174 763 Atil—

400 784 479 816 lus*
507 783 597 814 bello
626 782 718 827 quod
745 785 885 826 gestum
914 785 962 814 est
990 786 1112 815 contra
1140 781 1274 821 Nabiu,
1303 786 1338 814 ut
1364 783 1531 827 scriptum
1560 787 1607 815 est
1632 782 1665 814 in
1692 782 1842 815 carmine
1869 781 2053 823 Saturnio,
2081 782 2175 827 quod

400 834 540 880 quidem
568 834 675 866 duces
709 834 776 878 ipsi
808 836 885 866 sant
914 834 1059 866 consueti
1086 834 1119 866 iu
1150 833 1288 866 tabellis
1318 833 1460 878 publice
1483 845 1633 878 ponere,
1670 833 1704 866 in
1739 844 1805 878 quo
1831 833 2084 866 nominabantur
2117 834 2175 878 qui

400 885 520 918 navali
550 897 680 919 corona
708 885 830 917 donati
858 889 968 918 erant.
1022 883 1306 929 Neanquamss
1337 886 1482 929 ponitur
1517 897 1580 929 pro
1615 886 1818 926 nullatenus,
1856 895 1924 929 pro
1951 896 2016 918 non
2044 886 2113 924 ita;
2143 889 2174 918 et

397 949 483 974 uon,
514 939 618 970 etiam
645 935 844 982 significat,
874 943 908 968 ut
935 948 1006 971 nec.
1063 935 1349 982 Nesrendes4
1377 937 1489 969 dictos
1513 937 1638 970 asserit
1670 936 1862 982 {Isthmius
1889 936 2053 970 Scaevola
2080 937 2175 969 arie-

399 994 465 1027 tes,
494 989 587 1032 quod
611 988 772 1021 dentibus
794 987 972 1032 frendere
998 1000 1065 1020 non
1092 989 1227 1033 possint.
1281 988 1396 1021 Ateius
1427 988 1571 1033 Capilo,
1613 987 1765 1033 infantes
1793 999 1865 1021 esse
1891 989 2045 1021 nondum
2068 987 2176 1033 sren-

401 1041 533 1080 dentes,
566 1041 599 1072 id
629 1047 694 1079 est,
712 1039 951 1084 frangentes,
978 1040 1098 1073 Livius
1125 1041 1159 1073 in
1191 1039 1352 1083 Odyssea
1380 1041 1496 1074 veteri.
1552 1040 1663 1081 Quem
1689 1051 1754 1085 ego
1788 1039 1992 1086 nefrendem
2021 1040 2094 1072 alui
2120 1040 2176 1072 la-

402 1096 515 1125 cteam
550 1092 760 1135 immulgens
794 1102 894 1133 opem
956 1117 962 1123 .
1017 1117 1024 1123 .
1079 1098 1111 1123 et
1170 1118 1176 1124 .
1230 1117 1236 1123 .
1299 1117 1305 1123 .
1361 1117 1367 1124 .
1429 1118 1435 1124 .
1490 1118 1497 1126 .
1553 1117 1559 1123 .
1613 1117 1619 1124 .
1674 1118 1680 1123 .
1736 1117 1742 1123 .
1799 1120 1806 1126 .
1867 1092 1932 1124 Pro
1963 1090 2177 1124 nefrendibus

403 1147 540 1180 (tutem,
569 1147 604 1176 ut
629 1143 762 1187 antiqui
789 1142 972 1182 dicebant,
1000 1144 1112 1176 rienes
1132 1154 1222 1175 nunc
1249 1143 1333 1176 dicit
1362 1155 1437 1175 usus
1464 1154 1588 1176 recens.
1616 1147 1693 1176 sunt
1722 1143 1779 1188 qui
1805 1142 1993 1188 nefrendes
2016 1143 2087 1176 divi
2108 1154 2177 1188 pu-

403 1199 471 1228 tent
500 1195 690 1232 testiculos,
718 1206 801 1237 quos
830 1194 995 1226 Lanuvini
1022 1195 1205 1239 appellant
1233 1194 1482 1228 nebrundines:
1510 1195 1633 1227 Graeci
1661 1191 1832 1241 νιφροιῖς,
1860 1194 2091 1236 Praenestini,
2118 1205 2179 1227 ne-

393 1247 531 1292 frones.
576 1247 791 1285 Necerim,
819 1257 880 1278 nec
908 1257 994 1278 eum.
1030 1246 1206 1287 kaora,
1230 1246 1412 1293 significat
1438 1247 1544 1279 silvas
1571 1257 1743 1279 amoenas:
1771 1246 1859 1278 valet
1884 1247 1973 1279 enim
1987 1246 2090 1281 idem.
2108 1246 2180 1279 eius

404 1302 523 1331 autem
554 1297 714 1331 vocabuli
749 1302 864 1330 auctor
894 1297 1087 1339 Homerus,
1132 1298 1190 1343 qui
1223 1299 1313 1330 dixit
1341 1299 1375 1331 in
1403 1298 1539 1331 Iliade:
1576 1300 1612 1333 ἐν
1641 1298 1744 1342 νέμὲἲ
1777 1296 1928 1344 σκιερῷ5
1961 1298 2020 1334 ἐπί
2054 1311 2093 1332 τε
2125 1299 2179 1332 λῖν

405 1352 539 1394 ἔμβαλε
568 1348 725 1393 δαίμων,
753 1348 891 1381 dubium
920 1361 985 1381 non
1008 1354 1075 1388 est,
1104 1350 1184 1394 quin
1213 1361 1291 1382 eum
1319 1350 1481 1394 designet
1508 1350 1640 1388 locum,
1668 1349 1724 1392 qui
1752 1360 1891 1393 campos
1919 1354 1950 1382 et
1973 1360 2096 1394 pascua
2114 1349 2179 1381 ha-

406 1401 503 1434 beat:
531 1402 635 1445 νέμος
662 1412 686 1432 α
711 1400 862 1433 Graecis
883 1397 944 1435 διά
972 1398 1016 1435 τό
1036 1398 1147 1445 ’νομάς
1176 1399 1267 1436 eima
1296 1404 1332 1436 ἐν
1361 1400 1495 1447 αὑτῷθ,
1524 1401 1754 1445 appellatum.
1799 1399 1903 1433 Nem
1915 1406 1971 1442 ut,
1999 1401 2057 1433 nisi
2080 1401 2179 1432 etiam

406 1454 458 1485 vel
492 1463 634 1497 nempe:
676 1463 756 1485 usus
784 1456 832 1485 est
876 1452 963 1486 Cato
999 1453 1044 1485 de
1076 1457 1251 1497 potestate
1284 1452 1495 1492 '1⁸1·ilumici*,
1534 1463 1609 1485 cum
1643 1452 1688 1484 ait
1865 1480 1871 1486 .
1926 1478 1933 1484 .
1989 1480 1995 1486 .
2048 1477 2055 1484 .
2110 1477 2115 1483 .
2172 1477 2179 1483 .

406 1516 586 1537 aerumnas.
641 1503 829 1536 Neminis
855 1504 1010 1548 genitivo
1039 1516 1122 1537 casu
1143 1515 1225 1537 usus
1253 1508 1301 1537 est
1332 1504 1440 1543 Cato,
1469 1515 1548 1536 eum
1575 1504 1682 1536 dixit:
1708 1508 1746 1536 et
1773 1504 1865 1546 quis
1893 1503 2061 1538 diceret
2088 1514 2179 1537 cum

406 1558 458 1588 sit
492 1555 693 1588 neminis.
754 1554 857 1588 Idem
892 1555 938 1587 de
970 1555 1262 1600 magistratibus:
1305 1557 1412 1588 vitio
1450 1556 1633 1595 creatis,
1668 1555 1930 1598 neminisque

406 1608 541 1640 Ennius
571 1607 605 1639 in
638 1606 852 1639 Erechtheo:
2087 1636 2089 1638 .

510 1657 686 1703 lapideo
715 1663 811 1691 sunt
840 1653 860 1706 Η
893 1657 1025 1691 corde
1051 1658 1191 1700 multi,
1226 1670 1328 1701 quos
1353 1671 1434 1692 non
1461 1659 1639 1691 miseret
1666 1658 1852 1692 neminis.
2103 1656 2182 1703 [12]

407 1711 536 1743 Nemo
564 1710 774 1754 conpositum
803 1710 933 1742 videtur
962 1721 1000 1742 ex
1028 1721 1088 1748 ne,
1124 1717 1156 1742 et
1187 1710 1310 1743 homo:
1352 1710 1443 1754 quod
1473 1710 1687 1743 confirmatur
1723 1710 1844 1755 magis,
1877 1709 1954 1753 quia
1981 1709 2014 1741 in
2041 1720 2183 1753 persona

407 1773 539 1805 semper
568 1762 720 1806 ponitur,
756 1773 819 1795 nec
847 1762 1020 1805 pluraliter
1049 1762 1183 1794 formari
1216 1762 1319 1802 solet,
1353 1763 1431 1806 quia
1461 1762 1656 1807 intelligitur
1689 1772 1752 1806 pro
1780 1761 1883 1795 nullo.
1936 1760 2041 1793 Neci
2063 1760 2184 1793 datus

409 1814 546 1857 proprie
572 1813 708 1851 dicitur,
744 1814 799 1856 qui
826 1814 894 1846 sine
927 1813 1063 1846 volnere
1093 1814 1285 1846 interfectus
1314 1820 1360 1846 est
1394 1820 1429 1846 ut
1456 1825 1601 1855 veneno,
1637 1820 1693 1846 aut
1730 1813 1828 1846 fame.
1882 1812 2184 1846 Necessarium

246 1872 274 1893 ·ἰ.
301 1868 454 1902 Opiliusait
483 1877 552 1897 esse
581 1864 743 1908 Opillus*
791 1865 961 1904 Aurelius,
991 1865 1022 1897 in
1051 1877 1118 1908 quo
1151 1877 1218 1897 non
1245 1866 1284 1897 sit
1315 1866 1530 1904 cessandum,
1579 1870 1635 1898 aut
1666 1865 1735 1898 sine
1771 1876 1837 1908 quo
1871 1864 1935 1897 vivi
1968 1875 2032 1896 non
2068 1864 2185 1908 possit:

409 1922 463 1948 aut
490 1917 559 1948 sine
586 1928 654 1959 quo
682 1928 747 1949 non
774 1917 859 1950 bene
885 1917 1028 1949 vivatur:
1070 1923 1125 1949 aut
1152 1917 1244 1960 quod
1272 1929 1338 1949 non
1367 1917 1469 1961 possit
1498 1917 1691 1961 prohiberi,
1728 1917 1808 1959 quin
1838 1916 1905 1948 fiat.
1959 1915 2185 1948 Necessari

411 1973 493 2006 sunt,
522 1975 556 2000 ut
584 1968 701 2000 Gallus
723 1968 838 2001 Aelius
866 1969 927 2008 ait,
956 1969 1011 2011 qui
1040 1974 1096 2001 aut
1123 1969 1276 2013 cognati,
1312 1974 1367 2001 aut
1399 1969 1525 2001 adfines
1559 1973 1649 2006 sunt,
1686 1968 1718 2000 in
1753 1978 1837 2011 quos
1863 1967 2047 2001 necessaria
2075 1966 2187 1999 officia

414 2019 627 2051 conferuntur
654 2026 786 2063 praeter
800 2025 937 2053 ceteros.
992 2021 1242 2065 Neclegens
1270 2020 1376 2055 (lictus
1397 2025 1460 2060 est,
1489 2031 1555 2052 non
1572 2020 1704 2064 legens,
1733 2031 1840 2063 neque
1867 2019 2025 2052 dilectum
2050 2018 2187 2056 habens,

416 2069 495 2109 quid
520 2070 629 2103 facere
657 2071 796 2111 debeat,
828 2072 946 2104 omissa
972 2072 1098 2104 ratione
1127 2072 1230 2105 officii
1256 2073 1313 2106 sui.
1375 2073 1463 2105 Nec
1499 2072 1766 2105 coniunctionem
1795 2070 2012 2104 Grammatici
2039 2070 2108 2103 fere
2136 2069 2188 2101 di-

419 2124 495 2150 cunt
521 2131 589 2153 esse
616 2122 864 2165 disiunctivam,
891 2128 927 2155 ut
954 2135 1016 2156 uec
1042 2123 1143 2168 legit,
1179 2134 1241 2157 nec
1268 2123 1400 2164 scribit,
1436 2135 1512 2156 cum
1543 2123 1567 2155 si
1594 2123 1785 2168 diligentius
1811 2123 2018 2166 inspiciatur,
2048 2127 2084 2154 ut
2109 2121 2188 2154 fecit

419 2170 547 2201 Sinnius
581 2171 719 2215 Capito,
752 2175 894 2219 intelligi
924 2175 1042 2220 possit,
1079 2187 1151 2208 earn
1189 2176 1329 2220 positam
1358 2186 1429 2208 esse
1462 2176 1504 2208 ab
1538 2175 1676 2218 antiquis
1712 2185 1774 2219 pro
1802 2186 1885 2215 non,
1929 2180 1964 2207 ut
1991 2178 2023 2205 et
2058 2174 2091 2206 in
2113 2171 2185 2205 xtl.

493 2285 520 2324 1)
546 2287 679 2315 Naeuiae
695 2288 788 2329 dam]
813 2291 965 2320 Videndus
987 2293 1170 2331 Augustinus
1191 2294 1227 2322 de
1244 2295 1285 2322 ci-
1329 2294 1390 2332 peri
1408 2293 1560 2332 exempla,
1582 2303 1619 2321 ex
1634 2293 1740 2331 Regilli
1754 2292 1865 2322 tabula.
1905 2290 2007 2319 Duello
2021 2298 2126 2327 magno
2142 2287 2187 2316 di-

422 2329 510 2357 Vstate
533 2328 584 2357 Dei
606 2329 655 2357 lib·
674 2334 700 2359 U·
721 2341 782 2369 0³1¹.
801 2336 829 2364 9-
857 2335 934 2364 UJ'S.
960 2354 996 2357 —
1027 2336 1057 2374 2)
1081 2336 1218 2375 Max-ali]
1237 2338 1285 2365 At-
1328 2335 1480 2372 finiendo,
1502 2335 1620 2374 regibus
1636 2335 1805 2373 subigendis
1821 2339 1876 2364 etc.
1908 2334 1987 2361 Urs.
2011 2350 2046 2355 —-
2075 2329 2103 2370 3)
2127 2331 2187 2358 N>-

423 2371 503 2399 tilius
521 2371 749 2418 Fortunatianus
770 2374 805 2402 de
825 2376 964 2405 Saturnio
986 2383 1090 2407 metro.
1130 2379 1216 2418 Apud
1234 2389 1285 2408 no·
1329 2377 1489 2417 anquam]
1512 2378 1648 2407 Placidus
1663 2378 1694 2406 in
1715 2377 1834 2406 Glossis.
1870 2376 2055 2412 Neunquam‚
2081 2377 2110 2401 et
2127 2383 2187 2401 non

422 2417 499 2442 sti-os
521 2418 618 2442 autem
640 2424 670 2442 ιη
690 2414 797 2442 tabulis
818 2418 963 2455 antiquis,
986 2429 1058 2456 quas
1074 2421 1285 2460 triumphaturi
1328 2421 1488 2459 signifieat,
1506 2425 1535 2450 et
1552 2431 1612 2450 non
1629 2421 1679 2456 ita,
1695 2425 1723 2448 et
1739 2429 1797 2448 non
1814 2418 1897 2447 adeo.
1928 2417 2003 2446 Urs.
2029 2433 2065 2436 —
2089 2413 2117 2452 4)
2128 2416 2188 2443 Ne-

424 2455 516 2484 dffl‘es
531 2456 559 2484 in
578 2456 722 2494 CalffloliO
740 2456 884 2493 figebant,
908 2460 1110 2500 victoriaeque
1130 2474 1200 2491 suae
1215 2464 1284 2492 titu-
1317 2463 1466 2501 stawles]
1489 2464 1606 2492 Terent.
1621 2464 1750 2490 Scaurus
1763 2461 1799 2489 de
1817 2456 2042 2496 0rthographia.
2076 2457 2117 2486 Ne
2131 2467 2187 2496 pro

423 2498 482 2526 lum
509 2499 649 2527 saturniis
674 2498 807 2527 versibus
836 2502 1111 2540 prosequebantur,
1150 2505 1217 2533 talia
1238 2515 1283 2533 re·
1327 2515 1403 2541 non,
1434 2505 1547 2543 antiqui
1568 2514 1710 2543 posuere,
1749 2507 1781 2531 ut
1801 2500 1955 2530 nefrendes
1979 2509 2105 2538 porcos,
2138 2501 2188 2538 qui

2253 2510 2263 2572 *un—
