2263 2668
471 147 535 181 DE
562 145 953 182 SlGNIFICATIONE
976 147 1261 184 VERBORUM.
1320 153 1464 187 LIBER
1491 154 1598 189 xvn.

1943 161 2014 196 143

58 242 238 278 ,sm-orium
271 241 420 286 tigillum
446 237 673 286 appellatur³³
695 241 790 276 locus
817 252 909 275 sacer
933 241 969 274 in
994 241 1162 276 honorem
1187 244 1338 288 lunonis,
1382 259 1481 291 quem
1509 249 1671 282 Horatius
1695 249 1868 293 quidam³⁴
1889 259 2014 289 statue-

157 299 207 327 rat
235 304 333 327 causa
361 293 482 326 sororis
509 305 528 325 a
555 305 591 327 se
617 293 813 328 interfectae
838 294 886 326 ob=
910 305 1001 327 suam
1031 295 1263 339 expiationem.

58 345 263 381 Substillum
274 341 300 362 ³⁵
322 350 456 390 tempus
481 349 562 378 ante*
585 345 734 389 pluviam
760 342 864 378 iamffi
883 357 992 390 paene
1017 346 1155 380 uvidum
1166 343 1201 389 ³⁷,
1230 352 1263 383 et
1287 353 1366 393 post
1391 350 1539 395 pluviam
1566 362 1633 385 non
1660 353 1846 398 persiccum
1857 351 1892 398 ³⁸,
1919 358 2014 401 quod

157 398 224 430 iam
251 397 407 439 stillaret,
443 400 504 430 aut.
525 397 676 430 nondum
702 393 894 431 desiisset³⁹.

58 445 278 485 Subcudes⁴⁰
301 448 515 494 appellantur
541 445 733 493 tabellaefl,
767 444 923 493 quibus4²
942 448 1079 482 tabulae
1103 450 1188 484 inter
1213 461 1249 484 se
1275 450 1533 497 configuntur⁴³‚
1563 455 1658 498 quia,
1688 467 1756 499 quo
1784 456 2011 501 immittuntur,

160 500 350 535 succiditur.
402 499 586 533 Pacuvius:

429 550 507 584 Nec
533 551 609 584 ulla
636 550 780 584 subscus
788 547 813 568 ⁴⁴
836 550 972 585 cohibet
981 547 1006 568 ⁴¹⁵
1028 562 1251 597 compagem.

58 604 133 639 Sub
160 614 290 637 corona
316 603 514 635 venundari
523 599 548 620 ⁴⁶
568 598 756 635 dicuntur⁴⁷
778 603 917 647 captivi,
951 603 1008 647 qui
1036 604 1312 638 venundabantur
1339 608 1498 640 coronati.

1552 608 1654 642 cato:
1700 609 1746 643 Ut
1767 611 1923 655 populus
1945 623 2008 656 po-

160 655 228 688 tius
254 653 297 687 ob
323 665 398 687 rem
426 653 512 687 bene
537 657 681 699 gestam
708 654 945 699 supplicatum
973 659 1051 696 eat,
1080 667 1189 701 quam
1214 667 1255 690 re
1281 658 1375 690 male
1400 663 1507 704 gesta
1534 658 1754 694 coronatusffi
1776 665 1910 695 veneat.

59 702 250 741 thlime⁴⁹
272 710 320 739 est
346 706 378 738 in
405 705 615 738 altitudinem
642 706 785 748 elatum,
823 706 858 739 id
886 713 996 740 autem
1023 707 1145 741 dicitur
1171 719 1191 741 a
1217 708 1331 742 limine
1356 711 1546 755 superiore,
1583 712 1660 756 quia
1686 709 1824 757 supra⁵⁰
1841 724 1902 746 nos
1929 719 1985 747 est.

59 758 335 794 succenturiare
362 762 409 790 est
437 757 623 801 explendae
651 757 818 791 centuriae
843 759 951 804 gratia
978 759 1145 804 supplere.

1200 759 1385 794 Caecilius:

429 808 534 842 Nunc
560 820 662 842 meae
688 809 848 843 malitiae
874 811 1005 844 astutia
1032 822 1120 856 opus
1145 814 1196 845 est
1221 813 1452 846 succenturia.

59 860 274 896 Subrumari
307 860 461 893 dicuntur
494 859 616 901 hoedi,
663 872 766 904 quum
794 861 837 894 ad
865 874 1045 896 mammam
1073 863 1311 906 admoventur,
1357 865 1435 908 quia
1463 876 1502 898 ea
1529 866 1628 899 rumis
1654 872 1808 908 vocatur,
1854 867 1908 900 vel
1935 867 2013 910 quia

158 912 287 946 rumine
313 911 450 944 trahunt
475 913 562 947 lacte
572 908 596 930 ⁵¹
618 917 786 957 sugentes,

60 963 193 998 Subulo
218 964 330 997 Tusce
356 964 479 998 tibicen
506 963 634 998 dicitur.

60 1015 206 1050 Subura
230 1015 326 1060 regio
353 1015 484 1048 Romae
512 1028 532 1048 a
557 1026 652 1060 pago
678 1011 906 1049 Succusano⁵²
927 1016 1133 1051 vocabulum
1158 1017 1271 1060 traxit,
1307 1018 1400 1062 quod
1429 1018 1458 1052 ei
1485 1019 1629 1052 vicinum
1657 1019 1726 1052 fuit.

61 1067 338 1101 subverbustam
364 1067 507 1100 verubus
534 1072 638 1100 ustam
665 1067 840 1111 significat.

61 1115 241 1153 δοὺοῖεε53
260 1119 304 1151 ab
330 1118 529 1160 olescendo,
568 1118 602 1151 id
630 1124 679 1152 est
706 1118 888 1152 crescendo
916 1118 1043 1161 (lictae,
1087 1125 1124 1154 ut
1150 1116 1415 1154 adolescentes⁵⁴
1439 1126 1471 1154 et
1499 1118 1668 1155 adultae⁵⁵
1693 1127 1725 1154 et
1750 1120 1888 1154 indoles.

163 1171 282 1205 cretius
289 1182 297 1203 :

1942 1121 2012 1153 Lu—

432 1221 515 1255 St've
540 1221 654 1255 virum
680 1219 831 1264 soboles,
866 1221 940 1254 sive
967 1226 1016 1255 est
1043 1222 1223 1257 muliebris
1249 1223 1362 1269 origo.

61 1273 243 1308 Subucula
270 1277 302 1306 et
312 1269 336 1290 ⁵⁶

62 1324 137 1359 Sub
162 1336 223 1358 vos
244 1325 355 1370 placo
382 1321 582 1369 supplicum.

357 1284 462 1318 genus
489 1273 548 1306 libi
576 1272 697 1306 dicitur
722 1283 763 1306 ex
788 1272 875 1307 alica
901 1269 968 1306 et⁵⁷
989 1274 1067 1307 oleo
1095 1279 1128 1308 et
1153 1275 1271 1317 melle,
1299 1280 1331 1308 et
1357 1287 1464 1321 genus
1490 1275 1683 1309 vestimenti.

60 1376 236 1423 Suffiscus
261 1376 432 1410 folliculus
458 1376 591 1410 testium
617 1375 848 1417 arietinorum,
890 1386 958 1419 quo
986 1377 1165 1410 utebantur
1190 1389 1254 1423 pro
1282 1378 1451 1422 marsupio
1479 1390 1498 1411 a
1524 1377 1597 1412 fisci
1623 1376 1835 1410 similitudine
1861 1376 1976 1411 dictus.

61 1428 237 1462 Subactus
261 1428 365 1461 modo
392 1424 590 1473 significat⁵⁹
612 1428 775 1467 mollitus3
814 1426 919 1461 modo
946 1426 1104 1469 victus⁶¹¹3

161 1480 223 1513 sub
249 1480 403 1513 arborem
413 1477 437 1497 ⁰¹
457 1481 650 1519 subactun13
676 1479 781 1513 modo
808 1483 952 1514 coactus.

1147 1429 1252 1463 modo
1280 1430 1491 1475 compulsus,
1525 1434 1562 1463 ut
1587 1441 1689 1473 quum
1718 1428 1876 1468 dicimus,
1909 1438 2013 1472 pecus

62 1530 248 1577 Supplicia
274 1536 401 1565 veteres
426 1532 592 1575 quaedam
619 1531 781 1565 sacrificia
809 1544 827 1564 a
854 1531 1078 1576 supplicando
1105 1532 1281 1567 vocabant.

64 1579 203 1629 Suses⁶²
225 1583 340 1617 consul
366 1583 483 1628 lingua
508 1584 710 1616 Poenorum.

65 1634 138 1668 Sub
164 1635 267 1668 vitem
294 1634 418 1668 hastas
443 1635 559 1668 iacere
585 1635 706 1668 dicitur
731 1635 839 1677 veles,
879 1645 983 1677 quum
1010 1647 1064 1668 eas
1092 1636 1152 1668 sub
1181 1646 1280 1668 manu
1307 1646 1437 1668 sursum
1464 1630 1604 1668 mittitffi.

764 1579 959 1624 Calidius‘ffl,
999 1587 1158 1626 senatus,
1190 1584 1314 1627 inquit,
1357 1584 1487 1617 censuit
1514 1581 1745 1628 referentibus
1770 1577 1936 1626 sufetisffl.

1659 1633 1805 1667 Lucilius
1815 1645 1822 1665 :

437 1685 483 1719 Ut
508 1686 602 1719 veles
628 1685 736 1719 bonus
761 1685 824 1720 sub
852 1686 955 1719 vitem
984 1687 1042 1732 qui
1068 1687 1238 1720 summisit
1267 1686 1399 1720 hastas.

171 1736 270 1770 Veles
296 1741 404 1770 autem
432 1737 544 1771 velitis
569 1734 690 1771 facitssss.

63 1871 154 1910 dam]
177 1881 233 1900 om.
247 1871 277 1900 L.
293 1871 349 1900 Gu.
365 1874 390 1902 1.
412 1889 454 1894 —
475 1872 521 1912 35)
545 1872 747 1912 Sub-stillum]
771 1872 967 1901 Szcbstillium
983 1872 1013 1901 L.

65 1932 100 1937 —
123 1917 168 1951 36)
192 1913 273 1952 iam]
296 1924 352 1942 om.
372 1924 417 1953 pr.
438 1931 480 1937 —
502 1915 550 1953 37)
572 1915 718 1954 uvidum]
743 1925 800 1945 om.
818 1915 849 1944 L.
865 1915 898 1944 B.
916 1915 972 1943 Gu.
989 1917 1003 1945 1

62 1968 107 1997 pr.
131 1973 172 1978 -
193 1956 241 1994 325)
258 1956 444 1996 persiccum]
466 1959 582 1986 siccum
600 1959 629 1986 L.
651 1974 694 1980 —
716 1955 762 1997 39)
785 1957 938 1995 desiisset]
962 1956 1015 1984 de-

62 2002 148 2028 sisset
165 1999 202 2027 M.
248 1999 401 2036 ddici-sset
419 2001 451 2030 B.
473 2016 515 2022 —
536 2002 583 2037 40)
607 1999 790 2036 §ubst-ades]
815 1999 968 2028 Suc-eudes
983 1999 1015 2027 L.

63 2040 238 2072 Sub-scudae
259 2042 290 2070 B.
319 2058 359 2063 —
387 2043 434 2080 41)
456 2042 601 2082 tabellae]
624 2054 680 2072 om.
697 2043 729 2073 B.
774 2043 899 2070 tabulae
919 2042 950 2071 L.
973 2057 1015 2064 -·

60 2084 108 2125 42)
132 2083 254 2124 quibu-9]
273 2095 352 2123 quae
367 2085 398 2113 B.
422 2102 456 2107 —
477 2084 525 2126 43)
544 2084 748 2125 configuntur]
766 2086 814 2113 Sic
829 2085 862 2113 B.
879 2085 936 2113 Gu.
950 2086 1014 2115 1.2.

61 2129 90 2156 S.
125 2129 276 2166 confi‘ing.
290 2127 326 2156 M.
363 2128 490 2167 confing.
507 2129 588 2166 vulg.
609 2145 651 2150 —-
672 2129 717 2161 44)
741 2127 883 2166 subscus]
907 2137 1016 2154 sua-cus

60 2170 93 2199 B.
139 2180 249 2197 succus
266 2170 295 2200 L.
314 2171 370 2198 Gu.
387 2172 415 2200 2.
438 2186 480 2192 --
499 2169 545 2209 45)
569 2170 695 2209 cohibet]
712 2170 851 2208 prohibet
869 2170 899 2199 L.
919 2169 950 2198 B.
974 2185 1015 2190 ——

60 2211 106 2251 46)
131 2212 202 2240 Sub.
219 2223 276 2241 cor.
297 2211 377 2250 vem]
401 2212 450 2240 Sic
474 2212 614 2242 exhibent
637 2213 761 2251 glossam
786 2211 874 2241 codd.
896 2217 926 2240 el
945 2211 1015 2241 edit.

60 2265 106 2294 pr.
151 2255 226 2285 Scal.
250 2264 302 2284 sua
323 2254 443 2283 habete
457 2254 574 2284 schedis
591 2256 683 2291 Festi,
714 2265 786 2293 quas
804 2255 881 2283 vide.
903 2270 945 2277 —
967 2255 1015 2290 47)

61 2308 124 2328 ven,
143 2297 216 2336 dien]
238 2297 296 2325 dic.
312 2308 375 2326 ren.
394 2298 451 2326 Gu.
466 2301 491 2330 1.
514 2313 557 2321 ——
577 2300 622 2332 43)
647 2296 829 2335 coronatus]
854 2307 912 2325 om.
930 2297 962 2326 L.
981 2296 1013 2326 B.

61 2356 100 2362 —
123 2343 170 2376 49)
194 2339 342 2380 Sublime]
367 2340 532 2368 Sahlimcm
548 2341 579 2370 L.
596 2341 628 2371 Β,
645 2340 682 2369 M.
697 2340 754 2369 Gu.
772 2342 799 2371 1.
815 2341 844 2370 2.
863 2349 907 2378 pr.
926 2340 953 2368 S.
972 2356 1014 2362 —-

61 2385 109 2418 50)
131 2383 243 2421 snpra]
267 2393 355 2421 anper
372 2383 402 2412 L.
422 2383 453 2412 B.
472 2384 528 2412 Gu.
548 2387 573 2415 1.
591 2394 634 2422 pr.
664 2401 696 2404 —
724 2380 771 2422 51)
795 2381 890 2421 lacte]
912 2383 962 2411 Sic
975 2381 1012 2411 Μ.

1059 1874 1163 1903 Gu.2.
1210 1871 1260 1899 lac
1285 1871 1365 1908 vulg.
1394 1886 1435 1893 -—
1466 1873 1509 1905 52)
1541 1870 1736 1908 Succusano]
1766 1872 1959 1900 :Saccus-unae
1979 1868 2011 1896 B.

1059 1915 1116 1944 Gu.
1134 1917 1160 1945 1.
1187 1911 1326 1952 (epago)
1349 1923 1395 1951 pr.
1424 1929 1466 1936 —-
1495 1915 1540 1947 53)
1564 1912 1705 1952 soboles]
1726 1912 1850 1941 Sakole-5
1866 1910 1904 1939 Μ.
1921 1910 1949 1941 S.
1972 1926 2013 1930 —

1057 1959 1104 1992 54)
1123 1955 1332 1994 adolescentes]
1348 1955 1520 1984 adolescens
1535 1956 1591 1985 Gu.
1605 1959 1630 1988 1.
1652 1972 1685 1978 -
1707 1958 1756 1991 55)
1771 1952 1909 1991 adultae]
1923 1952 2014 1980 adul-

1058 2004 1091 2027 ta
1109 1999 1140 2028 L.
1163 2015 1205 2020 —
1228 1996 1274 2038 56)
1296 2001 1339 2034 et]
1364 1998 1432 2028 add.
1448 1999 1480 2028 L.
1504 1997 1665 2039 (corrupte
1684 1996 1747 2036 est)
1767 1998 1799 2027 Β.
1813 1996 1853 2026 Μ.
1868 1996 1924 2024 Gu.
1941 1999 1967 2026 1.
1981 1998 2011 2027 2.

1057 2051 1105 2081 pr.
1129 2057 1166 2063 ——
1191 2039 1239 2080 57)
1261 2052 1295 2069 ex
1310 2042 1393 2072 alica
1409 2041 1452 2081 et]
1476 2047 1502 2070 et
1520 2041 1560 2072 al.
1577 2052 1610 2070 ex
1625 2041 1662 2070 ol.
1678 2041 1709 2070 B.
1728 2050 1772 2078 pr.
1818 2039 1923 2068 halica
1939 2038 2012 2067 scri-

1058 2083 1117 2123 psit
1138 2083 1214 2112 Scal.
1241 2099 1283 2107 --
1311 2086 1356 2119 53)
1383 2084 1502 2124 suppl]
1525 2096 1584 2123 pro
1604 2083 1702 2122 suppl.
1723 2082 1757 2112 L.
1786 2099 1826 2104 —
1854 2083 1899 2119 59)
1924 2080 2012 2110 modo

1058 2125 1815 2208 {ansfsszzmt-B.⁶3{,f⁷.z0{;;.f;.÷‘z:³
1831 2124 2012 2204 -.

1059 2212 1159 2251 Suſj‘es
1177 2212 1208 2242 L.
1253 2212 1389 2252 Suffenas
1410 2213 1445 2243 B.
1468 2228 1510 2235 ——
1531 2213 1577 2249 63)
1603 2210 1761 2246 Calidius]
1785 2211 1834 2241 Sic
1852 2210 1891 2240 M.
1911 2210 1968 2238 Gu.
1980 2211 2010 2239 2.

1057 2264 1106 2293 pr.
1127 2255 1156 2283 S.
1209 2254 1371 2284 Calvidzm
1391 2256 1424 2284 B.
1477 2255 1628 2284 Caecilius
1655 2255 1685 2284 L.
1707 2254 1765 2284 Gu.
1785 2257 1811 2284 1.
1859 2251 2009 2282 Claudia-⁵

1057 2297 1138 2335 vulg.
1169 2313 1210 2319 —
1238 2296 1283 2337 64)
1306 2297 1436 2337 sufetis]
1460 2298 1580 2338 suff'etl-s·
1599 2298 1630 2327 L.
1646 2298 1678 2327 B.
1695 2297 1734 2325 M.
1761 2311 1802 2321 ...-
1830 2298 1874 2334 65)
1898 2294 2009 2338 millit]

1057 2341 1219 2368 summittit
1234 2340 1264 2369 L.
1290 2357 1331 2364 -—-
1354 2339 1401 2382 66)
1420 2342 1512 2380 facit]
1533 2341 1616 2370 velox
1633 2346 1658 2369 et
1674 2341 1747 2369 levis
1761 2343 1938 2368 ammam-af
1955 2345 2008 2361 ηιι-

1057 2382 1099 2411 les
1115 2388 1156 2411 est
1170 2382 1237 2412 add.
1251 2383 1282 2414 L.
