2263 2668
206 148 281 184 388
629 142 973 178 COMMENTARII
998 141 1046 175 IN
1071 141 1214 176 PAULI
1240 141 1436 177 DIACONI
1461 143 1716 178 EXCERPTA

373 237 667 271 Corintliienses.
712 235 772 271 Qui
795 234 967 263 Corinthum
997 233 1150 273 habitant,
1188 235 1239 264 sed
1269 235 1387 264 aliunde
1413 235 1475 265 nat-i
1498 240 1576 265 sunt.
1621 235 1659 265 At
1682 235 1827 264 Corinthii
1849 236 1992 268 Corintho
2015 239 2142 277 oriundi,

207 285 261 315 etsi
284 283 362 312 aliud
384 282 475 310 solum
501 280 607 307 colant.
651 279 698 306 Sic
722 279 935 313 Romanenses,
959 277 1138 314 Sicilienses,
1161 278 1382 316 Hispanienses.
1426 279 1576 318 Sosipater
1599 280 1680 318 (pag.
1696 281 1765 311 102.
1790 278 1842 307 Ed.
1865 279 1980 320 Frob.):
2005 282 2074 310 Cum
2098 281 2143 311 cli-

206 328 298 357 cimus
320 325 487 362 Hispanus,
511 332 612 349 nomen
636 321 763 349 nationis
785 319 977 357 ostendimus,
1006 331 1071 349 cum
1094 328 1190 350 autem
1208 320 1415 361 Hispaniensis
1439 332 1598 361 cognomen
1620 332 1736 358 eorum,
1759 321 1811 362 qui
1829 322 2011 361 provinciam
2026 323 2143 365 Hispa-

205 370 286 398 niam
308 365 454 400 incolunt,
479 364 531 392 elsi
553 374 610 391 non
633 362 773 402 Hispani.
817 363 906 392 Dac-

370 405 612 435 Cavitionem.
657 406 791 434 Plautus:
818 404 986 445 Opportune
1007 403 1080 433 mihi
1100 406 1197 434 navita
1220 412 1259 434 est
1279 404 1350 434 haec
1372 404 1505 444 epistola.
1530 405 1630 437 Scal.
1664 405 1799 436 Pseudol.
1814 405 1859 443 II,
1883 407 1920 443 3,
1941 405 2019 444 (3.)‚
2043 418 2143 447 quam-

206 463 291 492 quam
313 449 381 479 libri
404 449 463 477 sere
485 458 584 476 omnes
606 447 717 476 habent
739 458 797 476 non
820 448 932 484 muita,
959 446 1009 475 sed
1033 454 1143 476 cavata.
1172 448 1260 484 Quod
1281 449 1349 475 satis
1372 448 1485 486 placet;
1510 456 1614 477 cavata
1638 454 1730 477 eruta.
1760 448 1784 476 A
1804 459 1889 477 caveo
1904 448 2051 484 mavilum,
2075 461 2144 479 cau-

204 501 285 531 tum,
311 491 434 527 cavitio,
457 493 562 520 cautio.
588 490 641 518 Da
651 501 675 519 c.
718 491 756 518 Ut
778 492 876 519 navita
900 500 956 528 pro
981 497 1087 525 nauta,
1106 489 1228 531 favitor
1246 501 1300 529 pro
1312 489 1425 530 fautor
1446 491 1525 529 apud
1548 491 1674 520 Nonium
1699 489 1776 531 (pag.
1792 492 1862 522 110.
1886 489 1999 530 Mem).
2040 491 2144 522 Goth.

368 532 661 563 Consuetionem.
706 533 816 561 Locum
841 533 952 569 Plauti,
976 542 1063 570 quem
1085 533 1151 561 vult
1173 533 1292 570 Festus,
1316 532 1406 561 hodie
1427 534 1506 562 inter
1527 533 1689 572 fragmenta
1711 534 1808 572 legere
1830 537 1882 563 est.
1928 533 1984 562 Sed
2006 535 2082 563 male
2103 535 2143 564 ibi

204 575 380 608 consuetudo
403 586 458 615 pro
482 576 628 606 consuetio
652 575 774 613 legitur:

865 615 1054 646 Clandestina
1075 624 1106 645 ut
1128 616 1233 646 celetur
1256 616 1442 648 consuetudo.

203 663 280 701 Lege
303 661 458 691 consuetio.
501 660 564 688 Iino
586 664 616 688 et
637 659 688 689 hic
712 670 814 690 versus
837 665 881 688 est
903 670 939 687 ex
962 659 1137 698 Amphit.1,
1160 663 1196 696 2,
1220 658 1317 700 (28.):

865 701 902 730 Et
926 701 1107 731 clandestina
1130 709 1160 731 ut
1183 701 1288 731 celetur
1310 703 1466 732 consuetio.

202 747 260 776 Ubi
283 747 357 775 male
379 744 447 773 libri
472 754 573 772 omnes
598 743 686 773 editi:
717 743 822 774 celetur
844 745 980 784 suspicio.
1029 744 1181 774 Consuetio
1203 745 1316 783 primus
1339 745 1468 774 restituit
1490 744 1657 784 Scioppius.
1698 744 1851 776 Consuetio
1875 745 2030 776 συνουσία.
2067 745 2144 774 Con-

203 799 338 819 suescere
362 790 504 817 συνεῖναι.
549 786 607 814 Sed
628 786 700 815 haec
723 787 810 815 nimis
833 792 910 815 nota.
955 787 1045 816 Dac.

369 828 578 858 Corculum.
624 830 720 858 Plauti
750 830 917 868 exemplum
947 829 997 858 hic
1019 829 1093 858 nihil
1115 829 1151 858 ad
1176 839 1253 866 rein,
1290 829 1341 858 sed
1364 830 1481 869 potius,
1519 830 1600 869 quod
1624 830 1665 859 ait
1686 830 1789 860 Cicero
1812 830 1849 859 de
1872 830 2010 869 Scipione
2033 830 2145 867 Nasica,

203 885 270 903 cuni
293 873 382 910 vulgo
406 872 565 900 Corculum
590 872 709 900 dictum.
735 871 836 901 Scal.
872 872 958 911 Apud
981 872 1117 901 Plautum
1141 872 1247 908 (Casin.
1264 872 1321 907 IV,
1344 876 1380 909 4,
1407 872 1470 911 15.)
1493 869 1734 912 ὑποκοριστικῶς
1757 873 1889 912 positum
1912 878 1971 910 est,
1994 877 2028 901 ut
2050 877 2079 902 et
2100 883 2146 902 re-

201 917 284 955 liqua
306 915 398 944 verba
421 914 458 942 ad
480 914 606 943 eundem
631 915 751 943 modum
774 915 879 945 efficta.
922 915 978 944 Sed
1002 913 1165 951 corculum,
1191 925 1249 953 quo
1272 925 1359 943 sensu
1383 916 1524 944 solertem
1547 920 1575 944 et
1598 921 1718 944 acutum
1742 916 1901 954 significat,
1926 915 2023 945 dictus
2045 915 2146 955 Scipio

202 960 317 989 Nasica.
362 957 465 985 Cicero
489 958 518 985 in
542 957 592 986 lib.
617 957 653 986 de
677 957 763 986 claris
788 958 905 987 Orator.
932 956 1063 996 (c.2o.):
1102 956 1135 986 P.
1158 958 1244 986 etiam
1268 956 1434 997 Scipionem
1458 957 1617 995 Nasicam,
1653 959 1705 999 qui
1732 966 1772 988 est
1801 956 1949 988 corculum
1971 957 2146 998 appellatus,

202 1003 252 1042 qui
274 1003 340 1030 item
367 999 410 1028 bis
433 998 536 1029 consul
557 1007 583 1028 et
606 1011 705 1028 censor
723 1000 801 1037 suit,
825 1000 955 1029 habitum
978 998 1163 1040 eloquentem.
1204 1000 1275 1028 Item
1289 1001 1380 1038 paulo
1398 1001 1520 1029 inferius
1535 998 1634 1040 (58.):
1659 999 1723 1029 Iam
1741 1000 1863 1030 cluorum
1880 999 2038 1029 abavorum
2057 1011 2146 1040 quam

202 1052 242 1073 est
265 1042 380 1072 illustre
402 1053 522 1080 nomen,
545 1041 581 1071 P.
605 1041 766 1082 Scipionis,
790 1043 841 1082 qui
864 1042 907 1071 bis
930 1041 1034 1072 consul
1044 1041 1129 1083 fuit,
1153 1043 1205 1082 qui
1227 1049 1267 1071 est
1291 1041 1440 1072 corculum
1464 1042 1568 1073 dictus.
1591 1043 1681 1074 Dae.
1720 1042 1853 1073 Cicutam
1877 1048 2006 1073 cautum.
2038 1041 2146 1072 Goth.

369 1084 552 1113 Casinam.
597 1084 673 1112 Huic
696 1085 811 1113 fabulae
835 1095 985 1124 nunquam
1011 1085 1143 1113 Casinam
1166 1095 1272 1114 nomen
1296 1086 1418 1114 Plautus
1441 1086 1597 1125 imposuit,
1621 1085 1671 1114 sed
1697 1085 1863 1116 Sortientes.
1901 1086 1975 1114 Nam
1999 1084 2146 1124 Diphilus,

202 1128 253 1167 qui
277 1128 357 1156 illam
382 1128 495 1155 Graece
521 1127 678 1165 scripserat
703 1126 880 1157 cler-umenoe
908 1132 1081 1163 vocaverat,
1118 1137 1178 1155 non
1205 1128 1407 1168 κληρομένην,
1444 1132 1476 1157 ut
1504 1128 1580 1157 male
1602 1129 1798 1159 Camerarius.
1842 1128 1944 1167 Neque
1971 1132 2029 1164 est,
2066 1126 2147 1166 quod

202 1181 379 1210 quemquam
402 1174 520 1199 moveat
543 1175 765 1207 argumentum,
790 1171 870 1209 quod
893 1170 935 1198 illi
956 1169 1175 1209 praemittitur,
1198 1170 1264 1199 ubi:

861 1229 902 1234 ——
948 1232 985 1235 —
1027 1219 1094 1252 post
1118 1211 1151 1240 id
1173 1224 1284 1242 rursum
1309 1211 1401 1242 denuo

821 1254 929 1283 Latine
950 1254 1075 1284 Plautus
1099 1266 1163 1283 cum
1186 1254 1310 1284 latranti
1332 1256 1455 1285 nomine.

202 1297 258 1326 Ubi
281 1307 332 1336 per
355 1295 467 1326 latrans
491 1308 592 1325 nomen
610 1294 718 1325 Casina
740 1297 923 1335 intelligitur.
961 1298 1033 1326 Nam
1057 1308 1117 1325 uno
1140 1302 1174 1326 ut
1197 1298 1289 1326 verbo
1313 1298 1428 1333 dicam,
1451 1302 1657 1336 argumentum
1680 1297 1756 1325 illud
1779 1302 1837 1325 tam
1855 1297 1951 1325 Plauti
1975 1301 2033 1332 est,
2058 1304 2147 1334 quarn

202 1340 283 1379 quod
306 1350 458 1378 nunquam
481 1339 546 1367 suit.
592 1339 725 1367 Casinam
749 1340 865 1376 dixere,
890 1341 940 1378 qni
963 1345 1031 1379 post
1053 1340 1189 1368 Plautum
1213 1341 1273 1368 nati
1296 1345 1375 1370 sunt.
1419 1340 1507 1370 Dac.

368 1389 560 1420 Conivola.
608 1390 759 1428 Duplicem
783 1391 937 1419 lectionem
961 1390 1078 1429 reperio
1102 1390 1131 1418 in
1154 1391 1259 1428 glossis
1282 1390 1405 1419 Isidori:
1439 1388 1589 1426 Conivoli,
1616 1388 1791 1425 concordes,
1816 1390 1925 1426 iuncti,
1948 1393 1976 1418 et
2002 1385 2146 1423 Cohibult,

202 1432 376 1469 concordes,
411 1433 568 1462 coniuncti.
614 1433 732 1470 Utrique
756 1434 935 1472 astipulatur
958 1433 1089 1470 glossarii
1114 1438 1232 1469 auctor,
1271 1433 1320 1471 qui
1345 1432 1484 1462 cohivum
1508 1438 1536 1462 et
1559 1433 1698 1461 conivum
1720 1433 1937 1470 interpretatur
1958 1427 2073 1462 κάλυκα
2098 1426 2147 1467 ῥό-

203 1478 258 1507 δου
281 1473 443 1514 μεμυκότα,
481 1480 514 1503 ut
536 1475 671 1503 videntur
698 1474 754 1502 iam
785 1476 949 1514 antiquitus
978 1477 1006 1503 in
1030 1475 1153 1503 dubium
1178 1475 1235 1504 hoc
1258 1480 1447 1511 revocatum,
1486 1481 1585 1504 utrum
1611 1473 1750 1504 Conivum
1774 1485 1810 1503 an
1833 1473 1964 1503 cohivum
1988 1472 2146 1501 dicendum

203 1524 285 1548 esset.
309 1516 411 1549 Scal.
457 1517 482 1546 A
505 1528 573 1546 coeo
597 1522 711 1545 veteres
734 1518 828 1547 secere
851 1519 932 1546 coins
954 1523 983 1546 et
1005 1518 1156 1546 interiecta
1181 1519 1359 1556 aspiratione
1385 1517 1519 1555 cohivus,
1560 1522 1593 1546 ut
1615 1516 1771 1546 cohercere.
1817 1517 1893 1545 Hinc
1916 1515 2048 1545 collinum
2070 1515 2147 1552 glos-

203 1562 311 1590 sarium
336 1561 550 1598 interpretatur
573 1560 704 1598 calycem
728 1570 827 1596 rosae,
852 1560 902 1597 qui
926 1559 1024 1588 adhuc
1049 1560 1125 1596 coit,
1151 1561 1278 1589 necdum
1302 1564 1421 1598 apertus
1442 1565 1493 1589 est.
1536 1560 1613 1588 Hinc
1635 1559 1848 1587 diminutivum
1871 1557 2021 1588 conivolus
2043 1557 2147 1585 occul-

205 1610 266 1635 tus,
299 1604 349 1642 qui
373 1605 450 1639 coit,
488 1612 544 1630 nec
567 1607 686 1640 apertus
710 1607 762 1631 est.
807 1603 890 1630 Unde
914 1612 968 1639 per
990 1602 1192 1640 metaphoram
1215 1601 1344 1631 conivoli
1366 1607 1394 1630 et
1417 1601 1544 1631 cohivoli
1566 1602 1628 1630 sive
1650 1600 1778 1630 coliiuuli
1800 1601 1943 1630 dicuntur
1966 1599 2052 1629 amici
2074 1609 2147 1628 con-

203 1646 317 1676 cordes.
339 1645 430 1674 Dac.
471 1643 595 1673 Occulta
619 1645 730 1673 oscula.
759 1644 863 1673 Goth.
906 1642 1047 1673 Conivola
1070 1650 1140 1672 sunt
1163 1644 1297 1681 coibula,
1329 1655 1344 1672 a
1368 1644 1539 1682 coneundo,
1562 1644 1581 1674 i.
1606 1654 1629 1673 e.
1653 1643 1798 1675 coeundo.

368 1693 564 1725 Clientam.
609 1696 703 1724 Plaut.
727 1696 757 1724 in
782 1695 865 1724 Milit.
892 1695 960 1731 (ΠΙ,
984 1695 1011 1731 Ι,
1038 1697 1136 1733 193.):

657 1744 763 1774 Habeo
786 1744 919 1775 eccillam
942 1757 1035 1774 meam
1058 1745 1210 1783 clientam‚
1238 1747 1413 1776 meretricem
1438 1743 1693 1776 adolescentulam.

206 1796 291 1826 Ant.
313 1797 408 1836 Aug.
453 1797 490 1826 Et
512 1797 542 1826 in
565 1802 729 1836 argument.
753 1797 884 1825 eiusdem
908 1797 1025 1825 fabulae
1049 1796 1141 1836 (13.):

660 1847 751 1876 Suam
776 1847 909 1877 clientum
933 1845 1154 1876 sollicitandum
1177 1846 1218 1877 ml
1240 1845 1359 1876 militem

660 1889 818 1920 Subornat.

211 1928 246 1957 Et
267 1929 296 1957 in
319 1931 437 1960 Poenul.
461 1931 516 1970 (V,
539 1935 573 1969 4,
598 1935 658 1971 7.>:

660 1992 695 1996 —
741 1991 781 1997 ·-
827 1982 924 2004 tantus
946 1973 1000 2003 tibi
1022 1973 1193 2004 clientarum
1217 1981 1277 2003 erat
1300 1985 1441 2003 numerus.

212 2011 312 2040 Horat.
335 2012 390 2041 Od.
409 2015 450 2050 11,
474 2018 525 2052 18,
550 2014 623 2057 (8.);

659 2059 722 2088 Nec
746 2058 897 2090 laconicus
917 2058 990 2089 mihi

710 2102 838 2131 Trahunt
861 2102 996 2132 honestae
1019 2113 1163 2142 purpuras
1186 2100 1316 2131 clientae.

214 2137 300 2167 Dac-
345 2137 451 2166 Notum
475 2144 534 2175 est,
559 2140 679 2172 Clientes
702 2154 764 2173 esse
787 2144 927 2182 cluentes,
959 2145 978 2173 i.
1000 2155 1023 2175 e.
1049 2144 1234 2181 obedientes,
1261 2144 1341 2172 dieto
1364 2141 1532 2180 audientes,
1556 2141 1674 2181 H'orige.
1721 2139 1834 2172 Clienta
1857 2145 1954 2170 autem
1976 2139 2147 2169 femininum

213 2180 391 2214 deductum,
421 2184 559 2218 tanquam
583 2183 701 2214 clientas
723 2187 751 2214 in
775 2197 828 2215 usu
852 2188 956 2223 suerit,
989 2187 1067 2225 quod
1092 2187 1249 2226 probabile
1271 2191 1324 2215 est.

378 2220 604 2251 comoediae.
647 2227 740 2256 Plaut.
762 2229 792 2256 in
815 2230 899 2258 Milit,
923 2230 983 2267 (ΙΙ,
1006 2233 1040 2265 2,
1063 2231 1148 2267 58.):
1186 2228 1265 2268 Euge
1294 2224 1541 2267 εὐσχημόνως
1566 2229 1669 2267 (euge,
1698 2238 1767 2266 euge
1787 2224 1934 2255 euscheme
1955 2225 2015 2264 al.)
2039 2221 2147 2253 Hercle

213 2264 333 2334 ῗδὶξίὶἙῖ
353 2271 379 2334 {1
401 2262 486 2334 {1¹⁴2oe
508 2263 620 2300 (dulice
642 2268 784 2306 δουλικῶς
805 2270 962 2309 serviliter,
991 2277 1024 2300 ut
1045 2272 1105 2302 Ian.
1128 2271 1286 2309 Gulielm.)
1314 2277 1341 2300 et
1363 2268 1536 2301 comoedice.
1563 2269 1652 2300 Ant.
1675 2269 1770 2309 Aug.
1814 2268 1891 2298 Vide
1920 2278 1995 2308 quae
2017 2277 2069 2306 ego
2092 2274 2145 2294 ¹¹0-

228 2316 274 2334 ενι
296 2317 311 2334 a
378 2328 385 2334 .
416 2328 422 2334 .

380 2346 571 2388 Capulum.
614 2350 700 2378 Ensis
722 2354 916 2383 manubrium.
960 2355 1061 2393 virgil.
1085 2355 1170 2394 (Aen.
1185 2356 1227 2391 Π,
1250 2356 1350 2393 553.):

664 2408 706 2413 —-
751 2393 788 2421 Et
811 2393 896 2424 lateri
918 2396 1024 2437 capulo
1047 2405 1127 2427 tenus
1148 2396 1264 2427 abdidit
1287 2409 1388 2428 ensem.
