2263 2668
540 106 631 140 ARS
657 106 721 140 DE
747 106 937 142 NOMINE
962 105 1030 139 ET
1054 104 1229 141 VERBO.
1289 106 1432 144 SEGM.
1459 109 1552 143 VIII.
1938 111 2013 147 347

68 201 147 234 dem
172 198 356 233 clausulam
381 196 507 232 habent
532 200 707 233 novissima
731 198 872 235 littera²6
896 200 1076 246 praesentis
1101 200 1261 245 temporis
1287 200 1321 233 in
1343 201 1356 234 i
1378 212 1554 245 conversa,
1583 214 1659 237 emo
1683 200 1792 246 emi2²‚
1819 203 1915 239 vinco
1934 206 2009 249 vici,

67 260 189 295 rumpo
214 250 307 295 rupi,
343 251 438 283 solvo
464 251 560 293 solvi,
594 252 684 285 cudo
708 254 802 295 cudi,
836 253 936 286 volvo
962 251 1061 286 volvi.

232 301 267 335 Ἰ.
319 302 357 334 111
383 303 414 335 si
439 303 602 346 syllabam
634 301 882 348 praeteritum²⁸
913 303 1044 337 mittunt
1075 303 1194 344 verba,
1240 314 1327 345 quae
1357 303 1392 336 in
1424 305 1589 348 praesenti
1623 305 1670 338 do
1702 305 1756 338 vel
1788 317 1845 339 mo
1876 307 2010 351 syllabis

65 352 300 396 terminantur,
334 354 360 386 si
382 355 422 386 sit
448 359 562 387 natura
584 354 688 399 longa
715 356 913 400 penultima,
954 358 990 387 ut
1015 353 1098 386 ludo
1126 354 1207 394 lusi,
1242 354 1342 387 laedo
1364 356 1459 398 laesi,
1492 357 1578 390 cedo
1602 357 1701 399 cessi,
1736 357 1865 401 plaudo
1885 359 2008 403 plausi,

66 405 167 438 trudo
187 405 284 446 trusi,
310 404 394 438 rado
419 402 527 448 rasi²⁹,
553 406 648 438 illido
668 407 758 447 illisi,
787 407 890 439 allido
915 406 1012 445 allisi,
1040 416 1160 449 promo
1183 406 1350 451 prompsi,
1377 418 1472 439 sumo
1493 409 1630 453 sumpsi,
1659 409 1759 441 demo
1780 409 1927 453 dempsi,
1954 422 2006 443 re-

67 467 161 489 sumo
181 457 352 501 resumpsi.
404 457 449 489 Et
473 454 635 501 premo³⁰,
669 460 816 502 quamvis
843 463 995 502 correpta
1022 457 1061 489 sit
1087 457 1287 501 penultima,
1323 458 1356 489 in
1384 459 1523 491 eandem
1551 460 1711 503 syllabam
1740 461 1819 503 exit,
1854 467 1887 493 et
1913 462 2009 504 quie-

67 507 149 551 quid
176 519 217 541 ex
243 518 284 540 eo
311 508 539 551 componitur,
573 513 608 541 ut
633 521 752 554 premo
778 511 901 555 pressi,
935 509 1084 553 exprimo
1110 509 1271 552 expressi,
1308 510 1494 553 comprimo
1516 511 1706 555 compressi.
1759 512 1805 543 Et
1830 509 1949 554 (1113031
1975 513 2008 546 111

68 558 128 599 bo,
172 559 225 592 vel
251 559 283 591 in
303 569 354 603 po
380 559 522 602 syllabas
556 560 723 603 desinunt,
771 561 982 605 praeteritum
1016 560 1163 592 similiter
1190 559 1221 592 in
1248 560 1278 593 si
1303 561 1463 604 syllabam
1497 563 1643 601 mittunt,
1685 566 1720 594 ut
1747 562 1854 595 scribo
1881 564 2009 608 scripsi,

67 611 158 644 nubo
181 610 294 653 nupsi,
329 611 444 654 scalpo
465 611 603 655 scalpsi,
636 624 721 657 repo
743 613 849 657 repsi,
882 623 980 656 serpo
1001 611 1120 655 serpsi,
1160 612 1277 656 sculpo
1299 612 1421 656 sculpsi
1431 609 1464 646 ³².

1518 614 1652 646 Praeter
1677 613 1764 647 haec
1790 625 1899 657 pauca
1925 621 2008 658 sunt,

67 673 154 705 quae
180 672 247 694 non
282 659 436 694 eadem³³
462 664 666 697 extremitate
698 665 852 697 finiuntur
884 664 916 696 in
949 663 1129 708 praesenti,
1180 664 1394 707 praeteritum
1428 669 1537 696 tamen
1563 665 1595 697 in
1621 665 1651 698 εἰ
1677 665 1839 708 syllabam
1865 666 2008 708 mittunt,

67 724 192 757 spargo
215 713 336 756 sparsi,
378 725 496 758 mergo
518 717 634 756 mersi,
674 720 771 761 tergo
794 712 903 748 tersi³⁴

904 739 914 757 ,
947 715 1039 747 mitto
1064 714 1153 754 misi,
1190 726 1249 747 uro
1273 711 1379 757 ussi³5,
1418 721 1593 749 contemno
1618 717 1819 760 contempsi,
1854 718 2008 751 concutio

68 764 235 804 concussi,
262 775 345 809 gero
369 766 470 809 gessi3
507 771 539 798 et
565 767 590 799 si
616 778 682 810 qua
708 779 747 800 ex
775 768 820 800 eis
831 764 855 784 ³⁶
880 767 913 799 in
940 766 1158 810 compositam
1186 766 1329 811 figuram
1357 771 1531 801 transeunt.

232 815 268 850 8.
320 816 358 848 111
384 817 422 849 ,ri
446 817 607 860 syllabam
633 819 665 851 in
693 819 871 862 praeterito
899 818 1048 851 desinunt
1074 818 1193 858 verba,
1239 829 1325 861 quae
1351 818 1383 850 in
1410 818 1574 862 praesenti
1600 829 1649 863 go
1673 819 1801 862 syllaba
1826 819 2006 852 terminan-

67 870 137 907 tur,
177 871 214 899 ut
240 867 341 912 cingo
369 868 471 909 cinxi,
512 869 616 914 pingo
640 871 747 914 pinxi,
781 881 865 915 sugo
888 866 1001 910 suxi37,
1035 869 1153 913 affligo
1176 867 1322 910 afflixiffl,
1357 881 1466 914 pergo
1487 870 1632 913 perrexi,
1667 881 1750 914 rego
1774 870 1860 910 rexi,
1897 870 2005 915 diligo

67 917 185 960 dilexi,
222 918 373 963 intelligo
393 920 556 961 intellexi,
593 923 732 966 negligo
757 922 906 966 neglexi,
933 922 1026 965 {ingo
1046 921 1124 953 finxi
1135 917 1170 961 ³⁹,
1197 925 1278 965 tego
1303 922 1377 955 texi.

1024 973 1070 1005 Et
1096 972 1158 1004 alia
1185 978 1343 1015 quatuor,
1377 984 1463 1016 qnae
1490 984 1555 1005 non
1582 973 1613 1004 111
1639 973 1691 1012 xi,
1726 973 1784 1005 sed
1810 972 1843 1004 in
1869 973 1912 1018 gi
1937 974 2006 1017 syl-

67 967 291 1013 desinentiaffl‘,
326 982 412 1013 quae
438 971 470 1003 in
497 973 719 1016 superioribus
746 969 972 1006 notavimusfl.

66 1017 213 1053 labam⁴²
238 1021 368 1054 mittunt
394 1024 625 1067 praeteritum:
666 1029 768 1069 tango
789 1024 902 1069 tetigi,
942 1024 1062 1069 frango
1086 1024 1190 1069 fregi,
1229 1025 1310 1069 lego
1335 1024 1422 1068 legi,
1466 1035 1533 1069 ago
1556 1024 1621 1068 egi.

1032 1076 1094 1108 His
1119 1076 1224 1108 simile
1251 1081 1300 1108 est
1324 1076 1494 1120 impingo,
1530 1074 1623 1119 quod
1648 1075 1776 1120 impegi
1801 1075 1880 1107 facit
1905 1088 2007 1120 prae-

261 1125 397 1158 Praeter
423 1125 509 1160 haec
534 1127 568 1159 in
592 1128 631 1160 xi
655 1128 869 1172 praeteritum
895 1123 1069 1167 mittunt⁴⁴,
1110 1128 1186 1159 vivo
1206 1127 1287 1164 vixi.
1329 1138 1439 1170 coquo
1463 1124 1581 1169 coxi⁴³,
1616 1126 1730 1171 mingo
1753 1126 1867 1168 minxi,
1900 1127 2004 1162 illicio

68 1078 331 1117 componuntur,
366 1074 563 1118 simplicium
589 1076 731 1108 formam
758 1072 979 1119 sequuntur⁴³.

66 1124 210 1158 teritum.

1430 921 1647 965 Excipiuntur
1671 922 1732 953 tria
1757 921 1790 953 in
1816 921 1846 954 si
1873 920 2005 968 [1716]

1674 1024 1718 1056 Et
1744 1024 1770 1056 si
1796 1035 1862 1066 qua
1889 1035 1928 1057 ex
1955 1024 2007 1057 his

66 1174 175 1218 illexi,
208 1176 333 1220 aspicio
355 1177 483 1221 aspexi,
518 1178 617 1211 flecto
637 1179 730 1221 flexi,
764 1179 852 1213 duco
873 1179 968 1219 duxi,
1006 1178 1081 1211 dieo
1105 1176 1215 1219 dixiffl,
1242 1178 1330 1212 vello
1351 1180 1440 1220 vexi,
1467 1178 1565 1211 traho
1588 1179 1681 1210 traxi.

230 1226 264 1260 9.
318 1227 402 1261 Sunt
426 1229 540 1262 tertiae
561 1231 800 1275 coniugationis
821 1231 941 1271 verba,
968 1241 1054 1273 quae
1077 1231 1219 1274 primam
1240 1231 1402 1274 syllabam
1425 1231 1458 1263 in
1478 1230 1656 1274 praeterito
1678 1229 1851 1273 duplicant
1861 1225 1896 1269 ⁴⁷,
1918 1240 2004 1272 quae

67 1277 178 1309 omnia
204 1278 351 1312 subiecta
377 1284 465 1313 sunt:
506 1279 634 1324 pelloffl
655 1283 788 1326 pepuli,
828 1287 932 1327 tango
959 1282 1040 1326 tetig

65 1339 183 1374 pungo
205 1330 354 1375 pupugi,
388 1332 446 1364 sed
473 1337 506 1364 et
531 1334 634 1377 punxi
660 1334 798 1367 dicimus
808 1330 848 1373 ⁴⁹3

61 1437 177 1477 prendo
193 1437 239 1475 di,
261 1439 373 1468 mando
390 1439 433 1470 di.
447 1458 489 1463 —
511 1444 556 1479 23)
579 1443 648 1471 Tria
663 1445 755 1471 enim
770 1444 803 1471 ili
816 1454 862 1481 pr.
878 1443 913 1472 V.
942 1444 1013 1471 'Iria

67 1491 97 1508 n.
112 1483 144 1509 in
155 1485 317 1518 praeterito
334 1483 501 1512 admittunt
516 1495 544 1514 η.
563 1486 619 1513 Gu.
646 1502 688 1507 —
713 1490 758 1519 24)
781 1488 867 1514 Sicut
883 1488 1013 1514 Luca-5·

68 1524 126 1551 ait
150 1523 247 1551 Scidit
268 1531 294 1553 et
315 1527 346 1553 in
362 1526 477 1553 medias
494 1526 567 1556 nillil
583 1529 709 1567 amplius
726 1529 781 1557 Gu.
826 1530 877 1556 Sic
893 1530 1011 1558 Lucan.

68 1567 113 1593 ait
130 1565 226 1594 Scidit
247 1573 273 1594 et
294 1569 328 1595 in
347 1568 462 1596 medias
475 1570 555 1606 fecit
576 1571 636 1598 silai
653 1572 757 1598 littora
777 1577 873 1599 terras
890 1571 925 1600 V.
944 1572 1011 1601 Asc.

68 1608 99 1637 P.
117 1607 221 1645 Goth„
245 1610 300 1638 nisi
324 1611 405 1647 quod
427 1611 456 1639 in
471 1612 504 1641 V.
528 1613 586 1641 sibi
602 1614 683 1641 lutor
699 1619 831 1649 ‹iterra-5,-
861 1617 888 1642 et
910 1614 938 1642 in
956 1614 1011 1643 G0.

68 1650 159 1678 scidit
180 1656 205 1678 el
229 1652 304 1681 med.
317 1669 359 1674 —
373 1655 434 1681 sive
448 1654 504 1684 litt.
551 1656 646 1684 Locus
662 1656 772 1684 Lucani
790 1661 833 1685 est
850 1656 949 1684 Phars.
965 1656 1012 1691 111,

68 1695 117 1724 61.
138 1709 181 1714 -
203 1696 247 1727 25)
271 1694 324 1723 His
340 1695 422 1724 addit
437 1697 490 1724 Go.
507 1708 567 1725 emo
582 1700 654 1735 emi,
679 1699 769 1735 male,
792 1698 859 1736 quia
878 1700 1011 1737 perfecta

68 1745 124 1762 11113
141 1736 252 1773 syllaba
270 1737 405 1766 breviora
419 1739 516 1768 voluit
533 1740 694 1778 significare
707 1741 930 1771 Grammaticus.
956 1742 1011 1769 Ce-

68 1782 161 1806 terum
179 1780 268 1816 facio
284 1781 349 1816 feci
367 1791 423 1811 om.
441 1782 494 1810 Go.
522 1799 563 1804 —
590 1782 637 1823 26)
660 1783 777 1812 Eadem
793 1784 936 1812 clausula
951 1784 1011 1811 [ια-

68 1819 134 1847 beni
160 1823 368 1850 novissimam
393 1824 538 1852 litteram
566 1841 608 1847 ——
633 1837 818 1854 com-ersom
839 1827 894 1854 Gu.
925 1826 1011 1855 Male.

67 1863 217 1891 Sententia
239 1868 297 1891 est:
327 1865 445 1893 eandem
463 1878 529 1894 cum
544 1869 752 1905 superioribus
769 1869 956 1904 clausulam,
980 1868 1010 1896 h.

68 1914 95 1934 e.
111 1904 263 1942 disyllaba
279 1912 311 1934 ut
328 1909 405 1944 sint,
426 1909 534 1937 liabent
551 1910 638 1938 verba
654 1912 727 1939 llaec
743 1916 798 1940 cet.
811 1927 852 1932 —
873 1913 917 1948 27)
934 1912 1010 1938 Emo

68 1949 125 1975 emi
146 1947 247 1976 addita
270 1958 307 1976 ex
331 1950 386 1979 Gu.
417 1967 455 1972 -—
486 1955 530 1986 28)
559 1952 596 1980 Ιιι
616 1955 649 1981 Si
667 1954 865 1991 praeteritum
888 1954 1011 1980 mittunt

67 1990 218 2027 syllabam
242 1990 275 2018 V.
292 1991 356 2019 Asc.
371 1993 401 2020 P.
420 1993 524 2030 Goth„
548 1994 604 2022 nisi
630 1997 710 2034 quod
724 1998 752 2024 in
771 1995 859 2024 Goth.
883 1995 1010 2032 qslluhn,

67 2032 175 2061 Veram
196 2033 353 2061 lectionem
375 2036 520 2072 praestitit
536 2038 592 2064 Gu.
621 2054 663 2059 —
692 2041 735 2072 29)
759 2036 848 2065 Rada
868 2038 934 2064 rasi
954 2047 1010 2066 om.

68 2074 125 2105 Go.
148 2076 252 2103 Sumsi
264 2091 307 2096 —
319 2075 412 2104 demit·
427 2094 468 2099 —
482 2081 609 2106 resumsi
623 2081 677 2109 Go.
705 2081 738 2108 111
755 2081 809 2107 Gu.
828 2084 885 2107 est:
903 2089 1010 2116 promo

67 2118 110 2154 si,
138 2116 222 2146 demo
237 2116 364 2156 dempsi,
393 2130 477 2148 sumo
493 2123 610 2159 Sumpsi
629 2123 736 2151 omisso
754 2133 807 2149 rex.
834 2137 875 2142 -—
902 2123 946 2156 30)
969 2122 1010 2148 Et

61 2170 165 2198 premo
183 2162 281 2198 pre-rai
303 2163 442 2198 quamvis
458 2179 493 2184 —
512 2169 545 2190 ut
561 2166 690 2201 exprimo
708 2165 835 2202 expressi
850 2162 924 2191 nihil
942 2173 1009 2190 am-

66 2202 146 2241 plius
163 2204 218 2233 Gu.
239 2218 280 2224 ι-
301 2206 346 2236 31)
365 2205 449 2240 Quae
463 2205 648 2234 desideratur
664 2207 694 2234 in
711 2208 766 2234 Gu.
783 2221 825 2227 --
842 2208 886 2242 32)
906 2206 1007 2234 Exem-

66 2244 117 2284 pla
129 2243 189 2273 1100
204 2244 307 2273 ordine
322 2245 442 2275 exhibet
456 2247 513 2276 Gu.
533 2253 564 2274 ut
578 2249 674 2276 scribo
690 2251 733 2285 si,
757 2248 835 2275 nubo
850 2248 952 2286 scalpo
969 2249 1007 2284 si,

67 2296 135 2325 repo
156 2289 197 2323 ei,
225 2297 310 2325 serpo
332 2289 374 2325 ai,
402 2290 506 2327 sculpo
529 2291 565 2317 si.
590 2306 632 2311 —
659 2294 703 2325 33)
735 2291 819 2327 Quae
837 2291 957 2318 minime
977 2292 1009 2318 in

67 2328 170 2357 eadem
186 2330 242 2360 Gu.
273 2330 358 2367 Quae
370 2342 430 2359 non
442 2331 564 2359 eandem
579 2335 787 2360 extremitatem
795 2333 853 2371 fin.
870 2332 958 2361 Goth.
969 2348 1007 2354 —

67 2371 116 2409 84)
141 2372 238 2411 Ter-go
252 2375 324 2401 tersi
336 2373 418 2403 abest
432 2385 447 2403 11
463 2375 518 2404 00.
541 2391 583 2396 -
603 2378 647 2409 35)
675 2375 782 2404 Temno
798 2377 903 2413 tempsi
917 2375 1008 2404 inter-

1043 1282 1070 1322 i,
1114 1282 1196 1314 fallo
1224 1282 1347 1324 fefelli,
1390 1282 1503 1326 pendo
1531 1281 1696 1326 pependi,
1738 1280 1840 1313 tendo
1868 1281 2003 1322 tetendi,

888 1333 993 1366 tundo
1015 1333 1138 1375 tutudi,
1176 1334 1282 1367 caedo
1307 1334 1431 1377 cecidi,
1466 1333 1552 1368 cado
1577 1328 1728 1374 cecidiffl,
1761 1332 1856 1376 pario
1875 1332 2004 1377 peperi,

1054 1448 1170 1482 ponunt
1191 1443 1219 1472 h.
1234 1443 1254 1472 l.
1275 1443 1308 1473 V.
1325 1442 1391 1473 Asc.
1409 1444 1438 1472 P.
1467 1459 1509 1464 —
1535 1441 1581 1481 36)
1612 1442 1659 1469 Ex
1681 1441 1730 1468 his
1752 1441 1805 1469 Go.
1829 1441 1861 1469 V.
1883 1440 1950 1469 Asc.
1971 1443 2001 1470 Ρ,

1055 1487 1129 1514 Tum
1146 1488 1176 1514 in
1192 1497 1283 1524 comp.
1297 1486 1450 1522 sugerunt
1471 1487 1501 1512 in
1524 1485 1718 1522 cumpo-silam.
1732 1484 1872 1521 figuram
1889 1485 1944 1511 Gu.
1961 1500 2003 1506 —

1054 1532 1098 1562 37)
1115 1530 1197 1565 Sugo
1213 1530 1283 1555 susi
1299 1528 1397 1556 addita
1413 1538 1450 1556 ex
1467 1528 1521 1555 Gu.
1539 1527 1652 1555 V.'Asc.
1670 1543 1710 1547 —
1728 1530 1771 1559 35)
1786 1525 1912 1564 Adsiigo
1929 1525 2002 1565 adst.

1056 1571 1111 1599 Go.
1147 1572 1221 1598 Tum
1241 1571 1369 1607 Mgligo
1382 1570 1496 1608 neglexi
1513 1579 1568 1598 om.
1585 1569 1640 1596 Gu.
1657 1568 1689 1596 V.
1704 1568 1770 1596 Asc.
1793 1584 1835 1590 -—-
1856 1567 1901 1607 39)
1925 1569 2001 1607 Figo

1051 1614 1108 1651 fixi
1125 1614 1180 1641 Gu.
1198 1613 1230 1641 V.
1265 1613 1361 1650 1⁷¹&ng
1370 1613 1468 1650 finxi,
1491 1617 1556 1649 tego
1573 1611 1632 1637 texi
1646 1609 1752 1637 desunt
1766 1609 1796 1637 in
1813 1611 1868 1639 Go.
1892 1626 1933 1632 —-·
1955 1614 2002 1645 40)

1059 1656 1134 1683 Trza
1154 1657 1186 1682 m
1204 1666 1251 1693 go
1276 1654 1442 1682 desinentia
1467 1654 1498 1682 V.
1523 1655 1588 1681 Asc.
1619 1669 1661 1674 —
1688 1653 1732 1686 41)
1760 1653 1845 1689 Quae
1862 1654 2002 1690 saperius·

1055 1704 1154 1725 notan.
1172 1698 1227 1727 Gu.
1246 1713 1288 1719 —-
1309 1698 1356 1733 42)
1376 1695 1530 1734 syllabam
1545 1706 1599 1724 0111.
1617 1695 1672 1722 Go.
1686 1694 1719 1722 V.
1734 1694 1799 1722 Asc.
1822 1709 1863 1715 -—
1886 1695 1930 1729 43)
1949 1696 2003 1722 Se—

1055 1746 1166 1768 cuntur
1181 1741 1234 1768 Go.
1262 1740 1335 1767 Tum
1352 1740 1414 1766 IIiS
1428 1739 1541 1766 etiam
1556 1738 1655 1764 ,simile
1671 1742 1712 1763 esi
1728 1736 1785 1763 Gu.
1803 1751 1845 1757 —
1861 1736 1906 1769 44)
1923 1737 2000 1764 Mit-

1055 1789 1120 1811 tunt
1135 1783 1331 1820 praeteritum.
1347 1782 1400 1811 οο,
1445 1781 1481 1809 In
1497 1782 1534 1808 xi
1551 1778 1700 1818 quaedam
1712 1783 1810 1816 praet.
1823 1789 1861 1808 m.
1879 1779 1934 1809 Gu.
1958 1797 1998 1802 —-

1053 1825 1097 1863 45)
1131 1828 1258 1861 Quoquo
1285 1825 1366 1860 coxi,
1405 1825 1506 1861 mingo
1535 1823 1630 1849 mitari
1655 1822 1709 1849 Go.
1754 1820 1855 1858 Coquo
1879 1832 1902 1851 c,
1925 1824 1999 1850 meio

1054 1869 1147 1894 minxi
1166 1867 1196 1894 V.
1213 1867 1242 1895 P.
1279 1867 1383 1905 lilingo
1405 1867 1500 1893 minxi
1519 1864 1624 1892 desunt
1643 1864 1673 1892 in
1690 1864 1744 1892 Gu.
1784 1863 1892 1891 Itzlicio
1909 1865 1999 1893 inlixi

1054 1911 1107 1937 00.
1133 1909 1234 1936 llleeev
1249 1909 1304 1936 Gu.
1319 1925 1360 1930 —-
1375 1909 1421 1947 46)
1438 1909 1516 1936 Dico
1531 1906 1595 1934 clm·
1611 1917 1667 1936 om.
1686 1906 1743 1934 Gu.
1756 1905 1811 1934 οο.
1825 1906 1892 1935 Asc.
1918 1908 1997 1936 Con-

1054 1951 1140 1979 tralw
1164 1952 1244 1978 traxi
1258 1951 1312 1979 Gu.
1334 1967 1377 1973 —
1398 1949 1443 1988 47)
1468 1951 1554 1987 Quae
1570 1950 1675 1988 primu
1697 1948 1817 1986 syllaba
1838 1950 1871 1976 in
1886 1960 1919 1987 p.
1934 1950 1995 1978 du-

1047 1995 1168 2032 pla-iles
1182 1994 1235 2023 Go.
1265 2010 1299 2015 -
1327 1996 1371 2027 48)
1402 1993 1533 2031 Utpello
1551 2003 1618 2030 pep.
1639 1997 1732 2029 tango
1754 1996 1801 2020 tet.
1825 1991 1858 2020 V.
1877 1992 1944 2020 Asc.
1962 1993 1994 2023 P.

1060 2037 1095 2063 (sl
1119 2042 1210 2072 lango
1231 2036 1370 2074 tet.pello
1385 2046 1451 2074 pep.
1468 2034 1556 2063 Goth.
1592 2035 1691 2072 Tango
1709 2034 1808 2071 tetigi,
1827 2034 1908 2072 pello
1922 2036 1997 2073 puli

1052 2089 1099 2106 0111
1123 2084 1155 2106 ui
1170 2080 1224 2106 011.
1246 2095 1287 2100 —-
1308 2077 1353 2117 49)
1376 2078 1435 2106 Sed
1452 2079 1550 2116 punxi
1563 2076 1695 2104 dicimus
1711 2087 1766 2105 om.
1783 2081 1810 2103 et
1828 2078 1894 2107 Asc.
1927 2079 1997 2106 Pa-

1046 2122 1126 2159 pugi
1143 2122 1187 2148 vel
1196 2122 1295 2159 punxi
1312 2121 1368 2150 011.
1402 2120 1473 2148 Mihi
1487 2120 1545 2148 1100
1561 2130 1646 2148 omne
1660 2119 1820 2148 insiticium
1837 2129 1899 2148 esse
1913 2121 1995 2149 vide-

1051 2168 1101 2191 tur
1121 2168 1149 2191 et
1167 2174 1182 2191 a
1203 2163 1306 2192 seriori
1329 2173 1415 2192 manu
1438 2163 1580 2191 additum.
1607 2179 1645 2184 -
1677 2165 1719 2196 50)
1749 2160 1849 2189 'lando
1867 2162 1992 2195 totondi,

1050 2205 1140 2233 caedo
1157 2205 1269 2233 caecidi
1285 2206 1338 2234 Go.
1362 2206 1552 2244 Reliquorum
1569 2204 1703 2234 ordinem
1720 2204 1763 2232 sic
1775 2209 1906 2242 praestat
1920 2205 1992 2233 Gu.:

1050 2247 1278 2285 t11nd0tutud15‚
1307 2247 1376 2276 cedo
1394 2248 1439 2284 di,
1471 2247 1546 2276 cado
1564 2247 1673 2284 cecidi,
1702 2257 1777 2274 cano
1800 2247 1907 2281 cecini,
1931 2257 1991 2283 pa-

1051 2292 1096 2318 rio
1107 2292 1222 2330 peperi,
1252 2290 1334 2319 disco
1353 2290 1463 2327 didici,
1487 2301 1579 2329 posco
1591 2291 1733 2329 poposci,
1757 2299 1845 2316 curro
1862 2289 1990 2323 cucurri,

1045 2332 1124 2372 pedo
1140 2332 1261 2373 pepedi,
1287 2344 1382 2372 parco
1403 2335 1531 2372 peperci.
1575 2333 1683 2371 Recepi
1702 2341 1771 2369 ergo
1786 2329 1874 2357 caedo
1890 2328 1990 2363 cecidi,

1052 2375 1131 2414 quod
1146 2387 1161 2405 a
1177 2376 1299 2414 reliquis
1317 2377 1400 2405 libris
1416 2377 1506 2404 abest.
1542 2374 1621 2404 Pedo
1632 2373 1739 2412 pepedi
1753 2373 1859 2400 desunt
1872 2371 1902 2398 in
1918 2371 1968 2397 Go.

1483 2428 1588 2460 Xx*
