<?xml version="1.0" encoding="UTF-8"?>
<!DOCTYPE html PUBLIC "-//W3C//DTD XHTML 1.0 Transitional//EN"
    "http://www.w3.org/TR/xhtml1/DTD/xhtml1-transitional.dtd">
<html xmlns="http://www.w3.org/1999/xhtml" xml:lang="en" lang="en">
 <head>
  <title>
</title>
<meta http-equiv="Content-Type" content="text/html;charset=utf-8" />
  <meta name='ocr-system' content='tesseract 3.04.00' />
  <meta name='ocr-capabilities' content='ocr_page ocr_carea ocr_par ocr_line ocrx_word'/>
</head>
<body>
  <div class='ocr_page' id='page_1' title='image "./corpusgrammatico01linduoft_0291.png"; bbox 0 0 2263 2668; ppageno 0'>
   <div class='ocr_carea' id='block_1_1' title="bbox 857 127 1315 166">
    <p class='ocr_par' dir='ltr' id='par_1_1' title="bbox 857 127 1315 166">
     <span class='ocr_line' id='line_1_1' title="bbox 857 127 1315 166; baseline -0.004 0"><span class='ocrx_word' id='word_1_1' title='bbox 857 130 947 166; x_wconf 87' lang='lat' dir='ltr'>ARS</span> <span class='ocrx_word' id='word_1_2' title='bbox 975 127 1315 164; x_wconf 83' lang='lat' dir='ltr'>GRAMMATICA.</span> 
     </span>
    </p>
   </div>
   <div class='ocr_carea' id='block_1_2' title="bbox 1975 138 2050 174">
    <p class='ocr_par' dir='ltr' id='par_1_2' title="bbox 1975 138 2050 174">
     <span class='ocr_line' id='line_1_2' title="bbox 1975 138 2050 174; baseline 0.027 -2"><span class='ocrx_word' id='word_1_3' title='bbox 1975 138 2050 174; x_wconf 77' lang='lat'>275</span> 
     </span>
    </p>
   </div>
   <div class='ocr_carea' id='block_1_3' title="bbox 897 223 1251 259">
    <p class='ocr_par' dir='ltr' id='par_1_3' title="bbox 897 223 1251 259">
     <span class='ocr_line' id='line_1_3' title="bbox 897 223 1251 259; baseline -0.008 0"><span class='ocrx_word' id='word_1_4' title='bbox 897 225 962 259; x_wconf 81' lang='lat' dir='ltr'>De</span> <span class='ocrx_word' id='word_1_5' title='bbox 1001 223 1251 258; x_wconf 79' lang='lat' dir='ltr'><strong><em>Sententia.</em></strong></span> 
     </span>
    </p>
   </div>
   <div class='ocr_carea' id='block_1_4' title="bbox 257 299 2039 348">
    <p class='ocr_par' dir='ltr' id='par_1_4' title="bbox 257 299 2039 348">
     <span class='ocr_line' id='line_1_4' title="bbox 257 299 2039 348; baseline -0.002 -12"><span class='ocrx_word' id='word_1_6' title='bbox 257 303 316 337; x_wconf 89' lang='grc'>16.</span> <span class='ocrx_word' id='word_1_7' title='bbox 369 303 537 338; x_wconf 75' lang='lat' dir='ltr'>Sententia</span> <span class='ocrx_word' id='word_1_8' title='bbox 561 307 608 336; x_wconf 87' lang='lat' dir='ltr'>est</span> <span class='ocrx_word' id='word_1_9' title='bbox 633 302 734 336; x_wconf 91' lang='lat' dir='ltr'>dictio</span> <span class='ocrx_word' id='word_1_10' title='bbox 757 302 921 348; x_wconf 81' lang='lat' dir='ltr'>generalis</span> <span class='ocrx_word' id='word_1_11' title='bbox 950 300 993 333; x_wconf 88' lang='lat' dir='ltr'>ad</span> <span class='ocrx_word' id='word_1_12' title='bbox 1017 301 1103 333; x_wconf 81' lang='lat' dir='ltr'>vitae</span> <span class='ocrx_word' id='word_1_13' title='bbox 1126 299 1393 333; x_wconf 79' lang='lat' dir='ltr'><strong>emendationem</strong></span> <span class='ocrx_word' id='word_1_14' title='bbox 1416 301 1449 333; x_wconf 86' lang='lat' dir='ltr'>in</span> <span class='ocrx_word' id='word_1_15' title='bbox 1478 311 1654 335; x_wconf 89' lang='lat' dir='ltr'>commune</span> <span class='ocrx_word' id='word_1_16' title='bbox 1684 302 1850 347; x_wconf 84' lang='lat' dir='ltr'>pertinens</span> <span class='ocrx_word' id='word_1_17' title='bbox 1860 300 1894 345; x_wconf 77' lang='lat'>¹⁵,</span> <span class='ocrx_word' id='word_1_18' title='bbox 1922 306 2039 341; x_wconf 62' lang='lat' dir='ltr'>veluti:</span> 
     </span>
    </p>
   </div>
   <div class='ocr_carea' id='block_1_5' title="bbox 958 348 982 369">
    <p class='ocr_par' dir='ltr' id='par_1_5' title="bbox 958 348 982 369">
     <span class='ocr_line' id='line_1_5' title="bbox 958 348 982 369; baseline 0.042 -1"><span class='ocrx_word' id='word_1_19' title='bbox 958 348 982 369; x_wconf 76' lang='lat' dir='ltr'>iu</span> 
     </span>
    </p>
   </div>
   <div class='ocr_carea' id='block_1_6' title="bbox 93 354 949 400">
    <p class='ocr_par' dir='ltr' id='par_1_6' title="bbox 93 354 949 400">
     <span class='ocr_line' id='line_1_6' title="bbox 93 354 949 400; baseline -0.005 -12"><span class='ocrx_word' id='word_1_20' title='bbox 93 354 149 388; x_wconf 81' lang='lat' dir='ltr'>Ne</span> <span class='ocrx_word' id='word_1_21' title='bbox 170 354 255 400; x_wconf 79' lang='lat' dir='ltr'>quid</span> <span class='ocrx_word' id='word_1_22' title='bbox 278 356 388 389; x_wconf 75' lang='lat' dir='ltr'>nimis.</span> <span class='ocrx_word' id='word_1_23' title='bbox 443 354 558 388; x_wconf 81' lang='lat' dir='ltr'>Oratio</span> <span class='ocrx_word' id='word_1_24' title='bbox 581 366 688 387; x_wconf 88' lang='lat' dir='ltr'>sermo</span> <span class='ocrx_word' id='word_1_25' title='bbox 711 360 758 388; x_wconf 84' lang='lat' dir='ltr'>est</span> <span class='ocrx_word' id='word_1_26' title='bbox 781 358 949 388; x_wconf 60' lang='lat' dir='ltr'>contextus</span> 
     </span>
    </p>
   </div>
   <div class='ocr_carea' id='block_1_7' title="bbox 93 407 271 440">
    <p class='ocr_par' dir='ltr' id='par_1_7' title="bbox 93 407 271 440">
     <span class='ocr_line' id='line_1_7' title="bbox 93 407 271 440; baseline 0.006 -1"><span class='ocrx_word' id='word_1_27' title='bbox 93 407 158 439; x_wconf 86' lang='lat' dir='ltr'>oris</span> <span class='ocrx_word' id='word_1_28' title='bbox 178 407 271 440; x_wconf 83' lang='lat' dir='ltr'>ratio.</span> 
     </span>
    </p>
   </div>
   <div class='ocr_carea' id='block_1_8' title="bbox 93 456 1149 503">
    <p class='ocr_par' dir='ltr' id='par_1_8' title="bbox 93 456 1149 503">
     <span class='ocr_line' id='line_1_8' title="bbox 93 456 1149 503; baseline -0.001 -13"><span class='ocrx_word' id='word_1_29' title='bbox 93 458 249 502; x_wconf 81' lang='lat' dir='ltr'>apposito</span> <span class='ocrx_word' id='word_1_30' title='bbox 271 464 396 503; x_wconf 89' lang='lat' dir='ltr'>puncto</span> <span class='ocrx_word' id='word_1_31' title='bbox 418 464 495 491; x_wconf 81' lang='lat' dir='ltr'>nota</span> <span class='ocrx_word' id='word_1_32' title='bbox 516 457 598 490; x_wconf 82' lang='lat' dir='ltr'>finiti</span> <span class='ocrx_word' id='word_1_33' title='bbox 619 470 747 498; x_wconf 79' lang='lat' dir='ltr'>sensus,</span> <span class='ocrx_word' id='word_1_34' title='bbox 775 458 826 490; x_wconf 81' lang='lat' dir='ltr'>vel</span> <span class='ocrx_word' id='word_1_35' title='bbox 850 456 1023 501; x_wconf 75' lang='lat' dir='ltr'>pendentis</span> <span class='ocrx_word' id='word_1_36' title='bbox 1048 466 1149 489; x_wconf 86' lang='lat' dir='ltr'>mora.</span> 
     </span>
    </p>
   </div>
   <div class='ocr_carea' id='block_1_9' title="bbox 93 507 2034 605">
    <p class='ocr_par' dir='ltr' id='par_1_9' title="bbox 93 507 2034 605">
     <span class='ocr_line' id='line_1_9' title="bbox 93 507 1070 549; baseline -0.003 -7"><span class='ocrx_word' id='word_1_37' title='bbox 93 521 164 542; x_wconf 85' lang='lat' dir='ltr'>sum</span> <span class='ocrx_word' id='word_1_38' title='bbox 188 511 340 543; x_wconf 79' lang='lat' dir='ltr'><strong>terminat</strong></span> <span class='ocrx_word' id='word_1_39' title='bbox 365 515 397 542; x_wconf 86' lang='lat' dir='ltr'>et</span> <span class='ocrx_word' id='word_1_40' title='bbox 420 513 558 542; x_wconf 76' lang='lat' dir='ltr'>vocatur</span> <span class='ocrx_word' id='word_1_41' title='bbox 579 510 684 541; x_wconf 84' lang='lat' dir='ltr'>finalis</span> <span class='ocrx_word' id='word_1_42' title='bbox 708 522 726 542; x_wconf 91' lang='lat' dir='ltr'>a</span> <span class='ocrx_word' id='word_1_43' title='bbox 750 509 861 549; x_wconf 86' lang='lat' dir='ltr'>nobis,</span> <span class='ocrx_word' id='word_1_44' title='bbox 889 520 908 541; x_wconf 86' lang='lat' dir='ltr'>a</span> <span class='ocrx_word' id='word_1_45' title='bbox 932 507 1070 540; x_wconf 88' lang='lat' dir='ltr'>Graecis</span> 
     </span>
     <span class='ocr_line' id='line_1_10' title="bbox 645 557 2034 605; baseline 0.001 -12"><span class='ocrx_word' id='word_1_46' title='bbox 645 557 678 593; x_wconf 79' lang='lat'>²⁰.</span> <span class='ocrx_word' id='word_1_47' title='bbox 730 561 802 593; x_wconf 88' lang='lat' dir='ltr'>lmo</span> <span class='ocrx_word' id='word_1_48' title='bbox 818 560 967 604; x_wconf 88' lang='lat' dir='ltr'>ponitur,</span> <span class='ocrx_word' id='word_1_49' title='bbox 994 570 1069 592; x_wconf 87' lang='lat' dir='ltr'>cum</span> <span class='ocrx_word' id='word_1_50' title='bbox 1087 569 1181 590; x_wconf 85' lang='lat' dir='ltr'>mora</span> <span class='ocrx_word' id='word_1_51' title='bbox 1203 557 1352 590; x_wconf 85' lang='lat' dir='ltr'>lectionis</span> <span class='ocrx_word' id='word_1_52' title='bbox 1378 558 1596 602; x_wconf 82' lang='lat' dir='ltr'>interruptum</span> <span class='ocrx_word' id='word_1_53' title='bbox 1617 560 1770 592; x_wconf 80' lang='lat' dir='ltr'><strong>terminat</strong></span> <span class='ocrx_word' id='word_1_54' title='bbox 1786 566 1954 605; x_wconf 84' lang='lat' dir='ltr'>tenorem,</span> <span class='ocrx_word' id='word_1_55' title='bbox 1978 568 2034 597; x_wconf 84' lang='lat' dir='ltr'>aut</span> 
     </span>
    </p>
   </div>
   <div class='ocr_carea' id='block_1_10' title="bbox 92 557 626 609">
    <p class='ocr_par' dir='ltr' id='par_1_10' title="bbox 92 557 626 609">
     <span class='ocr_line' id='line_1_11' title="bbox 92 557 626 609; baseline 0.006 -16"><span class='ocrx_word' id='word_1_56' title='bbox 92 557 219 605; x_wconf 83' lang='lat' dir='ltr'>genti¹⁹</span> <span class='ocrx_word' id='word_1_57' title='bbox 241 561 314 602; x_wconf 86' lang='lat' dir='ltr'>dat,</span> <span class='ocrx_word' id='word_1_58' title='bbox 343 566 375 593; x_wconf 85' lang='lat' dir='ltr'>et</span> <span class='ocrx_word' id='word_1_59' title='bbox 400 560 520 593; x_wconf 88' lang='lat' dir='ltr'>dicitur</span> <span class='ocrx_word' id='word_1_60' title='bbox 537 561 626 609; x_wconf 80' lang='grc' dir='ltr'>μέση</span> 
     </span>
    </p>
   </div>
   <div class='ocr_carea' id='block_1_11' title="bbox 325 352 2038 450">
    <p class='ocr_par' dir='ltr' id='par_1_11' title="bbox 325 352 2038 450">
     <span class='ocr_line' id='line_1_12' title="bbox 1008 352 2038 400; baseline 0.007 -16"><span class='ocrx_word' id='word_1_61' title='bbox 1008 352 1050 384; x_wconf 89' lang='lat' dir='ltr'>ad</span> <span class='ocrx_word' id='word_1_62' title='bbox 1080 352 1263 385; x_wconf 78' lang='lat' dir='ltr'>clausulam</span> <span class='ocrx_word' id='word_1_63' title='bbox 1287 352 1439 390; x_wconf 88' lang='lat' dir='ltr'>tendens;</span> <span class='ocrx_word' id='word_1_64' title='bbox 1473 353 1561 385; x_wconf 87' lang='lat' dir='ltr'>unde</span> <span class='ocrx_word' id='word_1_65' title='bbox 1591 353 1679 386; x_wconf 83' lang='lat' dir='ltr'>(licta</span> <span class='ocrx_word' id='word_1_66' title='bbox 1709 360 1757 387; x_wconf 84' lang='lat' dir='ltr'>est</span> <span class='ocrx_word' id='word_1_67' title='bbox 1788 355 1911 396; x_wconf 78' lang='lat' dir='ltr'>oratio,</span> <span class='ocrx_word' id='word_1_68' title='bbox 1946 360 2038 400; x_wconf 80' lang='lat' dir='ltr'>quasi</span> 
     </span>
     <span class='ocr_line' id='line_1_13' title="bbox 325 404 1723 450; baseline -0.001 -10"><span class='ocrx_word' id='word_1_69' title='bbox 325 406 480 440; x_wconf 86' lang='lat' dir='ltr'>Clausula</span> <span class='ocrx_word' id='word_1_70' title='bbox 506 410 552 439; x_wconf 87' lang='lat' dir='ltr'>est</span> <span class='ocrx_word' id='word_1_71' title='bbox 575 407 772 450; x_wconf 77' lang='lat' dir='ltr'>compositio</span> <span class='ocrx_word' id='word_1_72' title='bbox 794 406 971 438; x_wconf 81' lang='lat' dir='ltr'>verborum</span> <span class='ocrx_word' id='word_1_73' title='bbox 995 404 1180 448; x_wconf 72' lang='lat' dir='ltr'>plausibilis</span> <span class='ocrx_word' id='word_1_74' title='bbox 1204 408 1385 436; x_wconf 80' lang='lat' dir='ltr'><strong>structurae</strong></span> <span class='ocrx_word' id='word_1_75' title='bbox 1423 404 1508 436; x_wconf 86' lang='lat' dir='ltr'>exitu</span> <span class='ocrx_word' id='word_1_76' title='bbox 1543 406 1723 438; x_wconf 86' lang='lat' dir='ltr'>terminata.</span> 
     </span>
    </p>
   </div>
   <div class='ocr_carea' id='block_1_12' title="bbox 1202 406 2037 499">
    <p class='ocr_par' dir='ltr' id='par_1_12' title="bbox 1202 406 2037 499">
     <span class='ocr_line' id='line_1_14' title="bbox 1777 406 2037 442; baseline 0.015 -4"><span class='ocrx_word' id='word_1_77' title='bbox 1777 406 1952 440; x_wconf 72' lang='lat' dir='ltr'>Dis-tinctio</span> <span class='ocrx_word' id='word_1_78' title='bbox 1989 415 2037 442; x_wconf 88' lang='lat' dir='ltr'>est</span> 
     </span>
     <span class='ocr_line' id='line_1_15' title="bbox 1202 450 2036 499; baseline 0.008 -13"><span class='ocrx_word' id='word_1_79' title='bbox 1202 450 1358 487; x_wconf 65' lang='lat' dir='ltr'>Tribus17</span> <span class='ocrx_word' id='word_1_80' title='bbox 1370 455 1453 488; x_wconf 87' lang='lat' dir='ltr'>locis</span> <span class='ocrx_word' id='word_1_81' title='bbox 1477 456 1621 499; x_wconf 89' lang='lat' dir='ltr'>ponitur.</span> <span class='ocrx_word' id='word_1_82' title='bbox 1675 457 1832 499; x_wconf 89' lang='lat' dir='ltr'>Summo,</span> <span class='ocrx_word' id='word_1_83' title='bbox 1860 469 1937 492; x_wconf 89' lang='lat' dir='ltr'>eum</span> <span class='ocrx_word' id='word_1_84' title='bbox 1961 472 2036 493; x_wconf 84' lang='lat' dir='ltr'>sen—</span> 
     </span>
    </p>
   </div>
   <div class='ocr_carea' id='block_1_13' title="bbox 1080 503 2035 553">
    <p class='ocr_par' dir='ltr' id='par_1_13' title="bbox 1080 503 2035 553">
     <span class='ocr_line' id='line_1_16' title="bbox 1080 503 2035 553; baseline 0.01 -18"><span class='ocrx_word' id='word_1_85' title='bbox 1080 503 1103 523; x_wconf 66' lang='lat'>13</span> <span class='ocrx_word' id='word_1_86' title='bbox 1321 505 1456 548; x_wconf 79' lang='lat' dir='ltr'>Medio,</span> <span class='ocrx_word' id='word_1_87' title='bbox 1485 518 1560 540; x_wconf 89' lang='lat' dir='ltr'>cum</span> <span class='ocrx_word' id='word_1_88' title='bbox 1589 508 1772 552; x_wconf 85' lang='lat' dir='ltr'>respirandi</span> <span class='ocrx_word' id='word_1_89' title='bbox 1797 511 1947 553; x_wconf 83' lang='lat' dir='ltr'>spacimn</span> <span class='ocrx_word' id='word_1_90' title='bbox 1981 512 2035 545; x_wconf 87' lang='lat' dir='ltr'>le-</span> 
     </span>
    </p>
   </div>
   <div class='ocr_carea' id='block_1_14' title="bbox 1126 506 1268 545">
    <p class='ocr_par' dir='ltr' id='par_1_14' title="bbox 1126 506 1268 545">
     <span class='ocr_line' id='line_1_17' title="bbox 1126 506 1268 545; baseline -0.007 -4"><span class='ocrx_word' id='word_1_91' title='bbox 1126 506 1268 545; x_wconf 76' lang='grc' dir='ltr'><strong><em>τέλειος.</em></strong></span> 
     </span>
    </p>
   </div>
   <div class='ocr_carea' id='block_1_15' title="bbox 93 605 1899 658">
    <p class='ocr_par' dir='ltr' id='par_1_15' title="bbox 93 605 1899 658">
     <span class='ocr_line' id='line_1_18' title="bbox 93 605 1899 658; baseline 0.001 -13"><span class='ocrx_word' id='word_1_92' title='bbox 93 612 184 645; x_wconf 89' lang='lat' dir='ltr'>aliud</span> <span class='ocrx_word' id='word_1_93' title='bbox 213 612 326 646; x_wconf 86' lang='lat' dir='ltr'>adhuc</span> <span class='ocrx_word' id='word_1_94' title='bbox 349 612 479 646; x_wconf 78' lang='lat' dir='ltr'>illatura</span> <span class='ocrx_word' id='word_1_95' title='bbox 504 612 676 658; x_wconf 78' lang='lat' dir='ltr'>suspendit</span> <span class='ocrx_word' id='word_1_96' title='bbox 693 608 737 653; x_wconf 81' lang='lat'>²¹,</span> <span class='ocrx_word' id='word_1_97' title='bbox 766 617 798 646; x_wconf 87' lang='lat' dir='ltr'>et</span> <span class='ocrx_word' id='word_1_98' title='bbox 819 617 956 645; x_wconf 87' lang='lat' dir='ltr'>vocatur</span> <span class='ocrx_word' id='word_1_99' title='bbox 978 622 997 643; x_wconf 91' lang='lat' dir='ltr'>a</span> <span class='ocrx_word' id='word_1_100' title='bbox 1020 605 1193 643; x_wconf 65' lang='lat' dir='ltr'>Graecis-²²</span> <span class='ocrx_word' id='word_1_101' title='bbox 1215 608 1471 657; x_wconf 76' lang='grc' dir='ltr'>ὑπεστιγμένη,</span> <span class='ocrx_word' id='word_1_102' title='bbox 1498 622 1517 642; x_wconf 87' lang='lat' dir='ltr'>a</span> <span class='ocrx_word' id='word_1_103' title='bbox 1541 611 1635 644; x_wconf 88' lang='lat' dir='ltr'>nobis</span> <span class='ocrx_word' id='word_1_104' title='bbox 1657 611 1899 647; x_wconf 79' lang='lat' dir='ltr'>subdistinctio.</span> 
     </span>
    </p>
   </div>
   <div class='ocr_carea' id='block_1_16' title="bbox 872 711 1253 747">
    <p class='ocr_par' dir='ltr' id='par_1_16' title="bbox 872 711 1253 747">
     <span class='ocr_line' id='line_1_19' title="bbox 872 711 1253 747; baseline -0.005 0"><span class='ocrx_word' id='word_1_105' title='bbox 872 715 936 747; x_wconf 83' lang='lat' dir='ltr'>Dc</span> <span class='ocrx_word' id='word_1_106' title='bbox 970 711 1253 747; x_wconf 78' lang='lat' dir='ltr'>Acccntibus.</span> 
     </span>
    </p>
   </div>
   <div class='ocr_carea' id='block_1_17' title="bbox 258 785 1942 836">
    <p class='ocr_par' dir='ltr' id='par_1_17' title="bbox 258 785 1942 836">
     <span class='ocr_line' id='line_1_20' title="bbox 258 785 1942 836; baseline 0.001 -13"><span class='ocrx_word' id='word_1_107' title='bbox 258 789 317 826; x_wconf 73' lang='lat'>17.</span> <span class='ocrx_word' id='word_1_108' title='bbox 369 790 536 825; x_wconf 84' lang='lat' dir='ltr'>Accentus</span> <span class='ocrx_word' id='word_1_109' title='bbox 560 795 652 832; x_wconf 84' lang='lat' dir='ltr'>sunt,</span> <span class='ocrx_word' id='word_1_110' title='bbox 679 791 735 835; x_wconf 88' lang='lat' dir='ltr'>qui</span> <span class='ocrx_word' id='word_1_111' title='bbox 758 791 888 824; x_wconf 84' lang='lat' dir='ltr'><strong>Graece</strong></span> <span class='ocrx_word' id='word_1_112' title='bbox 922 785 1155 836; x_wconf 72' lang='grc' dir='ltr'>προσῳδίαι23</span> <span class='ocrx_word' id='word_1_113' title='bbox 1182 789 1353 829; x_wconf 86' lang='lat' dir='ltr'>(licuntur,</span> <span class='ocrx_word' id='word_1_114' title='bbox 1389 792 1520 827; x_wconf 88' lang='lat' dir='ltr'>acutus,</span> <span class='ocrx_word' id='word_1_115' title='bbox 1550 791 1677 834; x_wconf 70' lang='lat' dir='ltr'>gravis,</span> <span class='ocrx_word' id='word_1_116' title='bbox 1705 789 1942 824; x_wconf 79' lang='lat' dir='ltr'>circumflexus.</span> 
     </span>
    </p>
   </div>
   <div class='ocr_carea' id='block_1_18' title="bbox 1995 793 2033 825">
    <p class='ocr_par' dir='ltr' id='par_1_18' title="bbox 1995 793 2033 825">
     <span class='ocr_line' id='line_1_21' title="bbox 1995 793 2033 825; baseline 0 0"><span class='ocrx_word' id='word_1_117' title='bbox 1995 793 2033 825; x_wconf 91' lang='lat' dir='ltr'>In</span> 
     </span>
    </p>
   </div>
   <div class='ocr_carea' id='block_1_19' title="bbox 85 839 2060 1657">
    <p class='ocr_par' dir='ltr' id='par_1_19' title="bbox 85 839 2060 1657">
     <span class='ocr_line' id='line_1_22' title="bbox 91 839 2033 886; baseline 0.002 -12"><span class='ocrx_word' id='word_1_118' title='bbox 91 841 182 874; x_wconf 84' lang='lat' dir='ltr'>omni</span> <span class='ocrx_word' id='word_1_119' title='bbox 203 847 298 886; x_wconf 87' lang='lat' dir='ltr'>parte</span> <span class='ocrx_word' id='word_1_120' title='bbox 325 843 478 875; x_wconf 84' lang='lat' dir='ltr'>orationis</span> <span class='ocrx_word' id='word_1_121' title='bbox 504 843 660 884; x_wconf 77' lang='lat' dir='ltr'>Latinae,</span> <span class='ocrx_word' id='word_1_122' title='bbox 688 844 766 876; x_wconf 85' lang='lat' dir='ltr'>item</span> <span class='ocrx_word' id='word_1_123' title='bbox 788 848 820 875; x_wconf 89' lang='lat' dir='ltr'>et</span> <span class='ocrx_word' id='word_1_124' title='bbox 841 843 992 876; x_wconf 82' lang='lat' dir='ltr'><strong>Graecae</strong></span> <span class='ocrx_word' id='word_1_125' title='bbox 1023 846 1078 873; x_wconf 83' lang='lat' dir='ltr'>aut</span> <span class='ocrx_word' id='word_1_126' title='bbox 1102 845 1236 874; x_wconf 77' lang='lat' dir='ltr'>acutum</span> <span class='ocrx_word' id='word_1_127' title='bbox 1269 844 1324 873; x_wconf 87' lang='lat' dir='ltr'>aut</span> <span class='ocrx_word' id='word_1_128' title='bbox 1347 839 1594 874; x_wconf 79' lang='lat' dir='ltr'>circumflexum</span> <span class='ocrx_word' id='word_1_129' title='bbox 1621 843 1701 886; x_wconf 90' lang='lat' dir='ltr'>poni</span> <span class='ocrx_word' id='word_1_130' title='bbox 1724 853 1858 875; x_wconf 84' lang='lat' dir='ltr'>necesse</span> <span class='ocrx_word' id='word_1_131' title='bbox 1881 847 1946 884; x_wconf 88' lang='lat' dir='ltr'>est,</span> <span class='ocrx_word' id='word_1_132' title='bbox 1970 855 2033 878; x_wconf 91' lang='lat' dir='ltr'>nec</span> 
     </span>
     <span class='ocr_line' id='line_1_23' title="bbox 90 892 2032 938; baseline 0.001 -13"><span class='ocrx_word' id='word_1_133' title='bbox 90 893 234 937; x_wconf 85' lang='lat' dir='ltr'>amplius</span> <span class='ocrx_word' id='word_1_134' title='bbox 260 905 360 937; x_wconf 88' lang='lat' dir='ltr'>quam</span> <span class='ocrx_word' id='word_1_135' title='bbox 392 906 509 935; x_wconf 89' lang='lat' dir='ltr'>unum,</span> <span class='ocrx_word' id='word_1_136' title='bbox 545 896 597 928; x_wconf 84' lang='lat' dir='ltr'>vel</span> <span class='ocrx_word' id='word_1_137' title='bbox 623 895 714 928; x_wconf 91' lang='lat' dir='ltr'>hunc</span> <span class='ocrx_word' id='word_1_138' title='bbox 738 895 792 927; x_wconf 85' lang='lat' dir='ltr'>vel</span> <span class='ocrx_word' id='word_1_139' title='bbox 816 894 919 927; x_wconf 89' lang='lat' dir='ltr'>illum.</span> <span class='ocrx_word' id='word_1_140' title='bbox 973 893 1058 926; x_wconf 88' lang='lat' dir='ltr'>Nam</span> <span class='ocrx_word' id='word_1_141' title='bbox 1091 893 1201 937; x_wconf 83' lang='lat' dir='ltr'>gravis</span> <span class='ocrx_word' id='word_1_142' title='bbox 1233 892 1266 923; x_wconf 91' lang='lat' dir='ltr'>in</span> <span class='ocrx_word' id='word_1_143' title='bbox 1295 892 1448 936; x_wconf 87' lang='lat' dir='ltr'>pluribus</span> <span class='ocrx_word' id='word_1_144' title='bbox 1472 893 1614 935; x_wconf 89' lang='lat' dir='ltr'>ponitur.</span> <span class='ocrx_word' id='word_1_145' title='bbox 1675 894 1800 926; x_wconf 87' lang='lat' dir='ltr'>Acutus</span> <span class='ocrx_word' id='word_1_146' title='bbox 1830 905 1906 927; x_wconf 90' lang='lat' dir='ltr'>cum</span> <span class='ocrx_word' id='word_1_147' title='bbox 1938 896 2032 938; x_wconf 87' lang='lat' dir='ltr'>apud</span> 
     </span>
     <span class='ocr_line' id='line_1_24' title="bbox 90 943 2032 989; baseline 0.001 -12"><span class='ocrx_word' id='word_1_148' title='bbox 90 943 241 978; x_wconf 73' lang='lat' dir='ltr'>Graecos</span> <span class='ocrx_word' id='word_1_149' title='bbox 262 946 323 978; x_wconf 86' lang='lat' dir='ltr'>tria</span> <span class='ocrx_word' id='word_1_150' title='bbox 340 946 423 979; x_wconf 91' lang='lat' dir='ltr'>·loca</span> <span class='ocrx_word' id='word_1_151' title='bbox 445 951 570 986; x_wconf 77' lang='lat' dir='ltr'>teneat,</span> <span class='ocrx_word' id='word_1_152' title='bbox 598 946 745 979; x_wconf 85' lang='lat' dir='ltr'>ultimam</span> <span class='ocrx_word' id='word_1_153' title='bbox 769 951 800 978; x_wconf 85' lang='lat' dir='ltr'>et</span> <span class='ocrx_word' id='word_1_154' title='bbox 830 947 858 979; x_wconf 86' lang='lat' dir='ltr'>ei</span> <span class='ocrx_word' id='word_1_155' title='bbox 882 946 1067 989; x_wconf 77' lang='lat' dir='ltr'>proximam</span> <span class='ocrx_word' id='word_1_156' title='bbox 1095 944 1258 987; x_wconf 79' lang='lat' dir='ltr'>syllabam</span> <span class='ocrx_word' id='word_1_157' title='bbox 1287 949 1319 976; x_wconf 91' lang='lat' dir='ltr'>et</span> <span class='ocrx_word' id='word_1_158' title='bbox 1350 943 1657 987; x_wconf 80' lang='lat' dir='ltr'>antepenultimam3</span> <span class='ocrx_word' id='word_1_159' title='bbox 1690 945 1781 988; x_wconf 88' lang='lat' dir='ltr'>apud</span> <span class='ocrx_word' id='word_1_160' title='bbox 1810 956 1870 978; x_wconf 87' lang='lat' dir='ltr'>nos</span> <span class='ocrx_word' id='word_1_161' title='bbox 1900 945 2032 979; x_wconf 86' lang='lat' dir='ltr'>duobus</span> 
     </span>
     <span class='ocr_line' id='line_1_25' title="bbox 89 993 2032 1041; baseline 0.001 -13"><span class='ocrx_word' id='word_1_162' title='bbox 89 993 250 1029; x_wconf 69' lang='lat' dir='ltr'>tantum²⁴</span> <span class='ocrx_word' id='word_1_163' title='bbox 271 997 352 1030; x_wconf 88' lang='lat' dir='ltr'>locis</span> <span class='ocrx_word' id='word_1_164' title='bbox 375 998 454 1041; x_wconf 87' lang='lat' dir='ltr'>poni</span> <span class='ocrx_word' id='word_1_165' title='bbox 477 994 633 1041; x_wconf 64' lang='lat' dir='ltr'>potest252</span> <span class='ocrx_word' id='word_1_166' title='bbox 671 1003 725 1030; x_wconf 84' lang='lat' dir='ltr'>aut</span> <span class='ocrx_word' id='word_1_167' title='bbox 747 998 780 1029; x_wconf 88' lang='lat' dir='ltr'>in</span> <span class='ocrx_word' id='word_1_168' title='bbox 803 997 985 1041; x_wconf 85' lang='lat' dir='ltr'>penultima</span> <span class='ocrx_word' id='word_1_169' title='bbox 1009 996 1152 1040; x_wconf 79' lang='lat' dir='ltr'>syllaba,</span> <span class='ocrx_word' id='word_1_170' title='bbox 1179 1000 1215 1028; x_wconf 89' lang='lat' dir='ltr'>ut</span> <span class='ocrx_word' id='word_1_171' title='bbox 1235 995 1459 1039; x_wconf 84' lang='lat' dir='ltr'>praelegistis;</span> <span class='ocrx_word' id='word_1_172' title='bbox 1495 1000 1551 1027; x_wconf 86' lang='lat' dir='ltr'>aut</span> <span class='ocrx_word' id='word_1_173' title='bbox 1576 995 1608 1027; x_wconf 88' lang='lat' dir='ltr'>in</span> <span class='ocrx_word' id='word_1_174' title='bbox 1637 1007 1691 1038; x_wconf 86' lang='lat' dir='ltr'>ea,</span> <span class='ocrx_word' id='word_1_175' title='bbox 1728 1008 1813 1039; x_wconf 90' lang='lat' dir='ltr'>quae</span> <span class='ocrx_word' id='word_1_176' title='bbox 1844 1008 1863 1028; x_wconf 87' lang='lat' dir='ltr'>a</span> <span class='ocrx_word' id='word_1_177' title='bbox 1891 997 1956 1030; x_wconf 80' lang='lat' dir='ltr'>fine</span> <span class='ocrx_word' id='word_1_178' title='bbox 1985 1002 2032 1030; x_wconf 82' lang='lat' dir='ltr'>est</span> 
     </span>
     <span class='ocr_line' id='line_1_26' title="bbox 89 1045 2030 1093; baseline 0.001 -14"><span class='ocrx_word' id='word_1_179' title='bbox 89 1047 202 1088; x_wconf 83' lang='lat' dir='ltr'>tertia,</span> <span class='ocrx_word' id='word_1_180' title='bbox 230 1053 265 1080; x_wconf 91' lang='lat' dir='ltr'>ut</span> <span class='ocrx_word' id='word_1_181' title='bbox 286 1045 553 1093; x_wconf 59' lang='lat' dir='ltr'>praelegiznusffi.</span> <span class='ocrx_word' id='word_1_182' title='bbox 608 1048 858 1089; x_wconf 78' lang='lat' dir='ltr'>Circumflexus,</span> <span class='ocrx_word' id='word_1_183' title='bbox 888 1049 912 1081; x_wconf 87' lang='lat' dir='ltr'>si</span> <span class='ocrx_word' id='word_1_184' title='bbox 939 1059 1015 1092; x_wconf 78' lang='lat' dir='ltr'>pars</span> <span class='ocrx_word' id='word_1_185' title='bbox 1038 1047 1193 1080; x_wconf 83' lang='lat' dir='ltr'>orationis</span> <span class='ocrx_word' id='word_1_186' title='bbox 1225 1047 1324 1079; x_wconf 84' lang='lat' dir='ltr'>trium</span> <span class='ocrx_word' id='word_1_187' title='bbox 1344 1052 1399 1079; x_wconf 90' lang='lat' dir='ltr'>aut</span> <span class='ocrx_word' id='word_1_188' title='bbox 1420 1047 1562 1090; x_wconf 85' lang='lat' dir='ltr'>amplius</span> <span class='ocrx_word' id='word_1_189' title='bbox 1590 1048 1686 1079; x_wconf 85' lang='lat' dir='ltr'>fuerit.</span> <span class='ocrx_word' id='word_1_190' title='bbox 1710 1048 1928 1091; x_wconf 82' lang='lat' dir='ltr'>syllabarum,</span> <span class='ocrx_word' id='word_1_191' title='bbox 1964 1060 2030 1081; x_wconf 87' lang='lat' dir='ltr'>non</span> 
     </span>
     <span class='ocr_line' id='line_1_27' title="bbox 89 1094 2030 1144; baseline 0.001 -14"><span class='ocrx_word' id='word_1_192' title='bbox 89 1098 149 1131; x_wconf 89' lang='lat' dir='ltr'>nisi</span> <span class='ocrx_word' id='word_1_193' title='bbox 172 1099 204 1131; x_wconf 93' lang='lat' dir='ltr'>in</span> <span class='ocrx_word' id='word_1_194' title='bbox 225 1100 408 1143; x_wconf 88' lang='lat' dir='ltr'>penultima</span> <span class='ocrx_word' id='word_1_195' title='bbox 429 1096 574 1133; x_wconf 82' lang='lat' dir='ltr'>locum²⁷</span> <span class='ocrx_word' id='word_1_196' title='bbox 596 1100 718 1144; x_wconf 82' lang='lat' dir='ltr'>poterit</span> <span class='ocrx_word' id='word_1_197' title='bbox 743 1100 901 1141; x_wconf 80' lang='lat' dir='ltr'>invenire,</span> <span class='ocrx_word' id='word_1_198' title='bbox 926 1104 961 1132; x_wconf 87' lang='lat' dir='ltr'>ut</span> <span class='ocrx_word' id='word_1_199' title='bbox 980 1098 1191 1143; x_wconf 72' lang='lat' dir='ltr'>perturbare,</span> <span class='ocrx_word' id='word_1_200' title='bbox 1220 1094 1383 1132; x_wconf 48' lang='lat' dir='ltr'>docerem.</span> <span class='ocrx_word' id='word_1_201' title='bbox 1436 1098 1693 1142; x_wconf 80' lang='lat' dir='ltr'>Monosyllabae</span> <span class='ocrx_word' id='word_1_202' title='bbox 1719 1110 1935 1143; x_wconf 88' lang='lat' dir='ltr'>quaecunque</span> <span class='ocrx_word' id='word_1_203' title='bbox 1963 1112 2030 1144; x_wconf 94' lang='lat' dir='ltr'>po—</span> 
     </span>
     <span class='ocr_line' id='line_1_28' title="bbox 89 1146 2029 1195; baseline 0.001 -14"><span class='ocrx_word' id='word_1_204' title='bbox 89 1149 204 1183; x_wconf 82' lang='lat' dir='ltr'>sitione</span> <span class='ocrx_word' id='word_1_205' title='bbox 227 1151 351 1195; x_wconf 81' lang='lat' dir='ltr'>longae</span> <span class='ocrx_word' id='word_1_206' title='bbox 375 1152 510 1194; x_wconf 87' lang='lat' dir='ltr'>fuerint,</span> <span class='ocrx_word' id='word_1_207' title='bbox 538 1157 671 1186; x_wconf 89' lang='lat' dir='ltr'>acutum</span> <span class='ocrx_word' id='word_1_208' title='bbox 692 1152 865 1184; x_wconf 85' lang='lat' dir='ltr'>habebunt</span> <span class='ocrx_word' id='word_1_209' title='bbox 892 1156 1082 1190; x_wconf 82' lang='lat' dir='ltr'>accentum,</span> <span class='ocrx_word' id='word_1_210' title='bbox 1114 1146 1185 1183; x_wconf 78' lang='lat' dir='ltr'>ut²⁹</span> <span class='ocrx_word' id='word_1_211' title='bbox 1215 1150 1290 1194; x_wconf 82' lang='lat' dir='ltr'>pix,</span> <span class='ocrx_word' id='word_1_212' title='bbox 1324 1149 1407 1192; x_wconf 79' lang='lat' dir='ltr'>nox,</span> <span class='ocrx_word' id='word_1_213' title='bbox 1443 1149 1515 1191; x_wconf 79' lang='lat' dir='ltr'>nix,</span> <span class='ocrx_word' id='word_1_214' title='bbox 1540 1149 1619 1191; x_wconf 76' lang='lat' dir='ltr'>mix,</span> <span class='ocrx_word' id='word_1_215' title='bbox 1651 1149 1737 1194; x_wconf 57' lang='lat' dir='ltr'>past,</span> <span class='ocrx_word' id='word_1_216' title='bbox 1764 1150 1829 1183; x_wconf 66' lang='lat' dir='ltr'>salx.</span> <span class='ocrx_word' id='word_1_217' title='bbox 1884 1151 2029 1191; x_wconf 82' lang='lat' dir='ltr'>Quando</span> 
     </span>
     <span class='ocr_line' id='line_1_29' title="bbox 88 1198 2060 1249; baseline 0.001 -16"><span class='ocrx_word' id='word_1_218' title='bbox 88 1206 203 1234; x_wconf 88' lang='lat' dir='ltr'>natura</span> <span class='ocrx_word' id='word_1_219' title='bbox 221 1202 345 1246; x_wconf 89' lang='lat' dir='ltr'>longae</span> <span class='ocrx_word' id='word_1_220' title='bbox 372 1208 480 1241; x_wconf 85' lang='lat' dir='ltr'>erunt,</span> <span class='ocrx_word' id='word_1_221' title='bbox 508 1203 722 1236; x_wconf 83' lang='lat' dir='ltr'>circumflexo</span> <span class='ocrx_word' id='word_1_222' title='bbox 748 1209 886 1236; x_wconf 89' lang='lat' dir='ltr'>accentu</span> <span class='ocrx_word' id='word_1_223' title='bbox 913 1202 1237 1246; x_wconf 85' lang='lat' dir='ltr'>pronunciabuntur,</span> <span class='ocrx_word' id='word_1_224' title='bbox 1271 1206 1306 1234; x_wconf 89' lang='lat' dir='ltr'>ut</span> <span class='ocrx_word' id='word_1_225' title='bbox 1328 1201 1405 1242; x_wconf 74' lang='lat' dir='ltr'>(los,</span> <span class='ocrx_word' id='word_1_226' title='bbox 1433 1201 1501 1243; x_wconf 71' lang='lat' dir='ltr'>res,</span> <span class='ocrx_word' id='word_1_227' title='bbox 1528 1201 1621 1245; x_wconf 72' lang='lat' dir='ltr'>spes,</span> <span class='ocrx_word' id='word_1_228' title='bbox 1652 1202 1741 1243; x_wconf 60' lang='lat' dir='ltr'>mes,</span> <span class='ocrx_word' id='word_1_229' title='bbox 1768 1198 1869 1237; x_wconf 67' lang='lat' dir='ltr'>fl6530.</span> <span class='ocrx_word' id='word_1_230' title='bbox 1899 1201 2028 1249; x_wconf 66' lang='lat'>[1943]</span> <span class='ocrx_word' id='word_1_231' title='bbox 2052 1223 2060 1228; x_wconf 77' lang='lat'><em>—</em></span> 
     </span>
     <span class='ocr_line' id='line_1_30' title="bbox 88 1252 2028 1299; baseline 0.001 -15"><span class='ocrx_word' id='word_1_232' title='bbox 88 1252 127 1284; x_wconf 90' lang='lat' dir='ltr'>In</span> <span class='ocrx_word' id='word_1_233' title='bbox 157 1253 360 1297; x_wconf 82' lang='lat' dir='ltr'>dissyllabis,</span> <span class='ocrx_word' id='word_1_234' title='bbox 387 1254 412 1286; x_wconf 86' lang='lat' dir='ltr'>si</span> <span class='ocrx_word' id='word_1_235' title='bbox 441 1255 534 1298; x_wconf 85' lang='lat' dir='ltr'>prior</span> <span class='ocrx_word' id='word_1_236' title='bbox 562 1259 677 1287; x_wconf 85' lang='lat' dir='ltr'>natura</span> <span class='ocrx_word' id='word_1_237' title='bbox 699 1256 802 1299; x_wconf 84' lang='lat' dir='ltr'>longa</span> <span class='ocrx_word' id='word_1_238' title='bbox 826 1255 886 1287; x_wconf 84' lang='lat' dir='ltr'>erit</span> <span class='ocrx_word' id='word_1_239' title='bbox 900 1252 936 1295; x_wconf 78' lang='lat'>³¹,</span> <span class='ocrx_word' id='word_1_240' title='bbox 972 1260 1004 1286; x_wconf 86' lang='lat' dir='ltr'>et</span> <span class='ocrx_word' id='word_1_241' title='bbox 1030 1254 1194 1298; x_wconf 78' lang='lat' dir='ltr'>posterior</span> <span class='ocrx_word' id='word_1_242' title='bbox 1227 1258 1398 1297; x_wconf 86' lang='lat' dir='ltr'>correpta,</span> <span class='ocrx_word' id='word_1_243' title='bbox 1432 1254 1524 1297; x_wconf 91' lang='lat' dir='ltr'>prior</span> <span class='ocrx_word' id='word_1_244' title='bbox 1549 1253 1833 1293; x_wconf 87' lang='lat' dir='ltr'>circumflectitur,</span> <span class='ocrx_word' id='word_1_245' title='bbox 1869 1259 1902 1286; x_wconf 94' lang='lat' dir='ltr'>ut</span> <span class='ocrx_word' id='word_1_246' title='bbox 1932 1253 2028 1297; x_wconf 65' lang='lat' dir='ltr'>hera,</span> 
     </span>
     <span class='ocr_line' id='line_1_31' title="bbox 87 1300 2027 1350; baseline 0.002 -15"><span class='ocrx_word' id='word_1_247' title='bbox 87 1303 208 1337; x_wconf 75' lang='lat' dir='ltr'>Roina.</span> <span class='ocrx_word' id='word_1_248' title='bbox 261 1305 298 1338; x_wconf 88' lang='lat' dir='ltr'>Si</span> <span class='ocrx_word' id='word_1_249' title='bbox 320 1306 486 1349; x_wconf 81' lang='lat' dir='ltr'>posterior</span> <span class='ocrx_word' id='word_1_250' title='bbox 512 1306 678 1349; x_wconf 84' lang='lat' dir='ltr'>producta</span> <span class='ocrx_word' id='word_1_251' title='bbox 699 1307 757 1345; x_wconf 76' lang='lat' dir='ltr'>sit,</span> <span class='ocrx_word' id='word_1_252' title='bbox 783 1306 891 1350; x_wconf 84' lang='lat' dir='ltr'>prior,</span> <span class='ocrx_word' id='word_1_253' title='bbox 919 1317 974 1338; x_wconf 84' lang='lat' dir='ltr'>seu</span> <span class='ocrx_word' id='word_1_254' title='bbox 996 1306 1099 1350; x_wconf 84' lang='lat' dir='ltr'>longa</span> <span class='ocrx_word' id='word_1_255' title='bbox 1120 1316 1176 1337; x_wconf 72' lang='lat' dir='ltr'>seu</span> <span class='ocrx_word' id='word_1_256' title='bbox 1200 1305 1309 1337; x_wconf 82' lang='lat' dir='ltr'>brevis</span> <span class='ocrx_word' id='word_1_257' title='bbox 1331 1305 1370 1337; x_wconf 79' lang='lat' dir='ltr'>sit</span> <span class='ocrx_word' id='word_1_258' title='bbox 1385 1300 1420 1345; x_wconf 81' lang='lat'>3²,</span> <span class='ocrx_word' id='word_1_259' title='bbox 1449 1309 1584 1338; x_wconf 82' lang='lat' dir='ltr'>acuatur</span> <span class='ocrx_word' id='word_1_260' title='bbox 1608 1316 1739 1338; x_wconf 77' lang='lat' dir='ltr'>necesse</span> <span class='ocrx_word' id='word_1_261' title='bbox 1763 1309 1827 1344; x_wconf 83' lang='lat' dir='ltr'>est,</span> <span class='ocrx_word' id='word_1_262' title='bbox 1864 1309 1900 1337; x_wconf 89' lang='lat' dir='ltr'>ut</span> <span class='ocrx_word' id='word_1_263' title='bbox 1922 1305 2027 1349; x_wconf 69' lang='lat' dir='ltr'>leges,</span> 
     </span>
     <span class='ocr_line' id='line_1_32' title="bbox 87 1354 2027 1401; baseline 0.001 -14"><span class='ocrx_word' id='word_1_264' title='bbox 87 1354 186 1388; x_wconf 79' lang='lat' dir='ltr'>salus.</span> <span class='ocrx_word' id='word_1_265' title='bbox 239 1356 285 1388; x_wconf 85' lang='lat' dir='ltr'>Et</span> <span class='ocrx_word' id='word_1_266' title='bbox 308 1357 333 1388; x_wconf 82' lang='lat' dir='ltr'>si</span> <span class='ocrx_word' id='word_1_267' title='bbox 357 1358 475 1390; x_wconf 86' lang='lat' dir='ltr'>ambae</span> <span class='ocrx_word' id='word_1_268' title='bbox 497 1357 612 1390; x_wconf 87' lang='lat' dir='ltr'>breves</span> <span class='ocrx_word' id='word_1_269' title='bbox 629 1354 736 1397; x_wconf 74' lang='lat' dir='ltr'>sint33,</span> <span class='ocrx_word' id='word_1_270' title='bbox 765 1363 901 1391; x_wconf 78' lang='lat' dir='ltr'>acuetur</span> <span class='ocrx_word' id='word_1_271' title='bbox 926 1358 1037 1401; x_wconf 85' lang='lat' dir='ltr'>prior,</span> <span class='ocrx_word' id='word_1_272' title='bbox 1058 1361 1095 1389; x_wconf 87' lang='lat' dir='ltr'>ut</span> <span class='ocrx_word' id='word_1_273' title='bbox 1118 1356 1219 1397; x_wconf 75' lang='lat' dir='ltr'>deus,</span> <span class='ocrx_word' id='word_1_274' title='bbox 1247 1355 1362 1388; x_wconf 77' lang='lat' dir='ltr'>homo.</span> <span class='ocrx_word' id='word_1_275' title='bbox 1414 1356 1453 1388; x_wconf 87' lang='lat' dir='ltr'>In</span> <span class='ocrx_word' id='word_1_276' title='bbox 1474 1356 1665 1399; x_wconf 78' lang='lat' dir='ltr'>trisyllabis,</span> <span class='ocrx_word' id='word_1_277' title='bbox 1692 1361 1747 1388; x_wconf 89' lang='lat' dir='ltr'>aut</span> <span class='ocrx_word' id='word_1_278' title='bbox 1771 1356 1820 1388; x_wconf 90' lang='lat' dir='ltr'>his</span> <span class='ocrx_word' id='word_1_279' title='bbox 1843 1367 1928 1398; x_wconf 79' lang='lat' dir='ltr'>quae</span> <span class='ocrx_word' id='word_1_280' title='bbox 1949 1358 2027 1400; x_wconf 87' lang='lat' dir='ltr'>plu-</span> 
     </span>
     <span class='ocr_line' id='line_1_33' title="bbox 86 1407 2027 1453; baseline 0.001 -15"><span class='ocrx_word' id='word_1_281' title='bbox 86 1418 138 1438; x_wconf 88' lang='lat' dir='ltr'>res</span> <span class='ocrx_word' id='word_1_282' title='bbox 158 1407 301 1451; x_wconf 83' lang='lat' dir='ltr'>syllabas</span> <span class='ocrx_word' id='word_1_283' title='bbox 322 1407 467 1448; x_wconf 83' lang='lat' dir='ltr'>habent,</span> <span class='ocrx_word' id='word_1_284' title='bbox 495 1409 519 1441; x_wconf 78' lang='lat' dir='ltr'>si</span> <span class='ocrx_word' id='word_1_285' title='bbox 544 1410 727 1453; x_wconf 82' lang='lat' dir='ltr'>penultima</span> <span class='ocrx_word' id='word_1_286' title='bbox 753 1409 861 1441; x_wconf 79' lang='lat' dir='ltr'>brevis</span> <span class='ocrx_word' id='word_1_287' title='bbox 891 1409 1006 1448; x_wconf 82' lang='lat' dir='ltr'>fuerit,</span> <span class='ocrx_word' id='word_1_288' title='bbox 1045 1420 1131 1452; x_wconf 87' lang='lat' dir='ltr'>quae</span> <span class='ocrx_word' id='word_1_289' title='bbox 1154 1419 1226 1440; x_wconf 88' lang='lat' dir='ltr'>eam</span> <span class='ocrx_word' id='word_1_290' title='bbox 1254 1407 1436 1451; x_wconf 85' lang='lat' dir='ltr'>praecedit,</span> <span class='ocrx_word' id='word_1_291' title='bbox 1461 1414 1613 1448; x_wconf 85' lang='lat' dir='ltr'>acuetur,</span> <span class='ocrx_word' id='word_1_292' title='bbox 1640 1412 1674 1440; x_wconf 89' lang='lat' dir='ltr'>ut</span> <span class='ocrx_word' id='word_1_293' title='bbox 1704 1407 1851 1445; x_wconf 60' lang='lat' dir='ltr'>Tutilius.</span> <span class='ocrx_word' id='word_1_294' title='bbox 1878 1407 2027 1441; x_wconf 71' lang='lat' dir='ltr'>Horten-</span> 
     </span>
     <span class='ocr_line' id='line_1_34' title="bbox 87 1457 2027 1505; baseline 0.001 -15"><span class='ocrx_word' id='word_1_295' title='bbox 87 1457 161 1491; x_wconf 88' lang='lat' dir='ltr'>sius.</span> <span class='ocrx_word' id='word_1_296' title='bbox 212 1458 343 1492; x_wconf 88' lang='lat' dir='ltr'>Deinde</span> <span class='ocrx_word' id='word_1_297' title='bbox 367 1460 393 1492; x_wconf 86' lang='lat' dir='ltr'>si</span> <span class='ocrx_word' id='word_1_298' title='bbox 413 1461 596 1504; x_wconf 89' lang='lat' dir='ltr'>penultima</span> <span class='ocrx_word' id='word_1_299' title='bbox 616 1461 780 1505; x_wconf 85' lang='lat' dir='ltr'>positione</span> <span class='ocrx_word' id='word_1_300' title='bbox 801 1461 905 1505; x_wconf 84' lang='lat' dir='ltr'>longa</span> <span class='ocrx_word' id='word_1_301' title='bbox 926 1461 1041 1500; x_wconf 83' lang='lat' dir='ltr'>fuerit,</span> <span class='ocrx_word' id='word_1_302' title='bbox 1068 1460 1138 1503; x_wconf 77' lang='lat' dir='ltr'>ipsa</span> <span class='ocrx_word' id='word_1_303' title='bbox 1160 1459 1265 1492; x_wconf 87' lang='lat' dir='ltr'>habet</span> <span class='ocrx_word' id='word_1_304' title='bbox 1286 1465 1419 1493; x_wconf 82' lang='lat' dir='ltr'>acutum</span> <span class='ocrx_word' id='word_1_305' title='bbox 1441 1465 1631 1501; x_wconf 85' lang='lat' dir='ltr'>accentum,</span> <span class='ocrx_word' id='word_1_306' title='bbox 1660 1459 1914 1502; x_wconf 83' lang='lat' dir='ltr'>praecedentem</span> <span class='ocrx_word' id='word_1_307' title='bbox 1941 1460 2027 1491; x_wconf 88' lang='lat' dir='ltr'>enim</span> 
     </span>
     <span class='ocr_line' id='line_1_35' title="bbox 86 1508 2027 1555; baseline 0.001 -14"><span class='ocrx_word' id='word_1_308' title='bbox 86 1520 224 1553; x_wconf 80' lang='lat' dir='ltr'>gravem</span> <span class='ocrx_word' id='word_1_309' title='bbox 246 1510 342 1552; x_wconf 88' lang='lat' dir='ltr'>facit,</span> <span class='ocrx_word' id='word_1_310' title='bbox 369 1516 405 1544; x_wconf 87' lang='lat' dir='ltr'>ut</span> <span class='ocrx_word' id='word_1_311' title='bbox 424 1511 596 1550; x_wconf 73' lang='lat' dir='ltr'>Metellus,</span> <span class='ocrx_word' id='word_1_312' title='bbox 627 1511 792 1550; x_wconf 73' lang='lat' dir='ltr'>Catullus.</span> <span class='ocrx_word' id='word_1_313' title='bbox 821 1511 981 1545; x_wconf 87' lang='lat' dir='ltr'>Camillus</span> <span class='ocrx_word' id='word_1_314' title='bbox 993 1508 1028 1547; x_wconf 61' lang='lat'>³³.</span> <span class='ocrx_word' id='word_1_315' title='bbox 1082 1512 1118 1543; x_wconf 82' lang='lat' dir='ltr'>Si</span> <span class='ocrx_word' id='word_1_316' title='bbox 1138 1511 1324 1555; x_wconf 89' lang='lat' dir='ltr'>penultima</span> <span class='ocrx_word' id='word_1_317' title='bbox 1353 1511 1542 1543; x_wconf 80' lang='lat' dir='ltr'>naturaliter</span> <span class='ocrx_word' id='word_1_318' title='bbox 1571 1509 1738 1554; x_wconf 84' lang='lat' dir='ltr'>producta</span> <span class='ocrx_word' id='word_1_319' title='bbox 1767 1509 1880 1549; x_wconf 85' lang='lat' dir='ltr'>fuerit,</span> <span class='ocrx_word' id='word_1_320' title='bbox 1915 1510 1958 1542; x_wconf 88' lang='lat' dir='ltr'>ita</span> <span class='ocrx_word' id='word_1_321' title='bbox 1992 1515 2027 1542; x_wconf 86' lang='lat' dir='ltr'>ut</span> 
     </span>
     <span class='ocr_line' id='line_1_36' title="bbox 86 1561 2025 1608; baseline 0 -15"><span class='ocrx_word' id='word_1_322' title='bbox 86 1561 202 1594; x_wconf 82' lang='lat' dir='ltr'>ultima</span> <span class='ocrx_word' id='word_1_323' title='bbox 218 1562 325 1595; x_wconf 74' lang='lat' dir='ltr'>brevis</span> <span class='ocrx_word' id='word_1_324' title='bbox 351 1563 407 1604; x_wconf 87' lang='lat' dir='ltr'>sit,</span> <span class='ocrx_word' id='word_1_325' title='bbox 433 1564 651 1608; x_wconf 85' lang='lat' dir='ltr'>penultimam</span> <span class='ocrx_word' id='word_1_326' title='bbox 678 1564 984 1604; x_wconf 82' lang='lat' dir='ltr'>circumflectimus,</span> <span class='ocrx_word' id='word_1_327' title='bbox 1012 1567 1049 1596; x_wconf 87' lang='lat' dir='ltr'>ut</span> <span class='ocrx_word' id='word_1_328' title='bbox 1075 1563 1267 1607; x_wconf 60' lang='lat' dir='ltr'>Cethegus,</span> <span class='ocrx_word' id='word_1_329' title='bbox 1296 1563 1473 1595; x_wconf 75' lang='lat' dir='ltr'>Romanus.</span> <span class='ocrx_word' id='word_1_330' title='bbox 1525 1561 1561 1594; x_wconf 91' lang='lat' dir='ltr'>Si</span> <span class='ocrx_word' id='word_1_331' title='bbox 1587 1572 1666 1592; x_wconf 77' lang='lat' dir='ltr'>vero</span> <span class='ocrx_word' id='word_1_332' title='bbox 1689 1561 1792 1605; x_wconf 81' lang='lat' dir='ltr'>longa</span> <span class='ocrx_word' id='word_1_333' title='bbox 1816 1561 1876 1592; x_wconf 87' lang='lat' dir='ltr'>erit</span> <span class='ocrx_word' id='word_1_334' title='bbox 1898 1561 2025 1602; x_wconf 90' lang='lat' dir='ltr'>ultima,</span> 
     </span>
     <span class='ocr_line' id='line_1_37' title="bbox 85 1610 2025 1657; baseline 0.001 -13"><span class='ocrx_word' id='word_1_335' title='bbox 85 1613 290 1656; x_wconf 86' lang='lat' dir='ltr'>penultimae</span> <span class='ocrx_word' id='word_1_336' title='bbox 323 1619 455 1648; x_wconf 87' lang='lat' dir='ltr'>acutum</span> <span class='ocrx_word' id='word_1_337' title='bbox 486 1615 639 1649; x_wconf 89' lang='lat' dir='ltr'>dabimus</span> <span class='ocrx_word' id='word_1_338' title='bbox 670 1621 859 1657; x_wconf 81' lang='lat' dir='ltr'>accentum,</span> <span class='ocrx_word' id='word_1_339' title='bbox 885 1621 920 1649; x_wconf 90' lang='lat' dir='ltr'>ut</span> <span class='ocrx_word' id='word_1_340' title='bbox 944 1614 1116 1657; x_wconf 69' lang='lat' dir='ltr'>Athenae,</span> <span class='ocrx_word' id='word_1_341' title='bbox 1145 1610 1332 1646; x_wconf 72' lang='lat' dir='ltr'>Fi‹1‹²nae³³.</span> <span class='ocrx_word' id='word_1_342' title='bbox 1387 1613 1517 1646; x_wconf 84' lang='lat' dir='ltr'>Graeca</span> <span class='ocrx_word' id='word_1_343' title='bbox 1545 1612 1694 1651; x_wconf 85' lang='lat' dir='ltr'>nomina,</span> <span class='ocrx_word' id='word_1_344' title='bbox 1724 1612 1748 1644; x_wconf 86' lang='lat' dir='ltr'>si</span> <span class='ocrx_word' id='word_1_345' title='bbox 1779 1611 1894 1644; x_wconf 88' lang='lat' dir='ltr'>iisdem</span> <span class='ocrx_word' id='word_1_346' title='bbox 1926 1613 2025 1645; x_wconf 86' lang='lat' dir='ltr'>literis</span> 
     </span>
    </p>
   </div>
   <div class='ocr_carea' id='block_1_20' title="bbox 84 1659 2025 1708">
    <p class='ocr_par' dir='ltr' id='par_1_20' title="bbox 84 1659 2025 1708">
     <span class='ocr_line' id='line_1_38' title="bbox 84 1659 2025 1708; baseline 0 -12"><span class='ocrx_word' id='word_1_347' title='bbox 84 1665 316 1708; x_wconf 86' lang='lat' dir='ltr'>proferuntur,</span> <span class='ocrx_word' id='word_1_348' title='bbox 345 1666 495 1701; x_wconf 88' lang='lat' dir='ltr'>Graecos</span> <span class='ocrx_word' id='word_1_349' title='bbox 523 1672 676 1701; x_wconf 86' lang='lat' dir='ltr'>accentus</span> <span class='ocrx_word' id='word_1_350' title='bbox 705 1667 894 1708; x_wconf 87' lang='lat' dir='ltr'>habebunt,</span> <span class='ocrx_word' id='word_1_351' title='bbox 922 1679 999 1700; x_wconf 86' lang='lat' dir='ltr'>nam</span> <span class='ocrx_word' id='word_1_352' title='bbox 1023 1677 1099 1700; x_wconf 90' lang='lat' dir='ltr'>cum</span> <span class='ocrx_word' id='word_1_353' title='bbox 1127 1666 1266 1699; x_wconf 87' lang='lat' dir='ltr'>dicimus</span> <span class='ocrx_word' id='word_1_354' title='bbox 1294 1664 1426 1707; x_wconf 68' lang='lat' dir='ltr'>Thyas,</span> <span class='ocrx_word' id='word_1_355' title='bbox 1464 1659 1596 1704; x_wconf 59' lang='lat' dir='ltr'>Naisffi,</span> <span class='ocrx_word' id='word_1_356' title='bbox 1630 1668 1761 1696; x_wconf 88' lang='lat' dir='ltr'>acutum</span> <span class='ocrx_word' id='word_1_357' title='bbox 1791 1663 1928 1695; x_wconf 86' lang='lat' dir='ltr'>habebit</span> <span class='ocrx_word' id='word_1_358' title='bbox 1959 1675 2025 1707; x_wconf 87' lang='lat' dir='ltr'>po-</span> 
     </span>
    </p>
   </div>
   <div class='ocr_carea' id='block_1_21' title="bbox 85 1713 2024 2191">
    <p class='ocr_par' dir='ltr' id='par_1_21' title="bbox 85 1713 2024 2191">
     <span class='ocr_line' id='line_1_39' title="bbox 85 1713 2024 1763; baseline -0.001 -15"><span class='ocrx_word' id='word_1_359' title='bbox 85 1717 203 1749; x_wconf 89' lang='lat' dir='ltr'>sterior</span> <span class='ocrx_word' id='word_1_360' title='bbox 227 1723 417 1758; x_wconf 82' lang='lat' dir='ltr'>accentum3</span> <span class='ocrx_word' id='word_1_361' title='bbox 458 1724 490 1752; x_wconf 87' lang='lat' dir='ltr'>et</span> <span class='ocrx_word' id='word_1_362' title='bbox 517 1730 593 1753; x_wconf 84' lang='lat' dir='ltr'>curn</span> <span class='ocrx_word' id='word_1_363' title='bbox 618 1719 811 1761; x_wconf 86' lang='lat' dir='ltr'>Themisto,</span> <span class='ocrx_word' id='word_1_364' title='bbox 847 1719 1014 1763; x_wconf 81' lang='lat' dir='ltr'>Calypso,</span> <span class='ocrx_word' id='word_1_365' title='bbox 1048 1718 1211 1758; x_wconf 88' lang='lat' dir='ltr'>Theano,</span> <span class='ocrx_word' id='word_1_366' title='bbox 1246 1716 1393 1749; x_wconf 87' lang='lat' dir='ltr'>ultimam</span> <span class='ocrx_word' id='word_1_367' title='bbox 1422 1713 1638 1748; x_wconf 87' lang='lat' dir='ltr'>circumflecti</span> <span class='ocrx_word' id='word_1_368' title='bbox 1671 1714 1862 1747; x_wconf 66' lang='lat' dir='ltr'>videbimus</span> <span class='ocrx_word' id='word_1_369' title='bbox 1921 1714 2024 1754; x_wconf 78' lang='lat' dir='ltr'>Quod</span> 
     </span>
     <span class='ocr_line' id='line_1_40' title="bbox 88 1847 2020 1896; baseline -0.002 -16"><span class='ocrx_word' id='word_1_370' title='bbox 88 1866 126 1871; x_wconf 85' lang='lat'>—-</span> <span class='ocrx_word' id='word_1_371' title='bbox 156 1853 200 1886; x_wconf 78' lang='lat'>21)</span> <span class='ocrx_word' id='word_1_372' title='bbox 226 1853 408 1893; x_wconf 86' lang='lat' dir='ltr'>Corruptum</span> <span class='ocrx_word' id='word_1_373' title='bbox 435 1854 518 1884; x_wconf 85' lang='lat' dir='ltr'>hunc</span> <span class='ocrx_word' id='word_1_374' title='bbox 549 1856 649 1885; x_wconf 86' lang='lat' dir='ltr'>locum</span> <span class='ocrx_word' id='word_1_375' title='bbox 677 1866 732 1896; x_wconf 89' lang='lat' dir='ltr'>ope</span> <span class='ocrx_word' id='word_1_376' title='bbox 760 1855 878 1884; x_wconf 78' lang='lat' dir='ltr'>Codicis</span> <span class='ocrx_word' id='word_1_377' title='bbox 905 1854 1030 1891; x_wconf 81' lang='lat' dir='ltr'>restitui,</span> <span class='ocrx_word' id='word_1_378' title='bbox 1074 1864 1094 1881; x_wconf 82' lang='lat' dir='ltr'>a</span> <span class='ocrx_word' id='word_1_379' title='bbox 1113 1852 1197 1880; x_wconf 65' lang='lat' dir='ltr'>nobis</span> <span class='ocrx_word' id='word_1_380' title='bbox 1220 1850 1280 1878; x_wconf 87' lang='lat' dir='ltr'>huc</span> <span class='ocrx_word' id='word_1_381' title='bbox 1302 1849 1438 1878; x_wconf 75' lang='lat' dir='ltr'>traducta</span> <span class='ocrx_word' id='word_1_382' title='bbox 1460 1853 1512 1878; x_wconf 85' lang='lat' dir='ltr'>est.</span> <span class='ocrx_word' id='word_1_383' title='bbox 1545 1865 1579 1869; x_wconf 97' lang='lat'><strong>—</strong></span> <span class='ocrx_word' id='word_1_384' title='bbox 1613 1847 1659 1886; x_wconf 70' lang='lat'>523)</span> <span class='ocrx_word' id='word_1_385' title='bbox 1687 1849 1749 1886; x_wconf 79' lang='lat' dir='ltr'>Qui</span> <span class='ocrx_word' id='word_1_386' title='bbox 1773 1849 1884 1876; x_wconf 73' lang='lat' dir='ltr'>Graece</span> <span class='ocrx_word' id='word_1_387' title='bbox 1906 1850 2020 1877; x_wconf 69' lang='lat' dir='ltr'>Pro-50·</span> 
     </span>
     <span class='ocr_line' id='line_1_41' title="bbox 86 1891 2021 1937; baseline -0.002 -16"><span class='ocrx_word' id='word_1_388' title='bbox 86 1892 137 1921; x_wconf 83' lang='lat' dir='ltr'>ubi</span> <span class='ocrx_word' id='word_1_389' title='bbox 160 1893 220 1922; x_wconf 79' lang='lat' dir='ltr'>sic:</span> <span class='ocrx_word' id='word_1_390' title='bbox 245 1896 308 1923; x_wconf 84' lang='lat' dir='ltr'>Imo</span> <span class='ocrx_word' id='word_1_391' title='bbox 326 1898 455 1934; x_wconf 73' lang='lat' dir='ltr'>ponitur</span> <span class='ocrx_word' id='word_1_392' title='bbox 475 1910 542 1927; x_wconf 77' lang='lat' dir='ltr'>cum</span> <span class='ocrx_word' id='word_1_393' title='bbox 565 1900 706 1937; x_wconf 80' lang='lat' dir='ltr'>inpono</span> <span class='ocrx_word' id='word_1_394' title='bbox 730 1910 816 1926; x_wconf 74' lang='lat' dir='ltr'>mora</span> <span class='ocrx_word' id='word_1_395' title='bbox 845 1899 911 1926; x_wconf 77' lang='lat' dir='ltr'>lect.</span> <span class='ocrx_word' id='word_1_396' title='bbox 938 1899 1030 1925; x_wconf 74' lang='lat' dir='ltr'>inter-</span> <span class='ocrx_word' id='word_1_397' title='bbox 1074 1895 1143 1923; x_wconf 58' lang='lat' dir='ltr'>dim&gt;</span> <span class='ocrx_word' id='word_1_398' title='bbox 1166 1892 1284 1922; x_wconf 77' lang='lat' dir='ltr'>Putsch.</span> <span class='ocrx_word' id='word_1_399' title='bbox 1300 1894 1356 1931; x_wconf 71' lang='lat' dir='ltr'>qui</span> <span class='ocrx_word' id='word_1_400' title='bbox 1373 1893 1480 1920; x_wconf 69' lang='lat' dir='ltr'>Graeci</span> <span class='ocrx_word' id='word_1_401' title='bbox 1495 1892 1584 1919; x_wconf 66' lang='lat' dir='ltr'>Pros.</span> <span class='ocrx_word' id='word_1_402' title='bbox 1602 1891 1649 1921; x_wconf 88' lang='lat' dir='ltr'>Pe.</span> <span class='ocrx_word' id='word_1_403' title='bbox 1669 1893 1724 1929; x_wconf 75' lang='lat' dir='ltr'>qui</span> <span class='ocrx_word' id='word_1_404' title='bbox 1734 1902 1863 1929; x_wconf 62' lang='lat' dir='ltr'>grue-cae</span> <span class='ocrx_word' id='word_1_405' title='bbox 1878 1904 1969 1930; x_wconf 77' lang='grc' dir='ltr'><strong><em>προς</em></strong></span> <span class='ocrx_word' id='word_1_406' title='bbox 1980 1904 2021 1921; x_wconf 86' lang='grc' dir='ltr'>ω-</span> 
     </span>
     <span class='ocr_line' id='line_1_42' title="bbox 86 1932 2018 1973; baseline 0.001 -11"><span class='ocrx_word' id='word_1_407' title='bbox 86 1940 208 1973; x_wconf 78' lang='lat' dir='ltr'>ruplum</span> <span class='ocrx_word' id='word_1_408' title='bbox 234 1940 417 1967; x_wconf 65' lang='lat' dir='ltr'>terminat</span> <span class='ocrx_word' id='word_1_409' title='bbox 441 1947 567 1969; x_wconf 78' lang='lat' dir='ltr'>tenorem</span> <span class='ocrx_word' id='word_1_410' title='bbox 594 1948 649 1969; x_wconf 74' lang='lat' dir='ltr'>(cut</span> <span class='ocrx_word' id='word_1_411' title='bbox 672 1942 712 1969; x_wconf 79' lang='lat' dir='ltr'>al.</span> <span class='ocrx_word' id='word_1_412' title='bbox 743 1940 845 1969; x_wconf 73' lang='lat' dir='ltr'>adhuc</span> <span class='ocrx_word' id='word_1_413' title='bbox 874 1942 905 1968; x_wconf 80' lang='lat' dir='ltr'>ln</span> <span class='ocrx_word' id='word_1_414' title='bbox 932 1941 1031 1967; x_wconf 64' lang='lat' dir='ltr'>latina</span> <span class='ocrx_word' id='word_1_415' title='bbox 1073 1938 1155 1965; x_wconf 69' lang='lat' dir='ltr'>thiae</span> <span class='ocrx_word' id='word_1_416' title='bbox 1177 1938 1230 1964; x_wconf 58' lang='grc' dir='ltr'>(ἕο.</span> <span class='ocrx_word' id='word_1_417' title='bbox 1253 1952 1293 1957; x_wconf 93' lang='lat'>——</span> <span class='ocrx_word' id='word_1_418' title='bbox 1323 1936 1367 1969; x_wconf 68' lang='lat'>24)</span> <span class='ocrx_word' id='word_1_419' title='bbox 1395 1936 1502 1962; x_wconf 71' lang='lat' dir='ltr'>Tamen</span> <span class='ocrx_word' id='word_1_420' title='bbox 1524 1934 1572 1962; x_wconf 86' lang='lat' dir='ltr'>Pe.</span> <span class='ocrx_word' id='word_1_421' title='bbox 1596 1949 1637 1955; x_wconf 91' lang='lat'>—</span> <span class='ocrx_word' id='word_1_422' title='bbox 1659 1932 1704 1972; x_wconf 72' lang='lat'>25)</span> <span class='ocrx_word' id='word_1_423' title='bbox 1732 1934 1871 1971; x_wconf 66' lang='lat' dir='ltr'>Quibus?</span> <span class='ocrx_word' id='word_1_424' title='bbox 1896 1935 1949 1962; x_wconf 65' lang='lat' dir='ltr'>(jo.</span> <span class='ocrx_word' id='word_1_425' title='bbox 1971 1935 2018 1964; x_wconf 85' lang='lat' dir='ltr'>Pe.</span> 
     </span>
     <span class='ocr_line' id='line_1_43' title="bbox 86 1977 2019 2022; baseline 0 -17"><span class='ocrx_word' id='word_1_426' title='bbox 86 1989 168 2016; x_wconf 60' lang='lat' dir='ltr'>amp.</span> <span class='ocrx_word' id='word_1_427' title='bbox 195 1978 229 2006; x_wconf 86' lang='lat' dir='ltr'>In</span> <span class='ocrx_word' id='word_1_428' title='bbox 258 1980 304 2008; x_wconf 89' lang='lat' dir='ltr'>Pe.</span> <span class='ocrx_word' id='word_1_429' title='bbox 325 1981 367 2010; x_wconf 80' lang='lat' dir='ltr'>sic</span> <span class='ocrx_word' id='word_1_430' title='bbox 386 1982 497 2011; x_wconf 87' lang='lat' dir='ltr'>editum</span> <span class='ocrx_word' id='word_1_431' title='bbox 522 1989 579 2014; x_wconf 79' lang='lat' dir='ltr'>est:</span> <span class='ocrx_word' id='word_1_432' title='bbox 614 1985 676 2012; x_wconf 79' lang='lat' dir='ltr'>lmo</span> <span class='ocrx_word' id='word_1_433' title='bbox 696 1985 824 2022; x_wconf 76' lang='lat' dir='ltr'>ponitur</span> <span class='ocrx_word' id='word_1_434' title='bbox 850 1993 916 2010; x_wconf 78' lang='lat' dir='ltr'>cum</span> <span class='ocrx_word' id='word_1_435' title='bbox 946 1991 1031 2009; x_wconf 74' lang='lat' dir='ltr'>mora</span> <span class='ocrx_word' id='word_1_436' title='bbox 1074 1978 1193 2008; x_wconf 86' lang='lat' dir='ltr'>Putsch.</span> <span class='ocrx_word' id='word_1_437' title='bbox 1208 1978 1253 2006; x_wconf 92' lang='lat' dir='ltr'>Ab</span> <span class='ocrx_word' id='word_1_438' title='bbox 1274 1977 1485 2015; x_wconf 84' lang='lat' dir='ltr'>interpolatore</span> <span class='ocrx_word' id='word_1_439' title='bbox 1501 1977 1675 2015; x_wconf 86' lang='lat' dir='ltr'>profectum.</span> <span class='ocrx_word' id='word_1_440' title='bbox 1699 1992 1741 1998; x_wconf 93' lang='lat'>—</span> <span class='ocrx_word' id='word_1_441' title='bbox 1763 1978 1809 2013; x_wconf 55' lang='grc' dir='ltr'>ι46)</span> <span class='ocrx_word' id='word_1_442' title='bbox 1834 1978 2019 2005; x_wconf 77' lang='lat' dir='ltr'>Accenruum</span> 
     </span>
     <span class='ocr_line' id='line_1_44' title="bbox 85 2018 2019 2062; baseline 0 -14"><span class='ocrx_word' id='word_1_443' title='bbox 85 2021 151 2049; x_wconf 73' lang='lat' dir='ltr'>lect.</span> <span class='ocrx_word' id='word_1_444' title='bbox 180 2022 382 2060; x_wconf 75' lang='lat' dir='ltr'>interruptum</span> <span class='ocrx_word' id='word_1_445' title='bbox 407 2028 548 2054; x_wconf 78' lang='lat' dir='ltr'>terminat</span> <span class='ocrx_word' id='word_1_446' title='bbox 579 2032 722 2062; x_wconf 79' lang='lat' dir='ltr'>tenorent,</span> <span class='ocrx_word' id='word_1_447' title='bbox 752 2031 786 2053; x_wconf 79' lang='lat' dir='ltr'>ut</span> <span class='ocrx_word' id='word_1_448' title='bbox 814 2023 903 2052; x_wconf 69' lang='lat' dir='ltr'>aliud</span> <span class='ocrx_word' id='word_1_449' title='bbox 930 2023 1032 2051; x_wconf 73' lang='lat' dir='ltr'>(ulline</span> <span class='ocrx_word' id='word_1_450' title='bbox 1075 2023 1155 2059; x_wconf 78' lang='lat' dir='ltr'>signa</span> <span class='ocrx_word' id='word_1_451' title='bbox 1172 2021 1271 2049; x_wconf 84' lang='lat' dir='ltr'>addidi</span> <span class='ocrx_word' id='word_1_452' title='bbox 1293 2031 1328 2049; x_wconf 82' lang='lat' dir='ltr'>ex</span> <span class='ocrx_word' id='word_1_453' title='bbox 1349 2021 1396 2048; x_wconf 89' lang='lat' dir='ltr'>Pe.</span> <span class='ocrx_word' id='word_1_454' title='bbox 1417 2036 1460 2041; x_wconf 89' lang='lat'>—</span> <span class='ocrx_word' id='word_1_455' title='bbox 1480 2018 1525 2058; x_wconf 75' lang='lat'>27)</span> <span class='ocrx_word' id='word_1_456' title='bbox 1551 2019 1836 2057; x_wconf 65' lang='lat' dir='ltr'>M.s·ipe1mltimmn</span> <span class='ocrx_word' id='word_1_457' title='bbox 1856 2020 1953 2046; x_wconf 72' lang='lat' dir='ltr'>locum</span> <span class='ocrx_word' id='word_1_458' title='bbox 1972 2019 2019 2048; x_wconf 84' lang='lat' dir='ltr'>Pe.</span> 
     </span>
     <span class='ocr_line' id='line_1_45' title="bbox 85 2061 2019 2103; baseline -0.001 -13"><span class='ocrx_word' id='word_1_459' title='bbox 85 2063 250 2101; x_wconf 62' lang='lat' dir='ltr'>suspendat</span> <span class='ocrx_word' id='word_1_460' title='bbox 269 2070 294 2092; x_wconf 80' lang='lat' dir='ltr'>et</span> <span class='ocrx_word' id='word_1_461' title='bbox 311 2072 445 2096; x_wconf 75' lang='lat' dir='ltr'>vocatur.</span> <span class='ocrx_word' id='word_1_462' title='bbox 467 2069 501 2096; x_wconf 83' lang='lat' dir='ltr'>In</span> <span class='ocrx_word' id='word_1_463' title='bbox 515 2069 635 2097; x_wconf 78' lang='lat' dir='ltr'>Putscli.</span> <span class='ocrx_word' id='word_1_464' title='bbox 651 2078 793 2097; x_wconf 76' lang='lat' dir='ltr'>excusum</span> <span class='ocrx_word' id='word_1_465' title='bbox 812 2072 869 2095; x_wconf 88' lang='lat' dir='ltr'>est:</span> <span class='ocrx_word' id='word_1_466' title='bbox 894 2064 956 2094; x_wconf 84' lang='lat' dir='ltr'>Jmo</span> <span class='ocrx_word' id='word_1_467' title='bbox 967 2076 1032 2103; x_wconf 77' lang='lat' dir='ltr'>po—</span> <span class='ocrx_word' id='word_1_468' title='bbox 1074 2063 1195 2093; x_wconf 83' lang='lat' dir='ltr'>Putsch.</span> <span class='ocrx_word' id='word_1_469' title='bbox 1222 2080 1263 2085; x_wconf 90' lang='lat'>——</span> <span class='ocrx_word' id='word_1_470' title='bbox 1286 2063 1333 2101; x_wconf 72' lang='lat'>28)</span> <span class='ocrx_word' id='word_1_471' title='bbox 1354 2061 1516 2091; x_wconf 61' lang='lat' dir='ltr'>Pel-docere</span> <span class='ocrx_word' id='word_1_472' title='bbox 1538 2062 1585 2091; x_wconf 76' lang='lat' dir='ltr'>Pe.</span> <span class='ocrx_word' id='word_1_473' title='bbox 1612 2061 1733 2090; x_wconf 81' lang='lat' dir='ltr'>Putscli.</span> <span class='ocrx_word' id='word_1_474' title='bbox 1763 2077 1801 2083; x_wconf 87' lang='lat'>—-</span> <span class='ocrx_word' id='word_1_475' title='bbox 1832 2061 1876 2100; x_wconf 71' lang='lat'>99)</span> <span class='ocrx_word' id='word_1_476' title='bbox 1908 2062 1945 2089; x_wconf 61' lang='lat' dir='ltr'>(ft</span> <span class='ocrx_word' id='word_1_477' title='bbox 1964 2062 2019 2089; x_wconf 83' lang='lat' dir='ltr'>ad-</span> 
     </span>
     <span class='ocr_line' id='line_1_46' title="bbox 85 2104 2019 2150; baseline -0.001 -17"><span class='ocrx_word' id='word_1_478' title='bbox 85 2107 185 2142; x_wconf 69' lang='lat' dir='ltr'>nitar,</span> <span class='ocrx_word' id='word_1_479' title='bbox 215 2117 284 2134; x_wconf 77' lang='lat' dir='ltr'>cum</span> <span class='ocrx_word' id='word_1_480' title='bbox 308 2118 392 2136; x_wconf 80' lang='lat' dir='ltr'>mora</span> <span class='ocrx_word' id='word_1_481' title='bbox 422 2110 488 2140; x_wconf 78' lang='lat' dir='ltr'>lect.</span> <span class='ocrx_word' id='word_1_482' title='bbox 511 2113 675 2150; x_wconf 70' lang='lat' dir='ltr'>interrupto</span> <span class='ocrx_word' id='word_1_483' title='bbox 704 2117 802 2138; x_wconf 73' lang='lat' dir='ltr'>tenore</span> <span class='ocrx_word' id='word_1_484' title='bbox 822 2107 913 2136; x_wconf 74' lang='lat' dir='ltr'>aliud</span> <span class='ocrx_word' id='word_1_485' title='bbox 933 2108 1033 2135; x_wconf 72' lang='lat' dir='ltr'>adhuc</span> <span class='ocrx_word' id='word_1_486' title='bbox 1074 2107 1130 2135; x_wconf 86' lang='lat' dir='ltr'>ieci</span> <span class='ocrx_word' id='word_1_487' title='bbox 1150 2116 1164 2135; x_wconf 86' lang='lat' dir='ltr'>e</span> <span class='ocrx_word' id='word_1_488' title='bbox 1181 2105 1250 2134; x_wconf 85' lang='lat' dir='ltr'>cod.</span> <span class='ocrx_word' id='word_1_489' title='bbox 1269 2106 1324 2135; x_wconf 91' lang='lat' dir='ltr'>Go.</span> <span class='ocrx_word' id='word_1_490' title='bbox 1366 2122 1404 2127; x_wconf 87' lang='lat'>—-</span> <span class='ocrx_word' id='word_1_491' title='bbox 1428 2104 1473 2144; x_wconf 81' lang='lat'>30)</span> <span class='ocrx_word' id='word_1_492' title='bbox 1494 2105 1640 2133; x_wconf 81' lang='lat' dir='ltr'>Accentus</span> <span class='ocrx_word' id='word_1_493' title='bbox 1655 2104 1756 2132; x_wconf 83' lang='lat' dir='ltr'>addidi</span> <span class='ocrx_word' id='word_1_494' title='bbox 1779 2113 1815 2131; x_wconf 79' lang='lat' dir='ltr'>ex</span> <span class='ocrx_word' id='word_1_495' title='bbox 1836 2104 1883 2133; x_wconf 70' lang='lat' dir='ltr'>Pe.</span> <span class='ocrx_word' id='word_1_496' title='bbox 1903 2104 2019 2131; x_wconf 86' lang='lat' dir='ltr'>Simili-</span> 
     </span>
     <span class='ocr_line' id='line_1_47' title="bbox 86 2146 2018 2191; baseline -0.002 -15"><span class='ocrx_word' id='word_1_497' title='bbox 86 2149 217 2176; x_wconf 74' lang='lat' dir='ltr'>illatura</span> <span class='ocrx_word' id='word_1_498' title='bbox 233 2150 398 2187; x_wconf 58' lang='lat' dir='ltr'>suspendit,</span> <span class='ocrx_word' id='word_1_499' title='bbox 422 2163 496 2190; x_wconf 84' lang='lat' dir='ltr'>quae</span> <span class='ocrx_word' id='word_1_500' title='bbox 512 2154 601 2181; x_wconf 83' lang='lat' dir='ltr'>lectio</span> <span class='ocrx_word' id='word_1_501' title='bbox 621 2153 701 2191; x_wconf 76' lang='lat' dir='ltr'>gravi</span> <span class='ocrx_word' id='word_1_502' title='bbox 719 2153 833 2180; x_wconf 83' lang='lat' dir='ltr'>laborat</span> <span class='ocrx_word' id='word_1_503' title='bbox 846 2151 929 2186; x_wconf 77' lang='lat' dir='ltr'>vitio,</span> <span class='ocrx_word' id='word_1_504' title='bbox 953 2149 1032 2188; x_wconf 87' lang='lat' dir='ltr'>quod</span> <span class='ocrx_word' id='word_1_505' title='bbox 1075 2154 1120 2178; x_wconf 81' lang='lat' dir='ltr'>ter</span> <span class='ocrx_word' id='word_1_506' title='bbox 1139 2150 1169 2177; x_wconf 85' lang='lat' dir='ltr'>in</span> <span class='ocrx_word' id='word_1_507' title='bbox 1185 2159 1263 2187; x_wconf 86' lang='lat' dir='ltr'>seqq.</span> <span class='ocrx_word' id='word_1_508' title='bbox 1286 2164 1328 2170; x_wconf 91' lang='lat'>—</span> <span class='ocrx_word' id='word_1_509' title='bbox 1350 2150 1394 2186; x_wconf 88' lang='lat'>31)</span> <span class='ocrx_word' id='word_1_510' title='bbox 1418 2148 1522 2176; x_wconf 69' lang='lat' dir='ltr'>Fuerit</span> <span class='ocrx_word' id='word_1_511' title='bbox 1538 2148 1585 2176; x_wconf 83' lang='lat' dir='ltr'>Pe.</span> <span class='ocrx_word' id='word_1_512' title='bbox 1610 2146 1728 2175; x_wconf 86' lang='lat' dir='ltr'>l&#39;utsch.</span> <span class='ocrx_word' id='word_1_513' title='bbox 1751 2148 1806 2173; x_wconf 77' lang='lat' dir='ltr'>erit</span> <span class='ocrx_word' id='word_1_514' title='bbox 1832 2147 1885 2175; x_wconf 91' lang='lat' dir='ltr'>Go.</span> <span class='ocrx_word' id='word_1_515' title='bbox 1908 2162 1949 2167; x_wconf 93' lang='lat'>—-</span> <span class='ocrx_word' id='word_1_516' title='bbox 1973 2148 2018 2183; x_wconf 66' lang='lat'>32³)</span> 
     </span>
    </p>
   </div>
   <div class='ocr_carea' id='block_1_22' title="bbox 86 2191 1034 2444">
    <p class='ocr_par' dir='ltr' id='par_1_22' title="bbox 86 2191 1034 2444">
     <span class='ocr_line' id='line_1_48' title="bbox 86 2191 1032 2234; baseline 0.001 -15"><span class='ocrx_word' id='word_1_517' title='bbox 86 2191 193 2219; x_wconf 80' lang='lat' dir='ltr'>obiecti</span> <span class='ocrx_word' id='word_1_518' title='bbox 215 2192 399 2221; x_wconf 78' lang='lat' dir='ltr'>accusativus</span> <span class='ocrx_word' id='word_1_519' title='bbox 423 2195 458 2222; x_wconf 83' lang='lat' dir='ltr'>ad</span> <span class='ocrx_word' id='word_1_520' title='bbox 474 2195 552 2224; x_wconf 86' lang='lat' dir='ltr'>verb.</span> <span class='ocrx_word' id='word_1_521' title='bbox 569 2194 725 2234; x_wconf 49' lang='lat' dir='ltr'>suapenaelit</span> <span class='ocrx_word' id='word_1_522' title='bbox 745 2194 939 2222; x_wconf 76' lang='lat' dir='ltr'>desideratur.</span> <span class='ocrx_word' id='word_1_523' title='bbox 961 2193 1032 2221; x_wconf 90' lang='lat' dir='ltr'>Voc.</span> 
     </span>
     <span class='ocr_line' id='line_1_49' title="bbox 86 2234 1031 2275; baseline 0.004 -14"><span class='ocrx_word' id='word_1_524' title='bbox 86 2235 196 2272; x_wconf 74' lang='lat' dir='ltr'>inpono</span> <span class='ocrx_word' id='word_1_525' title='bbox 223 2234 253 2262; x_wconf 87' lang='lat' dir='ltr'>in</span> <span class='ocrx_word' id='word_1_526' title='bbox 283 2235 353 2263; x_wconf 92' lang='lat' dir='ltr'>Cod.</span> <span class='ocrx_word' id='word_1_527' title='bbox 383 2237 581 2275; x_wconf 85' lang='lat' dir='ltr'>undecunque</span> <span class='ocrx_word' id='word_1_528' title='bbox 613 2237 779 2275; x_wconf 76' lang='lat' dir='ltr'>irrepserit,</span> <span class='ocrx_word' id='word_1_529' title='bbox 818 2235 947 2264; x_wconf 81' lang='lat' dir='ltr'>alienum</span> <span class='ocrx_word' id='word_1_530' title='bbox 973 2240 1031 2271; x_wconf 64' lang='grc' dir='ltr'>θεῖς</span> 
     </span>
     <span class='ocr_line' id='line_1_50' title="bbox 86 2277 1033 2316; baseline 0.002 -13"><span class='ocrx_word' id='word_1_531' title='bbox 86 2277 226 2304; x_wconf 75' lang='lat' dir='ltr'>terminat</span> <span class='ocrx_word' id='word_1_532' title='bbox 248 2277 368 2306; x_wconf 81' lang='lat' dir='ltr'>exhibet</span> <span class='ocrx_word' id='word_1_533' title='bbox 391 2279 477 2306; x_wconf 74' lang='lat' dir='ltr'>eliam</span> <span class='ocrx_word' id='word_1_534' title='bbox 504 2279 565 2316; x_wconf 76' lang='lat' dir='ltr'>Pe.;</span> <span class='ocrx_word' id='word_1_535' title='bbox 597 2282 628 2307; x_wconf 77' lang='grc' dir='ltr'>ιἰι</span> <span class='ocrx_word' id='word_1_536' title='bbox 649 2280 748 2307; x_wconf 67' lang='lat' dir='ltr'>latina</span> <span class='ocrx_word' id='word_1_537' title='bbox 770 2283 868 2306; x_wconf 85' lang='lat' dir='ltr'>ortum</span> <span class='ocrx_word' id='word_1_538' title='bbox 891 2288 925 2306; x_wconf 71' lang='lat' dir='ltr'>ex</span> <span class='ocrx_word' id='word_1_539' title='bbox 949 2278 1033 2306; x_wconf 76' lang='lat' dir='ltr'>inla-</span> 
     </span>
     <span class='ocr_line' id='line_1_51' title="bbox 87 2319 1033 2358; baseline 0.005 -12"><span class='ocrx_word' id='word_1_540' title='bbox 87 2325 167 2347; x_wconf 77' lang='lat' dir='ltr'>tura.</span> <span class='ocrx_word' id='word_1_541' title='bbox 191 2334 233 2340; x_wconf 89' lang='lat'>—</span> <span class='ocrx_word' id='word_1_542' title='bbox 263 2319 310 2357; x_wconf 73' lang='lat'>22)</span> <span class='ocrx_word' id='word_1_543' title='bbox 333 2320 366 2348; x_wconf 90' lang='lat' dir='ltr'><em>A</em></span> <span class='ocrx_word' id='word_1_544' title='bbox 389 2319 731 2358; x_wconf 63' lang='grc' dir='ltr'>(1]-αεσιϊε-ύποδιαστολή</span> <span class='ocrx_word' id='word_1_545' title='bbox 755 2321 800 2349; x_wconf 90' lang='lat' dir='ltr'>Pe.</span> <span class='ocrx_word' id='word_1_546' title='bbox 825 2322 862 2349; x_wconf 90' lang='lat' dir='ltr'>A.</span> <span class='ocrx_word' id='word_1_547' title='bbox 887 2320 1033 2351; x_wconf 63' lang='lat' dir='ltr'>(ir-*iino-</span> 
     </span>
     <span class='ocr_line' id='line_1_52' title="bbox 87 2357 1033 2401; baseline 0 -10"><span class='ocrx_word' id='word_1_548' title='bbox 87 2357 195 2401; x_wconf 76' lang='grc' dir='ltr'><em>στιγμή</em></span> <span class='ocrx_word' id='word_1_549' title='bbox 221 2361 340 2392; x_wconf 71' lang='lat' dir='ltr'>Putseh.</span> <span class='ocrx_word' id='word_1_550' title='bbox 378 2363 402 2391; x_wconf 85' lang='lat' dir='ltr'><strong>A</strong></span> <span class='ocrx_word' id='word_1_551' title='bbox 430 2364 549 2392; x_wconf 78' lang='lat' dir='ltr'>Graecis</span> <span class='ocrx_word' id='word_1_552' title='bbox 587 2363 916 2398; x_wconf 80' lang='lat' dir='ltr'>YHTECHEHEPA,</span> <span class='ocrx_word' id='word_1_553' title='bbox 948 2363 978 2392; x_wconf 89' lang='lat' dir='ltr'>h.</span> <span class='ocrx_word' id='word_1_554' title='bbox 1008 2373 1033 2392; x_wconf 79' lang='lat' dir='ltr'>c.</span> 
     </span>
     <span class='ocr_line' id='line_1_53' title="bbox 86 2403 1034 2444; baseline -0.001 -10"><span class='ocrx_word' id='word_1_555' title='bbox 86 2403 347 2444; x_wconf 77' lang='grc' dir='ltr'><em>ὖπεστιγμὲνη</em></span> <span class='ocrx_word' id='word_1_556' title='bbox 366 2416 404 2443; x_wconf 82' lang='grc' dir='ltr'>(ι,</span> <span class='ocrx_word' id='word_1_557' title='bbox 429 2407 531 2435; x_wconf 82' lang='lat' dir='ltr'>ultima</span> <span class='ocrx_word' id='word_1_558' title='bbox 555 2406 652 2435; x_wconf 79' lang='lat' dir='ltr'>littera</span> <span class='ocrx_word' id='word_1_559' title='bbox 676 2417 696 2434; x_wconf 82' lang='lat' dir='ltr'>a</span> <span class='ocrx_word' id='word_1_560' title='bbox 718 2416 754 2435; x_wconf 83' lang='lat' dir='ltr'>ex</span> <span class='ocrx_word' id='word_1_561' title='bbox 771 2405 962 2444; x_wconf 87' lang='lat' dir='ltr'>sequentibus</span> <span class='ocrx_word' id='word_1_562' title='bbox 985 2415 1034 2435; x_wconf 81' lang='lat' dir='ltr'>vv.</span> 
     </span>
    </p>
   </div>
   <div class='ocr_carea' id='block_1_23' title="bbox 1075 2188 2019 2478">
    <p class='ocr_par' dir='ltr' id='par_1_23' title="bbox 1077 2188 2018 2225">
     <span class='ocr_line' id='line_1_54' title="bbox 1077 2188 2018 2225; baseline -0.006 -6"><span class='ocrx_word' id='word_1_563' title='bbox 1077 2193 1124 2220; x_wconf 69' lang='lat' dir='ltr'>Sit</span> <span class='ocrx_word' id='word_1_564' title='bbox 1145 2191 1237 2220; x_wconf 81' lang='lat' dir='ltr'>adieci</span> <span class='ocrx_word' id='word_1_565' title='bbox 1263 2201 1278 2220; x_wconf 87' lang='lat' dir='ltr'>e</span> <span class='ocrx_word' id='word_1_566' title='bbox 1301 2191 1372 2219; x_wconf 87' lang='lat' dir='ltr'>cod.</span> <span class='ocrx_word' id='word_1_567' title='bbox 1396 2190 1450 2218; x_wconf 91' lang='lat' dir='ltr'>Go.</span> <span class='ocrx_word' id='word_1_568' title='bbox 1472 2206 1514 2211; x_wconf 91' lang='lat'>—</span> <span class='ocrx_word' id='word_1_569' title='bbox 1535 2193 1582 2225; x_wconf 77' lang='grc'>33)</span> <span class='ocrx_word' id='word_1_570' title='bbox 1605 2189 1729 2217; x_wconf 60' lang='lat' dir='ltr'>Fuerint</span> <span class='ocrx_word' id='word_1_571' title='bbox 1750 2190 1794 2217; x_wconf 88' lang='lat' dir='ltr'>Pe.</span> <span class='ocrx_word' id='word_1_572' title='bbox 1814 2188 1932 2217; x_wconf 82' lang='lat' dir='ltr'>Putscli.</span> <span class='ocrx_word' id='word_1_573' title='bbox 1959 2190 2018 2215; x_wconf 52' lang='lat' dir='ltr'>siut</span> 
     </span>
    </p>

    <p class='ocr_par' dir='ltr' id='par_1_24' title="bbox 1077 2229 2018 2272">
     <span class='ocr_line' id='line_1_55' title="bbox 1077 2229 2018 2272; baseline -0.006 -9"><span class='ocrx_word' id='word_1_574' title='bbox 1077 2236 1132 2263; x_wconf 86' lang='lat' dir='ltr'>Go.</span> <span class='ocrx_word' id='word_1_575' title='bbox 1159 2234 1257 2263; x_wconf 81' lang='lat' dir='ltr'>Paullo</span> <span class='ocrx_word' id='word_1_576' title='bbox 1283 2239 1350 2272; x_wconf 88' lang='lat' dir='ltr'>post</span> <span class='ocrx_word' id='word_1_577' title='bbox 1372 2233 1523 2261; x_wconf 67' lang='lat' dir='ltr'>habebunt</span> <span class='ocrx_word' id='word_1_578' title='bbox 1551 2243 1607 2270; x_wconf 89' lang='lat' dir='ltr'>pro</span> <span class='ocrx_word' id='word_1_579' title='bbox 1633 2232 1742 2260; x_wconf 66' lang='lat' dir='ltr'>habent</span> <span class='ocrx_word' id='word_1_580' title='bbox 1781 2232 1835 2259; x_wconf 92' lang='lat' dir='ltr'>Go.</span> <span class='ocrx_word' id='word_1_581' title='bbox 1973 2229 2018 2266; x_wconf 64' lang='lat'>34)</span> 
     </span>
    </p>

    <p class='ocr_par' dir='ltr' id='par_1_25' title="bbox 1076 2271 2019 2313">
     <span class='ocr_line' id='line_1_56' title="bbox 1076 2271 2019 2313; baseline -0.01 -7"><span class='ocrx_word' id='word_1_582' title='bbox 1076 2277 1214 2306; x_wconf 67' lang='grc' dir='ltr'><em>Μύιύῖίαε</em></span> <span class='ocrx_word' id='word_1_583' title='bbox 1228 2299 1235 2313; x_wconf 85' lang='lat'>,</span> <span class='ocrx_word' id='word_1_584' title='bbox 1275 2276 1417 2304; x_wconf 66' lang='lat' dir='ltr'>Cc&#39;ztz&#39;zllus</span> <span class='ocrx_word' id='word_1_585' title='bbox 1432 2299 1440 2313; x_wconf 84' lang='lat'>‚</span> <span class='ocrx_word' id='word_1_586' title='bbox 1484 2275 1633 2304; x_wconf 65' lang='lat' dir='ltr'>Ctimz&#39;llus</span> <span class='ocrx_word' id='word_1_587' title='bbox 1669 2276 1716 2304; x_wconf 87' lang='lat' dir='ltr'>Pe.</span> <span class='ocrx_word' id='word_1_588' title='bbox 1760 2290 1796 2295; x_wconf 92' lang='lat'>—-</span> <span class='ocrx_word' id='word_1_589' title='bbox 1844 2274 1891 2311; x_wconf 80' lang='lat'>35)</span> <span class='ocrx_word' id='word_1_590' title='bbox 1919 2271 2019 2300; x_wconf 66' lang='lat' dir='ltr'>sllltc-</span> 
     </span>
    </p>

    <p class='ocr_par' dir='ltr' id='par_1_26' title="bbox 1076 2314 2018 2358">
     <span class='ocr_line' id='line_1_57' title="bbox 1076 2314 2018 2358; baseline -0.008 -10"><span class='ocrx_word' id='word_1_591' title='bbox 1076 2331 1146 2357; x_wconf 77' lang='lat' dir='ltr'>nae,</span> <span class='ocrx_word' id='word_1_592' title='bbox 1188 2321 1331 2358; x_wconf 42' lang='lat' dir='ltr'>Mycenae</span> <span class='ocrx_word' id='word_1_593' title='bbox 1366 2319 1414 2347; x_wconf 87' lang='lat' dir='ltr'>Pe.</span> <span class='ocrx_word' id='word_1_594' title='bbox 1448 2317 1566 2347; x_wconf 85' lang='lat' dir='ltr'>Putsch.</span> <span class='ocrx_word' id='word_1_595' title='bbox 1598 2318 1746 2345; x_wconf 85' lang='lat' dir='ltr'>Accentus</span> <span class='ocrx_word' id='word_1_596' title='bbox 1781 2319 1848 2344; x_wconf 86' lang='lat' dir='ltr'>sunt</span> <span class='ocrx_word' id='word_1_597' title='bbox 1886 2325 1921 2343; x_wconf 85' lang='lat' dir='ltr'>ex</span> <span class='ocrx_word' id='word_1_598' title='bbox 1954 2314 2018 2345; x_wconf 62' lang='lat' dir='ltr'>Pe„</span> 
     </span>
    </p>

    <p class='ocr_par' dir='ltr' id='par_1_27' title="bbox 1075 2355 2018 2402">
     <span class='ocr_line' id='line_1_58' title="bbox 1075 2355 2018 2402; baseline -0.005 -11"><span class='ocrx_word' id='word_1_599' title='bbox 1075 2368 1111 2391; x_wconf 91' lang='lat' dir='ltr'>ut</span> <span class='ocrx_word' id='word_1_600' title='bbox 1135 2373 1223 2402; x_wconf 86' lang='lat' dir='ltr'>supra</span> <span class='ocrx_word' id='word_1_601' title='bbox 1245 2361 1459 2397; x_wconf 86' lang='lat' dir='ltr'>indicavimus,</span> <span class='ocrx_word' id='word_1_602' title='bbox 1491 2360 1614 2398; x_wconf 83' lang='lat' dir='ltr'>recepti.</span> <span class='ocrx_word' id='word_1_603' title='bbox 1643 2376 1684 2380; x_wconf 97' lang='lat'><strong>—</strong></span> <span class='ocrx_word' id='word_1_604' title='bbox 1710 2357 1766 2397; x_wconf 82' lang='lat'>36)</span> <span class='ocrx_word' id='word_1_605' title='bbox 1789 2357 1882 2385; x_wconf 84' lang='lat' dir='ltr'>Verba</span> <span class='ocrx_word' id='word_1_606' title='bbox 1908 2355 2018 2391; x_wconf 59' lang='grc' dir='ltr'>Τίμων,</span> 
     </span>
    </p>

    <p class='ocr_par' dir='ltr' id='par_1_28' title="bbox 1078 2396 2015 2478">
     <span class='ocr_line' id='line_1_59' title="bbox 1078 2396 2015 2439; baseline -0.015 -4"><span class='ocrx_word' id='word_1_607' title='bbox 1078 2406 1156 2435; x_wconf 71' lang='lat' dir='ltr'>Nais</span> <span class='ocrx_word' id='word_1_608' title='bbox 1179 2405 1285 2434; x_wconf 81' lang='lat' dir='ltr'>desunt</span> <span class='ocrx_word' id='word_1_609' title='bbox 1306 2404 1338 2432; x_wconf 89' lang='lat' dir='ltr'>in</span> <span class='ocrx_word' id='word_1_610' title='bbox 1360 2405 1407 2435; x_wconf 86' lang='lat' dir='ltr'>Pe.</span> <span class='ocrx_word' id='word_1_611' title='bbox 1430 2404 1536 2433; x_wconf 84' lang='lat' dir='ltr'>lacuna</span> <span class='ocrx_word' id='word_1_612' title='bbox 1560 2402 1730 2439; x_wconf 76' lang='lat' dir='ltr'>significata.</span> <span class='ocrx_word' id='word_1_613' title='bbox 1754 2399 1832 2428; x_wconf 68' lang='lat' dir='ltr'>thila</span> <span class='ocrx_word' id='word_1_614' title='bbox 1855 2408 1940 2434; x_wconf 55' lang='grc' dir='ltr'>ηιιᾳε</span> <span class='ocrx_word' id='word_1_615' title='bbox 1964 2396 2015 2422; x_wconf 84' lang='lat' dir='ltr'>Go.</span> 
     </span>
     <span class='ocr_line' id='line_1_60' title="bbox 1529 2446 1658 2478; baseline 0 0"><span class='ocrx_word' id='word_1_616' title='bbox 1529 2446 1568 2478; x_wconf 83' lang='lat' dir='ltr'>M</span> <span class='ocrx_word' id='word_1_617' title='bbox 1587 2457 1621 2478; x_wconf 90' lang='lat' dir='ltr'>m</span> <span class='ocrx_word' id='word_1_618' title='bbox 1638 2446 1658 2469; x_wconf 85' lang='lat'>*</span> 
     </span>
    </p>
   </div>
  </div>
 </body>
</html>
