2263 2668
489 155 553 189 DE
579 153 966 189 SIGNIFICATIONE
993 155 1278 191 VERBORUM.
1337 157 1482 191 LIBER
1507 157 1616 193 XVII.
1948 160 2022 195 665

79 253 157 278 esset
178 248 293 290 efficiae
314 258 369 287 pro
392 247 522 289 effigiae,
558 248 670 276 factum
693 247 812 290 effictae.
857 247 1040 277 Glossarium
1064 248 1204 279 Scurram
1227 250 1442 289 interpretatur
1464 247 1627 290 δρακισῑήν
1651 254 1678 279 et
1704 249 1843 280 Scurrarz'
1865 252 2021 292 δρακίζειν.

79 292 201 320 Invenio
224 295 250 318 et
273 301 391 319 scurras
415 292 542 329 κοπρίας
565 291 671 319 dictos.
718 291 769 318 Dio
792 290 823 318 in
845 290 1010 319 Pertinace:
1049 295 1176 330 κοπρίας
1203 291 1287 329 τινάς
1317 292 1367 322 καὶ
1395 293 1615 334 γελωτοποιοὺς
1644 293 1779 332 αἴσχιστα
1807 293 1859 332 μὲν
1885 293 1920 325 τοὶ
1948 297 2022 336 εἴδη,

79 334 182 373 αἰσχίω
207 332 237 364 δὲ
260 330 294 363 τοὶ
317 330 450 372 ὀνόματα
472 333 522 362 καὶ
546 331 581 362 τὰ
605 331 819 372 ἐπιτηδεύματα
841 332 968 371 ἔχοντας.
1011 334 1117 363 Isidori
1141 336 1280 364 Glossae:
1304 334 1460 372 Scurrula,
1485 337 1536 376 qui
1556 336 1711 375 incopriat.
1755 336 1912 366 Suetonius
1934 338 2022 368 Clau-

79 375 128 405 dio
153 377 260 413 (e.8.):
299 373 446 404 Interdum
467 374 573 416 ferula
588 376 727 415 flagroue
747 374 823 404 velut
842 386 894 414 per
915 373 1017 404 ludum
1039 377 1228 406 excitabatur
1249 389 1267 406 a
1290 379 1408 417 copreis.
1453 378 1533 406 Haec
1555 383 1598 407 est
1620 382 1752 406 veterum
1776 383 1836 407 tam
1859 380 2023 418 antiquitus

79 427 274 454 excusorum,
309 427 396 456 quam
420 419 689 455 manuscriptorum
712 418 811 446 lectio.
855 417 969 446 Primus
993 419 1157 448 Beroaldus
1182 421 1303 460 Tropeis
1330 420 1417 458 legit:
1452 421 1553 459 inepto
1582 430 1678 450 sensu.
1723 420 1879 450 Turnebus
1905 420 2022 462 Capreis

79 470 117 489 ex
140 461 233 490 veteri
258 460 359 488 codice
382 459 605 496 animadvertit,
630 461 778 498 ignoravit
800 465 896 488 tamen
920 460 993 498 quid
1017 467 1114 490 essent
1138 463 1254 501 coprei,=
1280 467 1308 490 et
1330 467 1363 490 ut
1385 463 1557 492 sententiam
1580 473 1662 491 suam
1686 462 1837 500 adstruat,
1860 464 2022 504 interpun-

78 503 192 532 ctiones
219 503 321 531 tuibat
350 512 382 530 ac
404 502 568 532 confundit.
613 503 703 541 Atqui
729 501 831 541 Coprei
854 502 928 530 nihil
951 502 1047 539 aliud,
1086 514 1172 542 quam
1196 506 1337 540 Scurrae,
1379 506 1428 543 qui
1452 516 1504 544 per
1526 505 1630 534 ludum
1654 505 1824 534 excitabant
1847 516 1922 536 eum.
1968 509 2022 537 Cui

79 545 158 574 enim
181 546 229 574 alii
252 545 372 584 impune
395 545 542 580 licuisset,
578 545 634 573 nisi
657 545 790 574 scurris?
822 543 921 575 Scal.
966 545 1077 574 Verum
1100 548 1176 575 idem
1201 548 1346 585 Scaliger,
1386 553 1417 576 ut
1440 549 1469 576 in
1493 549 1553 576 suis
1577 549 1614 576 ad
1637 548 1783 576 Lucilium
1807 550 1884 577 notis
1906 553 2022 579 monuit

79 588 267 616 doctissimus
292 589 405 623 Douza,
427 586 505 615 hanc
527 597 608 615 suam
631 589 710 617 tertii
734 597 835 616 versus
859 587 1091 617 emendationem
1114 600 1199 617 verso
1223 591 1293 618 stilo
1318 591 1466 626 confodit,
1489 591 1519 619 in
1542 591 1664 629 eiusque
1686 591 1785 618 locum
1808 591 1978 620 substituit:

571 637 665 667 [molli
687 647 712 667 et
735 638 848 667 deliciis
870 646 895 667 et
918 637 1088 680 Lucifugae
1110 647 1196 680 atque
1219 639 1351 670 cinaedo.

78 690 228 729 Scriptum
257 690 333 718 enini
364 689 453 717 fuisse
482 689 654 717 autumabat
677 689 843 730 Lucif'ucae
866 700 920 727 pro
943 688 1113 730 Lucifugae
1135 700 1215 718 more
1239 692 1370 729 antiquo.
1406 692 1491 722 Dac.
1537 694 1682 721 Graecum
1706 702 1773 722 voc.
1797 693 1877 731 apud
1900 693 2021 723 Festum

79 733 235 771 legendum
260 742 321 761 esse
344 729 522 771 σκιρτάζειν,
548 732 576 760 in
602 732 678 760 notis
703 733 740 761 ad
763 733 922 770 marginem
944 732 1114 760 inferiorem
1138 734 1243 771 positis
1266 733 1328 762 dixi
1352 735 1501 773 pag.240.
1548 736 1655 763 Locum
1682 735 1785 763 Lucilii
1809 736 1851 763 sie
1874 746 1927 774 ego
1950 736 2021 764 scri-

79 775 207 805 bendum
231 775 383 804 existimo:

572 834 613 841 -—
659 833 698 839 --
742 834 783 838 —
817 816 965 848 Cornelius
987 817 1109 847 Publius
1131 827 1235 856 noster,

574 858 741 900 Scipiadem
766 858 849 897 dico,
882 868 1045 901 tempusque
1066 860 1203 890 interduit
1227 864 1320 902 ipsum

574 902 641 938 Oti,
668 910 693 931 et
715 901 852 939 delicias,
876 902 1027 944 lucifugae
1048 910 1136 942 atque
1158 903 1279 933 cinaedo

572 944 609 973 Et
630 945 768 974 sectatori
788 946 848 984 ipse
869 956 941 983 suo5
973 956 1030 985 quo
1053 947 1157 974 rectius
1180 945 1281 975 dicas.-

571 986 638 1016 Ibat
651 986 737 1027 forte
760 985 895 1024 domum,
921 989 1065 1027 sequimur
1087 987 1172 1016 multi
1194 997 1280 1028 atque
1292 988 1473 1030 frequentes.

80 1039 142 1068 Hoc
169 1038 243 1068 dicit
272 1044 366 1076 poeta.
412 1038 441 1066 Ρ.
465 1038 619 1066 Cornelius
642 1039 742 1076 Scipio
770 1038 880 1067 bonum
909 1039 961 1066 otii
989 1040 1033 1067 sui
1061 1043 1178 1077 tempus
1202 1049 1235 1067 ac
1260 1040 1379 1067 delicias
1401 1040 1589 1078 interpellat,
1625 1044 1657 1068 ut
1681 1038 1803 1067 cinaedo
1827 1048 1860 1066 ac
1883 1040 2021 1068 sectatori

78 1082 154 1111 adeo
177 1092 230 1110 suo
253 1081 381 1117 tribuat,
412 1086 444 1108 ut
468 1091 502 1108 eo
526 1080 641 1109 meliori
665 1082 727 1108 iure
748 1080 823 1109 illud
847 1081 978 1109 homines
1001 1082 1109 1109 iactare
1132 1083 1263 1120 possint:
1297 1081 1380 1110 Forte
1403 1081 1519 1110 domum
1543 1081 1619 1117 ibat,
1643 1092 1695 1110 nos
1717 1082 1861 1121 sequimur
1873 1080 2021 1121 frequen-

79 1132 127 1153 tes.
172 1124 260 1160 Quod
284 1123 385 1151 Festus
409 1123 507 1159 addit,
537 1128 653 1161 poetam
675 1123 839 1160 iurgiorum
864 1133 966 1152 caussa
989 1129 1105 1152 secutos
1129 1124 1226 1152 dicere
1250 1125 1375 1152 votuisse
1399 1135 1535 1160 scurras,
1566 1135 1625 1152 non
1648 1124 1684 1152 ob
1709 1129 1857 1152 assuetum
1880 1123 2021 1160 officium,

78 1167 107 1195 id
132 1167 252 1205 quidem
277 1175 313 1193 ex
336 1165 393 1193 hoc
416 1166 483 1194 loco
508 1177 566 1193 non
590 1171 729 1203 apparet,
757 1167 810 1193 nisi
835 1167 922 1194 verba
946 1177 1002 1206 quo
1026 1167 1129 1194 rectius
1152 1165 1236 1195 dicas
1259 1167 1316 1195 tale
1340 1168 1411 1205 quid
1436 1168 1592 1196 ostendere
1615 1171 1736 1196 statuas.
1776 1166 1910 1194 Ceterum
1933 1167 2022 1195 inter-

79 1208 142 1238 duit
165 1209 194 1238 h.
213 1209 231 1238 l.
256 1218 287 1236 ea
310 1209 453 1236 sententia
476 1209 606 1247 positum
631 1213 691 1244 est,
716 1208 758 1236 uti
783 1213 825 1237 est
848 1209 927 1247 apud
952 1210 1120 1237 Lucretium
1138 1209 1191 1244 tv,
1215 1211 1303 1240 866.:

571 1258 725 1298 Propterea
748 1259 864 1297 capitur
885 1258 982 1295 cibus,
1014 1266 1044 1287 ut
1066 1259 1219 1300 szffulciat
1243 1267 1323 1288 artus

572 1300 609 1329 Et
632 1308 735 1329 recreet
758 1302 831 1329 vires
854 1300 1034 1339 interdatur,-

78 1352 134 1380 hoc
158 1356 202 1380 est
224 1349 367 1379 interdum
391 1350 486 1379 datus.
530 1351 626 1380 Verba
650 1352 795 1390 intorquet
815 1352 844 1379 in
867 1352 959 1390 ipsum
985 1357 1108 1391 apparet
1133 1353 1217 1381 facile
1241 1353 1310 1381 oriri
1334 1353 1465 1391 potuisse
1489 1364 1524 1381 ex
1548 1353 1753 1381 INTERl)UlT
1777 1352 1905 1388 IPSUM,
1941 1350 2022 1389 quod

78 1404 164 1423 nemo
188 1399 231 1422 est
253 1394 323 1431 quin
346 1394 500 1431 intelligat.
533 1392 636 1429 Acleo,
663 1394 741 1431 quod
765 1404 818 1422 nos
843 1394 1011 1432 omisimus,
1035 1394 1109 1423 nihil
1133 1400 1176 1424 est
1199 1396 1256 1424 nisi
1280 1396 1572 1433 interpretamentum
1597 1406 1662 1424 voc.
1686 1397 1761 1436 ipse3
1785 1393 1846 1424 luci
1864 1405 1935 1433 agae
1952 1394 2022 1422 Sca-

78 1437 168 1475 ligero
191 1436 332 1471 debetur,
359 1441 390 1464 ut
413 1446 449 1464 ex
473 1446 560 1474 supp.
584 1441 674 1474 patet.

242 1477 364 1508 Secus-
411 1477 483 1506 Vide
507 1478 612 1507 Sf-Tus’·
652 1477 764 1506 Charis·
788 1478 871 1508 lib-I·
896 1478 973 1517 (pag.
987 1481 1037 1510 76.
1064 1479 1108 1508 ed.
1135 1479 1263 1518 Fabric.)
1289 1481 1328 1507 ait
1350 1491 1431 1508 secus
1454 1491 1506 1518 pro
1531 1490 1602 1508 sexu
1627 1480 1703 1516 dici,
1729 1485 1757 1508 et
1779 1477 1955 1507 adverbium
1979 1477 2023 1506 si-

77 1520 214 1560 gnificare
237 1519 331 1549 aliter.
376 1521 513 1549 Ceterum
538 1521 618 1558 quod
642 1521 750 1558 vulgus
775 1526 912 1559 usurpat:
944 1519 1034 1549 Secus
1057 1520 1141 1549 illum
1165 1521 1240 1558 secli,
1264 1521 1323 1549 hoc
1346 1527 1389 1549 est
1412 1522 1573 1550 secundum
1599 1523 1697 1557 illum,
1722 1526 1750 1550 et
1772 1521 1886 1549 fatuum
1910 1525 1938 1548 et
1959 1530 2024 1548 sor-

77 1563 179 1592 didum
203 1568 255 1591 est.
290 1562 369 1591 Haec
391 1563 450 1590 ille.
474 1563 559 1591 Ant.
582 1563 676 1601 Aug.
714 1563 779 1590 Non
803 1562 888 1591 aliter
911 1567 1025 1590 tantum
1048 1563 1210 1599 significat,
1235 1564 1287 1592 sed
1311 1565 1396 1592 etiam
1420 1566 1524 1600 iuxta,
1545 1576 1643 1604 prope,
1678 1564 1758 1592 Unde
1781 1563 1810 1591 in
1836 1563 1947 1591 Gloss:
1972 1561 2024 1590 Se-

77 1618 142 1642 cus,
167 1605 273 1643 ἑτέρως
295 1606 345 1634 καὶ
367 1607 509 1643 πλησίον,
533 1616 627 1641 secus,
651 1603 735 1632 aliter
758 1612 783 1632 et
803 1616 900 1643 prope.
926 1605 1010 1633 Dac.
1046 1604 1134 1633 Secus
1151 1605 1276 1644 Valgius
1296 1614 1389 1645 putat.
1422 1607 1493 1635 Cum
1514 1607 1632 1644 Valgius
1654 1618 1735 1635 secus
1758 1605 1844 1634 duxit
1868 1616 1882 1633 a
1907 1605 2023 1633 Graeco

77 1646 162 1685 ἑκάς,
193 1647 250 1675 hoc
273 1652 315 1675 est
338 1647 439 1685 longe,
475 1657 540 1675 eum
564 1657 596 1674 eo
619 1647 784 1684 respexisse
808 1647 1001 1682 crediderim,
1037 1648 1135 1685 quod,
1173 1648 1242 1676 duni
1268 1649 1333 1686 quis
1357 1649 1442 1677 aliter
1466 1650 1618 1688 quidpiam
1643 1650 1713 1677 facit
1759 1659 1844 1687 quam
1869 1647 1970 1684 debet,
2001 1646 2024 1674 is

78 1696 139 1720 tum
163 1690 199 1718 ab
223 1688 321 1718 officio
344 1699 397 1718 suo
421 1689 538 1718 videtur
562 1690 705 1718 recedere.
734 1687 841 1719 Idem,
875 1689 947 1718 Vide
969 1688 1075 1718 Sexus,
1125 1689 1229 1721 Goth,

242 1730 390 1771 Stipem.
437 1732 531 1760 Varro
556 1731 604 1759 lib.
619 1731 664 1759 [V⁴
689 1731 724 1759 de
750 1732 777 1759 L.
801 1732 829 1760 L.
856 1732 885 1758 in
911 1732 966 1760 fine
991 1729 1037 1770 (V.
1062 1734 1212 1770 pag-180.
1239 1730 1316 1772 5p.):
1354 1731 1425 1761 Hoc
1448 1733 1540 1772 ipsum
1566 1731 1740 1772 stipendium
1765 1743 1782 1760 a
1806 1732 1879 1770 stipe
1902 1730 2023 1767 dictum,

77 1772 158 1815 quod
179 1785 227 1802 aes
250 1784 363 1814 quoque
384 1775 486 1813 stipem
510 1773 654 1804 dicebant.
689 1773 766 1801 Nam
791 1773 870 1812 quod
893 1785 970 1802 asses
993 1773 1086 1802 librae
1104 1773 1203 1812 pondo
1227 1781 1322 1811 erant,
1346 1776 1397 1814 qui
1419 1783 1591 1814 acceperant
1615 1776 1753 1803 maiorem
1776 1785 1941 1808 numerum,
1965 1783 2024 1802 non

77 1819 107 1845 in
129 1827 199 1845 arca
221 1815 382 1855 ponebant,
415 1815 465 1845 sed
488 1818 516 1844 in
541 1815 641 1856 aliqua
665 1815 740 1845 cella
764 1815 929 1854 stipabant,
967 1815 999 1844 id
1022 1823 1061 1844 est
1085 1816 1312 1855 componebant,
1345 1828 1401 1856 quo
1425 1818 1520 1845 minus
1542 1816 1603 1846 loci
1625 1825 1789 1856 occuparet.
1831 1816 1865 1845 A
1887 1813 2023 1854 stipando

76 1860 176 1898 stipem
201 1857 296 1887 dicere
317 1866 478 1897 coeperunt.
523 1860 556 1887 Et
580 1868 664 1886 mox:
696 1866 721 1885 et
744 1859 794 1897 qui
814 1859 967 1897 pecuniam
993 1857 1099 1897 alligat
1124 1858 1260 1897 stipulari
1282 1866 1307 1886 et
1333 1858 1507 1898 restipulari.
1553 1859 1609 1887 Sed
1633 1859 1669 1887 de
1691 1858 1828 1899 stipulari
1851 1858 1934 1886 multi
1958 1856 2023 1884 dis-

77 1901 221 1937 sentiunt,
257 1910 384 1939 quorum
409 1901 457 1929 alii
481 1912 496 1928 a
520 1901 657 1929 sumitate
679 1900 816 1939 stipulari
838 1901 949 1929 dictum
971 1901 1094 1935 volunt,
1133 1902 1212 1939 quod
1238 1906 1351 1929 veteres
1375 1901 1490 1930 lirnium
1513 1901 1651 1930 dicebant
1678 1901 1825 1940 stipulum.
1869 1900 1926 1928 Alii
1955 1908 2023 1927 rure

78 1948 179 1972 natum
202 1943 325 1971 verbum
348 1943 452 1972 dicunt
475 1955 489 1971 a
514 1943 622 1982 stipula
646 1943 774 1978 scilicet⁷
813 1944 881 1980 quia
912 1945 940 1971 in
970 1944 1170 1971 contractibus
1200 1944 1320 1980 agrariis
1350 1945 1491 1982 stipulam
1517 1945 1668 1980 tenebant,
1705 1954 1779 1982 quae
1799 1947 1895 1971 totum
1919 1951 2023 1978 agrum

77 1990 301 2024 representaret.
333 1985 416 2021 Quae
440 1986 510 2014 mihi
535 1987 635 2024 potior
654 1986 809 2014 sententia.
832 1985 885 2013 Da
896 1997 919 2015 c.
954 1984 1137 2025 Stipendium
1154 1985 1250 2014 militi.
1281 1986 1409 2014 Glossis:
1435 1985 1618 2025 Stipendium
1643 1983 1778 2024 ὀψώνιον
1804 1982 2022 2025 στρατιωτικόν,

77 2027 190 2067 μισθὸς
212 2027 434 2066 στρατιωτικὸς,
460 2029 643 2067 σιτηρέσιον,
668 2027 867 2066 μισθωφόραι.
897 2027 1000 2056 Goth.
1035 2026 1187 2067 Stipulari,
1222 2029 1299 2056 Hinc
1321 2029 1474 2066 stipulatio
1499 2029 1626 2058 Glossis:
1653 2027 1849 2066 ἐπερώτησις,
1874 2027 2022 2057 ἷκανοδω-

77 2072 134 2101 σία.
165 2069 271 2098 Idem.
315 2071 381 2099 Non
404 2071 557 2109 probanda
583 2076 626 2098 est
648 2071 791 2099 sententia
817 2070 1000 2106 Doederhni,
1029 2071 1078 2108 qui
1100 2071 1185 2109 stips,
1212 2072 1313 2110 stipes,
1337 2072 1424 2110 stirps
1448 2071 1543 2099 omnia
1567 2071 1638 2100 llaec
1663 2071 1807 2099 vocabula
1832 2069 1919 2098 unius
1942 2070 2021 2097 eius-

77 2113 202 2151 demque
230 2112 339 2140 radicis
368 2123 430 2141 esse
458 2114 615 2142 existimat.
660 2113 749 2140 Nobis
777 2113 895 2150 quidem
926 2113 1068 2141 Indorum
1097 2123 1261 2141 sermonem
1294 2118 1418 2142 wlsi-om
1448 2114 1650 2142 scrutantibus
1678 2113 1792 2142 oblatae
1815 2117 1884 2140 sunt
1908 2111 2020 2140 radices

77 2156 190 2194 plures,
226 2164 300 2193 quae
330 2165 449 2184 caussas
474 2157 644 2184 Latinorum
674 2155 889 2184 vocabulmum
919 2156 1104 2184 diversorum
1134 2156 1264 2183 diversas
1289 2156 1445 2184 ostendere
1467 2156 1617 2186 videntur.
1664 2155 1792 2184 Primum
1818 2155 1936 2192 quidem
1959 2151 2018 2190 stYp

76 2199 105 2227 in
130 2207 248 2226 censum
272 2198 369 2234 venit,
401 2198 482 2236 quod
505 2198 650 2236 significat
672 2196 799 2233 stillare,
832 2198 911 2226 unde
933 2198 1021 2237 stips,
1053 2196 1138 2236 stipis
1162 2203 1189 2225 et
1215 2199 1432 2227 Deminutivum
1456 2197 1579 2238 stipula,
1609 2199 1732 2238 proprie
1754 2196 1881 2233 stillam,
1913 2194 2018 2223 deinde

77 2241 224 2269 minutum
248 2239 392 2277 quodvis,
423 2245 483 2269 tum
507 2250 658 2269 nummum
682 2241 924 2277 minutissimum,
954 2250 1011 2268 non
1036 2240 1111 2268 enim
1135 2242 1255 2269 omnino
1278 2251 1428 2269 numinum
1452 2240 1598 2278 significat
1618 2243 1706 2281 stips,
1732 2240 1784 2269 sed.
1807 2244 1949 2278 quatenus
1973 2235 2017 2263 dis

77 2283 217 2318 offertur,
241 2282 385 2311 mendicis
406 2282 508 2319 datur,
533 2292 569 2312 ex
594 2293 650 2321 qua
674 2292 705 2310 re
729 2283 918 2319 intelligitur,
947 2283 1116 2319 exiguitatis
1141 2284 1289 2312 notionem
1313 2285 1342 2312 in
1367 2283 1423 2311 hoc
1446 2283 1593 2312 vocabulo
1617 2284 1802 2322 praevalere,
1829 2278 2015 2318 quemadmo-

77 2326 148 2353 dum
170 2324 200 2352 in
224 2324 330 2361 κέρμα,
368 2325 448 2363 quod
471 2337 486 2354 a
511 2327 628 2363 κείρειν.
673 2325 770 2353 Altera
796 2326 881 2353 radix
905 2330 947 2353 est
970 2323 1054 2353 stabh
1077 2329 1106 2353 et
1128 2325 1228 2361 stublz,
1265 2326 1399 2363 firmum,
1434 2326 1567 2354 stabilem
1591 2336 1667 2362 esse,
1699 2325 1778 2355 unde
1802 2325 2016 2351 Germanorum

77 2366 159 2402 stab,
190 2367 360 2395 Latinorum
382 2371 488 2406 stipes,
523 2369 704 2396 Graecorum
729 2371 847 2405 στῖφος,
881 2369 1096 2396 Germanorum
1120 2369 1265 2397 adiectiva
1289 2368 1372 2409 steif,
1401 2375 1487 2403 steen,
1519 2368 1687 2397 Latinorum
1710 2369 1799 2399 stiva,
1824 2373 1891 2401 pars
1915 2362 2013 2392 aratri.

77 2409 176 2439 'l‘ertia
192 2409 278 2437 radix
295 2414 337 2438 est
353 2409 417 2448 stup
436 2416 463 2439 et
477 2412 557 2449 sulp,
584 2420 773 2444 coac-trram,
799 2411 929 2447 exigere,
957 2410 1033 2438 unde
1057 2410 1241 2439 descendunt
1262 2411 1384 2450 stipare,
1407 2409 1560 2450 stipulari,
1582 2419 1668 2450 stupa
1686 2411 1745 2439 sive
1762 2414 1880 2444 stuppa,
1907 2401 2013 2444 στύπη,

125 2459 291 2488 GRAMMAT.
311 2469 379 2488 mr.
402 2459 436 2487 ll.
1481 2464 1506 2495 P
1521 2474 1543 2506 p
1560 2474 1581 2506 p
1597 2474 1620 2506 p

1722 1673 1729 1686 7
