2263 2668
528 147 593 180 DE
619 143 1005 180 SIGNIFICATIONE
1033 142 1317 180 VERBORUM.
1370 143 1514 178 LIBER
1539 144 1615 179 XII.
1970 144 2046 180 519

96 250 158 274 tera
181 242 298 272 diversa
322 245 382 276 est,
404 239 498 268 manis
522 239 597 268 enim
620 249 677 278 pro
699 249 799 268 manes
822 243 866 267 est
888 237 1048 276 scriptum,
1072 236 1205 274 librarii,
1228 241 1261 265 ut
1284 236 1407 275 opinor,
1433 247 1544 268 errore.
1568 237 1656 267 Ant.
1679 237 1775 277 Aug.
1814 236 1954 274 Matuta,
1978 249 2043 267 ma-

95 297 160 323 nes,
190 297 275 315 mane
299 295 315 312 a
338 293 441 320 mano,
469 283 488 313 i.
509 292 532 311 e.
557 281 650 318 hono,
678 292 738 310 non
761 293 776 310 a
799 288 901 310 matre.
943 280 982 308 At
1004 280 1237 317 matrimonium,
1265 279 1509 321 materfamiliae,
1534 287 1702 318 matertera,
1728 280 1878 316 matrices,
1901 281 2043 318 materies,

94 338 156 358 non
181 339 196 357 a
219 338 306 356 mano
329 325 380 354 sed
405 335 421 353 a
443 332 537 353 matre
558 334 634 363 quae
656 324 767 353 Graece
791 321 902 362 μήτηρ,
925 322 1030 350 Dorice
1053 319 1158 362 μάτηρ.
1182 322 1269 351 Dac.
1302 322 1375 351 Vide
1399 332 1486 362 supra
1509 323 1540 351 in
1562 322 1701 352 Manum.
1738 322 1849 352 Glossis
1872 323 2043 354 Λευκοθέα-

95 371 179 401 Adde
201 371 326 399 Nonium
352 368 430 407 (pag.
443 370 494 399 66.
519 368 565 396 ed.
585 366 688 405 Mero.)
712 367 741 395 in
763 366 901 396 Manum.
947 362 1052 394 Goth.

261 409 380 441 Modo
409 408 578 450 quodam.
627 410 736 438 Paulus
764 409 842 437 Festi
870 407 960 437 verba
987 407 1094 443 refert;
1132 417 1206 445 quae
1234 417 1288 435 nos
1318 407 1471 436 dimidiata
1500 407 1676 438 invenimus
1704 406 1794 437 Ant.
1817 406 1913 447 Aug.
1956 408 2046 445 Lego:

95 453 196 485 Modo
218 452 347 495 quodam
371 452 403 482 icl
425 460 465 481 est
489 453 615 489 ratione,
645 463 664 480 a
685 450 773 481 modo
797 450 934 480 dicuntur
954 451 1012 479 ista
1035 449 1153 479 omnia:
1182 449 1377 479 commoditas
1400 455 1454 479 etc.
1498 450 1586 480 Dac.

657 543 1484 579 ADLIBRUMXII.

258 621 414 652 Naeuia.
458 621 573 651 Scribe:
612 619 720 651 Graeci
747 622 821 650 enim
844 620 946 660 νῆστιν
968 626 1128 649 extremum
1152 619 1316 648 intestinum
1342 617 1452 649 dicunt.
1492 619 1530 648 At
1552 619 1619 658 quis
1645 619 1763 657 ignorat
1785 628 1801 645 a
1822 617 1974 646 ieiunitate
1997 617 2043 646 di-

97 664 199 694 ctum'?
222 663 259 704 (A
281 661 414 703 νηστεύω
431 664 542 693 scilicet
564 664 675 701 ieiuno,
699 664 775 692 unde
799 668 826 692 et
840 661 951 692 Latinis
973 662 1098 691 ieiunum
1121 661 1238 690 dicitur.
1258 659 1362 699 Dac.)
1387 661 1496 690 Deinde
1513 662 1624 691 scribe:
1649 659 1831 691 Chordarum
1847 658 1952 689 ultima
1967 658 2042 699 νήτη

96 704 214 737 dicitur.
238 706 307 748 (Vel
330 707 416 736 etiam
441 703 544 746 νεάτη,
569 711 601 735 ut
625 712 669 735 est
692 707 770 745 apud
794 706 954 736 Platonem.
979 704 1079 742 Dac.)
1112 704 1294 733 Glossarius:
1320 703 1451 740 Naeuia,
1475 702 1594 740 ἀπονία,
1619 704 1734 743 ignavia
1757 703 1878 732 scilicet.
1915 702 1988 731 Nam
2012 706 2041 731 et

95 749 204 778 Naeuia
228 761 281 789 pro
304 749 433 788 ineptiis.
463 747 564 779 Scal.
610 748 725 778 Naenia
748 760 872 779 carmen.
917 748 1043 777 Multum
1066 746 1166 784 abest,
1197 747 1267 785 quin
1292 746 1395 775 festus
1418 748 1454 775 ad
1479 757 1582 775 verum
1605 747 1707 776 neniae
1730 750 1850 784 etymon
1873 745 2040 774 accesserit.

95 792 204 820 Neniae
226 793 404 821 Hebraicum
429 796 457 820 et
481 791 636 829 Syriacum
659 791 857 826 vocabulum,
881 802 941 819 non
965 789 1141 828 Phrygium,
1166 790 1246 827 quod
1270 794 1376 827 putant
1393 789 1591 820 Grammatici.
1624 791 1660 818 Et
1682 789 1833 828 planctum
1855 792 1955 823 sonat,
1978 787 2041 816 nini

95 835 173 863 enim
198 839 242 863 est
262 834 370 874 plange
393 834 472 873 apud
493 833 687 873 Prophetam‚
728 834 807 862 unde
831 839 860 862 et
882 833 1011 872 Phryges
1034 837 1062 861 et
1084 836 1152 871 post
1174 832 1241 860 illos
1266 832 1373 860 Graeci
1403 837 1514 861 veteres
1543 833 1684 870 νηνίατον
1712 835 1866 860 vocarunt.
1911 830 1955 857 Ab
1978 829 2040 857 illis

96 881 193 905 autem
217 877 384 905 nationibus
408 877 510 915 Syriae
534 887 644 905 morem
668 876 752 905 illum
775 876 972 915 praeficarum
994 875 1154 904 deductum
1180 884 1241 903 esse
1263 885 1348 904 nemo
1376 874 1507 912 ignorat,
1542 875 1596 903 nisi
1626 875 1676 913 qui
1698 874 1729 902 in
1751 878 1884 902 veterum
1906 871 2040 900 historiis

94 918 267 957 infrequens
291 925 342 949 est.
387 919 450 948 Imo
473 919 598 948 Hebraei
622 919 687 948 miri
709 920 865 961 θρηνῳδοί
887 919 1024 955 suerunt,
1056 918 1136 957 quod
1161 917 1266 946 crebro
1288 918 1319 946 in
1341 917 1555 957 prophetarum
1578 916 1661 946 libris
1685 916 1826 945 occurrit.
1871 914 1943 943 Vide
1967 923 2041 952 quae

93 961 210 990 utiliter
240 962 309 990 olim
340 971 430 1001 super
452 961 498 990 his
522 962 689 990 notavimus
718 962 748 990 in
779 962 976 991 coniectaneis
1006 961 1115 989 nostris
1144 961 1221 1000 (pag.
1238 960 1306 992 142.
1331 961 1395 997 St).
1427 959 1508 990 Scal.
1554 960 1609 988 Alii
1639 959 1674 988 ab
1703 959 1836 987 Hebraeo
1868 958 1918 986 nin
1941 955 2040 996 (puer)

93 1003 211 1032 neniam
235 1004 402 1041 deducunt,
432 1009 465 1033 ut
488 1004 526 1033 sit
548 1004 671 1044 proprie
696 1004 798 1041 nenia,
827 1004 946 1043 quidvis
970 1003 1100 1043 puerile,
1133 1008 1184 1032 aut
1207 1001 1245 1032 ad
1266 1013 1375 1041 pueros
1397 1008 1551 1042 spectans,
1581 1007 1615 1031 ut
1638 1002 1781 1030 cantilena
1805 1010 1880 1039 quae
1902 999 2000 1038 pueris
2024 1008 2039 1026 a

94 1045 261 1075 nutricibus
285 1047 404 1075 canitur
427 1052 458 1076 ut
480 1058 582 1076 somno
605 1052 800 1086 occupentur.
846 1047 957 1076 Arnob.
982 1047 1032 1075 lib.
1045 1046 1124 1075 VIL:
1161 1044 1265 1075 Somni
1291 1046 1365 1074 enim
1396 1046 1492 1085 quieto
1515 1044 1682 1081 solvuntur,
1717 1042 1912 1083 occuparique
1932 1049 1964 1070 ut
1985 1040 2041 1070 hoc

92 1089 221 1128 possint,
246 1087 322 1118 lenes
343 1088 508 1118 audiendae
529 1097 595 1118 sunt
617 1089 741 1118 neniae?
773 1089 844 1118 Inde
868 1091 949 1127 quod
971 1089 1000 1118 in
1024 1089 1126 1117 sunere
1148 1088 1303 1117 infantium
1327 1088 1487 1116 canebatur
1509 1088 1594 1116 nenia
1617 1088 1728 1115 dictum
1753 1091 1808 1114 etc.
1853 1085 1910 1113 Sed
1933 1084 2040 1113 verisi-

93 1130 193 1160 milius
217 1137 260 1161 est
282 1133 398 1160 neniam
422 1132 505 1171 prius
527 1132 564 1161 de
587 1137 676 1160 cantu
706 1132 822 1161 funebri
851 1132 959 1161 dictam
986 1132 1076 1160 fuisse
1102 1135 1130 1160 et
1153 1131 1259 1160 deinde
1282 1130 1318 1159 ad
1341 1131 1395 1159 alia
1419 1131 1553 1159 tralatam
1578 1135 1605 1158 et
1627 1130 1666 1158 ita
1690 1128 1750 1156 dici
1773 1132 1892 1166 coeptas
1915 1136 1962 1156 res
1985 1125 2041 1155 fri—

94 1171 178 1201 volas
201 1179 227 1202 et
251 1184 358 1212 nugas,
393 1175 565 1213 praesertim
592 1185 658 1203 cum
686 1186 780 1214 nugae
807 1179 836 1203 et
864 1175 1025 1204 mortuaria
1047 1174 1091 1203 sic
1118 1175 1241 1213 proprie
1271 1173 1447 1202 dicebantur
1477 1183 1554 1211 quae
1585 1172 1764 1200 canebantur
1791 1171 1821 1198 in
1853 1174 2041 1198 mortuorum

93 1214 223 1246 laudem.
260 1218 346 1245 Plaut
370 1217 501 1245 Asinaria
525 1217 593 1256 (IV,
620 1221 653 1253 1,
677 1217 755 1256 63.):
780 1215 866 1245 Haec
889 1224 954 1245 sunt
978 1228 1034 1246 non
1057 1228 1163 1256 nugae,
1186 1228 1245 1246 non
1267 1217 1342 1245 enim
1364 1214 1534 1246 mortualia.
1573 1215 1662 1251 Quod
1686 1213 1772 1243 etiam
1796 1213 1878 1250 origo
1901 1212 2041 1248 declarat,

93 1268 162 1287 nam
185 1270 280 1298 nugae
301 1259 477 1288 Hebraicum
502 1264 530 1288 et
552 1260 707 1298 Syriacum
730 1260 929 1296 vocabulum,
954 1260 985 1288 id
1008 1265 1093 1288 sonat
1114 1270 1277 1288 moerorem
1302 1257 1393 1297 (sicut
1416 1259 1501 1286 nenia
1525 1256 1707 1298 planctum),
1739 1256 1775 1285 de
1799 1255 1863 1283 aliis
1887 1253 2042 1294 quibusvis

93 1300 179 1329 tetris
202 1300 308 1337 rebus,
338 1307 365 1330 et
389 1301 504 1330 frivolis
528 1302 607 1330 dicta
631 1302 698 1332 sint.
722 1301 811 1331 Dac.
851 1301 975 1332 Naenia.
1014 1302 1119 1339 Magna
1148 1313 1216 1340 pars
1245 1302 1405 1330 verborum
1429 1300 1505 1329 Festi
1532 1301 1710 1338 intelligitur
1740 1309 1776 1328 ex
1799 1297 1883 1326 Pauli
1906 1298 2041 1336 epitome.

93 1343 196 1372 Cetera
219 1349 288 1372 sunt
310 1344 443 1383 exempla
466 1345 574 1382 quibus
592 1343 803 1372 ostendebatur
819 1354 923 1372 verum
941 1354 1020 1380 esse,
1044 1344 1125 1383 quod
1139 1344 1266 1373 dicebat.
1298 1344 1396 1372 Plauti
1413 1348 1455 1372 est
1471 1343 1595 1372 sortasse
1612 1343 1642 1372 in
1657 1341 1854 1371 Truculento:
1877 1339 1946 1368 hera
1961 1336 2042 1377 apud

94 1395 146 1414 nos
164 1381 245 1414 dimit
260 1385 406 1415 Naeuium
424 1384 459 1414 He
475 1385 566 1416 bonis.
582 1386 670 1416 Ant.
687 1386 784 1426 Aug.
813 1385 929 1414 Naenz'a
946 1394 987 1415 est
1003 1397 1133 1423 carmen,
1157 1386 1237 1428 quod
1259 1387 1290 1415 in
1302 1386 1413 1427 sunere
1435 1384 1581 1415 laudandi
1600 1385 1699 1425 gratia
1721 1390 1858 1414 cantatur
1874 1380 1915 1410 ad
1930 1380 2042 1418 tibiam,

93 1426 174 1468 quoti
196 1427 373 1457 vocabulum
395 1427 546 1469 Afranius
567 1429 597 1457 in
620 1430 780 1458 materteris
799 1429 915 1469 posuit.-
952 1430 1085 1458 naeniam
1108 1430 1182 1459 inter
1201 1431 1342 1470 exequias
1364 1427 1556 1458 cantitabam.
1603 1427 1677 1457 Sunt
1708 1427 1758 1467 qui
1787 1435 1818 1454 eo
1843 1423 1929 1453 verbo
1949 1424 2041 1463 finem

92 1469 256 1509 significari
284 1469 478 1502 crediderunt.
522 1470 648 1500 Plautus
662 1493 900 1501 ...........
914 1470 965 1499 ahi
987 1482 1054 1511 ergo
1070 1493 1260 1502 .........
1296 1470 1395 1502 Idem.-
1425 1470 1494 1500 huic
1516 1470 1628 1500 homini
1650 1469 1763 1499 amanti
1783 1478 1847 1496 mea
1869 1466 1937 1495 hera
1960 1465 2041 1494 dizit

93 1510 175 1540 domi
196 1519 223 1541 et
244 1512 326 1552 apud
348 1524 401 1542 nos
423 1514 558 1542 naeniam
583 1511 618 1541 de
641 1512 724 1542 bonis
745 1520 844 1542 mesto.
893 1512 1075 1551 Quibusdam
1100 1513 1210 1543 dictam
1232 1513 1346 1552 placet,
1377 1512 1458 1554 quod
1480 1514 1506 1542 ei
1527 1514 1594 1543 voci
1614 1510 1740 1541 similior
1761 1509 1940 1551 querimonia
1952 1508 2041 1549 flen-

92 1554 165 1583 tium
187 1555 234 1584 sit.
283 1554 411 1593 Quidam
435 1555 519 1584 aiunt
541 1556 663 1583 naeniae
686 1553 804 1584 ductum
828 1565 930 1582 nomen
952 1554 990 1583 ab
1013 1556 1138 1583 extremi
1161 1556 1291 1584 intestini
1310 1554 1473 1592 vocabulo,
1506 1567 1563 1596 quo
1585 1552 1730 1584 vocabulo
1753 1553 1844 1582 utitur
1866 1549 1990 1580 Plautus
2011 1549 2042 1578 in

91 1592 314 1625 Bacchidibus:
339 1596 375 1626 Si
397 1596 451 1625 tibi
472 1604 513 1625 est
535 1595 708 1633 machaera,
733 1603 765 1624 at
788 1595 871 1625 nobis
892 1597 1009 1625 vervina
1031 1603 1073 1625 est
1095 1596 1184 1628 domi.
1224 1596 1290 1635 Qua
1313 1596 1428 1637 quidem
1450 1609 1502 1637 ego
1525 1605 1552 1626 te
1573 1595 1711 1632 reddam,
1734 1594 1785 1624 ubi
1805 1605 1851 1623 me
1872 1591 2041 1628 irritaveris,

92 1637 303 1679 confossiorem
331 1640 461 1668 soricina
490 1640 603 1668 naenia.
650 1637 716 1667 Siue
744 1637 824 1679 quod
851 1649 914 1666 eam
937 1648 1035 1667 vocem
1048 1638 1155 1678 flendo
1177 1639 1341 1679 efferimus3
1378 1640 1452 1675 sive,
1490 1638 1571 1679 quod
1593 1637 1769 1668 chordarum
1791 1635 1912 1665 ultimas
1937 1633 2044 1664 Graeci

93 1676 185 1718 νήτας
213 1679 329 1718 dicunt,
367 1688 530 1709 extremam
562 1681 708 1710 cantionis
734 1691 833 1710 vocem
861 1680 899 1709 ab
925 1691 957 1709 eo
983 1682 1116 1709 naeniam
1139 1680 1336 1721 appellarunt.
1382 1681 1416 1709 In
1437 1680 1483 1709 his
1505 1682 1642 1710 videmus
1665 1680 1768 1708 Verrio
1792 1688 1843 1707 seu
1865 1678 1950 1706 Festo
1974 1677 2040 1716 pla-

91 1722 189 1756 cuisse
215 1732 253 1751 ex
280 1723 467 1760 quorundam
497 1723 642 1752 sententia
670 1723 805 1751 naeniam
834 1723 1000 1761 significare
1028 1723 1132 1760 finem,
1171 1723 1238 1752 ideo
1261 1723 1291 1752 in
1313 1724 1496 1753 Truculento
1519 1724 1657 1752 Plautina
1680 1722 1813 1751 naeniam
1837 1720 1929 1756 dixit,
1964 1719 2041 1747 idem

92 1774 171 1801 esse,
207 1765 291 1803 quasi
313 1775 482 1804 supremam
505 1765 597 1795 dixit:
634 1766 701 1795 vale
723 1766 808 1795 dixit.
853 1765 886 1794 lu
909 1765 1062 1804 superiore
1085 1767 1163 1794 enim
1186 1766 1354 1795 testimonio
1375 1766 1497 1803 mutilo,
1530 1766 1580 1794 illa
1603 1765 1695 1794 verba
1718 1763 1769 1793 abi
1789 1774 1857 1803 ergo
1879 1762 1967 1791 facile
1989 1761 2041 1790 de-

91 1807 223 1843 clu-ant,
259 1809 392 1837 naeniam
424 1809 521 1837 dicere
549 1809 628 1837 idem
658 1818 720 1838 esse
751 1819 786 1837 ac
814 1808 895 1838 abire
924 1809 1036 1838 iubere.
1081 1809 1269 1837 Manifestum
1299 1813 1395 1838 autem
1425 1809 1515 1837 verbs
1537 1808 1673 1837 Plautina
1703 1817 1739 1835 ex
1762 1805 1945 1835 Truculento
1967 1815 2041 1843 pro-

92 1850 183 1878 ducta
204 1859 281 1886 esse,
315 1861 390 1889 quse
412 1855 511 1880 tamen
535 1850 626 1880 hodie
649 1851 770 1890 sequius
792 1850 904 1880 habent
925 1851 982 1880 ita:
1016 1850 1100 1881 Huic
1121 1851 1234 1880 homini
1255 1852 1370 1880 amanti
1391 1862 1454 1880 mea
1477 1850 1546 1879 hera
1568 1848 1649 1891 apud
1671 1861 1724 1879 nos
1745 1849 1879 1877 naeniam
1903 1845 1984 1875 dixit
2006 1845 2041 1874 de

93 1891 185 1922 honis.
231 1892 304 1920 Nam
335 1894 508 1931 glossemata
532 1898 601 1922 sunt
623 1893 674 1922 illa
697 1892 779 1922 domi
800 1898 828 1922 et
849 1901 940 1923 mesto
963 1894 1000 1923 ed
1023 1894 1231 1932 explicandam
1254 1893 1440 1923 sententiam.
1483 1894 1575 1922 Nemo
1596 1898 1695 1922 tamen
1716 1891 1869 1929 negaverit
1891 1889 1977 1928 plane
1997 1887 2039 1916 ita

92 1934 163 1963 olim
186 1934 305 1963 Festum
327 1936 472 1975 scriptum
495 1937 665 1975 reliquisse,
702 1936 789 1965 sicuti
815 1941 844 1965 et
867 1937 915 1965 illa
939 1947 975 1965 ex
999 1936 1216 1974 Bacchidibus,
1248 1947 1323 1975 quae
1345 1936 1482 1975 proxime
1504 1940 1689 1974 sequuntur,
1720 1943 1796 1972 quae
1818 1937 1846 1961 et
1868 1932 1931 1971 ipsa
1955 1930 2040 1958 aliter

91 1977 122 2005 in
145 1977 256 2006 nostris
278 1978 500 2018 exemplaribus
521 1984 668 2018 concepta
689 1984 758 2008 sunt
780 1980 832 2008 illo
856 1989 961 2008 versu:
987 1978 1054 2017 Qua
1075 1978 1192 2019 quidem
1215 1990 1267 2018 ego
1289 1986 1316 2007 te
1328 1978 1466 2020 faciam,
1489 1979 1515 2007 si
1536 1990 1581 2007 me
1606 1977 1779 2013 irritaveris,
1803 1974 1852 2004 ubi
1876 1973 2039 2002 notandum

92 2019 122 2048 in
145 2018 282 2058 Epitome
305 2031 342 2049 ex
365 2020 483 2051 officina
504 2022 683 2050 mutilatoris
704 2022 755 2050 illa
778 2022 868 2050 verba
892 2021 1071 2060 deprompta
1095 2032 1172 2050 esse:
1201 2020 1308 2051 Graeci
1329 2022 1403 2050 enim
1426 2021 1512 2052 νέτον
1534 2028 1695 2050 extremum
1718 2017 1828 2048 dicunt.
1872 2016 1938 2045 Non
1961 2016 2039 2044 enim

91 2068 247 2091 essecutus
269 2069 314 2091 est
335 2063 414 2092 Festi
436 2065 729 2103 interpretationem,
753 2065 803 2102 qui
828 2070 927 2093 censet
950 2064 1084 2092 naeniam
1109 2074 1173 2093 esse
1195 2064 1425 2093 minutissimum
1446 2063 1635 2100 intestinum,
1659 2061 1739 2101 quod
1762 2059 1847 2088 aliter
1868 2058 1972 2087 hillam
1995 2058 2041 2087 di-

91 2109 181 2142 cunt3
210 2105 246 2134 ab
270 2115 304 2134 eo
328 2105 464 2136 Plautum
487 2107 600 2135 dixisse
623 2106 746 2147 (Bacch.
762 2107 816 2144 tv,
840 2110 876 2143 8,
899 2105 982 2141 48.):
1020 2105 1220 2148 confessorem
1243 2107 1374 2135 soricina
1395 2107 1519 2142 naenia,
1548 2105 1607 2135 hoc
1629 2109 1673 2133 est
1695 2108 1754 2132 tam
1778 2101 1946 2130 confectum
1969 2100 2039 2130 vul-

90 2146 228 2183 neribus,
267 2153 302 2176 ut
331 2158 368 2177 ex
400 2159 435 2178 eo
467 2149 539 2178 nihil
569 2150 806 2188 relinqueretur,
843 2149 927 2188 quod
954 2149 1026 2177 hilla
1056 2150 1183 2177 soricina
1215 2159 1276 2177 non
1305 2149 1447 2178 minutius
1475 2153 1559 2178 esset.
1603 2147 1661 2176 Sed
1683 2145 1819 2185 profecto
1842 2145 1873 2173 in
1896 2154 1931 2173 eo
1951 2143 2040 2181 longe

90 2198 190 2218 errnre
214 2190 331 2219 festum
355 2191 424 2220 alibi
445 2192 627 2221 docebimus.
671 2192 759 2228 Quod
784 2192 863 2220 infra
885 2192 1008 2228 legitur:
1050 2190 1118 2220 Sive
1139 2189 1219 2232 quod
1240 2202 1303 2219 eam
1325 2202 1423 2221 vocem
1447 2190 1548 2231 flendo
1577 2189 1740 2231 efferimus,
1778 2187 1855 2216 idem
1878 2196 1974 2226 prope
1997 2190 2039 2214 est

90 2241 159 2261 cum
183 2231 252 2270 illo,
285 2234 363 2272 quod
386 2235 525 2273 superius
548 2235 677 2263 dixerat:
711 2234 791 2273 quod
815 2234 840 2262 ei
862 2234 930 2262 voci
953 2233 1078 2263 similior
1100 2234 1233 2262 flentium
1257 2234 1441 2272 qucrimonia
1463 2234 1510 2263 sit.
1555 2232 1624 2260 Vult
1654 2231 1731 2260 enim
1761 2230 1896 2259 naeniam
1920 2227 2038 2266 ω’νομα-

89 2278 295 2312 τοποιῆσθαις
334 2277 413 2315 quod
446 2277 562 2306 scilicet
584 2278 687 2306 flentes
709 2277 852 2305 videntur
874 2287 937 2305 eam
960 2287 1066 2305 vocem
1089 2276 1211 2312 efferre;
1254 2281 1282 2305 et
1304 2287 1373 2305 sane
1396 2277 1465 2305 olim
1488 2275 1691 2305 adolescentes
1714 2273 1870 2302 docuimus
1893 2282 1954 2300 eam
1978 2279 2036 2296 vo-

90 2326 154 2347 cem
170 2318 206 2347 ab
219 2318 350 2347 Hebraea
366 2319 466 2358 lingua
485 2330 615 2348 manasse
632 2321 694 2348 sine
713 2320 775 2348 ullo
794 2329 918 2358 prorsus
934 2319 1040 2354 dubio,
1065 2319 1095 2347 in
1113 2329 1170 2358 qua
1184 2318 1257 2347 Nini
1273 2324 1315 2347 est
1332 2317 1455 2359 plange,
1475 2317 1598 2358 plange,
1621 2323 1671 2358 ’,Ἡ
1689 2323 1740 2357 ’.Ἶῆ
1756 2314 1835 2354 apud
1850 2312 2034 2351 Prophetam‚

89 2360 169 2389 unde
186 2365 213 2389 et
227 2360 359 2400 Phryges
376 2367 405 2391 et
420 2368 487 2402 post
503 2362 569 2391 illos
584 2362 688 2390 Graeci
705 2367 820 2392 veteres
834 2363 978 2400 νηνίατον
992 2366 1146 2390 vocarunt.
1174 2361 1217 2389 Ab
1233 2361 1291 2390 illis
1308 2366 1407 2391 autem
1424 2361 1593 2390 nationibus
1609 2359 1713 2398 Syriae
1729 2367 1838 2387 morem
1853 2356 1934 2384 illum
1949 2361 2035 2391 prae-

90 2402 213 2433 sicarum
234 2405 397 2434 deductum
421 2415 482 2434 esse
505 2415 593 2435 nemo
614 2405 746 2444 ignorat,
775 2405 832 2434 nisi
855 2405 906 2444 qui
929 2405 959 2433 in
982 2409 1117 2434 veterum
1140 2404 1276 2433 historiis
1300 2404 1470 2443 infrequens
1492 2408 1545 2434 est.
1590 2403 1652 2432 Imo
1675 2400 1801 2431 Hebraei
1824 2398 1891 2426 miri
1912 2400 2036 2435 θρηνῳ-
