2263 2668
504 91 568 124 DE
595 88 984 123 SIGNIFICATIONE
1013 88 1296 124 VERBORUM.
1358 90 1503 123 LlBER
1529 89 1588 124 Xl.

70 183 269 216 Molucrum
280 180 306 200 ³⁸
329 189 362 217 et
371 180 395 201 ³⁰
417 195 485 228 quo
514 184 625 216 molae
651 188 825 216 verruntur
834 179 869 224 ⁴⁴¹,
897 182 988 225 quod
1001 178 1024 198 ⁴¹

172 235 271 268 etiam
299 236 482 280 virginibus
508 236 655 269 incidere
682 235 766 267 solet
776 231 810 267 ⁴³.

172 287 279 320 vidae
311 285 491 322 mulieri⁴⁴.

1973 93 2023 128 99

1046 183 1170 216 Graeci
1192 179 1431 230 μυλήκορον42
1451 183 1583 222 dicunt;
1612 189 1645 216 et
1670 188 1782 217 tumor
1801 186 1940 227 ventris,
1967 188 2024 230 qui

862 234 1017 267 Afranius
1044 234 1202 280 Virgini,
1229 235 1352 278 inquit,
1380 239 1456 268 tam
1484 235 1608 269 crescit
1635 239 1771 278 uterus,
1799 247 1904 281 quam
1930 249 2022 283 gra-

551 287 753 320 ]llolucram
786 290 932 319 vocatur
964 286 1089 318 transit
1099 283 1124 303 ⁴⁵
1151 287 1226 319 sine
1261 285 1449 319 doloribus.

1508 287 1702 322 Molucrum
1735 287 1833 320 etiam
1869 287 1990 322 (licitur
1999 288 2023 308 ⁴⁶

172 338 299 383 lignum
328 340 500 382 quoddam
529 339 744 382 quadratum,
787 338 843 370 ubi
869 338 1067 370 immolatur.

69 397 171 431 Mola
199 405 338 432 vocatur
365 401 464 432 etiam
474 395 499 415 ⁴⁷
520 399 570 431 far
596 403 720 431 tostum
748 402 780 430 et
807 393 909 430 saleffi
930 408 1079 441 sparsum
1090 393 1124 437 ⁴⁹,

69 449 185 482 ,Moles
212 461 275 494 pro
302 451 530 495 magnitudine
558 450 628 482 fere
654 449 736 493 poni
762 449 855 482 solet.

173 553 278 585 datur.

70 612 293 646 Illummiarm
321 613 473 647 aedificia
500 624 518 644 a
546 612 713 644 Mummio
723 608 749 628 ⁵²
771 611 868 645 dicta.

69 663 227 698 Mundus
254 665 447 708 appellatur
474 664 626 706 coelum,
658 669 762 703 terra.
797 675 887 696 mare
915 668 947 696 et
974 673 1039 695 aer.

1166 397 1260 440 quod
1288 408 1329 430 eo
1357 397 1474 430 molito
1501 397 1629 430 hostiae
1657 402 1887 443 asperguntur.

908 448 977 482 Sed
1005 449 1122 482 moliri
1149 454 1181 482 et
1210 449 1401 482 molitiones
1427 460 1447 481 a
1474 449 1641 482 movendo
1669 455 1795 483 certum
1824 455 1873 483 est
1899 451 1974 484 dici.

70 500 201 534 Munus
227 502 390 546 significat
418 502 567 535 officium
577 498 613 541 ⁵⁰,
647 513 751 544 quum
762 497 786 518 ⁵¹
810 500 929 534 (licitur
955 501 1028 544 quis
1056 512 1193 534 munere
1221 500 1327 545 fungi.

1380 500 1466 533 ltem
1493 501 1636 541 donum,
1671 501 1763 544 quod
1791 501 1896 536 officii
1923 514 2022 536 causa

69 715 228 749 Mundus
255 717 352 748 etiam
380 713 532 748 (Ιίοὶῑιι153
556 720 688 748 ornatus
713 711 925 755 muliebrisffl,
960 715 1038 757 quia
1064 724 1130 746 non
1157 713 1239 745 alius
1267 718 1333 755 est,
1368 723 1468 756 quam
1496 714 1588 757 quod
1617 716 1744 747 moveri
1771 719 1891 759 potest.

70 766 228 800 Blandus
254 779 388 811 quoque
416 767 607 812 appellatur
634 768 740 800 lautus
751 763 775 784 ⁵⁵
799 772 831 800 et
857 777 968 811 purus.

69 818 219 851 Illum'tio
246 820 436 853 morsicatio
446 816 470 836 ⁵⁶
493 820 656 854 ciborum.

73 867 304 903 BIunerulis⁵⁷
326 872 379 904 lex
406 876 525 904 vocata
553 877 618 912 est,
660 866 759 913 qua⁵³
781 869 914 903 Cincius
942 868 1043 909 cavit,
1086 879 1126 900 ne
1154 869 1208 900 cui
1235 866 1353 899 liceret
1380 876 1496 899 munus
1524 868 1686 911 accipere.

1741 868 1876 901 Plautus
1886 881 1893 901 :

445 926 600 975 A‘equveffl
623 931 838 963 muner-alem
867 930 983 974 legem
1010 939 1121 973 neque
1131 923 1156 944 ⁶⁰
1179 927 1351 960 lenonium
1361 923 1397 967 ⁶¹,
1425 931 1560 972 rogata
1570 923 1595 944 ⁶²
1607 927 1740 972 suerit,
1767 940 1888 971 necne,
1908 929 2022 975 flocci

1146 979 1300 1012 aestimo.

70 1039 215 1073 IlIunem
242 1041 429 1085 significare
456 1049 582 1076 certum
612 1047 659 1075 est
686 1041 890 1080 officiosum,
931 1039 1020 1072 unde
1048 1035 1100 1072 e⁶³
1121 1040 1287 1073 contrario
1313 1038 1466 1070 immunis
1493 1034 1646 1071 dicitur⁶⁴
1672 1039 1727 1081 qui
1754 1040 1845 1072 nullo
1873 1041 2022 1087 fungitur

173 1091 296 1125 officio.

72 1151 197 1185 Alutae
224 1151 379 1185 dicuntur
405 1153 539 1194 literae,
567 1153 660 1195 quod
687 1151 816 1196 positae
843 1151 876 1183 in
903 1150 1024 1183 ultimis
1051 1150 1201 1194 partibus
1211 1146 1236 1166 ⁶⁵
1260 1148 1437 1190 orationis,
1473 1149 1705 1182 obmutescere
1732 1156 1856 1196 cogant
1879 1152 2022 1196 loquen-

171 1208 237 1246 tes,
283 1204 335 1236 vel
368 1204 461 1247 quod
496 1216 621 1249 parvae
655 1205 864 1249 exiguaeque
890 1202 952 1235 sint
979 1202 1087 1243 vocis,
1136 1207 1172 1234 ut
1197 1212 1302 1245 quum
1312 1196 1337 1217 ⁰⁶
1359 1203 1487 1234 mut'um
1516 1205 1682 1233 oratorem
1711 1207 1766 1234 aut
1776 1199 1800 1218 ⁶²

171 1254 321 1288 dicimus.

68 1313 224 1347 IlIultam
234 1310 259 1330 ⁶⁸
281 1313 371 1348 Osce
398 1313 464 1348 dici
491 1320 608 1360 putant
634 1326 789 1360 poenam.

1823 1204 2021 1249 tragoedum

68 1361 228 1398 Mullei⁶⁹
252 1366 357 1400 calcei
384 1378 502 1411 regum
529 1368 740 1401 Albanorum
766 1371 797 1399 et
823 1371 902 1412 post
927 1365 1146 1411 patriciorum
1173 1376 1193 1396 a
1220 1359 1428 1405 minandum,
1463 1363 1500 1395 id
1528 1368 1576 1396 est
1601 1364 1729 1396 suendo
1756 1364 1845 1398 dicti.

68 1416 313 1462 Multifariam
340 1417 493 1451 dixerunt
521 1420 664 1463 antiqui,
705 1418 796 1462 quod
808 1415 831 1435 ⁷¹
855 1419 887 1451 in
914 1419 1025 1451 multis
1052 1417 1137 1449 locis
1163 1416 1226 1448 fari
1252 1419 1401 1460 poterat,
1441 1414 1474 1446 id
1505 1420 1552 1447 est
1579 1415 1654 1448 dici.

70 1467 247 1502 Illulciber
267 1469 436 1503 Vulcanus
461 1482 479 1503 a
502 1471 687 1504 molliendo
714 1471 841 1504 scilicet
865 1471 955 1503 ferro
984 1470 1100 1503 dictus.

171 1520 284 1553 ouvius
294 1532 302 1553 ι

1156 1467 1312 1501 Mulcere
1338 1467 1423 1500 enim
1453 1467 1602 1508 mollire,
1631 1467 1698 1500 sive
1723 1467 1825 1501 lenire
1849 1471 1904 1500 est.
1955 1466 2024 1500 Pa-

447 1571 544 1618 Quid
571 1584 625 1606 me
651 1572 770 1606 obtutu
797 1576 926 1614 terres,
968 1572 1099 1605 mulces
1126 1567 1320 1603 laudibus?

73 1697 115 1703 —
136 1684 182 1719 35)
196 1682 326 1721 moneat]
343 1689 440 1711 monet
453 1683 486 1711 B.
507 1699 550 1706 -—
571 1685 620 1721 36)
632 1684 840 1723 velutpraecl]
857 1695 915 1713 om.
933 1685 989 1712 Gu.
1002 1688 1027 1716 1.

75 1740 112 1745 -—-
138 1725 186 1761 37)
209 1724 369 1763 ostentum]
389 1732 570 1754 ostentatum
588 1727 644 1757 Gu.
659 1730 687 1757 1.
711 1743 753 1748 --
774 1727 821 1766 38)
843 1728 1028 1765 ᾹῙοΙιιενιιηι]

75 1766 124 1794 Sic
138 1764 217 1794 hanc
233 1768 360 1805 glossam
382 1768 523 1797 exhibent
541 1769 628 1798 codd.
644 1775 672 1798 et
687 1770 755 1799 edit.
774 1779 818 1808 pr.
864 1770 1030 1808 Vulgalam‚

77 1818 152 1847 quae
168 1809 246 1838 Festi
267 1811 397 1838 continet
411 1811 519 1847 verba,
549 1812 618 1841 vide
634 1812 664 1841 in
683 1811 817 1849 schedis,
841 1822 914 1850 quas
932 1813 1030 1851 sequi-

76 1856 126 1880 tur
141 1851 216 1880 Scal.
238 1869 280 1873 —
302 1855 347 1890 39)
371 1856 407 1889 et]
431 1853 467 1882 (le
482 1855 513 1883 L.
526 1854 559 1884 B.
582 1872 624 1876 —
646 1854 691 1894 40)
717 1855 891 1894 verruntur]
915 1861 1032 1883 vertun-

76 1899 129 1921 tur
142 1893 176 1922 B.
199 1910 240 1915 —
261 1895 309 1930 41)
332 1895 428 1935 quod]
443 1903 468 1924 et
484 1897 567 1935 quod
580 1898 611 1925 B.
633 1914 676 1919 —
697 1898 745 1937 42)
770 1896 951 1937 μυλήκορον]
970 1908 1030 1934 my-

76 1936 195 1964 likoron
221 1936 258 1965 M.
287 1938 343 1966 Gu.
360 1941 387 1970 2.
438 1939 517 1977 vulg.
540 1937 693 1978 μύλικρον.
748 1951 805 1969 om.
830 1942 977 1969 Graecum
1000 1940 1030 1968 L.

77 1979 135 2007 Gu.
154 1981 178 2009 1.
200 1989 245 2017 pr.
269 1995 309 2000 —
332 1980 377 2017 43)
401 1981 531 2009 incidere
545 1982 636 2021 solet]
661 1984 733 2011 solet
752 1982 844 2013 incid,
861 1983 900 2011 M.
922 1998 964 2004 —-
986 1980 1031 2020 44)

78 2021 217 2060 mulieri]
242 2021 326 2060 quod
338 2022 406 2052 add.
424 2024 456 2052 B.
501 2024 658 2062 Coniungit
674 2026 813 2055 nimirum
829 2024 888 2053 hoc
906 2035 972 2053 cum
989 2034 1034 2052 se-

78 2068 192 2102 quentt.
213 2080 257 2085 -
278 2063 325 2104 45)
350 2066 482 2105 tramit]
503 2070 654 2096 transitus
674 2079 718 2107 pr.
740 2084 782 2089 -
805 2067 850 2106 46)
875 2069 966 2094 ettam
983 2066 1034 2094 di-

79 2105 170 2145 citur]
195 2105 309 2134 dicitur
326 2108 419 2135 etiam
433 2109 464 2138 L.
480 2109 513 2140 Β.
532 2110 570 2138 Μ.
593 2127 632 2131 —-
656 2114 700 2148 47)
724 2110 832 2146 cltum]
858 2120 914 2138 om.
932 2110 988 2139 Gu.
1008 2113 1034 2140 1.

78 2148 233 2186 Ceterum,
264 2154 296 2177 ut
321 2159 390 2186 nos,
419 2152 461 2179 sic
486 2152 572 2180 codd.
592 2158 620 2181 et
639 2153 708 2181 edit.
724 2163 768 2191 pr.
812 2152 900 2189 Vulg.
917 2152 984 2180 vide
1004 2152 1034 2180 in

79 2190 209 2227 schedis,
241 2202 316 2229 quae
331 2192 409 2221 Festi
433 2194 521 2222 verba
546 2194 695 2224 exhibent.
719 2211 761 2216 —
783 2189 830 2231 48)
853 2200 878 2222 ει
898 2194 978 2232 sale]
1004 2205 1036 2222 ex

78 2234 141 2261 sale
157 2234 186 2262 L.
213 2251 248 2255 -
275 2234 321 2274 ⁴5)
346 2235 498 2275 sparsum]
523 2248 680 2275 aspersum
693 2238 726 2266 B.
750 2253 789 2257 —
813 2234 859 2276 50)
883 2236 1034 2275 officium]

79 2287 136 2304 om.
159 2276 190 2306 L.
205 2276 235 2306 B.
253 2277 291 2304 M.
314 2279 369 2306 Gu.
387 2281 411 2309 1.
428 2281 455 2309 2,
479 2289 524 2316 pr.
556 2296 592 2301 —
625 2279 671 2319 51)
696 2278 805 2318 quum]
829 2290 921 2318 quom
941 2280 972 2307 B.
994 2295 1036 2301 —

78 2319 126 2354 52)
148 2320 313 2358 Mummio}
338 2322 439 2348 Lucio
455 2322 572 2350 Mumio
591 2322 622 2350 L.
653 2338 694 2343 —-
721 2321 767 2360 5))
791 2323 881 2350 etiam
904 2321 1034 2360 dicitur]

81 2359 196 2389 dicitur
216 2364 307 2390 etiam
328 2363 359 2393 B.
386 2380 428 2385 -—
449 2363 494 2402 54)
519 2364 691 2403 muliebri-9]
716 2365 854 2392 mulieris·
870 2365 902 2395 L.
924 2381 966 2387 -—-
989 2366 1034 2401 55)

1073 1681 1197 1721 lautus]
1221 1688 1247 1710 et
1270 1682 1376 1709 lautus
1395 1682 1427 1710 L.
1473 1682 1565 1709 eiiam
1588 1681 1695 1709 lautus
1712 1681 1746 1710 B.
1796 1681 1934 1710 Ceterum
1954 1680 2027 1709 haec

1075 1731 1117 1754 est
1132 1725 1215 1754 Pauli
1233 1724 1378 1762 epitome,
1403 1734 1490 1762 quam
1509 1734 1524 1752 e
1542 1723 1629 1752 codd.
1645 1728 1673 1752 et
1690 1723 1758 1754 edit.
1774 1723 1870 1762 princ.
1881 1723 2026 1752 dedimus.

1074 1768 1231 1806 Vulgatam
1247 1766 1324 1794 Festi
1345 1765 1413 1794 vide
1435 1766 1467 1794 in
1489 1764 1621 1803 schedis,
1653 1777 1726 1804 quas
1741 1766 1876 1804 sequitur
1887 1766 1963 1794 scal.
1987 1783 2026 1788 -

1075 1812 1120 1848 56)
1143 1808 1337 1846 morsicatio]
1361 1809 1558 1847 mortzszcatio
1573 1808 1605 1839 L.
1625 1809 1681 1838 Gu.
1695 1813 1722 1840 1.
1737 1819 1783 1848 pr.
1804 1809 1873 1838 Dae.
1916 1809 2028 1836 mersb-

1076 1854 1152 1880 tatio
1170 1858 1202 1879 at
1220 1851 1275 1880 cib.
1292 1851 1325 1879 B.
1368 1852 1539 1879 mor-citatio
1556 1851 1595 1880 M.
1618 1869 1658 1874 —
1680 1851 1725 1889 57)
1748 1850 1934 1890 Muneralis]
1955 1850 2029 1878 Mu-

1076 1895 1201 1924 nictans
1218 1894 1274 1922 Gu.
1290 1896 1317 1925 1.
1339 1910 1382 1915 —
1403 1897 1450 1930 58)
1474 1892 1551 1934 qua]
1577 1905 1668 1933 quam
1683 1891 1715 1922 L.
1733 1894 1790 1923 Gu.
1804 1898 1833 1926 2.
1851 1903 1897 1933 pr.
1923 1910 1955 1914 -
1984 1895 2028 1927 59)

1078 1937 1197 1976 Neque]
1223 1937 1286 1965 Nec
1300 1935 1332 1965 Β.
1378 1936 1470 1966 N'eL.
1517 1937 1585 1965 Neu
1599 1947 1644 1976 pr.
1668 1954 1706 1958 ——
1729 1935 1774 1976 60)
1798 1935 1906 1975 neque]
1927 1946 1980 1964 nec
1995 1935 2029 1963 Β.

1076 1997 1118 2002 ——
1140 1979 1185 2018 61)
1209 1978 1379 2017 lenonium]
1402 1980 1575 2008 lenonlnam
1591 1989 1638 2018 pr.
1660 1996 1702 2002 —
1723 1977 1769 2020 62)
1793 1977 1916 2018 rogata]
1940 1988 2030 2017 roga-

1077 2029 1129 2050 tus
1143 2022 1175 2050 L.
1219 2032 1294 2060 roga
1314 2021 1347 2050 B.
1368 2022 1425 2052 Gu.
1444 2025 1469 2053 1.
1491 2024 1519 2051 S.
1543 2039 1584 2044 —
1607 2020 1654 2062 63)
1677 2019 1708 2061 e]
1732 2026 1758 2050 et
1780 2021 1942 2061 praeponit
1964 2020 2030 2049 vul-

1078 2070 1161 2104 gata,
1190 2064 1241 2093 sed
1262 2075 1316 2094 om.
1342 2065 1430 2095 codd.
1454 2064 1525 2094 edjt.
1538 2076 1583 2104 pr.
1600 2066 1629 2094 S.
1651 2081 1693 2087 —
1712 2066 1744 2093 64
1785 2066 1930 2093 immunis
1951 2062 2030 2091 dici-

1078 2107 1148 2147 tur]
1174 2106 1231 2135 (lic.
1254 2108 1377 2138 immun,
1402 2107 1430 2135 Β.
1460 2125 1501 2131 -
1533 2106 1578 2146 65)
1598 2107 1742 2146 partibus
1786 2118 1843 2136 om.
1865 2106 1895 2137 L.
1918 2122 1960 2128 —
1983 2105 2030 2142 66)

1079 2149 1191 2190 quum]
1216 2160 1305 2189 quom
1322 2149 1355 2178 B.
1377 2166 1419 2172 ——
1442 2149 1490 2190 67)
1514 2149 1587 2189 aut]
1612 2161 1670 2180 om.
1690 2151 1722 2179 L.
1745 2166 1786 2172 —-
1809 2147 1855 2191 68)
1878 2146 2030 2184 Multam]

1079 2194 1128 2222 Sic
1150 2193 1245 2230 glossa
1269 2197 1313 2221 est
1334 2193 1364 2220 in
1386 2192 1473 2222 codd.
1495 2200 1525 2222 et
1547 2193 1615 2222 edit.
1633 2193 1730 2233 princ.
1777 2193 1853 2222 Scal.
1870 2202 1935 2221 cum
1951 2189 2028 2226 vulg.

1080 2235 1199 2265 exhibet
1212 2234 1290 2263 Festi
1311 2235 1402 2264 verba
1423 2236 1452 2264 in
1468 2235 1601 2272 schedis,
1625 2246 1697 2274 quas
1713 2235 1791 2265 vide.
1814 2252 1854 2257 -—
1876 2232 1920 2271 69)
1944 2229 2029 2259 Mul-

1079 2279 1128 2318 lei]
1153 2278 1202 2306 sic
1219 2276 1357 2306 exhibent
1373 2278 1501 2316 glossam
1519 2279 1606 2308 codd.
1623 2284 1651 2307 et
1667 2278 1736 2309 edit..
1755 2278 1849 2317 princ.
1892 2273 1968 2303 Scal.
1983 2281 2029 2300 re-

1081 2322 1160 2361 cepit
1174 2320 1252 2349 Festi
1268 2320 1359 2349 verba
1376 2331 1442 2349 cum
1459 2322 1540 2360 vulg.
1557 2333 1573 2351 e
1589 2320 1716 2358 schedis,
1740 2330 1814 2359 quas
1829 2317 1904 2346 vide.
1927 2331 1961 2336 —-
1982 2311 2027 2349 70)

1079 2362 1246 2402 millando]
1270 2363 1430 2392 mullando
1447 2365 1478 2393 L.
1493 2365 1531 2394 Μ.
1553 2381 1596 2386 -
1618 2362 1666 2404 71)
1689 2360 1790 2402 quod]
1811 2358 1947 2387 videlicet
1961 2352 2026 2382 add-

1542 2416 1614 2448 N*
