2263 2668
526 148 591 182 DE
617 147 1004 182 SIGNIFICATIONE
1032 145 1316 180 VERBORUM.
1366 145 1513 180 LIBER
1539 147 1595 182 XI.
1960 145 2033 180 501

82 245 162 285 quod
186 245 292 274 Graeci
315 241 440 284 γρύζειν.
476 242 674 270 Glossarium:
698 241 847 278 Mutium‚
870 237 936 281 γρύ.
972 239 1067 268 Etiam
1091 239 1120 267 in
1143 239 1292 268 idiotismo
1316 238 1458 276 dicimus,
1481 252 1515 268 ne
1537 247 1660 269 muttum
1683 238 1800 281 quidem
1823 237 1911 268 audet
1933 238 2036 269 dicere.

82 287 187 319 Scal.
226 286 340 316 IVIutire
364 286 443 314 idem
467 284 549 323 quod
571 295 708 314 mussare.
754 285 910 312 Lucillius:

619 326 682 355 Nec
705 324 830 355 laudare
852 325 996 355 hominem
1019 335 1109 364 neque
1131 335 1178 352 mu
1191 323 1300 365 facere
1321 335 1459 364 unquam.

81 372 142 403 Mu
174 377 272 401 autem
300 370 423 409 proprie
451 379 557 397 canum
587 374 646 404 est,
683 368 760 397 unde
790 370 893 397 mutire
921 368 1080 403 dicuntur,
1115 371 1150 394 ut
1169 377 1226 405 gru
1248 377 1427 405 porcorum,
1463 367 1513 406 qui
1534 367 1684 406 grunnire.
1716 366 1805 396 Dac.
1849 366 1924 396 Vide
1947 377 2035 405 supra

81 415 247 444 Amussim.
292 413 376 442 Adde
398 412 528 441 Nonium
550 412 581 440 in
604 410 744 440 Mussare
766 412 845 450 (pag.
858 413 930 442 427.
954 410 1068 446 Mem).
1117 408 1222 439 Goth,

247 463 411 494 Moenia.
456 463 513 492 Pro
536 463 637 491 munia
661 473 678 491 a
701 463 861 492 muniendo
885 467 916 491 ut
938 472 993 501 pro
1018 471 1133 497 murus,
1161 470 1284 489 moerus.
1330 460 1426 489 Verba
1451 461 1519 490 Attii
1543 461 1586 489 sic
1607 460 1679 499 legit
1703 460 1831 490 Merula:

659 529 703 535 —
745 530 787 535 -—
831 532 869 536 -«
915 511 1009 552 Signa
1032 510 1184 550 cac-templo

662 554 772 585 Canere
793 567 830 585 ac
851 554 908 584 {ela
931 555 968 584 ob
992 554 1106 583 moenia
1131 552 1251 595 adferre
1274 554 1406 592 imperat.

83 609 129 637 Ob
153 609 282 645 moenia,
304 608 324 636 i.
344 618 370 637 e.
394 608 432 637 ad
455 607 580 636 moenia.
625 606 700 635 Vide
727 605 795 646 Ob,·
825 607 939 635 moenia
962 617 1019 645 pro
1044 604 1141 633 officia
1164 605 1259 636 Plaut.
1285 605 1442 644 (Fragmm.
1466 615 1502 633 ex
1526 603 1728 644 Nervularia):

660 656 817 686 Prohibent
840 659 909 698 quin
933 657 1048 686 moenia
1070 655 1194 684 aliunde
1207 655 1331 698 fungar
1352 666 1426 685 mea.

81 710 125 739 lta
149 711 226 739 enim
249 709 390 748 legendus
412 708 462 737 hic
486 718 590 737 versus
615 713 648 737 ut
670 708 699 736 in
723 708 766 736 Al.
794 708 883 737 Dac.
917 707 954 736 El
977 707 1049 737 alia.
1088 707 1124 735 Et
1147 712 1271 735 caetera.
1304 704 1491 736 Nervularia.
1528 707 1650 735 Exstant
1672 706 1745 735 haec
1768 706 1799 734 in
1821 705 1924 735 Sticho
1947 706 2035 734 Plau-

82 753 154 781 tina.
184 752 316 792 Fungar.
346 753 478 790 Fungor.
506 750 612 780 Goth.
649 751 715 779 Non
739 751 770 779 in
793 751 895 780 Sticho
918 750 992 779 haec
1013 751 1216 780 inveniuntur.
1250 750 1292 779 Cf.
1314 749 1438 778 Taubm.
1463 749 1500 777 ad
1523 749 1666 787 Fragmm.
1691 749 1779 779 Nerv.

246 795 389 825 Moene.
413 794 473 835 (Ad
497 804 562 832 pag.
579 792 662 832 169.)
686 794 882 831 singulariter
904 804 960 832 pro
984 794 1108 822 moenia.
1133 792 1187 821 Da
1198 804 1223 821 c.
1262 791 1327 821 Per.
1360 793 1428 822 Pro.
1478 790 1581 821 Goth..

245 837 436 868 Murrina.
483 837 558 865 Vide
581 843 714 864 murrata
733 836 861 875 potione.
900 837 983 865 Hanc
1007 837 1144 874 antiquae
1168 834 1306 863 mulieres
1332 835 1479 863 Romanae
1502 834 1639 862 muliebri
1661 831 1858 876 ὖποκορίσμῳ
1881 831 2038 862 ηυινίοἷωη

81 880 296 918 indigetarunt.
318 879 408 910 Dac.
451 878 612 909 Murrlzina
634 879 748 907 Nonius
770 880 847 918 (pag.
860 879 953 918 551.).
992 879 1061 907 Dixi
1084 878 1120 907 ad
1142 878 1160 908 l.
1178 880 1226 909 16.
1275 875 1382 906 Gotlz.

247 921 432 961 Murgiso.
476 923 629 959 Tanquam
654 921 751 950 dictus
774 926 866 958 esset,
902 922 1056 951 Moriciso.
1101 921 1235 950 Isidorus
1258 920 1288 948 in
1311 919 1433 957 glossis:
1469 918 1624 958 IlIurgi50‚
1655 917 1800 954 callidus,
1829 925 2036 946 murmurator.

80 965 175 1003 Lego:
202 962 354 999 Callidus,
378 972 520 993 moratur.
563 963 654 994 Duc.

245 1005 555 1045 Illyrmillonica.
600 1006 702 1035 Potius
725 1011 809 1035 scuta
835 1005 944 1045 quibus
967 1006 1163 1045 gladiatores,
1189 1005 1395 1044 Myrmillones
1419 1004 1549 1039 scilicet,
1576 1003 1745 1032 utebantur.
1771 1001 1855 1031 Dac.
1900 1001 2037 1031 Murmi-

80 1047 189 1079 Ionica.
237 1047 343 1079 Goth.

246 1090 405 1132 Ilffyrtea.
450 1090 545 1120 Infra:
571 1091 623 1120 Est
639 1091 854 1129 fragmentum,
879 1092 958 1130 quod
982 1091 1115 1131 pertinet
1139 1090 1176 1119 ad
1198 1091 1315 1119 literam
1339 1090 1367 1118 S.
1391 1089 1427 1118 de
1451 1090 1511 1117 suis
1535 1093 1564 1117 et
1587 1087 1763 1116 necessariis
1786 1086 1963 1123 heredibus3
1987 1095 2038 1114 cu-

79 1133 127 1162 ius
148 1132 205 1162 hae
228 1138 333 1163 extant
354 1134 509 1172 reliquiae:
533 1156 540 1162 .
564 1156 570 1162 .
594 1155 601 1162 .
625 1141 654 1162 ut
676 1136 757 1173 patri
779 1146 831 1163 suo
854 1134 933 1163 heres
956 1135 1101 1163 existeret.
1131 1132 1168 1162 Et
1191 1141 1250 1162 iam
1274 1132 1352 1161 heres
1375 1140 1429 1169 est,
1453 1142 1558 1172 quam,
1583 1131 1607 1158 si
1630 1129 1703 1158 idem
1728 1130 1756 1158 in
1778 1136 1918 1168 potestate
1940 1127 2039 1156 aliena

80 1187 140 1205 non
160 1174 285 1217 fuisset,
311 1188 379 1205 suus
401 1176 497 1213 heres5
527 1183 557 1204 ut
578 1183 659 1215 patet
682 1187 722 1205 ex
744 1188 792 1214 eo,
822 1176 903 1218 quod
926 1178 968 1205 ait
992 1175 1137 1216 Sulpiiius
1160 1176 1189 1204 in
1212 1187 1246 1204 ea
1269 1175 1414 1211 oratione,
1445 1185 1532 1214 quam
1555 1171 1636 1201 dixit
1656 1183 1711 1212 pro
1734 1170 1871 1211 Aufidia.
1917 1170 2038 1209 Perspi-

81 1228 168 1246 cuum
190 1223 250 1254 est,
274 1219 356 1257 quod
379 1219 434 1255 ait,
460 1218 496 1247 de
520 1228 571 1255 eo,
602 1219 652 1257 qui
675 1219 705 1247 in
729 1220 918 1258 adoptionem
941 1220 1044 1256 datus,
1074 1230 1089 1247 a
1114 1223 1196 1257 patre
1220 1218 1362 1257 adoptivo
1387 1217 1590 1255 emancipatus
1614 1220 1664 1244 est.
1711 1215 1782 1243 Tam
1807 1213 1882 1242 enim
1905 1213 1930 1242 is
1951 1212 2038 1241 heres

80 1266 126 1290 est
148 1260 288 1289 beneficio
313 1262 476 1297 Praetoris,
516 1271 603 1299 quam
627 1261 650 1289 si
673 1262 704 1289 in
727 1262 824 1290 aliena
847 1266 993 1301 potestate
1014 1272 1073 1290 non
1096 1261 1219 1298 suisset,
1257 1271 1329 1289 suus
1351 1259 1437 1289 heres
1461 1260 1580 1287 futurus
1603 1262 1681 1295 erat,
1712 1257 1776 1286 iure
1799 1256 1894 1293 civili3
1927 1266 2037 1294 quam-

79 1314 168 1342 quam
192 1314 250 1332 non
274 1304 379 1341 ignoro
402 1304 433 1332 in
457 1303 601 1332 bonorum
625 1305 862 1342 possessionibus
886 1315 993 1334 nomen
1015 1304 1133 1333 heredis
1155 1305 1393 1342 καταχρηστικῶς
1414 1303 1495 1342 poni.
1530 1302 1654 1330 Praetor
1678 1301 1754 1328 enim
1776 1298 1915 1328 heredem
1939 1298 2038 1327 facere

78 1356 139 1375 non
163 1350 271 1385 potest.
295 1344 395 1375 Scal.
439 1345 511 1374 Mihi
535 1345 656 1384 quidem
679 1347 773 1385 ignoti
795 1353 866 1376 sunt
889 1348 987 1387 campi
1010 1347 1056 1375 illi
1078 1347 1187 1386 myrtei
1210 1347 1261 1375 ubi
1285 1346 1393 1374 Sardas
1416 1344 1570 1385 superavit
1593 1343 1737 1382 Papirius.
1760 1341 1849 1371 Dae.
1897 1341 1969 1370 Vide
1991 1341 2037 1369 in—

79 1389 125 1417 fra
151 1387 264 1418 Ovalis.

245 1429 430 1462 Mussau.
479 1430 500 1458 Α
524 1430 639 1460 Graeco
661 1428 760 1470 μύζω,
792 1431 901 1461 clausis
925 1432 1016 1461 labris
1040 1442 1054 1460 e
1076 1431 1198 1461 naribus
1222 1442 1328 1461 sonum
1352 1431 1452 1468 mitto,
1492 1430 1571 1470 quod
1595 1427 1846 1458 murmurantium
1869 1426 2034 1466 proprium,

78 1470 157 1512 μῦζω
180 1477 278 1502 autem
302 1484 318 1501 a
339 1476 388 1513 μῦ.
434 1473 523 1509 Quod
545 1476 618 1502 muti
644 1484 703 1502 non
727 1475 855 1513 amplius
879 1485 967 1513 quam
991 1477 1032 1514 μῦ
1054 1475 1170 1504 dicunt.
1214 1475 1309 1504 Varro
1333 1474 1385 1503 lib.
1399 1474 1450 1504 VI.
1475 1473 1639 1513 (pag.377.
1663 1470 1725 1510 Sp.)
1749 1471 1819 1499 inde
1841 1479 1971 1498 mussare
1993 1473 2037 1497 ta-

79 1516 137 1545 cite
159 1525 356 1545 murmurare.
399 1516 514 1545 Ennius
537 1517 649 1548 lib,VI.
675 1517 796 1546 Amat:
832 1516 915 1546 Intus
944 1518 974 1546 in
998 1516 1114 1546 occulto
1138 1516 1309 1546 mussabant
1332 1517 1368 1546 al.
1391 1516 1550 1545 mussabat.
1595 1515 1682 1552 Lege:
1721 1512 1845 1551 Quintus
1868 1513 1897 1540 in
1920 1509 2036 1540 occulto

78 1557 240 1588 mussabat.
286 1558 402 1588 Citatur
429 1558 488 1587 hoc
512 1559 712 1596 fragmentum
736 1559 766 1587 in
790 1569 864 1588 voce
887 1560 1035 1588 summissi
1057 1564 1086 1588 et
1107 1559 1143 1587 de
1166 1559 1278 1595 Quinto
1300 1559 1370 1588 Fab.
1394 1560 1472 1589 Max.
1497 1558 1632 1597 loquitur
1655 1557 1765 1585 Ennius
1788 1557 1838 1593 qui
1861 1553 1928 1582 ideo
1952 1562 2036 1582 mus-

79 1601 177 1638 sabat,
215 1601 295 1639 quod
317 1601 354 1629 de
378 1611 408 1629 se
431 1601 467 1629 ab
491 1602 626 1630 exercitu
650 1602 834 1630 removendo
859 1607 978 1629 senatus
1001 1601 1159 1638 cogitabat.
1191 1601 1282 1631 Dac.
1330 1600 1430 1640 Vulgo
1455 1612 1521 1630 vero
1542 1612 1598 1640 pro
1620 1607 1722 1628 iacere.
1761 1597 1963 1635 philargyrius
1987 1595 2035 1624 IV.

79 1644 186 1681 Georg.
210 1643 318 1682 (188.).
362 1644 510 1680 Massam,
540 1642 607 1680 hic,
639 1644 754 1682 inquit,
787 1648 973 1673 murmurant
996 1654 1070 1682 quae
1094 1654 1155 1672 vox
1177 1644 1302 1683 ponitur
1325 1648 1354 1672 et
1376 1644 1407 1671 in
1429 1644 1547 1672 tacendi
1573 1642 1788 1680 significatione
1811 1644 1844 1668 ut
1866 1638 1946 1678 apud
1969 1639 2035 1667 En-

80 1686 161 1714 nium
184 1686 214 1714 in
238 1686 345 1716 XVIL:

659 1727 729 1757 Non
749 1735 872 1767 possunt
894 1740 1023 1758 mussare
1045 1728 1116 1758 boni
1137 1729 1189 1769 qui
1205 1727 1297 1770 facta
1320 1726 1421 1757 labore

657 1770 738 1799 Nixi
759 1770 884 1800 militiae
903 1783 1043 1811 peperere.

80 1812 156 1842 Vide
179 1814 262 1843 Serv.
286 1812 323 1841 ad
345 1811 422 1841 illud
445 1813 511 1841 XII.
534 1813 655 1843 Aeneid.
679 1811 721 1851 (v.
733 1816 836 1854 657.):

659 1855 782 1885 Mussat
804 1867 860 1885 rex
882 1857 942 1895 ipse
964 1855 1103 1886 Latinus.

78 1898 112 1926 In
136 1897 188 1926 illo
212 1896 298 1925 Ennii
321 1907 410 1935 quem
432 1897 536 1926 laudat
556 1897 675 1933 Festus,
708 1908 794 1927 nemo
817 1903 861 1928 est
883 1899 935 1937 qui
959 1899 1074 1928 dubitet
1097 1898 1270 1937 legendum:

657 1939 726 1969 Non
751 1940 830 1970 decet
852 1941 901 1970 hic
923 1953 1051 1970 mussare
1074 1941 1173 1972 bonos.

78 1982 166 2011 Dac-
206 1981 272 2010 Vid·
295 1981 371 2010 ΝΟΠ-
392 1983 424 2010 5¹¹
449 1981 588 2011 Muswre
610 1983 774 2021 (pag-427.
798 1984 910 2019 Mero).
952 1985 1064 2013 Gloss:
1089 1984 1268 2019 Massiena,
1291 1981 1407 2023 γρύξαι.
1444 1980 1633 2011 Mussabant.
1671 1980 1831 2009 mussabat.
1878 1976 1981 2007 Goth.

242 2023 378 2054 Mucia
400 2032 518 2062 prata..
565 2025 667 2054 Livius
682 2026 735 2054 XI.
758 2027 856 2055 XIII.=
879 2026 983 2055 Patres
1007 2025 1038 2056 C.
1058 2026 1164 2056 Mucio
1185 2026 1302 2054 virtutis
1323 2035 1415 2055 causa
1439 2032 1520 2053 trans
1542 2023 1670 2052 Tiberim
1693 2033 1796 2063 agrum
1819 2019 1898 2050 dono
1919 2015 2030 2054 dedere,

78 2077 153 2106 quae
173 2073 275 2105 postea
296 2073 363 2095 eunt
385 2067 494 2096 Mucia
512 2074 602 2105 prata
625 2067 785 2107 appellata.
830 2069 921 2098 Dae.

242 2107 456 2148 Mugionia.
502 2110 595 2138 varro
625 2110 673 2141 lib,
689 2111 724 2139 V.
749 2111 922 2149 (pag.164.
947 2111 1031 2149 Sp.):
1064 2110 1219 2150 Mugionis
1241 2121 1259 2137 a
1283 2110 1403 2149 mugitu.
1450 2109 1542 2138 Solin.
1566 2110 1688 2147 cap.2.:
1725 2103 1915 2143 Mugioniam
1940 2113 2031 2141 supra

78 2160 221 2179 summam
244 2150 360 2180 Novam
381 2152 468 2180 viam.
504 2151 578 2181 Vide
601 2153 729 2182 Nonium
753 2153 848 2193 (Nihil
871 2155 908 2183 de
930 2154 1081 2191 Mugionia
1106 2157 1192 2191 porta
1215 2163 1261 2190 ap.
1285 2151 1384 2191 Non).
1409 2150 1510 2181 Fulv.
1537 2150 1615 2180 Uro.
1656 2147 1814 2186 Mugionia
1834 2153 1932 2185 porta.
1968 2145 2030 2174 ΜΘ-

78 2193 135 2221 lius
159 2193 254 2222 varro
278 2194 327 2231 qui
350 2194 400 2223 lib.
414 2194 462 2223 lv.
485 2195 517 2231 (Ι.
535 2205 563 2224 c..
586 2195 693 2233 legitur
715 2206 794 2224 nunc
816 2196 996 2232 Mucianis):
1026 2196 1183 2235 Il1u3ionis
1202 2202 1319 2234 portam
1343 2194 1455 2223 dictam
1478 2192 1562 2223 docet
1583 2203 1602 2220 a
1623 2191 1766 2230 mugiente
1785 2200 1903 2228 pecore,
1934 2186 1968 2216 id
1988 2194 2029 2216 est

78 2234 197 2265 bubulo.
241 2236 330 2271 Quod
360 2247 413 2275 per
441 2247 504 2265 eam
532 2237 569 2265 ad
600 2248 708 2275 pascua
738 2249 789 2266 sua
818 2239 986 2276 exigeretur
1014 2239 1051 2266 ab
1075 2239 1199 2276 antiquo
1223 2238 1352 2276 oppido,
1389 2237 1521 2265 Palatino
1543 2234 1672 2270 scilicet,
1708 2232 1760 2261 ubi
1783 2230 1912 2271 primum
1937 2232 2026 2258 Roma

77 2278 204 2307 condita.
247 2278 318 2307 Eius
340 2280 446 2308 verba:
479 2278 632 2308 Praeterea
655 2282 733 2309 intra
756 2292 854 2310 muros
877 2279 942 2310 ideo
962 2289 1066 2320 portas
1088 2279 1168 2310 dici.-
1196 2281 1227 2309 in
1247 2278 1362 2319 palatio
1389 2277 1539 2318 Mugionis
1561 2287 1580 2305 a
1602 2276 1730 2316 mugitu,
1755 2285 1814 2316 quo
1836 2284 1869 2302 ea
1889 2283 1976 2312 pecus
1997 2271 2026 2298 ἰν·

77 2318 248 2349 Bucitatum
271 2323 422 2361 antiquum
446 2320 586 2362 oppidum
610 2322 755 2362 exigebat.
798 2322 910 2351 Eadem
935 2329 963 2352 et
992 2324 1131 2362 Trigonia
1156 2327 1183 2351 et
1203 2330 1291 2361 porta
1314 2320 1430 2351 Palatii
1451 2319 1542 2350 dicta.
1585 2318 1679 2348 Dae.
2003 2352 2009 2360 .

242 2362 448 2403 Muginari.
494 2365 606 2393 Plinius
629 2366 658 2394 in
683 2366 865 2404 praefatione
889 2365 1019 2405 (§.18.):
1045 2365 1122 2394 Dum
1145 2366 1219 2401 isla,
1243 2371 1274 2393 ut
1297 2365 1341 2393 ait
1367 2363 1481 2399 Varro,
1503 2362 1705 2401 maginamur,
1726 2357 1862 2400 pluribus
1881 2355 1959 2402 boris
1979 2364 2024 2400 vf-

77 2405 178 2434 obrius.
218 2405 364 2435 Isidorus:
389 2405 582 2446 Muginatur,
605 2416 766 2438 caussatur.
792 2408 893 2439 Scal.
933 2408 1107 2448 D1uginari:
1131 2408 1265 2444 causari,
1288 2406 1486 2447 tergiversari,
1508 2415 1608 2434 moras
1630 2411 1747 2434 nectere.
1786 2401 1880 2429 Gloss·
1903 2395 2022 2426 1s1dor1:
