2263 2668
229 128 304 163 286
920 121 1144 157 MAXIMUS
1179 123 1469 158 VICTORINUS

579 380 1034 424 AXIMUS
1122 381 1900 428 VICTORINUS

481 384 530 426 M
2031 394 2163 443 [1955]

792 509 869 542 DE
931 509 1236 544 CARMINE
1294 509 1608 544 HEROICO.

226 651 258 684 1.
311 629 483 683 Metrum
526 649 572 679 est
606 646 654 679 rei
686 642 934 690 cuiuscunque¹
961 658 1121 680 mensura.
1174 646 1321 680 Mettum
1356 658 1435 679 vero
1462 647 1633 691 poeticum
1667 651 1714 681 est
1747 647 1954 682 versificandi
1981 648 2164 694 disciplina,

228 707 318 737 certa
346 700 545 744 syllabarum
573 708 612 731 ac
638 701 827 742 temporum
855 698 980 731 ratione
1006 698 1039 730 in
1068 698 1210 742 pedibus
1237 700 1419 731 observata.
1472 698 1554 731 Inde
1580 696 1716 732 autem²
1739 699 1863 733 dictum
1892 704 1957 742 est,
1985 701 2079 744 quod
2105 713 2165 735 ve·-

226 754 287 786 luti
313 761 497 785 mensuram
524 749 690 792 quandam
717 749 922 793 praestituat,
957 762 975 782 a
998 761 1064 792 qua
1088 750 1113 782 si
1133 750 1209 794 plus
1232 751 1377 782 mimisve
1405 750 1482 790 erit,
1515 761 1575 793 pes
1602 750 1668 783 sive
1694 761 1804 783 versus
1831 751 1963 784 minime
1991 753 2163 786 constabit.

227 805 290 838 Cui
311 802 485 846 rhythmus
514 806 560 833 est
582 801 772 842 consimilis,
800 801 855 844 qui
882 802 927 834 sic
955 801 1125 833 definitur:
1149 806 1196 833 est
1222 802 1399 834 verborum
1426 801 1612 834 modulatio
1640 806 1671 834 et
1697 803 1910 846 compositio,
1937 814 2004 836 non
2027 804 2164 838 metrica

225 857 366 894 ratione,
395 853 454 886 sed
481 853 608 885 numeri
635 853 800 886 sanctione
836 852 879 884 ad
907 852 1065 886 iudicium
1092 853 1219 885 aurium
1244 853 1444 896 examinata,
1477 853 1578 886 veluti
1613 857 1686 885 sunt
1719 854 1846 887 cantica
1877 858 2053 897 poetarum
2086 855 2163 888 vul-

223 908 363 952 garium.
418 906 513 948 Ergo
541 905 566 936 is
592 901 754 936 metrumss
780 915 846 936 non
874 908 938 944 est,
975 915 1036 936 nec
1071 909 1180 947 potest
1213 904 1282 937 ullo
1316 910 1417 948 pacto
1445 904 1536 937 idem
1564 915 1648 946 esse,
1684 904 1743 937 sed
1777 904 1845 938 hoc
1877 905 1975 938 distat
1999 918 2019 939 a
2045 911 2162 949 metro,

223 960 301 1001 quia
327 956 503 1000 rhythmus
531 967 592 999 per
619 952 673 988 se⁴
699 956 768 988 sine
793 960 898 987 metro
926 967 993 988 esse
1020 960 1145 999 potest,
1179 955 1245 987 sine
1273 955 1432 999 rhythmo
1461 960 1604 989 metrum
1633 967 1700 988 non
1728 960 1858 1000 potest,
1893 957 1985 999 quod
2007 957 2162 1001 liquidius

222 1011 266 1041 ita
294 1009 464 1041 delinitur:
488 1012 629 1040 metrum
657 1010 704 1039 est
730 1007 814 1039 ratio
843 1017 918 1039 cum
942 1007 1185 1043 modulatione;
1207 1007 1382 1050 rhythmus
1409 1007 1477 1040 sine
1504 1007 1630 1040 ratione
1657 1008 1794 1040 metrica
1820 1005 2030 1040 modulat105.
2083 1009 2162 1041 Ple-

222 1072 363 1103 rumque
389 1065 500 1091 tamen
523 1069 600 1091 casu
626 1058 773 1100 quodam
800 1058 943 1090 invenias
971 1059 1067 1090 etiam
1096 1058 1256 1091 rationem
1282 1059 1454 1091 metricam
1479 1059 1512 1091 in
1544 1058 1722 1102 rhythmo,
1756 1069 1822 1091 non
1856 1059 1985 1092 artificii
2017 1057 2163 1092 ratione⁶

223 1113 412 1152 observata,
440 1110 499 1142 sed
525 1115 604 1142 tono
633 1114 665 1141 et
692 1110 764 1153 ipsa
791 1109 1018 1141 modulatione
1044 1109 1194 1142 ducente.

386 1162 419 1197 2.
473 1162 535 1193 Pes
562 1165 609 1193 est
636 1161 833 1204 compositio
861 1161 1000 1193 duarum
1028 1161 1081 1192 vel
1104 1161 1217 1200 trium,
1246 1164 1301 1193 aut
1326 1157 1457 1204 aeque⁷
1484 1165 1625 1204 quatuor
1652 1161 1873 1205 syllabarum,
1900 1160 2081 1194 secundum
2107 1173 2161 1195 ra-

221 1214 345 1245 tionem
373 1213 421 1246 sui
441 1213 599 1255 cuiusque
626 1212 730 1244 metri.

783 1211 913 1244 Pedum
939 1223 1062 1256 genera
1089 1217 1161 1244 sunt
1184 1212 1271 1251 du0,
1300 1216 1355 1244 aut
1377 1212 1462 1245 enim
1490 1213 1655 1257 simplices
1682 1218 1766 1254 sunt,
1793 1218 1849 1246 aut
1876 1212 2037 1256 duplices·
2072 1213 2161 1246 Sim-

219 1265 359 1309 plicium
385 1264 510 1307 species
536 1264 654 1296 iterum
681 1267 753 1295 sunt
779 1263 881 1302 duae3
916 1263 1086 1306 dissyllabi
1114 1268 1146 1295 et
1170 1263 1340 1306 trisyllabi.

384 1315 563 1358 Dissyllabi
588 1320 661 1347 sunt
687 1320 844 1357 quatuor:
873 1314 1057 1358 spondeus,
1088 1314 1317 1358 pyrrhichius,
1344 1314 1539 1356 trochaeus,
1572 1315 1711 1347 iambus.

220 1367 304 1399 inter
330 1378 364 1398 se
391 1367 564 1408 contrarii,
598 1366 809 1411 pyrrhichius
842 1366 1010 1409 spondeo:
1045 1366 1206 1399 trochaeo
1233 1367 1369 1400 iambus.

219 1417 446 1462 pyrrhichius;
479 1418 567 1450 idem
603 1418 701 1450 etiam
734 1417 936 1457 tribrachus,
971 1418 1027 1461 qui
1057 1422 1088 1450 et
1114 1417 1246 1451 chorius
1279 1418 1436 1460 idemque
1463 1417 1648 1451 trochaeus.

708 1468 903 1502 Trochaeus
929 1469 1034 1513 longa
1059 1473 1091 1501 et
1116 1469 1229 1509 brevi,
1256 1475 1308 1509 ut,
1335 1469 1424 1510 vita,
1451 1469 1578 1503 Roma.

753 1520 904 1561 Iambus,
937 1532 976 1553 ex
1004 1520 1095 1552 brevi
1123 1525 1155 1552 et
1180 1521 1300 1564 longa,
1328 1525 1364 1553 ut
1389 1532 1511 1565 nepos,
1540 1521 1655 1554 Itonos.

219 1475 281 1501 stat
307 1469 433 1513 longis,
461 1473 497 1502 ut
523 1465 655 1501 heros-⁹.

220 1517 353 1562 vibus¹⁰,
382 1526 417 1552 ut
443 1520 569 1560 M'aro,
601 1519 699 1555 Cato.

1764 1315 1816 1348 Ex
1847 1314 1899 1346 his
1925 1313 2062 1357 quidam
2087 1318 2160 1348 sunt

1422 1366 1518 1399 Idem
1552 1372 1662 1399 autem
1697 1371 1746 1399 est
1779 1366 1968 1410 pariambus
1981 1362 2003 1406 Β,
2037 1365 2093 1409 qui
2127 1370 2160 1398 et

1701 1417 1878 1461 Spondeus
1913 1416 2041 1449 duabus
2076 1427 2159 1450 con-

1630 1468 1864 1513 Pyrrhichius,
1896 1468 2055 1501 ambabus
2078 1468 2158 1501 bre-

384 1571 416 1603 3.
468 1571 577 1604 Pedes
602 1571 763 1613 trisyllabi
789 1577 861 1603 sunt
889 1576 982 1604 octo:
1019 1571 1185 1614 dactylus,
1222 1576 1431 1616 anapaestuS,
1460 1572 1639 1612 molossus,
1665 1569 1867 1611 tribrachus,
1901 1569 1998 1603 item-
2027 1566 2157 1615 [1956]

220 1633 285 1665 que
310 1623 585 1667 brachysyllabus
612 1622 679 1655 sive
690 1619 711 1639 ¹¹
743 1623 960 1666 epiguomus,
994 1622 1257 1667 amphimacrus,
1284 1623 1341 1666 qui
1368 1628 1401 1656 et
1427 1623 1585 1665 creticus,
1613 1621 1892 1668 amphibrachus,
1924 1621 1992 1654 sive
2018 1621 2158 1663 mefites,

305 1757 331 1788 1)
366 1755 517 1795 Gaiusque
548 1757 668 1786 Pursch.
697 1757 929 1795 Cuiuscunque,
958 1761 992 1785 ut
1023 1757 1166 1795 dedimus,

221 1797 268 1825 Pe.
293 1797 347 1824 Go.
370 1813 409 1820 -
440 1802 466 1836 2)
491 1801 542 1827 Sic
560 1799 675 1827 (lictum
698 1800 745 1828 Pe.
767 1800 887 1829 Putsch.
911 1800 1013 1828 Paullo
1032 1805 1112 1838 post:
1146 1811 1166 1828 α

222 1849 283 1877 qua
303 1840 331 1865 si
356 1841 445 1877 quis
465 1842 538 1879 plus
561 1843 615 1871 Go.
646 1858 687 1861 —
716 1840 746 1881 3)
767 1843 850 1881 Ergo
875 1844 902 1870 is
928 1844 966 1870 in
994 1848 1084 1870 metro
1107 1854 1165 1871 non

222 1886 263 1909 esc
287 1881 334 1908 Pe.
358 1882 478 1910 Putsch.
493 1884 550 1912 Go.
566 1888 667 1912 contra
689 1886 863 1913 sententiam
883 1885 1090 1921 Grannnatici,
1114 1885 1166 1924 qui

221 1923 322 1962 paullo
338 1929 418 1960 post:
442 1926 505 1953 sine
517 1926 654 1964 rltjllzmo
671 1932 796 1954 metrum
812 1938 868 1956 ιιοη
884 1933 990 1965 pote-512
1015 1928 1089 1956 Tum
1104 1928 1168 1956 allo

217 1971 310 2004 pacto
333 1966 426 1993 inesse
446 1968 493 1996 Pe.
509 1968 628 1998 Putseh.
653 1969 764 2007 Scripsi
785 1969 862 1997 idem
882 1980 961 2006 esse,
985 1980 1169 2008 consequen-

222 2013 267 2036 ter
289 2008 496 2046 superioribus.
529 2011 594 2038 Ullo
617 2016 708 2048 pacto
733 2011 839 2039 absunt
861 2022 876 2039 a
905 2013 976 2041 cod.
999 2013 1051 2041 Go.
1078 2029 1120 2034 —-
1141 2011 1169 2051 4)

222 2052 280 2078 Per
305 2060 334 2077 se
356 2050 455 2078 addidi
476 2062 489 2080 e
505 2053 575 2081 Cod.
598 2053 652 2081 Go.
672 2069 714 2074 —
737 2052 765 2091 5)
784 2053 839 2081 Vv.
859 2057 981 2082 meirlca
1000 2053 1170 2083 modulatio

222 2092 324 2120 addidi
353 2102 368 2120 e
393 2092 465 2120 cod.
491 2095 545 2122 Go.
565 2095 607 2122 Cf.
628 2095 780 2123 Diomedes
799 2095 847 2123 [Π.
871 2106 935 2133 pag.
951 2099 1021 2128 470.
1046 2097 1170 2135 Rlffltlz-

224 2145 291 2162 mas
316 2140 357 2161 est
381 2145 483 2162 versus
504 2138 605 2174 imago
627 2136 850 2173 modulata,
874 2148 996 2166 seruans
1011 2150 1170 2167 numeram

223 2176 413 2213 syllabarum
435 2182 491 2204 cet.
525 2194 566 2199 -
602 2178 631 2213 6)
660 2178 796 2217 Arllsicii
822 2179 1024 2208 observatione
1048 2188 1169 2210 servata

225 2220 280 2247 Go.
305 2235 345 2239 -
368 2218 395 2257 7)
419 2220 520 2257 sle-(suc
541 2220 588 2247 Pe.
603 2221 723 2249 l‘utsch.
738 2221 847 2259 Aequa
864 2223 918 2251 (ιό.
944 2223 1104 2252 nelemlmu
1122 2225 1167 2253 vi-

224 2261 311 2289 detur
334 2259 393 2289 hoc
412 2262 550 2297 verbum,
575 2267 672 2290 ortum
689 2273 725 2291 ex
747 2274 838 2301 prava
863 2264 1015 2292 iteratione
1038 2267 1167 2303 syllabae

223 2305 376 2341 proximae
399 2303 429 2331 in
453 2310 596 2342 quatuor.
630 2320 671 2326 —
694 2309 719 2339 8)
744 2305 823 2333 Idem
846 2311 885 2332 cal
912 2309 1021 2343 quippe
1046 2308 1168 2336 lumbus

224 2346 271 2374 Pe.
296 2344 414 2374 Putsch.
439 2348 494 2375 (ἑο.
519 2347 602 2375 male.
630 2347 787 2375 Consentio
813 2348 965 2381 lhibnero,
990 2348 1088 2386 quiin
1119 2361 1167 2379 vv.

225 2388 331 2425 quippe
348 2388 466 2416 iambus
480 2389 571 2418 latere
590 2389 713 2428 putabat
722 2390 916 2428 pariambu-x,
946 2400 1110 2429 provocans
1131 2393 1169 2421 ad

1209 1758 1343 1788 Diomed.
1365 1758 1401 1788 II.
1426 1768 1489 1797 pag.
1510 1760 1581 1789 460.
1607 1763 1634 1786 et
1653 1757 1702 1787 111.
1726 1767 1790 1796 pag.
1811 1759 1884 1788 471.
1906 1756 2016 1785 Autem
2035 1755 2071 1784 de
2091 1764 2156 1784 meo

1210 1801 1321 1829 addidi.
1345 1801 1388 1831 Cf.
1411 1801 1496 1828 etiam
1518 1800 1615 1831 Schol.
1645 1801 1681 1828 ad
1698 1799 1907 1838 Hephaestion.
1927 1808 1994 1838 pag.
2020 1797 2088 1830 158.
2113 1798 2158 1828 ed.

1211 1843 1302 1871 Gaiss.
1317 1843 1366 1871 ubi
1383 1843 1438 1871 sic:
1462 1844 1520 1872 τῶν
1535 1841 1566 1872 δὲ
1580 1838 1781 1881 τρισυλλάβων
1801 1843 1918 1880 πρῶτος
1936 1838 1991 1879 μὲν
2011 1839 2029 1870 ὁ
2043 1843 2158 1880 χορεῖος

1210 1885 1227 1916 ὁ
1248 1885 1297 1916 καὶ
1314 1886 1480 1925 τρίβραχυς,
1505 1885 1535 1915 ἐκ
1552 1887 1641 1924 τριῶν
1656 1885 1811 1924 βραχειῶν.
1831 1881 1969 1921 Ἐκλήθη
1985 1880 2017 1912 δὲ
2031 1885 2156 1922 χορεῖος,

1212 1925 1257 1958 ὅτι
1279 1927 1311 1958 οἷ
1336 1926 1398 1957 ύπό
1430 1929 1490 1957 τῶν
1517 1924 1700 1967 χορευόντων
1724 1923 1863 1968 ᾀδόμενοι
1885 1924 1917 1955 ἓν
1943 1927 2008 1960 ταῖς
2029 1925 2158 1964 χορείαις

1211 1968 1303 2009 ὕμνοι
1318 1969 1359 2006 ὥς
1376 1969 1423 2000 ἐπὶ
1440 1967 1471 1999 τό
1482 1972 1619 1999 πλεῖστον
1634 1969 1665 2000 ἐκ
1679 1965 1824 1999 τοιούτων
1839 1967 2014 1999 συνίσταντο
2026 1966 2156 2008 μέτρων·

1211 2012 1247 2042 ‘O
1269 2011 1320 2042 καὶ
1341 2015 1477 2051 τροχαῖος
1499 2011 1548 2042 καὶ
1571 2009 1822 2052 βραχυσύλλαβος.
1857 2026 1900 2031 --
1939 2010 1970 2047 9)
2007 2009 2045 2038 Ut
2072 2009 2157 2048 pleni

1213 2055 1262 2084 Pe.
1282 2054 1400 2083 Putsch.
1423 2070 1464 2075 —
1489 2052 1531 2092 10)
1559 2055 1700 2092 Quatzwr
1722 2053 1858 2081 bra-ibus
1875 2052 2014 2081 mendose
2042 2051 2096 2080 Go.
2114 2067 2156 2073 —-

1214 2101 1257 2131 11)
1282 2097 1376 2125 Verba
1406 2096 1654 2133 brach-iaffllahas
1677 2098 1737 2123 sive
1759 2099 1947 2123 accesserunt
1969 2104 2005 2122 ex
2037 2093 2091 2123 Go.
2114 2108 2155 2114 —-

1213 2141 1261 2176 12)
1285 2139 1410 2168 Pessime
1436 2139 1482 2167 Pe.
1511 2143 1538 2166 et
1562 2138 1681 2167 Putsch.
1703 2138 1859 2166 Bacchius»-
1882 2138 1943 2164 sive
1966 2135 2155 2174 Amphibae-

1211 2182 1300 2209 chius
1312 2205 1318 2216 ‚
1344 2181 1451 2210 Paeon.
1479 2180 1603 2209 Conslat
1627 2186 1727 2208 autem
1741 2180 1877 2217 Dcttvilzcs
1892 2183 1946 2207 cet.
1968 2178 2001 2206 In
2017 2177 2087 2206 cod.
2099 2177 2152 2205 Go.

1211 2223 1260 2252 hic
1280 2225 1362 2252 locus
1383 2224 1423 2251 ita
1444 2227 1630 2262 comparatus
1652 2222 1793 2251 habetur:
1818 2220 1946 2249 bachius
1958 2221 2019 2248 sive
2032 2218 2152 2257 amphi-

1211 2266 1338 2294 bachius
1361 2276 1463 2304 peon
1480 2276 1502 2303 p
1512 2265 1610 2303 lrycu
1619 2276 1642 2294 S.
1672 2265 1794 2303 Singuli
1820 2265 1930 2302 quique
1954 2262 2060 2290 horum
2081 2264 2152 2298 quot

1211 2315 1267 2336 am*
1291 2306 1460 2337 cusu-smodi
1482 2308 1608 2346 qillaln's
1630 2307 1788 2335 constant?
1817 2305 1908 2334 Nihili
1933 2308 1977 2332 est
2000 2311 2150 2348 vacuam-.-

1206 2351 1428 2388 pltzflmcclzizcs3
1464 2355 1492 2378 et
1519 2349 1764 2388 palimbacchius
1795 2348 1830 2376 ad
1852 2346 2006 2375 bacchium
2021 2343 2150 2390 *adiungi

1212 2398 1240 2422 et
1255 2393 1390 2432 copulari
1410 2402 1471 2421 non
1484 2397 1583 2432 potest
1602 2392 1751 2432 particula
1766 2392 1837 2419 sit-c.
1859 2387 1976 2418 Excidit
1990 2386 2076 2423 igitur
2090 2384 2150 2412 ah-
