2263 2668
516 144 580 178 DE
607 142 998 178 SIGNIFICATIONE
1025 144 1310 181 VERBORUM.
1363 147 1509 182 LIBER
1534 147 1641 182 XVII.
1979 153 2056 190 699

101 231 280 270 halicarias,
303 233 436 264 Mimas
450 234 575 266 schoeno
593 235 738 266 delibutas
752 235 854 276 (coeno
874 233 963 265 delib.
976 237 1086 277 vulg),
1109 237 1293 269 servilicolas
1313 238 1461 270 sordidas.
1481 239 1569 271 Ant.
1591 240 1626 270 A
1632 252 1684 280 ug.
1717 241 1762 272 Ex
1775 241 1940 273 Clitellaria
1958 245 2055 277 Plauti

102 276 179 305 duos
202 275 255 304 hos
278 286 381 306 versus
404 278 514 308 citabat
537 280 654 309 Festus:

702 319 894 356 Diobolares‚
916 319 1133 360 schoeniculae,
1156 323 1319 354 miraculae

706 363 777 394 Cum
800 363 917 393 extritis
940 361 1023 400 talis,
1057 376 1122 394 cum
1145 365 1263 396 todellis
1286 366 1438 397 crusculis.

103 411 177 441 Vide
200 413 322 442 tertium
346 414 578 442 Coniectaneum
601 412 681 453 (pag.
698 415 767 447 134.
792 415 837 443 ed.
860 413 988 454 Steph.).
1022 414 1123 445 Scal.
1146 417 1208 454 Ego
1231 427 1317 454 vero,
1340 418 1396 446 nisi
1419 418 1617 447 intercederet
1639 418 1718 447 Festi
1740 423 1768 447 et
1783 418 1928 450 Varronis
1949 429 2054 453 aucto-

101 454 188 490 ritas,
221 456 371 485 crederem
396 457 533 485 Plautum
557 458 727 486 meretrices
749 455 950 487 schoeniculas
972 457 1018 485 vel
1042 457 1247 488 schoeniculas
1270 460 1396 496 dixisse,
1428 460 1507 499 quod
1531 461 1562 489 in
1585 460 1731 499 segetibus
1755 465 1783 489 et
1805 464 1938 501 σχοίνοις
1959 475 2053 506 usque

101 502 210 534 essent,
235 499 316 536 qnod
340 499 480 538 σχοίνους
502 506 647 537 perpetuo
671 500 811 530 colerent.
844 500 880 528 Et
903 499 979 527 infra
1002 499 1126 530 schoeno
1150 500 1294 540 delibuta,
1319 503 1400 541 quod
1423 504 1561 543 σχοίνους
1582 504 1706 533 olerent.
1738 503 1800 532 Nisi
1822 505 1923 543 potius
1947 508 2053 539 schoe—

100 538 200 568 nicula
224 541 298 569 male
322 542 469 580 seriptum
492 542 530 569 sit
552 551 607 579 pro
629 541 796 571 scoenicula
818 553 833 570 a
857 552 954 572 coeno,
1003 540 1129 572 Coenum
1158 545 1236 573 enim
1260 545 1377 574 Sabinis
1399 557 1550 583 scoenum,
1587 551 1619 574 ut
1644 557 1749 575 scoena
1770 556 1825 584 pro
1848 558 1939 578 coena
1961 561 2051 591 supra

101 581 182 620 apud
205 583 334 613 Festum.
358 584 447 613 Dac.
477 582 661 613 Diobolares.
690 586 716 613 A
738 585 815 613 binis
838 584 942 613 obolis.
975 585 1123 614 Pacuvius
1147 587 1243 626 (apud
1266 588 1401 626 Fulgent.
1425 599 1488 627 pag.
1502 588 1574 621 564.
1598 589 1722 627 Merc.):

698 652 740 658 —
783 652 824 657 —
867 652 909 657 ·-
952 635 1020 665 Non
1044 648 1094 675 ego
1118 638 1160 666 ita
1174 637 1231 679 fui

703 677 761 706 Ubi
783 689 859 707 nunc
880 685 946 706 sunt
968 680 1147 715 meretrices,
1179 679 1346 709 diobolares
1368 692 1449 709 suam

703 719 786 758 Quae
807 721 918 749 nummi
940 732 1029 750 causa
1050 724 1136 759 parvi
1155 721 1285 761 pendunt
1304 724 1445 762 gratiam.

99 767 190 799 Dac.
223 767 399 798 miraculae.
430 769 505 798 Vide
522 769 688 800 Miracula.
712 770 822 800 Idem.
867 771 937 799 Cum
961 772 1080 800 extritis
1102 771 1178 801 talis.
1214 773 1288 801 Vide
1312 784 1386 812 quae
1408 774 1438 802 in
1461 785 1535 803 voce
1562 773 1740 804 Crocotilum
1764 775 1843 804 dicta
1865 782 1943 806 suut.
1976 777 2051 808 Vide

99 815 127 839 et
151 809 329 841 Succrotila.
353 810 463 842 Idem.
501 811 657 842 Alicarias
680 812 827 855 reliquias.
862 814 1011 853 Reliquias
1035 814 1235 844 alicarioruni.
1267 815 1342 844 Vide
1363 815 1529 846 Alicariae.
1554 816 1661 846 Idem.
1699 816 1904 856 Servilia-olas,
1926 819 1984 848 hoc
2007 825 2051 849 est

100 853 181 891 quod
204 854 281 882 idem
305 853 416 883 ibidem
439 854 572 884 subiicit:

699 897 886 927 servolorum
908 897 1125 928 sordidulorum
1149 908 1248 930 scorta
1271 899 1447 930 diobolaria.

100 944 210 976 Idem.
243 947 316 975 Vide
338 957 429 987 supra
453 948 483 976 in
505 947 659 979 Prosedas.
704 947 814 978 Idem.

264 996 412 1028 Scor-ta.
455 999 523 1028 Vid.
548 999 642 1028 Varro
665 999 779 1030 lib.V1.
803 1000 840 1029 de
864 1001 895 1029 L.
915 1001 944 1030 L.
969 999 1043 1040 (VII.
1067 1000 1202 1040 9362).
1230 1002 1315 1030 Ant.
1339 1002 1434 1042 Aug.
1482 1001 1576 1031 Varro
1599 1001 1649 1031 lib.
1664 1002 1711 1031 VI.
1735 1002 1810 1041 (VII.
1835 1013 1863 1041 p.
1876 1005 1947 1035 362.
1971 1004 2049 1044 Sp‚):

99 1037 233 1068 Scortari
261 1048 302 1069 est
329 1043 445 1081 saepius
472 1040 686 1071 meretriculam
715 1041 832 1080 ducere,
868 1054 942 1083 quae
969 1042 1051 1072 dicta
1072 1054 1090 1071 α
1110 1042 1194 1082 pelle.
1239 1042 1276 1072 Id
1304 1045 1379 1073 enim
1410 1056 1467 1074 non
1496 1044 1590 1074 solum
1615 1045 1730 1084 antiqui
1752 1043 1889 1075 dicebant
1910 1054 2049 1085 scorium,

98 1080 148 1109 sed
176 1083 342 1112 etiamnunc
371 1083 497 1113 dicimus
525 1092 638 1113 scortea
667 1096 716 1122 ea,
752 1096 826 1125 quae
854 1096 894 1114 εει·
924 1086 1004 1115 corio
1033 1092 1058 1114 et
1083 1084 1211 1124 pellibus
1238 1094 1303 1115 sunt
1323 1086 1427 1127 facia.
1473 1086 1547 1116 Inde
1570 1088 1599 1116 in
1622 1085 1736 1126 aliquot
1758 1088 1852 1116 sacris
1873 1098 1912 1118 ac
1932 1089 2051 1119 sacellis

97 1124 237 1163 scriptum
266 1124 419 1161 habemus,
456 1138 490 1155 ne
517 1125 590 1167 quid
616 1134 759 1156 scorteum
782 1126 969 1162 adhibeatur,
1007 1126 1072 1157 icleo
1096 1139 1130 1157 ne
1152 1129 1337 1158 morticinum
1359 1128 1433 1169 quid
1454 1128 1543 1159 adsit.
1590 1128 1624 1158 Ῑη
1646 1128 1799 1159 Atellanis
1821 1128 1889 1159 licet
1910 1130 2050 1165 animod-

97 1174 204 1196 vertere
225 1169 349 1197 rusticos
373 1167 468 1198 dicere
488 1181 518 1198 se
540 1167 705 1198 adduxisse
724 1181 780 1209 pro
802 1177 899 1200 scorto
919 1168 1101 1209 pelliculam.
1146 1170 1235 1200 Duc.

264 1209 459 1240 Scandula
471 1222 520 1242 ca.
566 1212 655 1247 Quod
679 1213 851 1242 scandendo
874 1213 974 1251 fruges
996 1217 1091 1241 necat.
1132 1213 1227 1251 Vulgo
1250 1212 1422 1243 orobanche.
1461 1214 1618 1243 Turnebus
1641 1214 1712 1252 legit
1735 1212 1928 1245 Scandulata.
1959 1215 2048 1246 Duc.

98 1250 142 1279 Cs.
166 1252 389 1289 Di00c0rsd.11‚
415 1257 485 1285 172.

263 1294 527 1335 Scaptensula.
572 1297 662 1333 Lege:
688 1295 869 1335 Scaptesula.
906 1295 1108 1336 Σκαπτησύλη
1134 1297 1284 1336 Stephano
1309 1302 1337 1326 et
1360 1297 1529 1335 Plutarch„
1553 1299 1604 1337 qui
1628 1299 1659 1327 in
1682 1297 1826 1335 Thracia,
1847 1309 1908 1328 nou
1930 1299 1962 1329 in
1984 1300 2050 1330 Ma-

98 1335 221 1364 cedonia
251 1343 375 1375 ponunt.
422 1338 509 1376 Apud
533 1339 650 1367 Lucret.
671 1337 740 1377 (VI,
764 1337 850 1379 810.)
881 1338 1054 1380 Scaptesyla
1086 1351 1193 1370 nomen
1216 1340 1354 1378 generale
1377 1346 1420 1370 est
1442 1343 1500 1371 τῶν
1523 1341 1696 1379 μεταλλείωυ
1719 1350 1771 1369 seu
1794 1340 1962 1371 fodinarum
1983 1352 2049 1372 me-

97 1378 297 1415 tallariarum,
320 1390 425 1419 nempe
448 1381 566 1409 materia
591 1381 716 1417 fossilis,
740 1391 882 1409 vocamus
906 1388 978 1410 terre
999 1381 1035 1410 de
1056 1384 1151 1421 mine,·
1175 1380 1315 1413 σκάπτειν
1328 1382 1440 1424 sociere
1462 1388 1491 1412 et
1513 1381 1567 1422 ὕλη
1589 1383 1721 1412 materia.
1763 1382 1854 1412 Dac.

261 1420 391 1461 Spara.
437 1423 573 1452 Glossae:
598 1423 710 1463 Sparus
732 1421 812 1459 εἶδος
834 1421 987 1454 ἀκοντίου.
1020 1425 1111 1454 Varro
1136 1426 1215 1463 apud
1235 1426 1371 1454 Servium
1395 1426 1474 1464 (pag.
1487 1428 1559 1457 678.
1578 1425 1623 1455 ed.
1644 1425 1746 1464 l)an.)‚
1772 1425 1822 1463 qui
1846 1429 1890 1455 est
1911 1426 1943 1455 iu
1965 1426 2050 1456 sche-

96 1462 155 1491 dis:
179 1462 319 1502 Spamm,
343 1463 468 1502 missile,
491 1477 509 1494 α
529 1465 660 1505 piscibus
684 1464 774 1495 ducta
797 1465 1004 1503 similitudine,
1029 1468 1080 1506 qui
1101 1466 1190 1506 Spari
1211 1475 1363 1499 vocantur.
1388 1467 1490 1498 Scal.
1529 1468 1616 1506 Apud
1634 1468 1727 1496 Lucil.
1768 1467 1825 1497 Sed
1848 1478 1904 1506 pro
1926 1469 2050 1499 murices

96 1506 319 1536 rescribendum
342 1508 480 1544 rumices,
506 1518 575 1537 nam
599 1513 628 1537 et
650 1518 741 1546 snpra
763 1508 793 1536 in
816 1506 939 1537 Ramex
960 1508 1041 1537 hunc
1065 1510 1169 1538 Lucilii
1192 1510 1293 1539 locum
1316 1511 1418 1539 laudat
1440 1511 1552 1540 Festus.
1598 1510 1670 1539 Inde
1693 1509 1742 1538 hic
1766 1515 1851 1539 natus
1873 1520 1971 1546 error,
1995 1522 2050 1550 po-

96 1552 203 1577 strema
227 1550 342 1578 scilicet
364 1551 447 1578 litera
474 1551 553 1578 vocis
577 1557 636 1578 tum
659 1552 805 1588 geminata
830 1560 885 1588 pro
909 1558 968 1579 tum
993 1552 1130 1587 rumices,
1166 1552 1264 1580 effecit
1288 1559 1349 1581 tum
1371 1553 1503 1583 murices.
1550 1553 1591 1581 De
1613 1563 1700 1592 sparo
1723 1554 1766 1582 sic
1788 1552 1909 1582 Servius
1931 1554 1964 1582 P.
1987 1554 2050 1582 Da-

97 1591 181 1619 nielis
205 1591 368 1631 (1›ag.678.
396 1592 496 1631 l)an.):
534 1592 648 1631 Sparus
672 1599 712 1621 est
736 1592 876 1621 rusticum
900 1591 986 1621 telum
1010 1594 1040 1622 in
1063 1592 1183 1622 modum
1203 1593 1273 1634 pedi
1294 1606 1454 1624 recuruum.
1499 1593 1675 1625 Sallustius.-
1716 1594 1827 1634 Sparos
1848 1602 1900 1623 aut
1921 1594 2049 1632 lanceas,

96 1632 151 1662 alii
170 1642 346 1673 praeacutas
368 1633 453 1662 sudes
472 1641 599 1673 portare.
638 1633 737 1663 Varro
760 1635 803 1662 ait
825 1645 944 1673 sparum
968 1633 1054 1663 telum
1078 1635 1203 1672 missile,
1227 1647 1245 1664 α
1266 1636 1397 1675 piscihus
1420 1635 1510 1665 ducta
1531 1635 1739 1673 similitudine,
1763 1639 1814 1677 qui
1833 1638 1916 1676 spari
1937 1647 2050 1668 vocan-

97 1683 152 1704 tur.
176 1675 246 1705 Alii
267 1687 372 1716 sparus
389 1687 407 1704 a
424 1675 588 1716 spargendo
611 1674 674 1705 dici
692 1683 807 1715 putant.
830 1677 933 1706 isidor.
951 1677 1002 1706 lib.
1016 1678 1082 1707 XII.
1102 1681 1209 1716 (c.6.):
1233 1678 1310 1708 Num
1334 1690 1438 1718 sparus
1460 1686 1501 1707 est
1523 1678 1610 1708 telum
1635 1680 1772 1709 rusticum
1794 1678 1904 1708 missile
1925 1690 1943 1708 a
1963 1690 2050 1720 spar-

93 1717 190 1757 gendo
213 1718 333 1747 dictum.
356 1718 446 1748 Dae.
485 1719 568 1747 Adde
588 1719 716 1747 Nonium
742 1719 820 1758 (pag.
832 1722 904 1751 223,
930 1720 1031 1758 Merc.)
1056 1721 1085 1748 in
1110 1720 1215 1760 Spuri,
1243 1721 1320 1760 (pag.
1336 1722 1408 1753 554.
1423 1731 1484 1760 seq.
1507 1721 1609 1760 Mem.)
1635 1720 1756 1760 Sporus.
1790 1721 1922 1751 Tullium
1943 1722 1964 1751 l.
1976 1724 2048 1756 200.

95 1760 205 1790 Milone
229 1762 359 1797 (e.24.):
385 1762 460 1790 Gell.
479 1762 521 1797 X,
546 1763 596 1793 25.
645 1759 748 1790 Goth.

262 1802 405 1832 Scitum
432 1802 573 1843 populi.
605 1802 664 1842 (Ad
686 1802 813 1842 p.256.)
848 1804 902 1832 Pro
931 1804 1088 1841 plebiscito
1113 1805 1161 1833 vel
1186 1805 1285 1843 potius
1308 1815 1364 1843 pro
1387 1805 1450 1843 lege
1474 1806 1587 1834 dictum
1612 1816 1672 1833 esse
1696 1805 1854 1834 verisimile
1877 1809 1932 1834 est.
1976 1805 2050 1834 Nam

95 1846 190 1886 plebis
214 1847 417 1885 appellatione
440 1856 535 1884 neque
558 1846 690 1884 patricii,
725 1855 821 1884 neque
844 1851 996 1876 senatores
1021 1848 1227 1884 continentur,
1265 1858 1330 1876 cum
1354 1848 1374 1875 ii
1397 1848 1426 1876 in
1452 1848 1564 1887 populo
1587 1849 1653 1876 sint.
1699 1848 1787 1883 Quod
1811 1848 1901 1884 igilur
1922 1847 2049 1885 patricio

95 1891 299 1928 interrogante
320 1889 452 1929 populus
477 1889 537 1916 suis
561 1888 709 1926 suffragiis
731 1889 833 1925 iussit,
867 1889 973 1917 scitum
997 1890 1102 1928 populi
1127 1889 1258 1927 dicetur,
1295 1890 1378 1929 quod
1400 1900 1472 1920 vero
1496 1890 1576 1920 Trib.
1600 1890 1695 1930 plebis
1718 1891 1835 1929 rogavit
1856 1889 1988 1929 plebem,
2018 1889 2050 1918 id

95 1934 284 1974 plebiscitum
308 1937 360 1961 est.
404 1931 502 1959 scitus
526 1931 613 1958 etiam
637 1931 752 1970 peritus
775 1941 791 1960 a
814 1932 911 1970 poetis
934 1932 1032 1960 dictus
1055 1938 1112 1966 est3
1146 1937 1173 1961 et
1196 1932 1274 1961 bona
1297 1933 1371 1961 facie
1394 1943 1471 1972 puer
1494 1937 1523 1961 et
1544 1933 1645 1973 puella
1669 1932 1752 1962 scita.
1796 1932 1913 1962 Terent.
1935 1932 1965 1960 iu
1988 1930 2048 1961 An-

95 1977 160 2006 dria
182 1976 256 2013 (ΙΙΙ,
280 1978 315 2011 2,
337 1972 398 2011 6.):
421 1972 476 2002 Per
497 1980 611 2002 ecastor
632 1974 723 2003 scitus
745 1981 786 2003 est
806 1985 877 2013 puer
899 1981 985 2003 natus
1000 1973 1169 2014 Pamphilo.
1203 1974 1284 2004 Idem
1307 1975 1336 2003 in
1352 1975 1471 2005 Phorm.
1492 1975 1534 2014 (I,
1557 1978 1594 2012 2,
1620 1974 1697 2015 16.):
1721 1973 1815 2011 Satis,
1838 1974 1951 2012 inquit,
1974 1974 2048 2003 scita

95 2027 144 2049 est.
176 2020 213 2047 Et
229 2018 385 2046 lleautont.
409 2015 477 2054 (IV,
501 2018 537 2052 5,
563 2015 639 2054 16.):
662 2015 708 2044 At
730 2017 756 2045 si
777 2017 871 2052 scius,
895 2027 984 2056 quam
1007 2017 1078 2046 scite
1099 2017 1130 2045 in
1152 2024 1272 2046 mentem
1295 2018 1409 2049 venerit.
1446 2017 1525 2046 Haec
1547 2018 1595 2047 vel
1616 2017 1663 2046 his
1687 2017 1793 2047 similia
1811 2017 1914 2045 Festus
1936 2016 2047 2045 scribit.

94 2063 182 2093 Ant.
200 2061 296 2100 Aug.
330 2060 402 2086 Cum
426 2059 465 2087 ait
488 2059 580 2094 Fest.‚
604 2057 719 2086 Scitum
739 2057 843 2098 populi
865 2069 941 2096 esse,
965 2059 1046 2097 quod
1069 2060 1188 2097 rogavit
1209 2060 1397 2098 magistratus
1422 2060 1565 2100 patricius
1587 2061 1635 2089 vel
1657 2061 1843 2095 Praetorem,
1868 2058 1917 2088 vel
1935 2059 2046 2087 Consu-

94 2106 167 2140 lem,
196 2104 243 2132 vel
269 2103 462 2137 Dictatorein,
493 2101 539 2129 vel
562 2101 756 2137 interregem,
789 2101 836 2129 vel
860 2101 1065 2138 Decemviros,
1092 2103 1138 2130 vel
1161 2103 1308 2131 Tribunos
1330 2103 1457 2132 militum
1482 2102 1706 2141 intelligendum
1729 2106 1781 2131 est.
1826 2101 1868 2130 De
1892 2101 1971 2130 scitis
1992 2110 2046 2139 po-

94 2148 158 2186 puli
187 2151 215 2174 et
244 2144 407 2184 plebiscitis
435 2142 503 2172 vide
532 2143 561 2170 in
585 2141 695 2182 Populi
716 2153 874 2173 commune.
922 2144 958 2172 Et
980 2154 1071 2183 supra
1095 2144 1124 2172 in
1148 2144 1262 2174 Scitum
1283 2144 1359 2184 pleb.
1405 2146 1517 2174 Verum
1540 2150 1602 2182 est,
1635 2144 1715 2183 quod
1738 2143 1821 2173 addit
1842 2143 1932 2179 Fest.‚
1965 2141 2045 2180 quod

94 2189 195 2227 aliquo
218 2188 419 2224 interrogante
441 2196 478 2214 ex
502 2185 637 2224 patribus
661 2190 690 2214 et
713 2186 799 2224 plebe
821 2186 1015 2224 suffragante,
1039 2186 1145 2215 scitum
1169 2192 1259 2224 esset,
1288 2188 1320 2216 id
1343 2192 1407 2216 tum
1429 2189 1524 2226 legem
1544 2188 1687 2226 scriptam
1709 2185 1819 2215 dictam
1841 2185 1944 2231 fuisse..
1983 2184 2044 2212 Lex

94 2233 170 2261 enini
197 2229 318 2269 proprie
346 2229 516 2265 dicebatur,
554 2227 635 2266 quod
658 2228 788 2267 Populus
809 2229 958 2257 Romanus
980 2229 1104 2258 comitiis
1130 2230 1178 2259 vel
1203 2231 1377 2259 centuriatis
1399 2231 1447 2260 vel
1469 2231 1588 2260 tributis
1611 2230 1660 2259 vel
1682 2229 1804 2258 curiatis
1827 2238 1885 2256 uno
1908 2227 2006 2264 aliquo
2028 2235 2043 2254 e

95 2272 316 2312 magistratibus
337 2271 499 2300 maioribus
521 2271 740 2308 interrogante,
763 2271 858 2300 veluti
881 2272 1021 2307 consule,
1045 2273 1256 2303 constituebat.
1287 2273 1393 2304 lustin.
1414 2275 1440 2311 §-
1452 2274 1482 2305 4.
1514 2274 1556 2303 De
1579 2272 1644 2303 iure
1666 2277 1747 2302 natu.
1790 2271 1878 2300 Dac-

258 2313 363 2343 Soita
382 2312 507 2354 facie.
530 2311 592 2352 (Ad
616 2323 644 2351 p.
658 2312 743 2354 256.)
767 2314 850 2349 Quae
873 2314 903 2343 in
925 2314 982 2344 fine
1005 2315 1153 2344 asteriscis
1175 2320 1276 2345 notata
1298 2317 1403 2346 relicta
1426 2320 1511 2352 sunt,
1543 2315 1573 2344 in
1596 2315 1632 2345 iis
1654 2320 1832 2346 nocturnum
1855 2311 1913 2357 iter
1935 2319 2043 2339 consu·

94 2359 130 2388 lis
153 2358 202 2387 vel
224 2358 299 2386 alius
322 2356 476 2384 cuiusdam
500 2356 676 2384 auctoritate
699 2357 834 2394 praedito
858 2357 1044 2386 describebat
1066 2358 1195 2393 Ennius,
1227 2359 1275 2387 cui
1298 2368 1387 2397 agaso
1407 2357 1608 2397 praelucebat.
1653 2355 1823 2388 Luminibus
1846 2362 1924 2382 enim
1946 2357 1974 2380 et
1997 2352 2040 2381 fa-

95 2402 176 2431 cibus
199 2401 229 2429 in
253 2398 448 2428 conficiundis
467 2398 626 2428 nocturnis
648 2398 804 2429 itineribus
828 2404 942 2430 veteres
966 2400 1134 2430 utebantur.
1179 2400 1265 2431 Dae.

1480 2452 1593 2484 Tttt
1618 2452 1635 2472 ²*
