2263 2668
442 139 506 174 DE
532 139 808 176 VERBORUM
834 137 1223 176 SIGNIFICATIONE
1249 140 1563 179 FRAGMENTA.
1819 139 1893 174 245

116 235 212 269 stites
235 235 342 268 etiam
361 235 459 268 liberi
485 235 681 280 parentibus
706 235 871 269 dicuntur
902 263 911 270 ,
947 261 954 268 .
987 263 994 270 .
1030 234 1302 278 quamobrem
1324 238 1560 283 progredi
1588 245 1797 282 cuperem
1825 236 1893 268 ul-

116 287 258 320 terius
289 286 499 328 vivendo,
542 299 794 331 quamquam
830 298 976 320 omnes
1009 286 1281 331 superstites
1313 289 1420 322 mihi
1452 290 1592 323 velim.
1661 288 1893 333 Superva-

116 349 270 384 ganea
304 338 380 371 avis
410 343 548 372 vocatur
582 339 624 371 ab
659 338 883 384 Auguribus,
921 349 1012 383 quae
1047 349 1091 370 ex
1123 348 1258 371 summo
1292 340 1462 373 cacumine
1497 351 1616 374 vocem
1645 339 1776 381 emisit,
1810 339 1893 383 quia

115 390 208 433 quasi
235 390 268 422 in
296 389 482 432 altissimis,
521 401 696 435 superque
725 390 842 423 omnia
876 394 1032 434 vagatur,
1076 390 1270 435 appellata.
1337 390 1538 437 Supercilia
1565 393 1600 425 in
1627 390 1760 424 lunonis
1784 390 1895 422 tutela

109 440 306 486 putabant,
334 441 369 473 in
395 453 466 486 qua
492 441 652 474 dicuntur
677 442 833 475 mulieres
854 441 979 483 etiam,
1016 441 1110 485 quod
1136 441 1178 474 iis
1198 445 1435 486 protegantur
1467 444 1573 484 oculi,
1617 454 1679 487 per
1704 452 1790 486 quos
1820 441 1897 474 luce

105 492 285 538 fruimur,
313 504 413 535 quam
440 493 564 526 tribuat
590 493 684 527 Iuno.
744 493 848 526 Unde
874 493 953 537 ipsa
977 492 1048 525 dea
1074 492 1186 525 lucina
1213 504 1349 536 quoque
1375 494 1472 528 dicta
1493 497 1642 529 videtur.
1696 493 1726 528 S
1735 504 1895 538 uppet-

115 542 228 577 nati3
256 543 434 585 (licuntur,
458 543 581 589 quibus
597 544 735 590 femina
761 550 835 578 sunt
861 544 986 578 succisa
1013 544 1048 577 in
1073 544 1217 577 modum
1243 545 1424 579 suillarum
1458 557 1645 591 pernarum.
1698 545 1833 578 Ennius
1860 544 1894 576 in

114 594 329 628 Annalibus.-

216 646 275 678 is*
303 657 458 691 pernas
486 647 682 680 succidit
704 647 864 691 iniqua
885 645 1104 692 superbia
1130 646 1274 679 Poeni.

114 703 147 730 et
173 697 329 731 Catullus
356 698 407 730 ad
437 697 639 731 Coloniam.-
665 699 705 731 in
731 699 846 731 fossa
872 698 1022 743 Ligari
1049 698 1163 730 iacet
1183 701 1472 743 suppernata
1499 699 1655 732 securi.
1696 698 1890 742 Suppre—

113 747 257 782 mum4
297 749 401 782 modo
434 749 618 796 significat
652 761 837 790 summum,
878 755 913 782 ut
940 761 1017 783 cum
1046 749 1132 782 dicit
1185 774 1439 783 .....
1488 754 1624 794 pater
1657 759 1890 794 suppreme

113 801 247 842 belli,
283 805 323 834 et
357 811 582 834 armorum
616 800 801 834 Mavors
832 805 999 845 potens.
1051 801 1205 834 Plautus:
1241 800 1310 834 Me
1351 804 1471 834 certe
1502 812 1779 847 suppremum
1815 800 1891 832 ha·

113 852 242 885 huisti
279 863 451 898 semper
484 853 527 885 in
561 852 695 886 rebus
729 852 822 887 tuis.
850 853 929 885 alias
956 857 1140 886 extremum
1171 851 1372 899 significat,
1408 856 1445 885 ut
1471 852 1504 885 in
1530 853 1632 897 legib.
1661 853 1742 885 XII:
1777 851 1892 886 Solis

113 914 304 937 occasus
337 914 574 949 supprema
607 909 841 948 tempestas
875 908 964 937 esto
1019 930 1026 936 .
1081 928 1089 936 .
1142 932 1150 939 .
1205 929 1213 936 .
1265 914 1505 949 suppremo
1543 904 1724 937 crimine
1768 908 1891 937 necte

112 961 193 989 tuo.
258 955 360 988 Unde
388 956 537 989 dicimus
570 956 613 988 ab
647 956 708 988 illo
744 956 879 999 sepeliri
917 955 972 988 die
1005 966 1190 1001 suppremo
1243 981 1499 988 .....
1554 960 1593 988 et
1633 955 1752 999 quasi
1785 966 1890 999 sup-

111 1018 260 1051 premo
297 1007 510 1052 lugentes
544 1012 741 1051 tempora
777 1007 912 1040 voltu.
968 1007 1054 1040 Cato
1083 1006 1127 1040 de
1182 1035 1188 1042 .
1244 1032 1251 1039 .
1305 1032 1312 1039 .
1367 1033 1374 1039 .
1428 1006 1629 1039 dolentis
1672 1017 1889 1049 numquam

112 1058 311 1101 cuiquam
342 1069 415 1092 reo
449 1059 570 1104 apud
608 1054 913 1106 Praetollrem
947 1059 1200 1104 denegasse
1237 1069 1517 1103 suppremam
1555 1057 1748 1091 advoca-
1784 1056 1889 1103 [115]

112 1110 280 1143 tionem.
308 1110 402 1143 alias
422 1121 493 1155 pro
520 1110 682 1150 maximo,
710 1121 786 1144 cum
814 1110 895 1142 duas
922 1121 1019 1151 oves,
1054 1114 1087 1143 et
1113 1110 1265 1155 triginta
1292 1109 1393 1143 boves
1420 1121 1635 1154 suppremam
1662 1109 1807 1142 multam
1834 1109 1891 1141 di-

111 1165 238 1194 cerent.
268 1159 546 1198 Subsidium?
573 1161 755 1195 dicebatur
775 1162 917 1206 quando
944 1162 1065 1194 milites
1091 1161 1309 1195 subsidebant
1336 1162 1371 1194 in
1395 1165 1554 1194 extrema
1576 1161 1669 1203 acie,
1697 1160 1890 1203 labentique

112 1213 195 1246 aciei
221 1212 481 1246 succurrebant.
509 1213 603 1258 quod
629 1224 734 1258 genus
761 1213 903 1245 militum
932 1212 1115 1246 constabat
1142 1224 1186 1246 ex
1214 1214 1272 1253 iis,
1299 1213 1358 1258 qui
1385 1217 1592 1246 emeruerant
1614 1212 1812 1257 stipendia;
1840 1212 1892 1244 lo-

112 1275 189 1297 cum
216 1268 328 1297 tamen
354 1262 543 1298 retinebant
581 1264 617 1297 in
644 1264 810 1298 exercitu.
848 1276 935 1308 quae
973 1269 1043 1298 erat
1077 1265 1181 1298 tertia
1212 1265 1307 1299 acies
1339 1264 1576 1307 Triariorum,
1623 1269 1660 1297 ut
1694 1263 1829 1297 Plautus
1857 1263 1890 1295 in

110 1315 311 1349 Friuolaria
320 1327 330 1348 .-

211 1367 328 1412 agite
355 1378 483 1411 nunc,
510 1368 724 1401 subsidite
745 1378 907 1412 omnes,
935 1369 1063 1413 quasi
1084 1369 1233 1402 solent
1259 1368 1449 1401 triari0*.
1900 1366 1935 1393 Ὗ·
1950 1365 2042 1392 triarii.

109 1418 211 1452 simili
232 1419 337 1452 modo
364 1419 451 1453 dicti
471 1419 708 1464 praesidiarii,
747 1425 823 1453 ante
851 1431 907 1453 eos
933 1420 1096 1454 collocati
1122 1420 1180 1465 qui
1207 1424 1319 1462 erant,
1354 1425 1410 1452 aut
1435 1420 1467 1452 in
1497 1418 1561 1451 alio
1588 1417 1664 1451 loco
1688 1416 1888 1462 praepositi.

108 1470 405 1504 Subsolaneae
437 1482 529 1516 quae
554 1475 633 1505 sunt
659 1471 733 1505 solo
758 1482 813 1505 res
841 1472 1071 1516 appellantur3
1105 1483 1170 1505 nec
1198 1472 1249 1505 ad
1276 1472 1376 1504 unius
1409 1482 1534 1504 nomen
1561 1469 1608 1502 rei
1635 1468 1743 1501 solum
1771 1467 1887 1501 confe—

109 1527 201 1561 runt3
233 1521 431 1556 subsolanei
459 1523 549 1555 enim
576 1523 741 1556 dicuntur
767 1523 823 1568 qui
850 1523 1000 1556 infimum
1025 1524 1137 1557 solum
1163 1523 1297 1557 colunt:
1330 1527 1367 1556 ut
1401 1523 1457 1567 qui
1492 1522 1525 1554 in
1552 1526 1696 1561 terram,
1733 1530 1886 1564 superso—

110 1573 213 1609 lanei.
239 1574 368 1607 dicitur
393 1573 476 1606 inde
500 1574 668 1616 solidum,
694 1575 797 1607 imum
820 1575 951 1614 solum3
972 1585 1095 1608 rursus
1120 1586 1187 1620 quo
1207 1575 1335 1620 planta
1352 1575 1459 1619 pedis
1484 1573 1640 1606 innititur.

273 1623 535 1658 Subsilles⁶
568 1629 666 1666 sunt,
699 1637 788 1670 quas
815 1626 921 1659 aliter
949 1626 1103 1670 ipsilles*
1137 1630 1267 1660 vocant
1301 1626 1468 1660 lamellae
1504 1622 1727 1657 necessariae
1761 1621 1884 1660 sacris,
1897 1624 2058 1659 ‘nipsulices

109 1686 195 1717 quae
231 1675 274 1708 ad
301 1687 374 1709 rem
399 1676 555 1709 divinam
589 1676 752 1722 conferre
784 1677 949 1711 dicuntur
983 1678 1144 1719 maxime,
1176 1678 1293 1723 specie
1318 1678 1432 1711 virum
1469 1680 1501 1709 et
1531 1675 1720 1708 mulierum.
1772 1673 1826 1706 Su
1838 1673 1885 1704 b-

110 1725 279 1760 stillum
306 1727 441 1772 antiqui
466 1727 699 1773 appellabant
724 1733 857 1773 tempus
884 1734 958 1762 ante
979 1730 1158 1774 pluviam,
1186 1730 1260 1762 iam
1284 1741 1394 1774 paene
1417 1727 1573 1768 uvidum,
1602 1725 1718 1770 (dum)
1746 1728 1779 1757 et
1800 1727 1883 1769 post

102 1777 276 1822 pluviam,
302 1789 368 1811 non
394 1779 601 1824 persiccum,
629 1779 722 1823 quod
749 1780 822 1813 iam
847 1781 1012 1823 stillaret,
1045 1786 1101 1814 aut
1128 1781 1276 1814 nondum
1310 1780 1431 1813 desiset
1447 1780 1473 1812 *.
1527 1776 1786 1811 Subscudes
1813 1786 1881 1820 ap-
1892 1778 1922 1803 ·f.
1939 1778 2055 1804 desisset·

106 1829 275 1873 pellantur
300 1832 502 1863 cuneratae*
529 1831 695 1874 tabellae,
723 1831 846 1876 quibus
871 1833 1003 1866 tabulae
1030 1833 1114 1866 inter
1140 1844 1174 1866 se
1201 1831 1444 1879 configuntur,
1472 1830 1552 1875 quia
1579 1840 1646 1872 quo
1674 1839 1733 1861 eae
1756 1827 2056 1860 immit-·f.cuneatae

106 1885 234 1919 tuntur,
261 1881 473 1915 succuditur.
526 1882 698 1916 Pacuvius
723 1883 756 1915 in
783 1884 929 1928 Niptris:

208 1933 293 1966 Nec
315 1929 336 1981 Η
357 1933 444 1966 ulla
470 1934 644 1968 subscus
666 1934 847 1969 cohibet
873 1946 1125 1980 compagem
1152 1934 1275 1967 alvei.
1775 1927 1877 1975 [116]

105 1983 243 2016 Plautus
266 1985 301 2016 in
327 1984 486 2018 Astraba:

208 2035 470 2069 Terebratus
498 2036 675 2069 multum
701 2037 770 2078 sit,
804 2042 844 2070 et
870 2035 1109 2071 subscudes
1137 2036 1297 2070 addite.

104 2085 187 2119 Sub
214 2097 376 2120 corona
409 2087 553 2120 venire
586 2088 759 2127 dicuntur,
790 2090 868 2131 quia
895 2088 1016 2132 captivi
1050 2088 1199 2121 coronati
1226 2087 1334 2120 solent
1358 2085 1484 2127 venire,
1516 2090 1552 2118 ut
1581 2085 1625 2117 ait
1651 2082 1736 2116 Cato
1761 2081 1794 2114 in
1822 2091 1875 2123 eo,

103 2137 161 2181 qui
187 2142 236 2172 est
261 2137 305 2171 de
326 2150 362 2172 rc
390 2139 536 2172 militari:
563 2143 605 2171 ut
625 2139 814 2183 populus
841 2150 939 2173 suus
966 2151 1036 2172 sua
1064 2150 1195 2184 opera
1221 2138 1367 2184 potius
1395 2138 1448 2170 ob
1469 2148 1551 2170 rem
1577 2136 1683 2169 bene
1709 2138 1876 2179 gestam

1937 643 1972 667 ·f.
1991 642 2039 668 His

102 2246 271 2285 scripsisse,
303 2247 478 2276 Politianurn
511 2258 528 2276 a
557 2247 683 2277 Marullo
706 2248 845 2285 irrisum,
882 2249 964 2287 quod
1007 2258 1064 2277 nus
1087 2247 1122 2276 ab
1139 2247 1273 2277 Horatio.
1303 2247 1381 2276 Urs.
1407 2265 1444 2269 —
1467 2245 1496 2286 5)
1516 2242 1723 2281 Subsidium]
1747 2241 1822 2271 Vide
1843 2242 1875 2270 in

102 2294 278 2327 expertium,
311 2300 365 2328 pro
388 2295 574 2329 suppernata
597 2291 677 2329 apud
701 2290 848 2320 Catullum
871 2301 964 2330 repo·
1007 2290 1223 2326 Praesidium
1249 2299 1285 2318 ex
1306 2299 1342 2319 eo
1364 2289 1443 2319 enim
1464 2289 1530 2317 loco
1552 2291 1668 2327 partem
1693 2285 1784 2314 huius
1810 2285 1873 2313 sra-

101 2331 203 2360 nuerit.
233 2333 310 2363 Urs.
335 2350 372 2354 —-
404 2332 433 2372 4)
458 2332 667 2372 Supremam]
697 2333 904 2372 Bellipotens
927 2333 963 2362 ab
1006 2333 1116 2372 gmenti
1147 2332 1345 2369 restituimus,
1392 2341 1466 2372 quae
1503 2330 1564 2369 agit
1593 2329 1631 2359 de
1661 2327 1870 2369 praesidiariis.

101 2373 216 2403 incerto
238 2380 323 2413 poeta
348 2375 447 2404 dictus
469 2376 565 2413 Mars,
596 2380 629 2404 ut
651 2376 741 2414 Cypri
766 2381 871 2415 potens
900 2376 962 2406 Ve-
1013 2377 1088 2406 Urs.
1114 2392 1156 2399 —
1178 2374 1206 2414 6)
1231 2373 1397 2413 subsilles]
1423 2373 1492 2403 vide
1516 2373 1546 2402 in
1571 2372 1725 2412 lpsulices.
1758 2371 1804 2399 Ur
1815 2381 1837 2397 s.
