2263 2668
268 157 318 191 56
739 156 883 192 PROBI
910 157 1298 194 INSTITUTIONUM
1325 160 1762 196 GRAMMATICARUM

477 249 597 284 Causa
620 249 705 294 snit,
732 261 840 294 neque
868 251 957 283 εηὶιη
982 253 1098 297 specie
1114 250 1296 298 saman&-

269 304 382 337 Potest
417 302 515 335 etiam
551 303 583 334 in
611 302 661 333 liis
688 301 831 344 produci
858 303 1061 345 nominibus,
1096 316 1180 347 quae
1216 305 1362 349 genitivo
1396 315 1473 337 casu
1509 305 1551 338 ab
1585 304 1652 339 hac
1679 305 1901 339 declinatione
1934 306 2138 349 desciscunt,
2171 312 2209 341 ut

271 355 360 388 haec
377 353 519 399 fantes,
548 353 648 384 huius
664 351 800 396 fimiis5
827 365 903 385 nam
931 354 1034 400 longa
1061 361 1109 388 est
1134 357 1250 389 ultima
1276 355 1478 389 nominativo
1506 361 1540 390 et
1565 357 1729 396 ablativo,
1757 363 1810 390 ut:

475 404 576 437 Haec
603 407 679 435 erat
706 403 770 436 illu
786 402 950 449 sames23

270 462 319 489 et:

474 505 638 546 Amissis,
666 509 703 538 ut
719 505 849 551 fama,
877 507 1003 552 apibus
1029 508 1216 553 morboque
1231 506 1435 554 famequffl.

271 559 304 590 ln
332 556 494 601 aliquibus
521 557 723 594 nominibus.
752 568 788 590 es
814 558 941 601 syllaba
967 565 1003 592 ut
1029 560 1061 592 in
1088 560 1288 593 nominativo
1317 561 1424 594 brevis
1452 564 1516 602 est,
1543 560 1586 593 ita
1614 565 1646 593 et
1671 560 1704 593 in
1731 558 1916 603 ablativo⁴,
1942 565 1996 594 ut:

475 607 611 652 Impius
637 608 727 642 haec
753 613 827 642 tam
855 611 950 644 culta
976 612 1119 644 novalia
1145 608 1284 651 ⁷11iles5,·

270 664 302 692 et
329 658 425 692 alibi:

473 710 658 755 Ingentes,
686 714 890 757 uterumque
916 717 1056 746 armato
1082 713 1191 746 milite
1218 710 1410 758 conplenffi.

270 762 479 794 inveniuntur
518 762 614 794 etiam
647 763 799 804 nomina,
842 776 928 807 quae
960 765 993 797 in
1029 764 1174 797 ablativo
1208 771 1411 809 postremam
1446 776 1465 798 e
1490 764 1633 797 litteram
1659 765 1811 799 vocalem
1838 764 2038 810 corripiunt,
2071 774 2149 798 cum
2172 764 2208 797 in

269 813 470 846 nominativo
497 813 600 857 longa
627 813 683 855 sit,
711 819 761 846 ut:

290 905 300 931 t
476 864 580 909 Rupe
605 864 668 898 sub
695 862 838 910 aericc'5

269 911 286 931 e
309 910 316 929 :

474 939 572 973 Mole
599 944 688 973 tenet
714 939 888 986 seopuli35

266 1003 369 1036 quare
394 992 427 1023 in
454 990 505 1023 his
533 992 802 1036 ambiguitatibus
830 993 1006 1026 auctoritas
1040 993 1234 1036 inquirenda
1262 997 1319 1026 est.
1378 992 1506 1026 Verum
1538 993 1563 1025 si
1589 994 1622 1026 in
1649 993 1836 1026 nominibus
1862 993 2000 1027 Graecis
2027 991 2208 1025 ablativum

267 1050 430 1084 nostrum,
457 1054 558 1085 quem
586 1043 633 1075 illi
659 1055 725 1076 non
753 1044 896 1083 habent,
925 1045 1133 1079 formaveris:
1161 1046 1370 1077 novissimam
1397 1045 1559 1088 syllabam
1586 1046 1723 1077 brevem
1751 1057 1820 1079 esse
1846 1040 2051 1090 intelleges⁹‚
2077 1048 2128 1076 ut:

469 1093 635 1139 Daphnis
661 1106 717 1128 me
742 1096 857 1128 mahts
884 1097 967 1135 urit3
996 1108 1060 1140 ego
1087 1096 1179 1129 hanc
1205 1097 1240 1129 in
1267 1096 1450 1142 daphnide
1476 1093 1666 1140 laurum103

267 1152 314 1178 et:

470 1195 620 1229 Postera
647 1208 724 1230 cum
747 1198 865 1242 primo
892 1198 1067 1231 lustrabat
1095 1198 1265 1243 lampade
1292 1193 1450 1230 tert-asu.

267 1248 385 1281 Latina
418 1257 498 1279 vero
533 1248 683 1289 nomina,
719 1249 915 1292 praesertim
952 1261 1009 1291 ea,
1044 1261 1130 1293 quae
1164 1250 1368 1282 umninativo
1404 1260 1439 1282 es
1467 1254 1499 1282 et
1525 1249 1689 1294 genitivos
1716 1249 1760 1282 tis
1787 1249 1931 1293 syllabas
1961 1248 2142 1293 recipiunt,
2174 1248 2207 1280 in

268 1299 410 1331 ablativo
437 1309 514 1331 casu
541 1311 673 1343 semper
699 1301 835 1333 brevem
862 1301 996 1333 habent.

739 1376 940 1410 Smnv.
998 1376 1083 1410 De
1134 1387 1405 1410 numero
1451 1371 1786 1422 plurali12.

432 1433 465 1467 1.
525 1435 651 1467 Plurali
685 1447 823 1468 numero
856 1436 889 1468 in
921 1437 1042 1469 ultimis
1076 1438 1247 1470 nominum
1283 1437 1417 1481 syllabis
1443 1437 1567 1469 nullam
1595 1436 1826 1469 difficultatem
1860 1435 2014 1480 reperies.
2073 1434 2207 1469 Etenim

267 1485 482 1519 nominativus
510 1487 713 1520 accusativus
741 1492 772 1519 et
801 1488 969 1521 vocativus
997 1489 1087 1520 omni
1113 1489 1145 1521 in
1171 1500 1307 1534 genere,
1335 1488 1480 1533 exceptis
1506 1488 1692 1521 nominibus
1712 1486 1853 1520 Graecis
1881 1492 1914 1520 et
1939 1491 2056 1520 neutro
2083 1498 2208 1531 genere

268 1543 400 1575 nostro7
433 1541 636 1581 postremam
669 1539 833 1582 syllabam
860 1551 992 1584 semper
1017 1540 1156 1585 longam
1181 1540 1354 1585 recipiunt.
1414 1540 1547 1574 Graeca
1579 1540 1667 1573 enim
1694 1544 1726 1572 et
1759 1543 1875 1572 neutra
1906 1549 2038 1583 semper
2069 1539 2207 1572 brevem

266 1589 466 1621 nominativo
493 1600 588 1628 casu,
616 1594 670 1622 ut:

478 1639 716 1685 Tyrrhenique
743 1652 859 1674 omncs
867 1638 891 1658 ¹³
902 1654 911 1684 3

269 1690 455 1722 accusativo
465 1700 473 1720 ε

472 1740 642 1774 Arcadas
669 1753 833 1776 accensos
859 1739 1033 1787 monnau,-

267 1790 435 1824 vocativo:

473 1841 637 1874 Arcades
664 1842 752 1876 haec
779 1842 925 1888 inquitffi.

268 1892 441 1926 Feminino
468 1894 547 1925 item
573 1904 698 1937 genere
723 1906 785 1939 per
811 1896 1048 1929 nominativum
1077 1908 1200 1938 casum,
1227 1900 1279 1930 ut:

353 1966 381 2005 1)
406 1967 476 1995 cod,
499 1965 638 2002 .s·pe‹·ief.
662 1961 749 2001 (sic)
765 1968 873 2000 polest.
895 1964 961 1990 Asc.
990 1968 1018 1991 et
1043 1965 1073 1994 P.
1101 1965 1215 1993 addunt
1258 1963 1336 2001 Virg.
1352 1963 1413 2002 Vll,
1435 1966 1503 1997 148.
1549 1965 1683 1993 Ceterum
1706 1965 1808 2002 primo
1828 1962 1900 1993 cod.
1920 1962 1987 1992 Asc.
2010 1962 2041 1992 P.
2059 1967 2094 1992 ut
2118 1962 2205 1991 dedi—

268 2015 419 2046 ιηουειιιν,
449 2009 528 2046 quod
558 2007 672 2044 ignorat
701 2004 770 2034 cod.
798 2021 840 2029 --
888 2006 918 2042 2)
950 2005 1027 2041 Vir-g.
1058 2007 1128 2037 Aen.
1153 2007 1213 2042 VII,
1258 2016 1339 2043 mus3
1363 2008 1443 2046 apud
1460 2007 1658 2046 Virgprima.
1681 2022 1722 2027 —-
1752 2006 1798 2044 12)
1816 2006 1896 2033 Haec
1918 2005 2073 2044 inscriptio
2088 2005 2120 2033 in
2134 2005 2204 2035 Cod.

270 2054 337 2084 128.
350 2068 392 2073 —
412 2049 442 2090 3)
453 2051 533 2087 Virg.
544 2049 707 2086 Georg-VI,
725 2049 849 2079 318·--
871 2047 898 2081 4)
909 2047 987 2074 Haec
1002 2048 1079 2076 iusto
1094 2050 1214 2078 brevius

268 2094 393 2134 prolata.
437 2093 572 2121 Fortasse
606 2091 712 2119 omissa
747 2089 834 2117 haec:
873 2088 987 2116 brevem
1011 2099 1025 2117 e
1056 2092 1146 2126 facit.
1174 2108 1216 2114 -.

267 2136 298 2174 5)
321 2136 451 2165 Additur
482 2134 601 2162 habebit
623 2134 655 2161 in
684 2135 750 2162 Asc.
773 2133 802 2160 P.
842 2131 900 2159 Sed
926 2141 1043 2160 versum
1074 2133 1153 2161 finiri
1183 2134 1216 2161 in

269 2179 339 2208 Cod.
369 2183 398 2206 et
421 2178 556 2206 ultimum
585 2185 652 2205 voc,
684 2176 715 2203 in
745 2174 875 2211 margine
906 2174 1050 2212 scriptum
1075 2185 1135 2203 csse
1157 2186 1217 2214 po-

270 2221 376 2257 tuisse,
399 2230 460 2248 non
489 2217 627 2247 reticebo.
672 2218 767 2245 Locus
792 2221 834 2245 est
860 2216 939 2254 Virg.
965 2216 1026 2245 Ecl.
1050 2216 1079 2253 I,
1106 2220 1153 2248 71.
1177 2234 1218 2241 -

271 2263 298 2302 6)
321 2263 362 2291 lta
394 2262 465 2290 Cod.
502 2261 666 2298 complcnt
702 2261 769 2288 Asc.
801 2264 829 2287 et
864 2259 894 2286 P.
931 2260 1025 2286 Locus
1061 2264 1104 2287 est
1137 2259 1216 2297 Virg.

271 2307 341 2335 Aen.
357 2305 392 2341 ΙΙ,
410 2308 460 2336 20.
483 2319 524 2325 —-
566 2302 594 2341 7)
619 2302 697 2339 Virg.
715 2303 819 2339 Georg.
835 2300 883 2336 IV,
905 2301 974 2332 508.
1010 2317 1051 2321 —
1074 2301 1103 2339 8)
1121 2306 1217 2329 tenssnt

270 2349 301 2377 P.
316 2347 373 2376 Sed
391 2357 458 2375 cum
475 2345 547 2374 cod.
573 2344 720 2372 consentit
740 2343 804 2373 Asc.
824 2344 865 2371 Cf.
886 2343 965 2381 Virg.
983 2342 1051 2371 Aen.
1072 2343 1133 2379 Vll,
1148 2344 1217 2375 589,

269 2407 309 2412 —-
331 2392 359 2426 9)
384 2389 427 2418 Ita
441 2388 510 2417 Cod.
525 2387 615 2424 vulgo
636 2387 793 2424 intelliges.
809 2402 847 2406 ——
894 2384 938 2424 10)
963 2385 1042 2422 Virg.
1061 2386 1124 2415 Eel.
1142 2385 1216 2422 vm,

271 2434 319 2464 83-
343 2447 382 2454 -
428 2431 471 2471 11)
495 2429 639 2459 lustrabit
657 2429 723 2458 Asc.
742 2429 772 2457 P.
792 2433 866 2456 recte
884 2427 1060 2456 lustrabat
1087 2427 1156 2457 Cocl.
1174 2429 1216 2457 Cf.

1259 2053 1343 2077 extra
1366 2055 1528 2078 ceterorum
1546 2048 1744 2078 continentem
1760 2048 1947 2086 scripturam.
1968 2064 2010 2069 —
2039 2048 2085 2086 13)
2107 2048 2205 2076 Locus

1259 2096 1301 2120 est
1311 2092 1433 2121 fortasse
1445 2093 1524 2131 apud
1533 2092 1612 2130 Virg.
1624 2091 1832 2124 Aen.x[,171.
1849 2091 1897 2118 ubi
1912 2095 2027 2119 tamen:
2045 2089 2205 2125 Tyrrheni-

1260 2145 1317 2175 que
1331 2134 1421 2163 duces
1428 2146 1437 2170 ‚·
1465 2136 1496 2173 25
1505 2135 1647 2163 rrlzemcm
1661 2135 1803 2161 exercitus
1820 2134 1924 2162 omnis.
1958 2132 2012 2161 Vel
2023 2132 2093 2161 ibid.
2107 2142 2136 2161 v.
2152 2134 2202 2164 93.

1260 2178 1311 2206 ubi
1334 2178 1449 2206 Probus
1485 2179 1609 2206 fortasse
1632 2175 1673 2204 sic
1696 2175 1783 2213 legit:
1831 2176 1909 2203 Il'am
1934 2180 2046 2203 moesta
2062 2175 2205 2213 phalanx

1265 2222 1430 2258 Teucrique
1450 2226 1617 2259 sequuntur
1641 2219 1843 2256 Zyrrhenique
1865 2228 1964 2246 omnes
1984 2222 2010 2245 et
2027 2218 2123 2245 versis
2138 2217 2204 2246 Ar-

1260 2262 1348 2290 cades
1370 2264 1474 2292 armis.
1519 2262 1606 2290 Nunc
1627 2262 1714 2299 vulgo
1740 2259 1862 2298 legunt:
1886 2259 2088 2298 Tyrrhenique
2106 2259 2203 2288 duces.

1259 2320 1300 2325 -—·
1324 2304 1369 2342 14)
1392 2305 1434 2333 Ita
1459 2304 1530 2332 cod.
1546 2303 1704 2332 Arcades
1722 2303 1788 2331 Asc.
1809 2308 1838 2331 ct
1857 2304 1887 2331 P.
1907 2303 1950 2331 Cf.
1970 2301 2049 2339 Virg.
2070 2302 2142 2330 Aen.
2163 2303 2202 2339 X,

1260 2347 1331 2377 397.
1348 2362 1389 2368 —
1414 2347 1458 2384 15)
1476 2346 1556 2383 Virg.
1580 2347 1652 2376 Aen.
1675 2347 1712 2381 X,
1726 2346 1797 2377 491.
1819 2361 1862 2368 —
1877 2347 1922 2382 16)
1946 2343 2024 2373 Add.
2040 2344 2106 2372 Asc.
2125 2348 2154 2372 et
2172 2345 2202 2375 P.

1261 2389 1373 2423 armis,
1396 2388 1475 2426 quod
1494 2388 1575 2416 abest
1598 2399 1614 2416 a
1635 2388 1751 2417 Codice.
1789 2388 1884 2416 Locus
1905 2391 1948 2416 est
1959 2385 2038 2423 Virg.
2057 2386 2110 2423 XI,
2128 2389 2201 2418 660.

1259 2445 1301 2452 -—-
1323 2429 1367 2470 17)
1390 2431 1590 2459 Metuenteis
1606 2431 1637 2460 P.
1655 2431 1813 2460 metuentis
1836 2429 1907 2459 cod.
1920 2433 1948 2458 et
1961 2427 2029 2458 Asc.
2052 2429 2096 2457 Cs.
2119 2427 2201 2467 Virg.
