2263 2668
534 110 599 144 DE
625 106 1011 144 SIGNIFICATIONE
1046 109 1330 146 VERBORUM.
1382 111 1527 148 LIBER
1552 111 1626 148 XV.
1974 119 2053 159 619

107 204 220 236 Deinde
241 214 372 235 caussam
395 202 520 244 exponit
543 207 573 232 et
593 203 624 231 in
644 202 719 231 fine:

641 243 796 284 stultaque
815 254 886 283 pare
906 240 1010 282 populi
1031 253 1105 283 quae
1126 246 1164 275 sit
1186 256 1240 275 sua
1262 247 1346 277 curia
1366 246 1466 283 nescit,

687 285 747 316 Sed
761 285 847 328 facit
868 292 1001 314 extrema
1023 296 1111 314 sacra
1133 286 1227 317 relata
1249 287 1303 320 die.

107 332 167 361 Sed
187 331 301 361 iuvabit
322 330 422 359 Iocum
450 330 549 369 ipsum
570 329 662 361 adire.
698 328 772 358 Vide
795 333 823 357 et
844 327 922 356 infra
943 325 1098 357 stultorum
1118 329 1228 370 feriae.
1250 331 1339 360 Dac.
1375 328 1466 360 Idem.
1497 329 1634 362 Eaedem.
1662 330 1769 362 Goth.
1810 331 1972 369 Stultorum
1989 335 2053 378 fe..

113 375 188 413 riae3
212 374 282 404 vide
301 373 377 402 infra
401 371 564 401 Stultorum
579 372 688 414 feriae.
732 370 843 401 Idem.

276 414 495 454 Quirinalis
518 414 646 446 collis.
691 413 765 443 Vide
787 412 949 453 Agonium.
993 411 1090 441 Varro
1113 413 1165 444 lib.
1178 414 1227 444 IV.
1250 414 1328 455 (pag.
1341 416 1392 447 57.
1417 414 1462 444 ed.
1483 413 1565 454 Sp.):
1591 414 1684 445 Collis
1709 414 1888 455 QuirinaliS,
1911 418 1962 449 ubi
1980 419 2053 459 Qui-

108 458 168 487 rini
183 457 313 499 fanum,
347 458 398 498 qui
419 468 437 485 a
460 456 626 492 Curetibus,
664 457 715 497 qui
743 467 808 486 cum
833 455 868 485 T.
892 454 980 483 Tatio
1005 452 1129 484 Curibus
1152 465 1287 487 venerunt
1308 456 1452 495 Romam,
1489 456 1569 498 quod
1592 457 1634 486 ibi
1655 457 1814 487 habuerunt
1836 468 1941 490 castra.
1973 462 2054 502 quocl

105 499 284 530 vocabulum
312 501 534 529 coniuncturum
560 501 710 539 regionum
735 499 854 528 nomina
877 496 1052 527 obliteravit.
1081 498 1172 531 Ant.
1195 500 1292 539 Aug.
1334 500 1420 529 Prius
1444 500 1598 532 dicebatur
1619 500 1765 540 Agonusf
1801 501 1868 530 vide
1889 504 2052 543 Agonium.

107 543 165 571 Sed
186 547 255 582 post
279 547 415 581 receptos
437 542 569 577 Quirites
591 543 611 571 i.
628 552 652 571 e.
676 541 816 576 Sabinos,
855 538 1019 578 Quirinalis
1047 540 1161 579 dictus,
1195 543 1258 571 sive
1281 553 1298 574 a
1318 543 1428 582 ,templo
1452 543 1570 579 Quirini
1597 543 1680 583 quod
1705 543 1792 583 plebs
1821 545 1848 576 ei
1875 545 1906 578 iu
1934 547 2051 583 coelum

105 585 202 615 relato
223 585 253 613 in
276 595 311 613 eo
333 585 408 614 colle
429 584 587 614 dedicavit.
632 584 722 613 Ovid.
735 584 772 612 ΙΙ.
797 583 875 611 Fast.
896 582 1008 620 (511.);

600 633 724 675 Templa
747 633 800 663 deo
812 632 953 676 jaciunt,
985 631 1072 662 collis
1094 644 1208 675 quoque
1230 633 1327 665 dictus
1349 634 1387 664 ab
1410 635 1465 666 illo
1487 644 1537 668 est.

106 685 195 715 Duc.
228 685 380 726 Aegonus.
412 686 542 725 Agonus.
590 685 695 716 Goth.

273 736 439 775 Quirina
462 737 598 767 tribus.
623 736 684 778 (Ad
707 734 834 778 p.218.)
858 735 949 765 Cuius
972 736 1106 766 meminit
1128 737 1230 766 Cicero
1252 748 1308 777 pro
1333 737 1483 773 Quinctio.
1527 738 1615 768 Dae.

271 778 480 818 Quiritium
503 779 658 821 fossae.
703 780 752 808 Ait
777 780 895 816 Festus,
929 778 1093 814 Quiritium
1116 779 1208 808 fossas
1232 780 1341 817 dictas,
1378 781 1486 819 quibus
1508 792 1572 811 eam
1594 780 1699 809 urbem
1722 779 1822 809 Ancus
1845 780 1971 810 Martius
1994 781 2053 810 cir-

107 821 274 858 cumdedit,
312 832 400 861 quam
424 823 461 852 ad
484 823 599 852 Tiberis
622 823 728 851 ostium
753 821 868 861 posuit,
906 831 942 850 ex
966 832 1027 860 quo
1050 822 1139 850 etiam
1163 823 1275 852 Ostiam
1298 824 1427 853 vocavit.
1471 824 1581 853 Verum
1607 827 1712 852 auctor
1735 822 1770 851 de
1791 823 1864 851 viris
1886 823 2054 853 illustribus

105 874 167 893 non
187 864 267 894 circa
282 864 394 894 Ostiam
417 866 468 894 sed
491 865 521 894 in
544 866 610 905 ipsa
633 866 706 896 urbe
728 866 821 894 Roma
842 865 934 893 factas
957 874 1019 893 esse
1042 864 1130 901 dicit3
1154 869 1182 893 et
1204 876 1262 894 non
1286 876 1301 894 a
1324 866 1449 903 Martio,
1472 867 1524 895 sed
1546 878 1561 895 a
1585 865 1746 904 Tarquinio
1768 864 1921 904 Superbo:
1943 865 2053 904 Locos,

104 906 220 945 inquit,
257 908 288 936 in
312 905 397 936 Circo
420 915 446 936 et
471 906 611 938 Cloacam
640 909 804 937 maximam
823 906 921 948 fecit,
957 905 1008 935 ubi
1037 908 1127 936 totius
1147 907 1250 947 populi
1270 907 1382 938 viribus
1403 920 1472 937 usus
1494 916 1549 945 est,
1586 907 1654 938 inde
1673 906 1743 937 illae
1762 907 1871 949 fossae
1895 907 2054 947 Quiritium

103 956 172 978 sunt
194 947 301 979 dictae.
333 949 390 978 Sed
414 961 429 978 a
452 950 539 980 Festo
565 950 639 979 facit
661 951 725 979 Liv.
748 950 800 978 lib.
813 949 836 978 I.
850 954 921 980 sect.
934 950 1002 981 33.:
1028 948 1185 988 Quiritium
1209 962 1322 991 quoque
1334 950 1445 993 fossa,
1469 950 1550 980 haud
1567 962 1694 992 parvum
1716 951 1923 979 munimentum
1945 961 1963 979 a
1981 949 2054 990 pla-

104 990 237 1020 nioribus
258 990 343 1020 aditu
365 991 455 1029 locis,
480 993 565 1022 Anci
588 993 662 1032 regis
685 1004 756 1033 opus
778 998 827 1021 esi.
871 992 926 1020 Da
935 1003 959 1021 c.

273 1032 536 1072 Quincentum.
556 1035 620 1075 (Ad
640 1035 769 1075 p.218.)
792 1035 831 1062 Ut
852 1033 993 1072 ducenta,
1027 1040 1170 1071 trecenta,
1206 1042 1354 1064 sexcenta.
1400 1036 1457 1065 Sed
1479 1040 1583 1076 postea
1605 1035 1673 1076 quia
1695 1039 1764 1075 post
1786 1047 1804 1064 n
1824 1035 1901 1064 male
1921 1039 2005 1064 sonat
2027 1046 2052 1072 c,

104 1072 258 1114 εὐφωνίας
280 1086 383 1106 caussa
405 1088 423 1108 c
443 1077 476 1107 in
490 1089 517 1117 g
537 1083 683 1107 mutatum
707 1082 735 1107 et
757 1077 953 1116 quingentum
976 1075 1035 1105 dici
1058 1081 1196 1116 coeptum
1220 1082 1272 1106 est.
1318 1077 1407 1108 Dae.

273 1117 343 1157 Qui
369 1127 506 1159 patres.
538 1120 597 1161 (Ad
621 1120 748 1160 p.218.)
778 1120 859 1149 Haec
883 1119 939 1148 sub
962 1120 1062 1149 littera
1084 1118 1115 1148 P.
1139 1120 1230 1149 scribi
1252 1119 1428 1151 debuerunt.
1473 1120 1549 1150 Vide
1570 1117 1707 1152 Adlecti.
1729 1119 1818 1150 Ant.
1839 1118 1935 1159 Aug.
1978 1118 2054 1150 Vide

103 1157 230 1189 Adiecu‘
250 1165 280 1189 et
302 1160 471 1202 Adscripti.
517 1163 606 1192 Dae.

272 1202 480 1244 Quispiam.
525 1206 575 1234 Ait
596 1205 716 1234 Festus:
743 1203 897 1243 Quispiam
920 1203 1065 1242 significat
1087 1204 1209 1243 aliquis,
1233 1203 1286 1233 sed
1308 1205 1435 1234 inveniri
1457 1216 1515 1234 non
1539 1209 1653 1246 potest,
1676 1203 1755 1233 unde
1775 1203 1880 1233 ultima
1897 1213 1971 1242 <pars
1992 1203 2054 1232 eius

104 1245 204 1282 vocis,
234 1245 253 1274 i.
269 1256 294 1274 e.
313 1247 412 1285 piam,
448 1247 526 1276 sacta
550 1247 597 1277 sit.
642 1247 788 1275 Nimirum
810 1256 869 1274 non
892 1247 1069 1275 meminerat
1090 1247 1212 1284 Festus,
1246 1247 1340 1276 Oscos
1363 1248 1474 1277 dixisse
1497 1248 1580 1287 piam
1602 1258 1657 1287 pro
1680 1257 1786 1287 quam,
1820 1251 1854 1275 ut
1873 1246 1965 1286 pirpit
1985 1246 2054 1285 (po-

103 1287 162 1316 tius
182 1288 283 1327 pitpit)
305 1298 363 1326 pro
385 1288 535 1330 quicquid.
579 1290 617 1318 Et
638 1289 708 1317 inde
731 1289 892 1329 quispiam,
916 1290 1088 1328 quisquam,
1113 1291 1262 1329 nuspiam,
1286 1300 1446 1329 nusquam,
1469 1291 1602 1329 uspiam,
1624 1299 1759 1328 usquam.
1782 1288 1868 1318 Dac.
1911 1286 2053 1329 Aliquae.

103 1330 219 1368 Aliqua.
245 1328 351 1359 Goth.
397 1330 497 1367 Quae3
528 1332 588 1371 qui.
616 1330 724 1360 Idem.
769 1332 818 1359 Sic
838 1342 874 1370 pe
897 1331 967 1360 Osci
987 1342 1045 1371 pro
1067 1343 1138 1372 que,
1171 1340 1275 1372 petora
1298 1343 1354 1373 pro
1376 1340 1517 1373 quatuor,
1551 1333 1598 1374 pis
1621 1342 1676 1372 pro
1699 1332 1782 1372 quis,
1811 1338 1862 1370 pot
1883 1340 1942 1370 pro
1963 1328 2051 1371 quod.

104 1372 148 1402 Cf.
170 1372 281 1402 Miiller
303 1372 350 1400 die
370 1373 526 1403 Etrusker.
542 1374 573 1411 Ι,
597 1376 648 1406 31.
673 1378 701 1402 et
722 1373 784 1402 tab.
807 1374 892 1404 Bant.
2036 1380 2040 1389 ’-

269 1413 546 1455 Quinquatrus.
598 1417 656 1445 Pro
687 1416 738 1456 qui
755 1415 826 1458 fere
855 1415 899 1444 his
926 1415 1037 1447 scribe:
1072 1415 1178 1456 quihus
1196 1415 1312 1458 feriae,
1349 1417 1396 1446 vel
1425 1417 1476 1458 qui
1495 1416 1596 1457 feriis.
1640 1415 1707 1444 Vid.
1730 1415 1825 1444 Varro
1853 1414 1905 1443 lib.
1920 1414 1955 1442 V.
1981 1411 2052 1451 (VI.

101 1467 132 1495 p.
146 1457 213 1488 196.
224 1456 300 1495 Sp.).
330 1457 418 1488 Ovid.
441 1459 491 1487 lib.
504 1459 558 1489 111.
583 1457 673 1499 (Fast.
697 1460 768 1490 809.
783 1457 893 1498 seqq.).
929 1458 1099 1487 Macrobius
1123 1459 1172 1488 lib.
1186 1459 1208 1487 Ι.
1230 1459 1317 1489 Ant.
1339 1460 1435 1499 Aug.
1465 1460 1541 1488 Cave
1564 1458 1673 1488 sentias
1696 1468 1763 1487 cum
1785 1458 1838 1493 iis,
1862 1456 1913 1494 qui
1935 1459 2052 1483 mutan-

102 1499 176 1528 dum
199 1503 321 1528 censent
344 1501 396 1540 qui
413 1499 482 1541 fere
505 1501 550 1530 his
571 1502 600 1529 in
625 1499 730 1541 quibus
748 1500 859 1542 feriae.
904 1500 985 1530 Nihil
1009 1501 1086 1529 enim
1109 1501 1227 1532 facilius
1249 1501 1306 1530 hac
1327 1502 1466 1532 lectione.
1495 1500 1596 1532 Scal.
1640 1501 1749 1529 Unicus
1772 1504 1887 1529 tantum
1910 1497 1972 1526 dies
1994 1497 2052 1526 Mi-

102 1551 211 1570 nervae
233 1551 333 1578 sacer,
363 1542 406 1570 sic
429 1543 528 1572 dictus
553 1543 635 1582 quod
659 1547 736 1571 esset
758 1547 828 1580 post
851 1542 987 1579 quintum
1011 1543 1077 1571 idus
1101 1544 1210 1572 mensis
1229 1544 1340 1573 Martii.
1384 1545 1423 1572 Ut
1446 1545 1567 1572 triatrus
1589 1548 1659 1583 post
1680 1543 1814 1578 tertium,
1846 1544 1914 1579 post
1936 1544 2053 1568 sextum

101 1591 247 1613 sexatrus.
293 1583 387 1614 varro
412 1585 463 1616 lib.
478 1586 510 1616 V.
534 1585 603 1624 (Vl.
626 1594 691 1623 pag.
707 1584 809 1622 196.):
851 1583 1053 1625 Quinquatrus
1081 1584 1129 1614 hic
1157 1584 1218 1614 dies
1247 1598 1321 1615 unus
1341 1597 1361 1615 a
1383 1587 1510 1615 nominis
1538 1598 1632 1615 errore
1660 1585 1840 1618 observatur,
1869 1580 1999 1625 *proinde
2020 1589 2053 1611 ut

101 1626 160 1655 nint
182 1626 323 1666 quinque,
347 1624 444 1656 dictus
465 1627 504 1656 ab
524 1626 717 1656 “Tusculanis
762 1625 831 1655 Post
855 1626 930 1655 diem
953 1634 1069 1655 sexium
1092 1625 1174 1656 eidus
1195 1627 1330 1657 similiter
1351 1635 1475 1657 vocatur
1496 1636 1648 1664 sexatrus,
1670 1635 1696 1656 et
1716 1634 1783 1667 post
1805 1625 1880 1654 diem
1902 1625 2051 1664 septimum

101 1668 298 1706 septimun-us.
329 1666 390 1698 Sed
412 1668 462 1699 hic
481 1668 562 1710 quocl
584 1676 644 1698 erat
660 1675 731 1709 =post
754 1667 829 1696 diem
852 1670 985 1709 quintum
1008 1667 1104 1706 eidus,
1127 1670 1328 1710 quinquatrus.
1361 1671 1455 1699 Aliter
1470 1670 1734 1701 tamen'Ovid.llI.
1751 1669 1828 1698 Fast.
1844 1667 1928 1708 (809.
1942 1665 2050 1705 seqq.):

643 1718 710 1749 Una
734 1717 795 1749 dies
816 1718 913 1748 media
935 1727 976 1748 est
998 1726 1024 1748 et
1035 1721 1120 1760 fiunt
1141 1731 1229 1749 sacra
1251 1719 1407 1752 Minervae

673 1760 866 1802 ..Nominaque
888 1772 906 1790 α
929 1763 1036 1791 iunctis
1059 1763 1185 1803 quinque
1207 1761 1307 1791 diebus
1328 1762 1423 1793 habet.

638 1802 787 1842 Sanguine
806 1805 904 1843 prima
926 1811 1028 1841 vacat,
1053 1815 1105 1833 nec
1116 1804 1177 1846 fas
1199 1815 1369 1834 concurrere
1380 1805 1480 1848 firro,

682 1843 793 1875 Caussa
816 1844 896 1887 quod
917 1854 958 1875 est
980 1845 1036 1875 illa
1061 1854 1132 1876 nata
1154 1846 1293 1876 Minerva
1315 1846 1371 1877 die.

634 1885 744 1916 Altera
765 1895 876 1928 {resque
897 1900 982 1926 super
1003 1896 1097 1917 strata
1121 1887 1303 1918 celebrantur
1325 1900 1424 1927 arena,

679 1928 807 1959 Ensibus
827 1932 951 1960 exsertis
975 1930 1081 1960 bellica
1103 1930 1182 1960 laeta
1205 1930 1259 1960 dea
1281 1939 1330 1962 est.

102 1980 218 2017 Quare,
241 1984 275 2009 ut
297 1979 457 2009 discrimen
479 1979 556 2008 illud
578 1984 793 2019 componatur,
817 1981 977 2010 dicendum
999 1987 1090 2020 puto,
1114 1982 1217 2021 primis
1240 1981 1426 2021 temporibus
1449 1981 1569 2013 unicum
1592 1986 1707 2011 tantum
1729 1981 1806 2010 diem
1828 1977 1933 2011 festum
1956 1978 2046 2011 fuisse

101 2028 131 2052 et
153 2023 265 2052 dictum
291 2021 506 2062 Quinquatrus:
543 2026 645 2061 postea
675 2022 799 2052 veroin
822 2024 925 2062 plures
947 2024 1098 2063 prolatum
1121 2035 1231 2064 eosque
1252 2026 1350 2056 ,dictos
1373 2025 1561 2065 quinquatres
1583 2029 1612 2053 et
1634 2021 1830 2062 quinquatria.
1875 2021 1923 2049 Sic
1943 2032 2045 2061 pana-

101 2064 222 2094 thenaea
244 2075 319 2104 quae
341 2069 412 2093 sunt
434 2065 632 2094 Romanorum
655 2065 865 2103 quinquatria,
887 2066 972 2095 initio
996 2076 1056 2096 uno
1078 2072 1192 2097 tautum
1216 2067 1264 2097 die
1288 2067 1452 2103 celebrata,
1483 2066 1590 2096 deindo
1611 2064 1759 2104 pluribus.
1801 2062 1898 2095 Fuere
1920 2069 1950 2094 et
1971 2064 2044 2094 aliae

101 2108 299 2147 quinquatrus
326 2107 425 2135 idibus
447 2107 539 2135 Iuniis
561 2106 657 2136 dictae
679 2106 869 2138 Minus-culae
890 2110 1093 2150 quinquatrus.
1132 2110 1206 2140 Vide
1229 2108 1428 2141 minusculae.
1465 2109 1499 2139 in
1522 2107 1619 2136 verbis
1640 2106 1733 2143 Festi,
1764 2115 1819 2144 pro
1842 2106 1894 2146 qui
1911 2105 1977 2146 fere
1998 2105 2042 2133 his

100 2148 283 2179 celebrantur
304 2149 418 2187 legebat
437 2149 486 2178 vir
507 2149 712 2178 doctissimus:
746 2150 851 2190 quibus
870 2150 972 2193 feriae
994 2150 1182 2181 celebrantur.
1226 2152 1285 2181 Sed
1307 2151 1381 2180 nihil
1403 2150 1593 2186 mutandum,
1630 2153 1663 2178 ut
1684 2148 1794 2187 optime
1816 2148 1931 2177 monuit
1942 2148 2041 2179 §cali-

99 2201 159 2230 ger.
203 2192 254 2221 Ait
275 2192 394 2229 Festus,
423 2191 568 2230 quosdam
587 2192 758 2221 existimare
781 2193 989 2232 Quinquatrus
1012 2194 1105 2224 dictas
1127 2205 1144 2226 a
1167 2205 1290 2224 numero
1314 2195 1443 2231 dierum,
1467 2193 1519 2231 qui
1540 2192 1570 2223 in
1584 2191 1638 2221 -his
1660 2190 1890 2231 quinquatribus
1911 2190 2037 2219 celebra-

98 2234 224 2272 bantur,
246 2235 266 2264 i.
284 2244 310 2265 e.
332 2234 539 2273 exigebantur,
562 2234 844 2273 frequentabantur,
867 2241 935 2265 cett.
958 2236 1048 2266 Dae.
1088 2236 1147 2276 Qui
1159 2236 1231 2279 fere
1252 2236 1312 2275 his,-
1337 2237 1444 2276 quibus
1464 2235 1544 2266 ferit.
1560 2234 1638 2265 Alii:
1665 2234 1718 2275 qui
1734 2233 1831 2268 ,feriis-
1860 2232 1942 2262 xVide
1965 2230 2036 2259 Var-

98 2286 203 2306 ronem
222 2277 256 2306 V.
280 2277 314 2313 (l.
332 2278 389 2315 c.),
409 2276 498 2307 ovid.
515 2277 565 2306 111.
580 2277 623 2315 .(1.
642 2277 682 2315 c.)
703 2277 836 2308 macrob.
852 2278 874 2307 Ι.
898 2278 970 2315 (nou
992 2289 1057 2318 rep.
1081 2279 1188 2317 locus).
1215 2278 1318 2312 Gosh.
1361 2279 1447 2310 Adde
1470 2277 1504 2307 A.
1525 2276 1657 2315 Geu.'11‚
1672 2279 1732 2311 21.

93 2330 97 2332 “
265 2318 561 2360 Quinquaertium.
603 2319 632 2348 A
647 2319 786 2359 quinque
805 2320 937 2357 artibus,
960 2321 1069 2360 quibus
1086 2322 1315 2354 exercebantur.
1346 2318 1634 2354 vide-Pentathlum.
1651 2317 1747 2352 Duc.
1778 2316 1851 2348 Vide
1864 2312 1975 2348 .1‚2..ff-
1995 2312 2034 2350 '⁴²3

101 2361 287 2391 aleatoribus.
331 2362 444 2391 Glossiu
465 2361 648 2399 πένταθλος,
670 2361 886 2403 Οιιίιιῳιιηίυε.
934 2362 1042 2395 Goth.
1918 2379 1921 2386 ·

1500 2413 1630 2447 liii*
