2263 2668
742 110 972 147 EXEMPLA
996 108 1361 144 ELOCUTIONUM.
1952 113 1974 147 2
1978 112 2028 148 55

186 206 252 241 stri
275 214 339 240 nec
358 205 513 250 poenitet
538 204 630 241 illas.
673 205 826 240 Poenitet
857 216 912 239 me
940 203 1009 239 hoc
1041 203 1169 237 fecisse.
1202 202 1299 236 Idem
1324 204 1466 238 ibidem:
1498 203 1576 239 Nec
1608 205 1643 238 te
1671 205 1852 251 poeniteat
1888 206 2028 243 calamo

187 258 322 292 trivisse
347 256 511 292 libellum.

85 310 199 344 Potest
225 309 268 342 ab
295 308 361 342 hac
387 320 432 341 re.
465 309 601 342 Terent.
626 305 800 344 Heaut.²¹:
834 307 909 342 Sed
933 306 992 340 Ιιὶο
1017 310 1118 340 actor
1143 309 1278 339 tantum
1300 307 1431 351 poterit
1457 319 1482 341 a
1503 307 1690 353 facundia.
1743 309 1859 342 Potest
1883 307 1950 344 hac
1976 320 2021 343 re.

95 352 104 358 .
189 360 259 394 Cic.
281 360 423 393 Rhetor.
432 355 474 393 ²²:
501 359 588 393 Cum
614 360 746 393 viribus
767 360 960 405 plurimum
976 361 1105 403 posset.

84 412 176 445 Potis
203 416 252 444 est
277 422 340 455 pro
366 407 516 456 potest²³.
549 411 643 455 Virg.
665 411 747 444 Aen.
772 411 848 444 1X.:
881 410 980 444 Potis
1015 413 1065 443 est
1093 419 1165 454 per
1194 408 1268 442 tela
1298 419 1366 454 per
1391 409 1504 455 ignes.
1535 410 1669 444 Terent.
1695 408 1864 455 Adelph:
1899 411 2028 445 Peiore

185 473 244 497 res
270 463 344 496 loco
369 473 435 495 non
457 462 552 506 potis
578 466 629 495 est
656 473 740 496 esse.

84 515 152 548 Pro
178 514 254 555 hac,
281 513 316 546 id
343 518 390 546 est
416 518 491 546 ante
516 513 614 546 hanc.
648 513 744 558 Virg.
772 513 855 546 Aen.
883 508 1021 547 V111.⁹‘¹:
1049 509 1179 545 Stabat
1197 522 1269 557 pro
1296 511 1435 556 templo.

185 565 271 598 relio
293 564 460 597 tribunali
485 565 633 598 dilectus
657 576 837 598 servorum
863 563 1070 597 habebatur.

84 616 227 650 Perosus
251 616 346 648 illam
371 626 452 651 rem.
482 616 576 661 Virg.
599 617 682 649 Aen.
705 617 762 650 vl.
773 612 816 649 ²⁵:
844 616 1042 660 Lucemque
1061 614 1192 660 perosi.
1217 613 1314 647 Idem
1336 613 1460 647 v1111.:
1493 612 1572 647 Non
1603 624 1718 660 genus
1751 624 1850 647 omne
1877 624 2026 658 perosos

185 666 394 700 Femineum.

83 719 213 752 Poenas
239 718 345 759 illius,
378 729 460 761 quas
490 718 548 750 ille
573 717 690 752 intulit.
722 717 817 762 Virg.
849 718 933 751 Aen.
966 713 1074 749 VI.²⁰:
1106 715 1195 761 Ipsa
1218 716 1334 749 Deum
1356 726 1491 761 poenus
1517 715 1640 749 docuit.
1678 715 1747 749 Cic.
1780 715 1814 747 in
1847 714 2021 747 Pisonem:

92 795 98 799 .
182 768 232 802 Et
257 769 497 815 gravissimae
522 769 643 814 legum
666 780 804 813 poenae
822 772 989 802 vetarent.
1016 767 1073 801 Sic
1095 768 1164 801 Sal.
1190 768 1274 803 Hist.
1306 768 1350 800 1.:
1376 767 1473 800 Num
1494 767 1641 800 iniuriae
1666 766 1890 800 validiorum.

82 820 226 866 Propter
251 826 302 862 te,
328 821 363 853 id
391 825 438 854 est
464 821 510 853 tui
536 817 692 855 caussa²⁷.
728 820 820 865 Virg.
848 821 931 854 Aen.
958 819 1033 852 1V.:
1072 818 1120 851 Te
1146 823 1294 863 propter
1323 818 1458 862 Libyae
1490 823 1614 863 gentes
1646 818 1916 861 Nomadumque
1950 816 2020 860 Ty-

181 872 286 905 ranni
312 872 428 905 odere.
480 873 623 916 Propter
651 876 684 904 te
710 872 731 904 i.
761 883 789 904 e.
816 871 904 905 iuxta
929 875 962 903 te
972 867 1006 903 ²⁸.
1041 870 1111 903 Cic.
1138 870 1170 902 in
1196 871 1367 903 Pisonem:
1399 869 1499 903 Nihil
1526 869 1582 902 hic
1610 870 1664 902 vir
1696 869 1928 910 clarissimus,
1962 868 2020 912 qui

1487 511 1558 548 Cic.
1583 512 1617 545 in
1642 512 1814 545 Pisonem:
1846 512 1922 546 Pro
1949 512 2026 545 Au-

178 927 330 968 propter
355 927 389 957 te
415 923 529 965 sedet,
570 923 697 956 Lucius
735 922 880 956 Gellius.
918 922 1011 966 Virg.
1040 921 1168 966 Georg.
1199 918 1308 954 111.²⁵':
1350 921 1398 954 Et
1425 921 1531 954 viridi
1558 921 1592 953 in
1624 932 1747 965 cumpo
1780 920 1947 964 templum
1972 919 2018 951 de

184 985 363 1008 marmore
384 986 516 1020 ponam
536 974 690 1019 Propter
716 985 856 1019 aquam.
883 974 1026 1017 Propter
1051 973 1142 1006 illam
1168 985 1248 1006 rem.
1275 973 1370 1018 Virg.
1394 973 1478 1006 Aen.
1494 972 1569 1005 lX.:
1592 972 1640 1005 Et
1660 972 1851 1017 pulchrum
1872 974 2019 1016 propter

182 1026 331 1059 vulnera
357 1030 510 1059 mortem.
538 1025 605 1061 Sal.
625 1026 718 1069 Iug.:
747 1026 899 1069 Aliuque
919 1028 1080 1070 propter.

82 1076 269 1122 Praesagus
291 1077 375 1110 illius
399 1077 456 1110 rei.
480 1077 573 1121 Virg.
594 1077 676 1109 Aen.
703 1073 795 1111 X.³⁰:
823 1076 1021 1121 Praesaga
1047 1075 1135 1108 muli
1157 1085 1264 1107 mens.

81 1127 210 1161 Primus
233 1138 349 1173 regno.
376 1129 470 1173 Virg,
493 1124 600 1160 XL³¹2
627 1127 675 1160 Et
697 1128 836 1172 primus
860 1128 1007 1172 sceptris
1032 1127 1131 1160 haud
1157 1127 1252 1159 laeta
1268 1124 1393 1171 fronte
1414 1125 1573 1159 Latinus.

81 1180 218 1213 Praeses
240 1180 326 1212 illius
353 1176 442 1212 rei³².
471 1179 565 1224 Virg.
594 1179 678 1212 Aen.
703 1179 778 1211 XL:
810 1179 914 1212 Armi
931 1183 1057 1224 potens
1077 1189 1224 1223 praeses
1256 1177 1346 1212 belli.

81 1230 274 1264 Posthabeo
303 1241 412 1263 meam
439 1241 510 1263 rem
539 1235 596 1262 tua
627 1241 672 1263 re.
718 1230 811 1274 Virg.
840 1228 975 1264 Buc.³³:
1010 1229 1207 1263 Posthabui
1239 1233 1356 1262 tamen
1385 1229 1525 1262 illorum
1550 1238 1631 1260 mea
1658 1226 1751 1260 seria
1779 1225 1871 1258 ludo.
1898 1224 1954 1258 Sic
1984 1228 2017 1257 et

182 1282 359 1326 postduco.
389 1282 457 1315 Sal.
482 1282 575 1326 Iug.:
615 1281 664 1314 Et
687 1293 753 1314 sua
780 1282 979 1315 necessaria
1003 1285 1085 1327 post
1115 1281 1208 1314 illius
1241 1281 1421 1325 negotium
1453 1275 1662 1312 ducereut³⁴.
1714 1277 1903 1311 Posthabeo
1924 1276 2017 1308 illam

180 1344 252 1366 rem
273 1344 354 1377 prae
374 1333 429 1365 illa
452 1329 527 1367 re³⁵.
558 1333 694 1366 Terent.
719 1333 888 1377 Adelph:
935 1333 1005 1379 Qui
1026 1333 1142 1366 omnia
1162 1331 1228 1365 sibi
1248 1332 1464 1377 postputavit
1495 1342 1568 1364 esse
1592 1341 1687 1376 prae
1721 1340 1797 1362 meo
1828 1327 2018 1362 commodo.

180 1384 276 1417 Idem
300 1385 441 1428 Hecyr.:
466 1385 558 1420 Cum
584 1387 618 1417 te
642 1388 866 1429 postputasse
892 1395 1009 1418 omnes
1029 1396 1087 1418 res
1110 1394 1204 1429 prae
1217 1388 1367 1428 parente
1393 1383 1562 1428 intelligo.

79 1435 190 1480 Perge
211 1436 281 1471 iter.
305 1436 441 1470 Terent.
465 1431 648 1480 Hecyram:
679 1436 844 1481 Pergam
869 1447 936 1481 quo
963 1437 1082 1482 occepi
1111 1436 1176 1469 hoc
1201 1436 1277 1469 iter.

79 1569 209 1598 formula
232 1580 299 1600 cum
323 1571 439 1600 duobus
460 1570 521 1600 suis
546 1571 689 1610 exemplis
714 1571 794 1600 deest
821 1571 902 1611 apud
925 1571 961 1599 A.
989 1570 1029 1599 M.

79 1611 162 1650 Virg.
183 1613 253 1643 Aen.
272 1613 324 1651 IX,
345 1617 434 1651 796.,
457 1614 508 1642 ubi
531 1614 644 1642 editur:
663 1616 746 1652 poti-s·
766 1619 807 1642 est
824 1626 880 1653 per
901 1614 961 1641 tela
980 1615 1028 1641 vi-

79 1665 195 1693 rosque.
224 1655 340 1685 Terent.
364 1657 420 1687 Ad.
442 1657 493 1693 Ili,
515 1659 543 1692 2,
566 1660 616 1688 47.
646 1657 695 1685 ubi
723 1658 812 1695 vulgo
832 1662 946 1695 potest,
976 1656 1027 1684 sed

78 1697 208 1735 optimus
229 1698 279 1726 ille
302 1699 379 1727 liber
398 1700 554 1728 Bembinus
577 1700 656 1737 apud
682 1700 778 1728 Bentl.
798 1702 883 1737 polis
905 1704 956 1727 est.
985 1714 1027 1720 —-

78 1739 123 1773 24)
149 1740 235 1778 Virg.
267 1741 344 1771 Aen.
376 1740 464 1770 VIII,
488 1742 559 1773 653.
586 1741 619 1769 A.
639 1742 677 1771 M.
705 1742 881 1780 Exemplum
905 1742 1026 1769 Cicero-

77 1780 124 1809 nis
147 1781 228 1810 deest
246 1784 324 1822 apud
344 1785 377 1812 A.
392 1784 429 1812 M.
453 1785 548 1812 Locus
565 1788 608 1811 est
630 1784 661 1812 in
686 1785 782 1813 Pison.
806 1794 831 1813 c.
850 1785 880 1816 5.
906 1783 955 1812 ubi
977 1793 1028 1811 re-

79 1826 126 1851 cte
140 1822 278 1854 delectus.
300 1841 342 1847 —
364 1825 410 1865 25)
434 1827 509 1855 Rem
531 1825 632 1854 addidi
657 1837 671 1855 e
687 1827 759 1855 Cod.
789 1827 845 1855 Gu.
868 1826 952 1854 Idem
974 1826 1025 1855 Vl.

78 1864 149 1896 435.
171 1867 204 1894 Α.
228 1867 266 1896 Μ.
281 1867 354 1897 'sum
375 1870 414 1897 Et
442 1868 547 1898 VIIII.
567 1869 634 1900 141.
659 1870 693 1898 A.
709 1869 747 1899 M.
767 1869 849 1897 Idem
873 1869 929 1899 IX.
954 1868 1024 1895 Cod.

79 1907 136 1936 Gu.
151 1906 358 1938 Foemmeum
379 1911 450 1941 cod.
472 1914 530 1942 Gu.
551 1924 593 1932 -—
615 1911 663 1948 ΞΘ)
687 1911 731 1941 ld.
760 1910 814 1940 VJ.
837 1912 907 1943 565.
931 1910 964 1938 Α·
986 1910 1023 1937 Μ-

77 1949 253 1988 Exemplum
271 1961 285 1979 e
302 1952 362 1980 Cic.
384 1959 457 1984 orat,
481 1954 512 1982 in
534 1953 668 1984 Pisonem
686 1954 768 1981 deest
794 1954 824 1981 iu
841 1954 912 1981 Cod.
935 1952 967 1979 A.
984 1951 1022 1980 M.

77 1992 193 2021 Pariter
213 1994 258 2019 sic
280 1994 380 2022 addidi
411 2005 427 2024 e
455 1996 526 2025 cod.
557 1996 611 2023 Gu.
636 1996 699 2024 Sal.
722 1997 804 2024 Hm,
830 1997 852 2024 I.
875 1998 903 2026 2.
926 1994 958 2022 A.
985 1993 1023 2021 M.

78 2034 222 2071 Fragmm.
245 2035 265 2071 Ι,
288 2037 317 2066 8.
341 2036 420 2067 Gerl.
443 2038 503 2068 Cic.
533 2037 562 2065 in
591 2037 646 2065 Pis.
674 2048 738 2076 cap.
760 2040 809 2069 21.
831 2041 907 2064 extr.
939 2037 1022 2063 Gra-

78 2077 217 2105 vis-sima
239 2077 309 2105 Cod.
333 2078 389 2106 Gu.
413 2095 456 2101 —-
489 2080 534 2119 27)
558 2078 681 2116 Propter
702 2085 729 2107 te
751 2081 768 2108 ι’.
791 2089 813 2106 e.
835 2080 1019 2106 iniectus-511.

76 2118 157 2147 Hace
183 2118 310 2147 elocutio
337 2130 405 2148 cum
429 2123 566 2161 exemplo
597 2132 650 2149 suo
673 2122 755 2149 deest
777 2121 807 2148 in
832 2120 904 2148 cod.
931 2119 965 2147 A.
981 2119 1019 2147 M.

77 2161 173 2189 Locus
194 2161 274 2197 Virg.
298 2166 340 2189 est
363 2162 499 2201 Aen.1v‚
526 2166 598 2195 320.
623 2163 673 2191 ubi
695 2163 826 2199 Libycae
847 2172 878 2198 g.
904 2177 945 2182 -—
970 2160 1017 2197 28)

78 2202 118 2232 Id
137 2208 179 2230 est
198 2203 298 2231 addidi
314 2213 329 2231 e
349 2204 421 2234 Cod.
449 2206 505 2236 Gn,
524 2206 584 2234 Cic.
606 2207 637 2232 in
656 2206 719 2234 Pis.
741 2208 770 2235 3.
794 2204 829 2231 A.
847 2204 884 2231 M.
909 2201 1019 2230 Vocem

79 2245 170 2274 Nihil
184 2245 285 2273 addidi
308 2255 323 2274 e
344 2246 414 2275 cod.
437 2247 494 2277 Gu.
521 2262 560 2269 ·—
583 2246 627 2286 29)
656 2248 741 2284 Vir-g.
764 2247 815 2273 Ge.
840 2243 898 2274 111.
918 2248 963 2276 13.
981 2244 1016 2274 A.

77 2287 116 2317 Μ.
138 2288 172 2316 In
194 2287 300 2326 templo
322 2289 464 2326 templum
485 2289 556 2317 Cod.
572 2290 626 2317 Gu.
643 2289 693 2317 sed
712 2291 879 2316 correctum
895 2287 926 2314 in
941 2297 1018 2315 mar-

76 2330 153 2368 gine.
180 2330 319 2358 Formula
342 2332 470 2368 Propter
494 2332 581 2359 illum
603 2342 664 2358 rem.
685 2340 751 2358 cum
778 2330 890 2358 duobus
914 2339 1018 2358 exem-

77 2373 135 2412 plis
155 2372 382 2402 desideraturin
401 2373 471 2404 Cod.
492 2374 526 2403 A.
545 2373 582 2403 M.
597 2372 677 2412 Virg.
695 2374 764 2402 Aen.
787 2372 845 2401 Sed
863 2381 957 2401 novus
973 2376 1017 2401 est

1071 1570 1231 1607 articulus,
1261 1570 1434 1599 scribendus
1460 1570 1516 1597 ita:
1551 1569 1682 1605 Propero
1706 1567 1795 1594 illam
1825 1576 1894 1594 rem.
1926 1565 2012 1603 Virg-

1073 1615 1144 1642 Aen.
1171 1614 1228 1642 [ΛΥ.
1262 1610 1371 1651 (401.)
1403 1613 1444 1640 Et
1466 1611 1629 1648 pulc-liram
1646 1614 1783 1647 prope-ret
1806 1619 1861 1647 per
1886 1608 2013 1636 vulnera

1070 1662 1202 1684 mortem.
1226 1656 1289 1683 Sal.
1313 1655 1382 1691 lug.
1411 1656 1450 1687 (e.
1472 1655 1534 1688 37.)
1557 1653 1690 1690 Altaque
1713 1661 1881 1689 properare.
1905 1666 1942 1671 -—
1966 1648 2012 1687 30)

1070 1699 1128 1726 liet
1151 1698 1249 1725 addidi
1278 1706 1293 1724 e
1318 1696 1388 1723 Cud.
1413 1696 1470 1724 Gu.
1495 1693 1576 1722 Idem
1603 1695 1677 1722 Aen.
1695 1695 1736 1721 Χ.
1757 1693 1825 1724 843.
1848 1693 1882 1720 A.
1910 1691 1947 1720 M.
1970 1705 2013 1712 —-

1069 1743 1113 1778 31)
1138 1738 1220 1767 Idem
1242 1738 1298 1766 XI.
1318 1739 1389 1768 238.
1414 1738 1446 1766 A.
1469 1737 1506 1764 M.
1532 1751 1572 1758 —-
1596 1738 1642 1773 39)
1662 1736 1719 1764 Hic
1741 1734 1886 1762 articulus
1909 1742 2013 1762 recens

1070 1782 1192 1810 accessit
1209 1791 1223 1808 e
1248 1779 1319 1807 (lod.
1340 1780 1397 1807 Gu.
1426 1780 1571 1806 Praesens
1591 1779 1677 1806 illius
1699 1788 1722 1805 r.
1744 1777 1815 1806 Cod.
1840 1777 1894 1804 Gu.
1918 1777 2014 1804 Locus

1069 1824 1148 1861 Virg.
1178 1827 1220 1851 est
1243 1824 1313 1851 Aen.
1336 1821 1386 1849 XI.
1406 1821 1479 1853 483.
1502 1821 1583 1848 Belli
1605 1819 1706 1848 addidi
1732 1828 1768 1847 ex
1789 1818 1922 1856 Virgilio,
1952 1828 2013 1856 po-

1067 1866 1194 1893 stulante
1211 1863 1400 1892 Grammatici
1416 1863 1569 1891 sententia.
1592 1876 1634 1884 —-
1655 1865 1703 1897 33)
1726 1862 1770 1890 lie
1789 1861 1889 1889 addidi
1907 1871 1921 1889 e
1939 1859 2012 1889 Cod.

1069 1908 1123 1935 Gu.
1149 1906 1231 1934 Idem
1250 1907 1315 1936 Ecl.
1346 1906 1417 1935 VH.
1439 1908 1486 1936 17.
1506 1905 1538 1933 Α.
1559 1905 1599 1934 Μ.
1623 1904 1705 1940 Quae
1728 1913 1807 1942 seqq.
1834 1903 1936 1932 verba:
1961 1903 2010 1930 Sic

1066 1955 1090 1976 ct
1112 1948 1262 1986 postduco
1290 1949 1394 1977 desunt
1417 1948 1448 1976 in
1478 1948 1550 1977 Cod.
1574 1947 1607 1975 A.
1632 1947 1669 1977 M.
1704 1963 1746 1969 --
1776 1945 1822 1984 34)
1848 1945 1910 1976 Sal.
1938 1943 2008 1982 Iug-

1067 1993 1114 2022 76.
1134 1991 1168 2019 A.
1192 1991 1230 2020 M.
1253 1992 1323 2030 Cap.
1346 1991 1397 2022 73.
1419 1990 1488 2019 edd.
1513 1990 1592 2019 Gerl.
1611 1990 1690 2018 Cort.
1717 1990 1772 2017 Pro
1793 1998 1822 2017 v.
1846 1988 2010 2026 negotium,

1066 2033 1146 2070 quod
1164 2033 1194 2061 in
1211 2038 1337 2072 utroque
1355 2036 1398 2060 est
1420 2033 1530 2069 codiee,
1554 2033 1633 2072 apud
1653 2031 1813 2060 Salustium
1825 2030 1934 2068 legitur
1948 2030 2010 2057 lio-

1064 2085 1171 2105 norem.
1197 2091 1232 2097 —-
1264 2076 1310 2113 35)
1332 2076 1413 2103 Prae
1429 2076 1487 2102 illa
1509 2080 1553 2112 re,
1576 2075 1690 2103 omissis
1713 2084 1760 2102 vv.
1780 2073 1943 2111 posthabeo
1968 2072 2010 2099 il-

1063 2117 1126 2144 lam.
1140 2128 1215 2154 rem,
1237 2117 1307 2146 Cod.
1332 2119 1365 2146 A.
1388 2117 1426 2145 M.
1444 2118 1518 2145 Tum
1546 2117 1627 2146 Idem
1648 2119 1679 2144 in
1701 2115 1802 2144 eadem
1816 2117 1844 2146 3.
1863 2116 1891 2147 5.
1908 2116 1956 2146 33.
1972 2113 2007 2142 A.

1061 2159 1098 2187 M.
1110 2160 1155 2187 Ex
1167 2170 1225 2198 quo
1243 2160 1428 2198 intelligitur,
1452 2159 1484 2191 A.
1497 2159 1534 2188 M.
1550 2160 1687 2188 Codicem
1705 2163 1874 2187 truncatum
1893 2162 1920 2186 et
1940 2166 2010 2185 mu·-

1062 2201 1177 2230 tiletum
1191 2211 1268 2239 esse3
1279 2207 1478 2241 praecesserat
1490 2202 1568 2230 enim
1584 2203 1665 2231 locus
1681 2200 1809 2229 Salustii.
1833 2200 2009 2239 Exemplum

1063 2254 1077 2273 e
1094 2244 1208 2272 Terent.
1225 2245 1348 2283 Adelph.
1367 2245 1417 2282 (ΙΙ,
1431 2247 1459 2280 3,
1482 2242 1526 2284 9.)
1550 2245 1629 2273 deest
1650 2245 1680 2272 in
1697 2243 1767 2272 cod.
1790 2243 1869 2271 A.M.
1883 2243 2011 2278 itemque

1060 2286 1163 2315 verba:
1187 2286 1269 2316 Idem
1280 2289 1388 2326 Ileqyr.
1398 2287 1492 2315 Locus
1507 2287 1638 2325 Hecyrae
1658 2291 1700 2314 est
1723 2286 1772 2320 111,
1787 2286 1816 2319 5,
1834 2287 1883 2316 33.
1905 2299 1947 2305 —-
1963 2280 2009 2319 36)

1062 2329 1126 2359 Ter·
1144 2330 1236 2367 sleqy.
1253 2333 1277 2360 Ι.
1295 2332 1323 2362 2.
1344 2331 1413 2362 119.
1436 2329 1468 2358 Α.
1489 2329 1526 2358 Μ.
1539 2329 1626 2368 Coepi
1640 2329 1734 2357 edidit
1751 2329 1784 2356 A.
1794 2327 1891 2355 M.sed
1905 2327 1935 2354 in
1957 2332 2010 2368 suf)

1060 2371 1131 2401 Cod.
1157 2372 1314 2402 invenerat
1341 2373 1465 2411 accept.)
1497 2372 1567 2400 Cod.
1595 2373 1650 2401 Gu.
1673 2371 1794 2408 occepi,
1826 2368 1905 2407 quod
1933 2365 2008 2396 ded*-
