2263 2668
226 183 302 217 684
658 174 1002 208 COMMENTARH
1027 175 1075 207 1N
1101 172 1246 207 PAULI
1272 172 1468 207 timeor-1
1492 173 1745 209 EonRrTA

393 272 616 310 Stipatores.
640 265 699 305 (Ad
718 275 800 304 pagg.
815 266 887 298 249.
906 271 933 295 et
950 265 1032 305 268.)
1057 266 1164 294 Deesse
1187 265 1258 294 mihi
1281 266 1423 294 videntur
1446 266 1558 304 aliquot
1580 267 1687 303 verba,
1712 267 1819 305 quibus
1843 267 1922 296 dicat
1944 268 2005 304 (vel
2027 267 2062 296 ab
2084 270 2171 309 stipo,

227 316 308 356 quod
332 320 374 344 est
396 313 491 347 firmo)
521 310 599 338 unde
626 314 653 337 et
676 309 782 346 stipam
806 314 861 337 etc.
905 310 1057 337 Iustinian.
1081 309 1192 339 hb.1[1.
1217 309 1360 337 Institut.:
1399 307 1546 348 Stipulum
1576 309 1657 349 apud
1685 317 1788 338 veteres
1803 311 1929 349 firmum
1958 308 2171 349 appellabatur,

222 359 305 400 7¹2„oe
327 369 343 385 a
367 357 438 393 stipe
461 351 641 381 descendens.
681 351 764 379 Hinc
786 351 939 391 stipulatio
962 350 1042 380 dicta
1065 359 1114 380 est.
1142 352 1227 382 Ant.
1248 352 1341 390 Aug.
1383 351 1483 389 stipa,
1513 362 1588 390 quae
1610 352 1658 380 hie
1682 358 1822 388 vocatur,
1851 357 1894 380 est
1918 363 1993 380 crux
2015 362 2068 380 seu
2091 353 2172 391 pati-

226 403 327 429 bulum
351 396 448 432 humi,
474 400 505 423 ut
527 393 702 433 trophaeum
726 394 916 430 destitutum,
948 395 995 422 cui
1019 395 1153 431 argillam
1176 394 1335 433 imponunt
1360 395 1487 432 plastae,
1520 399 1552 422 ut
1571 394 1744 429 simulacra,
1769 405 1844 433 quae
1863 395 1971 431 velint,
1995 394 2171 425 deforment.

226 441 330 471 Graeci
352 443 459 467 vocant
482 435 646 476 κάνναβυν.
692 437 889 465 Tertullianus
912 437 940 465 in
965 437 1155 474 Apologetico
1178 436 1215 465 de
1238 448 1271 465 eo
1294 437 1444 474 intelligit,
1469 446 1535 465 cuui
1559 437 1615 465 ait:
1644 436 1784 466 Crucibus
1806 444 1832 465 et
1854 436 2001 476 stipitibus
2023 438 2172 477 imponitis

226 484 422 518 Christianos,
446 479 526 521 quod
548 479 737 508 simulacrum
761 490 817 507 non
840 480 921 518 prius
944 478 1053 518 argilla
1077 478 1240 521 deformat,
1265 479 1346 508 cruci
1367 486 1392 506 ct
1415 479 1509 517 stipiti
1530 478 1752 519 superstructa?
1781 485 1808 508 et
1830 480 1923 508 infra:
1946 479 2090 508 Diximus
2112 480 2171 509 ori-

219 527 317 565 ginem
341 524 467 552 Deorum
490 530 649 551 vestrorum
671 533 688 550 a
708 520 815 561 plastis
838 521 873 550 de
896 533 980 551 cruce
1001 520 1111 550 induci.
1155 522 1211 549 Sed
1242 522 1292 559 qui
1316 522 1453 559 sequitur
1476 523 1576 557 locus,
1614 526 1647 550 ut
1673 522 1769 550 obiter
1792 522 1904 559 dicam,
1944 526 2105 561 corruptus
2127 526 2172 551 est

223 567 305 606 apud
327 567 452 595 eunden]
478 565 710 593 eruditissimum
734 565 909 602 scriptorem
934 566 970 600 (c.
987 566 1060 601 16.);
1099 563 1208 603 Sipara
1235 563 1290 592 illa
1311 562 1490 592 vexillorum
1513 571 1538 592 et
1562 563 1805 593 candelabrorum
1828 564 1922 593 stolae
1943 565 2073 594 crucium
2094 571 2171 593 sunt.

220 609 393 647 Legendutn
418 609 509 637 enim:
535 606 644 647 Sipara
667 605 723 635 illa
746 606 923 636 vexillorum
948 613 974 634 et
996 605 1104 635 candes
1126 606 1294 635 labarorum
1318 604 1411 634 stolae
1434 608 1563 636 crucium
1586 613 1660 635 sunt.
1705 607 1810 636 Notum
1833 607 1967 636 labarum
1987 607 2065 635 inter
2087 607 2170 645 signa

221 652 360 682 militaria
384 652 488 687 suisse3
514 661 549 678 ex
574 650 625 678 illo
650 654 682 677 ut
705 659 742 677 ex
766 655 892 677 antenna
915 649 1064 688 pendebat
1087 649 1215 687 candyS,
1241 649 1321 687 quod
1346 653 1389 676 est
1413 659 1503 686 genus
1526 649 1729 688 paludamenti
1752 650 1908 679 barbarici.
1942 649 2045 687 ltaque
2065 649 2097 677 in
2119 659 2171 678 ve·-

220 695 334 724 teribus
358 693 543 722 monimentis
566 693 608 720 ita
632 692 739 720 visitur
760 702 875 731 semper
900 692 1043 720 Labarum
1069 702 1100 719 ea
1122 693 1214 720 forma
1239 692 1361 730 pictum.
1397 692 1497 730 Neque
1520 693 1648 720 multum
1671 694 1782 730 negotii
1805 693 1862 721 fuit
1885 692 2078 721 Constantino
2095 691 2169 730 Imp.

219 738 252 766 id
274 738 305 766 in
330 737 455 775 speciem
486 735 582 763 crucis
613 735 805 771 concinnare,
842 745 908 763 cum
939 735 995 762 iam
1024 739 1227 763 transversum
1259 739 1401 761 antennae
1429 735 1527 773 specie
1557 735 1668 771 lignum
1692 734 1822 764 haberet.
1871 733 1983 763 candes
2006 744 2076 772 ergo
2099 738 2170 762 sunt

220 777 348 814 κάνδυες
371 790 386 806 a
410 778 594 806 nominativo
617 778 742 815 candyS.
788 778 851 806 Non
876 778 979 814 ignoro
1003 781 1102 805 tamen
1126 778 1157 805 in
1181 777 1331 805 veteribus
1359 776 1442 805 libris
1466 778 1640 805 Tertulliani
1667 776 1879 807 Cantabrorum
1909 776 1980 815 legi,
2018 781 2051 805 ut
2080 776 2170 805 etiam

221 822 299 860 apud
316 821 490 851 Arnobium.
523 821 674 848 Praeterea
700 819 841 848 Labarum
865 825 997 858 tempore
1020 820 1195 848 Tertulliani
1219 830 1277 847 non
1301 819 1402 847 fuisse.
1433 820 1531 855 Quare
1554 820 1612 848 hoc
1636 820 1722 848 modo
1746 820 1975 849 labefactabitur
1997 818 2169 848 coniectura

219 868 328 893 nostra.
354 861 454 892 Scal.
493 863 615 891 Frustra
639 867 682 891 est
708 863 841 897 Verrius,
865 863 915 900 qui
939 863 1098 901 stipatores
1122 873 1137 890 a
1160 863 1244 901 stipe.
1282 862 1354 890 tx'am
1379 862 1533 900 stipatores
1557 867 1584 891 et
1607 863 1699 901 stipes
1722 874 1737 890 a
1761 863 1914 902 stipando,
1938 862 2048 901 stipare
2071 866 2169 889 autem

219 917 234 935 a
258 904 375 941 στύπω,
400 905 558 934 condenso.
599 905 671 933 Inde
695 905 781 933 etiam
805 905 879 943 stipa
903 915 959 943 pro
983 910 1080 943 stupa.
1119 907 1217 941 Quare
1241 905 1314 933 bene
1337 906 1458 933 Servius
1479 906 1508 933 in
1532 905 1553 935 Ι,
1580 906 1669 935 Aen.:
1692 904 1825 945 Stipant,
1850 904 1988 942 densant5
2010 902 2169 932 translatio

217 960 236 977 a
260 948 396 984 navibus,
432 949 462 976 in
491 947 596 988 quibus
622 954 708 987 stupa
735 948 928 986 interponitur
955 949 1049 983 vasis,
1084 959 1170 987 quam
1200 949 1307 987 stipam
1330 945 1442 977 dicunt.
1487 948 1523 976 Et
1547 948 1590 976 sic
1612 948 1735 984 melius,
1770 958 1857 986 quam
1880 948 1905 975 si
1928 946 1966 975 ad
1988 946 2048 975 duo
2070 951 2168 984 etyma

216 1001 372 1027 recurras,
395 991 435 1019 ita
459 995 491 1019 ut
513 991 638 1030 stipator
660 995 687 1018 et
709 991 794 1029 stips,
819 1000 971 1026 nummus,
995 990 1054 1017 sint
1077 1001 1092 1018 a
1114 991 1237 1029 stipare,
1262 995 1291 1018 et
1313 990 1393 1018 istud
1417 1000 1432 1018 a
1457 992 1577 1029 στείβω,
1603 991 1702 1018 calco:
1728 991 1805 1030 stipa
1828 1000 1900 1019 vero
1924 994 1953 1018 et
1974 989 2061 1028 stipes
2083 988 2168 1017 fustis

216 1038 313 1062 terrae
337 1034 497 1062 destitutus
512 1031 661 1069 ιιστύπω,
685 1033 843 1061 condenso.
875 1033 958 1061 Unde
982 1030 1077 1071 στύπη
1101 1038 1205 1071 stupa,
1230 1037 1258 1061 et
1280 1030 1392 1068 στύπος
1414 1037 1555 1069 truncus,
1581 1033 1704 1062 caudex.
1724 1032 1811 1062 Dac.
1843 1032 1968 1072 Stipam.
1997 1032 2052 1060 Pro
2071 1038 2168 1070 stupa,

215 1081 249 1104 ut
272 1087 369 1115 supra.
416 1076 454 1104 At
477 1075 652 1104 dormitavit
674 1076 721 1104 vir
743 1085 892 1111 summus,
929 1085 995 1103 cum
1023 1075 1142 1114 scripsit
1165 1075 1212 1103 liic
1236 1075 1342 1113 stipam
1367 1085 1428 1103 esse
1452 1086 1571 1104 crucem
1594 1086 1646 1104 seu
1668 1075 1851 1115 patibulum,
1887 1075 1935 1103 cui
1957 1074 2091 1112 argillam
2111 1074 2167 1101 im-

215 1124 333 1158 ponunt
355 1119 476 1157 plastae.
507 1118 594 1154 Quod
611 1118 714 1146 Graeci
737 1123 847 1146 vocant
862 1115 1003 1157 κᾶναβον.
1028 1117 1133 1147 Idem.
1166 1117 1376 1147 Destituantur.
1407 1119 1471 1146 Non
1495 1119 1583 1147 video
1608 1129 1661 1147 cur
1683 1119 1741 1146 viri
1764 1118 1845 1146 docti
1868 1116 2075 1156 rescripserint
2095 1126 2167 1145 con-

214 1162 374 1190 stituantur
395 1161 441 1188 vel
465 1159 655 1190 destinantur.
700 1161 857 1197 Eleganter
880 1161 957 1188 enim
980 1165 1093 1188 veteres
1117 1160 1256 1188 dicebaut
1277 1160 1468 1198 destitutum,
1491 1161 1630 1191 defixum.
1676 1161 1724 1189 Sic
1749 1161 1780 1189 C.
1803 1159 1956 1189 Gracchus
1976 1159 2009 1187 in
2032 1158 2168 1187 oratione

216 1203 253 1232 de
281 1204 394 1242 legibus
423 1203 619 1242 promulgatis
648 1213 717 1231 usus
749 1209 793 1231 est
823 1213 856 1231 eo
880 1203 972 1232 verbo
994 1203 1025 1231 in
1048 1203 1151 1232 eodem
1175 1203 1356 1241 significatu,
1393 1214 1459 1232 cum
1488 1204 1600 1242 inquit:
1635 1202 1749 1233 idcirco
1775 1201 1863 1243 palus
1891 1201 2044 1231 destitutus
2073 1207 2115 1230 est
2134 1201 2167 1229 in

211 1245 300 1287 foro,
336 1257 423 1285 eoque
453 1244 600 1274 adductus
627 1257 695 1274 suae
725 1246 851 1274 civitatis
878 1244 1076 1274 nobilissimus
1105 1244 1191 1274 lzomo
1214 1245 1262 1274 M.
1285 1244 1424 1274 Marius.-
1463 1246 1643 1275 Vestimenta
1674 1244 1807 1275 detracta
1835 1252 1916 1281 sunt,
1952 1243 2043 1283 virgis
2067 1254 2167 1273 caesus

214 1295 264 1317 est.
301 1289 336 1317 Et
359 1288 469 1317 Varro:
494 1287 529 1316 Si
550 1299 648 1316 eorum
671 1286 751 1317 colla
773 1288 803 1316 in
817 1286 930 1329 furcas
953 1287 1105 1316 destitutas
1128 1286 1285 1316 incluserit.
1309 1286 1420 1317 Idem.
1464 1287 1546 1317 Unde
1568 1296 1594 1317 et
1617 1289 1741 1328 stipam,
1765 1299 1824 1328 qua
1846 1286 2005 1327 amphorae
2027 1291 2083 1316 etc.
2113 1284 2167 1313 Vel

214 1341 230 1358 a
254 1330 349 1369 stipo,
374 1332 455 1369 quod
480 1336 524 1359 est
546 1331 649 1366 firmo,
673 1332 720 1359 vel
744 1330 814 1358 hinc
838 1330 992 1369 stipulatio
1017 1330 1104 1359 dicta.
1141 1330 1232 1359 instit.
1257 1330 1293 1358 de
1317 1330 1477 1359 verborum
1501 1332 1546 1359 ob.
1580 1331 1713 1359 Isidorus
1730 1330 1825 1359 XVII.
1848 1340 1912 1369 cap.
1926 1333 1956 1360 7.
1980 1329 2088 1367 stipam
2110 1337 2167 1356 no-

213 1377 257 1401 tat
279 1378 430 1410 vocatam,
463 1373 543 1412 quod
567 1383 601 1401 eo
624 1373 773 1412 stipentur
795 1378 887 1409 tecta,
918 1383 985 1401 sane
1008 1372 1080 1400 haec
1103 1373 1200 1411 stipa,
1230 1383 1287 1410 qua
1310 1372 1471 1411 amphorae
1495 1383 1562 1402 cum
1585 1378 1797 1408 exstruuntur,
1822 1372 1934 1401 firmari
1957 1372 2068 1408 solent,
2091 1371 2166 1399 Ter·

213 1416 338 1444 tulliano
363 1427 440 1445 crux
461 1416 569 1444 dieitur
594 1415 779 1454 Apologetici
802 1415 866 1443 ΧΠ.
891 1420 918 1443 et
942 1415 1020 1443 XVI.
1055 1415 1204 1453 Hesychio
1230 1413 1372 1454 κάιιαβος.
1399 1414 1503 1444 Goth.
1541 1414 1616 1453 Qua.
1647 1416 1754 1451 Quam.
1778 1413 1890 1444 Idem.
1919 1413 2050 1453 Antiqui
2070 1411 2167 1442 latro-

212 1469 261 1486 nes
283 1457 440 1488 vocabant.
475 1458 549 1487 Vide
567 1468 656 1496 supra
674 1458 827 1486 Latrones.
861 1458 937 1486 Hinc
954 1458 1050 1486 Nonio
1074 1457 1150 1495 (pag.
1167 1459 1236 1489 134.
1261 1456 1364 1497 Mei-c.)
1387 1457 1592 1494 Latrocinari‚
1617 1458 1743 1487 militare
1766 1457 1911 1486 mercede.
1950 1455 2078 1484 Glossis:
2102 1453 2165 1484 Sti-

210 1507 299 1540 pator
322 1499 556 1540 σωματοφύλαξ,
580 1501 630 1538 qui
652 1506 680 1529 et
701 1501 806 1528 iisdem
829 1499 953 1530 satelles.
1000 1499 1110 1528 Idem.

377 1542 508 1583 Stipes.
553 1543 647 1571 Multa
675 1543 775 1571 omisit
798 1543 922 1575 Paulus,
960 1547 993 1570 ut
1017 1552 1054 1570 ex
1077 1542 1156 1569 Festi
1179 1541 1314 1580 reliquiis
1338 1546 1471 1580 apparet.
1499 1541 1587 1571 Ant.
1606 1541 1702 1581 Aug.
1746 1541 1899 1570 citabatur
1922 1540 2078 1577 Afranius,
2114 1539 2164 1579 qui

213 1584 332 1614 dixerat
354 1586 451 1625 stipite
473 1586 578 1614 ostium
600 1584 726 1624 impulit.
770 1585 843 1613 Item
868 1585 965 1612 Attius
988 1585 1018 1613 in
1042 1584 1231 1622 Menalippo‚
1255 1584 1306 1622 qui
1328 1584 1438 1613 dixerit
1460 1583 1571 1613 revolso
1593 1585 1691 1623 stipite
1714 1589 1743 1612 et
1764 1584 1796 1612 in
1819 1583 1959 1618 Bacchis;
1990 1588 2021 1612 et
2041 1582 2165 1619 Ennius,

213 1628 263 1665 qui
286 1627 364 1656 dixit
385 1628 497 1667 stipites
519 1627 667 1666 abiegnos.
697 1625 797 1657 Scal.
842 1627 875 1655 In
904 1626 1005 1655 verbis
1029 1627 1144 1655 Afranii
1172 1626 1297 1655 hostium
1328 1637 1384 1665 pro
1410 1627 1531 1664 ostium,
1567 1631 1602 1656 ut
1623 1627 1654 1655 in
1677 1625 1799 1666 Scrupi,
1835 1624 1956 1656 hostreis
1977 1635 2033 1664 pro
2054 1626 2164 1655 ostreis.

211 1669 291 1698 lnsra
314 1681 370 1710 pro
393 1668 473 1699 lactu
493 1670 650 1708 legendum
674 1670 764 1698 iactu.
808 1669 936 1707 Reliqua
959 1670 1112 1708 deplorata
1135 1673 1213 1698 sunt.
1254 1668 1345 1700 Dac.

376 1711 598 1742 Stritavum.
644 1712 717 1740 Vide
739 1722 830 1750 supra
855 1710 963 1740 Stlata.
1012 1710 1116 1741 Goth..

375 1753 578 1795 Strigores.
623 1753 770 1793 Strigores
797 1755 828 1782 in
857 1753 941 1782 Nelei
969 1755 1099 1783 carmine
1127 1752 1241 1782 videtur
1266 1764 1322 1793 pro
1351 1753 1485 1792 strigosis
1512 1753 1649 1792 positum.
1693 1751 1764 1782 Alii
1789 1763 1843 1792 pro
1874 1751 2030 1781 densarum
2058 1751 2163 1781 virium

214 1794 377 1825 hominibus
401 1819 408 1826 .
435 1819 441 1826 .
468 1819 476 1827 .
502 1820 509 1827 .
535 1796 682 1836 Strigores
705 1797 836 1826 exerciti.
873 1797 992 1825 Memini
1016 1796 1087 1824 Adr.
1103 1796 1275 1824 Turnebum
1299 1795 1451 1835 Strigones
1473 1796 1579 1833 legere.
1617 1795 1675 1824 Sed
1698 1806 1757 1824 non
1781 1796 1955 1824 advertebat
1975 1804 2090 1823 morem
2111 1804 2165 1823 ve-

214 1841 323 1874 terum,
360 1839 411 1877 qui
441 1845 473 1868 ut
502 1839 707 1868 archita-tores
737 1850 792 1878 pro
822 1838 1048 1874 architectones,
1085 1839 1126 1866 ita
1150 1837 1296 1876 Strigores
1324 1848 1380 1877 pro
1407 1838 1549 1877 strigones
1578 1838 1727 1867 dicebant.
1757 1836 1854 1867 Scal.
1899 1837 2044 1877 Strigores
2068 1841 2164 1866 autem

215 1881 328 1917 proprii
351 1886 420 1910 sunt
440 1883 574 1921 strigosi‚
605 1882 749 1919 strigem,
778 1881 809 1910 id
833 1886 876 1910 est
899 1882 993 1910 macie
1017 1881 1159 1916 exerenti,
1196 1885 1224 1908 et
1247 1881 1315 1909 inde
1338 1881 1467 1916 factum,
1499 1885 1531 1908 ut
1552 1882 1689 1920 strigores
1712 1881 1873 1910 densarum
1896 1880 2007 1910 virium
2028 1878 2163 1909 homines

215 1919 245 1947 in
268 1922 347 1950 Nelei
369 1925 497 1954 carmine
521 1924 700 1954 dicerentur.
743 1923 806 1952 Hac
830 1934 904 1953 voce
928 1934 999 1952 usus
1021 1923 1141 1952 videtur
1163 1922 1287 1951 Plautus
1310 1922 1450 1952 Bacchid.
1474 1922 1539 1952 Act.
1554 1923 1592 1953 II.
1616 1934 1657 1953 se.
1671 1926 1705 1961 3,
1728 1923 1818 1961 (46.):

766 1974 846 2003 Dum
870 1975 1080 2014 circumspecto
1102 1981 1188 2014 atque
1209 1985 1241 2002 eo
1265 1972 1390 2003 lembum
1413 1974 1577 2013 conspicor,

767 2016 905 2057 Longum
928 2025 969 2046 est
992 2018 1115 2056 rigorem
1140 2015 1305 2056 maleficum
1328 2017 1510 2046 exornat-ier.

214 2063 401 2102 Legendum,
431 2071 463 2094 ut
484 2067 598 2097 Mureto
621 2069 707 2097 etiam
732 2073 761 2097 et
784 2068 926 2096 Salmasio
948 2068 1047 2096 visum
1072 2072 1129 2096 est:

767 2118 843 2147 Dum
868 2118 1078 2157 circumspecto
1100 2124 1187 2158 atque
1208 2128 1260 2156 ego
1283 2116 1408 2147 lembum
1433 2117 1587 2158 conspicor

215 2197 241 2226 V
259 2197 270 2226 l
765 2160 920 2201 Longum,
949 2171 968 2188 a
990 2161 1112 2200 strigare
1133 2158 1268 2200 malefico
1289 2160 1477 2198 exornarier3

243 2208 257 2226 e
279 2208 286 2227 :

767 2244 919 2285 Longum,
942 2246 1093 2285 strigorem
1116 2234 1282 2285 malficum
1303 2245 1486 2274 exornarier.

214 2290 256 2319 Ut
277 2289 406 2319 lembum
430 2291 585 2328 strigorem
608 2291 729 2330 dixerit,
756 2304 934 2334 quamquam
959 2297 1109 2326 Acidalius
1131 2296 1241 2335 aliique
1264 2295 1450 2324 dissentiunt.
1495 2295 1584 2325 Dae.

380 2339 543 2380 Strigae.
587 2342 682 2379 Striga
710 2345 829 2381 proprie
858 2346 888 2374 iu
916 2357 948 2374 re
970 2348 1082 2376 rustica
1105 2347 1260 2376 dicebatur
1282 2346 1400 2383 sulcus,
1436 2346 1488 2385 qui
1518 2357 1578 2375 uno
1605 2345 1697 2375 ductu
1720 2344 1920 2385 peragebatur
1939 2344 1973 2373 in
1993 2341 2159 2382 longitudi-

215 2392 282 2412 nem
309 2387 338 2411 et
364 2382 434 2412 inde
462 2393 703 2422 quarumcunque
732 2395 829 2413 rerum
859 2389 977 2416 ordines
1007 2390 1116 2427 strigae
1145 2390 1218 2418 dicti
1246 2394 1331 2425 sunt,
1369 2393 1402 2417 ut
1426 2388 1541 2427 Hygino
1570 2389 1600 2417 in
1629 2388 1731 2417 libello
1754 2388 1790 2418 de
1813 2393 1980 2418 castrorum
2000 2384 2158 2416 metatione

216 2426 290 2454 ordo
314 2430 342 2454 et
364 2425 454 2455 series
476 2436 619 2465 equorum
641 2427 673 2455 in
695 2431 789 2455 castra
812 2428 1008 2459 redeuntium.
1033 2431 1121 2460 Dae.
1160 2429 1348 2461 coniunctae.
1381 2432 1583 2460 continuatae.
1631 2429 1736 2460 Goth.
