2263 2668
195 170 269 204 3⁰8
625 163 968 201 COMMENTARII
993 163 1042 198 IN
1067 163 1213 198 PAULI
1239 164 1435 199 DIACONI
1460 166 1714 201 EXCERPTA

195 263 303 292 natorii
329 261 439 291 ordinis
463 270 499 289 ex
522 258 669 297 equitibus
698 257 847 296 adsumpti
876 261 954 286 sunt.
999 256 1079 285 Idem
1110 258 1220 287 factum
1252 263 1295 286 est
1324 262 1393 296 post
1420 268 1548 297 pugnam
1573 258 1770 295 Cannensem,
1806 260 1928 290 adiectis
1951 273 1967 290 a
1993 262 2140 292 Dictatore

194 306 233 335 Μ.
258 305 346 333 Fabio
370 305 497 332 Buteone
520 302 571 337 iis,
596 301 647 339 qui
669 300 871 338 magistratum
895 299 1107 338 obtinuissent,
1132 311 1228 339 neque
1250 301 1281 328 in
1306 302 1447 330 Senatum
1471 301 1538 329 lecti
1560 306 1672 336 essent3
1704 301 1775 329 item
1798 303 1850 340 qui
1872 305 1965 342 spolia
1987 305 2066 334 domi
2089 310 2141 334 aut

195 348 318 376 civicam
338 345 518 374 habuissent.
563 344 644 371 Idem
666 343 768 371 Festus
792 342 884 371 verbo
911 341 970 380 Qui
989 349 1104 381 patres,
1127 345 1201 372 alios
1224 348 1359 372 auctores
1382 348 1520 380 secutus,
1553 354 1567 371 a
1597 344 1625 372 P.
1650 344 1766 373 Valerio
1791 345 1856 375 Cos.
1885 348 2069 386 conscriptos
2091 358 2139 376 re-

194 391 260 420 fert,
306 388 460 417 Dionvsius
484 386 638 424 utriusque
662 385 799 413 Consulis
822 385 979 413 consilium
1005 385 1096 414 fuisse
1119 387 1174 424 ait,
1203 391 1232 414 et
1253 386 1337 414 Bruti
1365 391 1393 414 et
1416 386 1595 416 Publicolae.
1641 387 1762 415 Tacitus
1785 397 1852 416 cum
1875 389 1957 418 Livio
1981 390 2140 426 consentit,

194 420 398 472 praeterquam
421 428 502 467 quod
526 439 574 456 eos
597 429 745 456 minorum
768 428 896 466 gentium
921 427 1069 466 appellnt,
1093 430 1173 467 quod
1196 429 1296 456 Livius
1322 433 1441 457 centum
1465 429 1657 457 Senatoribus
1688 439 1703 457 a
1731 429 1829 458 Prisco
1852 441 1920 469 rege
1943 432 2064 462 adlectis
2086 433 2143 462 tri-

192 475 266 504 buit.
312 472 384 501 Vide
408 472 496 500 etiain
516 471 633 499 Festum
658 471 750 499 verbo
776 469 949 509 Conscripti.
995 470 1086 500 Ant.
1109 471 1204 511 Aug.
1250 471 1305 498 Eos
1337 471 1492 509 intelligit,
1526 471 1577 510 qui
1601 473 1711 500 exactis
1734 473 1850 509 regibus
1874 480 1996 512 propter
2017 476 2142 504 Senatus

192 517 322 554 inopiam
357 524 394 542 ex
422 514 601 553 primoribus
631 513 773 551 equestris
805 512 919 541 ordinis
948 523 964 540 a
994 512 1086 541 Lucio
1120 514 1206 542 Iunio
1236 514 1330 541 Bruto
1362 514 1507 552 assumpti
1537 519 1616 545 sunt.
1650 515 1714 544 Liv.
1738 515 1789 545 lib.
1812 515 1848 543 II.
1892 517 1986 546 Iidem
2015 522 2044 546 et
2072 528 2142 546 con,

192 559 295 597 scripti
316 557 399 588 dicti.
444 557 517 586 Vide
540 555 704 595 Conscripti
727 561 755 584 et
780 554 838 593 Qui
857 562 963 594 patres.
1006 554 1096 585 Dac.
1145 556 1203 594 Oui
1228 563 1346 595 propter·
1376 557 1515 595 inopiam.
1559 557 1736 585 Senatorum
1761 558 1907 596 intellige,
1939 560 2007 598 quia
2039 569 2141 589 nume-

192 612 241 630 rus
265 610 366 629 eorum
387 599 493 638 plenus
518 609 575 627 non
602 604 672 627 eran
694 615 736 620 —
769 599 835 626 Alia
859 597 1073 635 significatione
1097 598 1221 628 Adlecti
1246 599 1368 626 Varroni
1392 599 1535 628 dicuntur
1562 599 1677 628 suffecti
1699 600 1730 628 in
1753 601 1876 629 alterius
1898 602 2007 632 locum.
2053 603 2092 630 Ut
2113 607 2142 631 et

192 644 223 672 in
248 644 267 672 l.
290 645 337 674 11,
357 646 465 675 1213.
491 642 563 671 Cod.
587 641 734 669 Theodos.
759 641 794 669 de
817 645 944 678 suscept.
991 640 1067 668 Alias
1091 640 1189 680 adlegi
1212 646 1255 670 est
1280 641 1408 670 adscribi
1432 647 1460 670 et
1482 642 1585 671 referri
1608 643 1637 671 in
1661 653 1827 673 numerum.
1852 644 1870 674 l.
1890 646 1920 676 3.
1943 644 1975 684 ᾗ.
1996 648 2025 676 2.
2048 644 2080 674 ff.
2104 644 2141 673 de

192 685 408 715 decurionibus.
455 684 536 713 Unde
569 684 687 712 allectio
712 684 759 712 vel
785 683 909 711 adlectio
934 683 952 712 1.
976 685 1004 713 7.
1029 683 1100 711 Cod.
1126 684 1161 711 de
1185 684 1300 712 incolis.
1350 682 1458 714 Goth.

356 725 593 756 Alter-catio.
636 727 699 755 Non
724 737 777 765 pro
801 726 967 763 iurgatioue
991 731 1122 763 tantum,
1146 727 1197 755 sed
1221 726 1306 755 ctiam
1331 737 1384 765 pro
1413 725 1605 756 alternatione
1626 729 1770 765 sumitur,
1795 738 1863 757 cum
1886 728 1946 758 duo
1969 729 2140 758 alternatim

193 773 354 809 loquuntur
378 774 405 798 et
427 769 505 798 inter
527 780 558 799 se
582 769 669 797 verba
694 774 893 805 commutant,
926 768 1003 796 unde
1028 769 1139 807 optime
1171 770 1373 798 Glossarium:
1415 767 1581 808 ἅψιμαχία,
1617 768 1799 810 ἀμφιβολία,
1829 768 2018 811 α’ντίῤῥησις,
2049 769 2139 811 οἶμοι·

192 815 273 853 βαῐοι
294 810 385 850 λόγοι,
431 812 484 841 Da
495 824 520 841 c.
562 813 722 851 Reperitur
750 812 807 841 hoc
835 810 1015 840 vocabulum
1043 811 1076 840 in
1105 812 1124 840 l.
1149 815 1176 843 4.
1201 812 1274 842 cod.
1300 812 1335 841 de
1366 814 1539 842 necessariis
1566 814 1660 843 servis
1688 819 1743 843 cet.
1786 814 1910 849 Quintil.
1934 814 1964 847 5.
1992 815 2066 853 (VI,
2090 813 2139 853 4.)

196 854 317 885 Gotho
352 866 373 882 r.

317 854 595 926 fAZternatio.
641 897 838 926 Glossarium:
868 896 1027 926 Alte-mare
1055 895 1208 937 ἀμείβειν,
1245 897 1414 927 alternatim
1445 895 1620 938 ἅμοιβαίως.
1664 898 1751 928 Dac.
1794 898 1872 927 Hinc
1895 899 2064 928 alternatim
2087 907 2142 937 per

191 941 282 968 vices.
327 939 401 968 Vide
424 940 551 968 Nonium
576 940 606 968 in
631 940 816 969 Alternatim.
860 940 897 968 Et
921 940 1056 969 Glossae:
1080 940 1230 977 Alternis,
1254 938 1313 971 οἷνοὶ
1342 941 1447 980 μέρος,
1470 939 1647 980 α’μοιβαδόν.
1691 940 1874 970 Alternatim
1898 942 1987 978 testis,
2013 942 2064 979 qui
2088 951 2141 970 va-

191 983 278 1012 cillat.
324 982 557 1011 Altcrnationem
586 993 656 1011 vero
680 983 775 1011 nostri
799 993 854 1022 pro
877 983 1074 1011 disiunctione
1098 988 1252 1022 usurpant.
1276 984 1296 1013 l.
1321 987 1350 1015 2.
1373 984 1403 1023 ᾗ.
1426 987 1454 1015 2.
1477 984 1506 1014 fl.
1533 984 1611 1022 quod
1635 989 1726 1014 certo.
1749 984 1769 1013 l.
1793 987 1823 1015 7.
1846 983 1877 1024 §.
1899 987 1928 1016 4.
1952 984 1982 1015 ff.
2007 984 2042 1013 de
2065 984 2141 1012 iuiu-

190 1026 250 1054 riis.
295 1024 327 1053 ln
351 1026 414 1062 lege
437 1036 510 1054 vero
534 1028 562 1055 9.
586 1026 615 1054 ss'.
641 1026 676 1053 (le
697 1036 781 1053 servo
806 1030 948 1064 corrupto
972 1027 1032 1054 sine
1054 1024 1247 1054 alternatione
1270 1031 1312 1055 est
1336 1027 1389 1055 illo
1414 1037 1475 1056 uno
1499 1037 1569 1055 casu
1592 1027 1640 1056 vel
1662 1037 1723 1055 uno
1748 1032 1864 1056 tantum
1887 1037 1966 1056 casu.
2014 1025 2119 1056 Goth.

355 1067 479 1096 Alma.
523 1068 681 1105 Eleganter
709 1074 794 1097 vetus
821 1067 899 1096 illud
930 1073 958 1096 et
987 1069 1105 1107 plenum
1137 1068 1230 1098 bonae
1263 1069 1357 1107 frugis
1388 1070 1585 1098 Glossarium:
1618 1069 1724 1105 Alma,
1761 1067 1869 1109 κλυτή,
1905 1068 1998 1111 ἆγνή,
2030 1067 2140 1108 ὦραία,

190 1108 360 1149 θρέπτειρα.
405 1109 507 1139 Scal.
553 1111 681 1139 Homero
706 1112 842 1149 ζείδωρος
864 1109 992 1150 ἄρουρα,
1016 1112 1090 1140 alma
1114 1116 1209 1148 terra,
1233 1112 1312 1150 quod
1335 1112 1469 1141 homines
1492 1113 1614 1140 nutriat.
1657 1112 1730 1141 Inde
1754 1112 1851 1143 Gloss.
1873 1112 1976 1142 Almus
1996 1112 2141 1151 ζείδωρος-

190 1151 277 1181 Duc.
322 1151 451 1181 Pulchra
474 1152 584 1192 κλυτή,
615 1153 718 1192 ώραιά.
742 1153 837 1182 Gloss.
861 1153 929 1181 inde
951 1152 1061 1182 Almus
1085 1154 1188 1182 iisdem
1212 1153 1334 1191 κλυτός,
1359 1154 1488 1191 ἔνδοξος.
1527 1153 1635 1184 Goth.

353 1194 543 1225 Altellus.
600 1196 650 1224 Est
679 1194 929 1235 ὑποκοριστικόν,
962 1197 1054 1232 altus,
1087 1197 1218 1231 altulus,
1247 1198 1372 1226 altellus.
1422 1197 1573 1235 Significat
1609 1195 1762 1236 θρεπτόν,
1787 1194 1953 1237 τρόφιμον,
1977 1197 2142 1226 alumnum.

190 1237 233 1264 lta
256 1237 421 1273 vocabant,
451 1238 500 1276 qui
525 1239 655 1276 expositi
684 1244 780 1275 erant,
819 1244 848 1268 et
869 1239 1093 1274 inveniebatur,
1132 1240 1183 1278 qui
1214 1250 1261 1268 eos
1285 1240 1413 1269 tolleret.
1457 1240 1572 1269 Plinius
1603 1240 1638 1268 ad
1668 1240 1785 1270 Traiau.
1814 1238 1872 1280 (ep.
1895 1238 1982 1280 71,);
2015 1238 2142 1278 ὒΙαὸηα,

189 1278 329 1315 Domine,
375 1288 400 1308 et
429 1279 470 1309 acl
500 1288 588 1309 totam
618 1282 802 1320 provinciam
831 1283 977 1320 pertinens
1008 1283 1138 1321 quaestio
1171 1290 1211 1311 est
1240 1281 1275 1311 tle
1305 1281 1472 1312 conditione
1501 1290 1526 1311 et
1550 1281 1585 1311 cle
1614 1281 1761 1311 alimentis
1783 1294 1898 1320 eorum,
1941 1293 2015 1323 quos
2037 1287 2144 1311 vocant

189 1319 339 1360 θρεπτούς
361 1327 417 1352 cet.
462 1323 637 1361 Expositum
661 1324 821 1352 Romulum
845 1324 880 1352 ab
904 1334 969 1358 avo⁷
992 1325 1148 1353 educatum
1172 1336 1187 1352 a
1211 1325 1369 1361 Faustulo,
1392 1335 1477 1353 nemo
1500 1336 1560 1353 non
1585 1325 1726 1353 meminit.
1771 1325 1815 1353 {ta
1838 1335 1907 1363 ergo
1926 1329 2075 1353 vocantur
2098 1324 2144 1351 in-

190 1369 269 1392 certo
292 1369 376 1403 patre
401 1370 430 1393 et
453 1371 545 1394 matre
570 1366 640 1395 nati.
685 1367 741 1395 Sed
769 1371 886 1395 veteres
913 1367 1123 1403 Grammatici,
1159 1367 1211 1405 qui
1240 1372 1300 1396 tam
1323 1367 1411 1396 anxie
1440 1373 1537 1406 etyma
1560 1367 1720 1396 verborum
1749 1367 1916 1404 rimantur,
1948 1366 2023 1405 quid
2047 1365 2142 1400 aliud,

190 1416 277 1444 quam
303 1417 369 1436 cum
395 1409 510 1437 ratione
533 1409 703 1437 insaniunt?
749 1408 850 1439 Scal.
896 1410 992 1437 Meroe
1015 1419 1129 1447 nugae,
1163 1420 1359 1448 quaecunque
1382 1410 1431 1438 hic
1453 1411 1556 1438 Festus
1582 1410 1681 1440 tradit.
1731 1409 1781 1438 Ait
1811 1409 1943 1447 Scaliger
1965 1409 2000 1437 ab
2023 1405 2142 1443 alendo,

190 1447 284 1485 altus,
309 1449 435 1484 uitulus,
459 1450 588 1482 altellus.
634 1453 692 1480 Sed
716 1452 838 1479 omnino
864 1450 982 1480 altellus
1004 1457 1048 1480 est
1070 1452 1106 1480 ab
1130 1451 1222 1488 alter,
1252 1451 1410 1487 alterulus,
1440 1451 1574 1486 alte-llus,
1608 1452 1639 1481 id
1670 1456 1714 1481 est
1739 1452 1888 1489 geminus,
1912 1451 1994 1490 quod
2018 1455 2144 1488 uterque

191 1491 264 1519 alter
286 1502 347 1520 esse
367 1492 515 1522 videatur.
562 1494 636 1522 Vide
649 1494 763 1534 finter.
809 1494 897 1524 Dae.
945 1493 1039 1531 Quasi
1061 1493 1140 1523 altus
1163 1495 1192 1523 in
1216 1493 1326 1525 tellure.
1372 1494 1447 1524 Vide
1469 1496 1499 1523 in
1522 1494 1626 1524 Altus.
1671 1495 1723 1523 Est
1746 1499 1844 1523 autem
1868 1494 1944 1523 idem
1968 1504 2002 1522 ac
2026 1491 2143 1532 (atque)

191 1534 344 1572 expositus
369 1540 397 1563 et
421 1536 573 1564 Alumnus.
619 1537 724 1566 Graeci
748 1534 884 1575 θρεπτός.
929 1537 1029 1573 Eelog.
1054 1537 1083 1573 I,
1116 1547 1140 1564 c.
1166 1540 1194 1568 6.
1220 1535 1423 1576 οἰκοτραφής,
1451 1535 1610 1577 τρόφιμος.
1654 1537 1752 1565 Latini
1777 1537 1912 1565 alumnos
1936 1535 2100 1575 appellant.
2123 1534 2144 1562 l.

192 1578 241 1606 26.
266 1577 337 1606 Cod.
361 1577 397 1606 de
420 1578 538 1617 Nuptiis
562 1579 581 1607 l.
602 1579 625 1617 j.
650 1580 722 1607 cod.
748 1589 823 1617 quae
846 1589 894 1607 res
918 1579 1033 1617 pignor.
1057 1579 1108 1607 sed
1132 1584 1160 1607 et
1183 1580 1290 1608 Graeci
1313 1577 1477 1619 χαμεύρετα
1500 1580 1598 1618 βρέφη
1621 1580 1782 1618 appellant.
1825 1579 1941 1609 Novell.
1966 1579 2038 1610 253.
2068 1576 2145 1606 adde

192 1618 226 1646 de
250 1620 402 1658 expositis
427 1621 446 1649 1.
474 1623 541 1653 152.
566 1622 595 1650 fl'.
620 1622 655 1650 de
678 1623 752 1650 iuris
776 1626 803 1650 et
826 1621 896 1649 facti
921 1622 1015 1659 ignor.
1039 1621 1059 1649 l.
1084 1621 1113 1652 4.
1137 1622 1166 1649 ff.
1191 1622 1227 1650 de
1251 1622 1430 1660 agnoscenti.
1456 1623 1540 1651 liber.
1556 1623 1577 1651 l.
1596 1625 1621 1653 1.
1639 1627 1668 1651 et
1683 1622 1792 1661 passim
1808 1621 1845 1650 de
1867 1621 2032 1650 infantibus
2048 1629 2145 1659 expo-

192 1661 260 1691 sitis,
309 1661 491 1704 Gothofr.

354 1704 479 1734 Altus
501 1705 546 1734 ab
570 1704 724 1735 alendo.
771 1705 871 1735 Horat.
905 1705 974 1745 (Od.
998 1706 1056 1743 ΠΙ,
1080 1707 1115 1743 4,
1140 1709 1206 1744 37.)
1240 1705 1302 1735 Vos
1328 1705 1479 1736 Caesarem
1501 1705 1603 1737 altum.
1647 1706 1747 1735 Altum
1777 1706 1810 1735 id
1826 1711 1870 1735 est
1894 1706 2060 1742 alumnum,
2083 1714 2144 1732 non

194 1754 262 1773 vero
286 1756 439 1784 magnum,
463 1753 496 1777 ut
519 1748 638 1786 quidam
660 1749 776 1777 volunt.
822 1749 912 1784 Quod
939 1748 1074 1787 pluribus
1098 1748 1178 1787 apud
1201 1749 1299 1788 ipsum
1322 1749 1496 1786 Horatium,
1519 1750 1570 1788 qui
1584 1749 1668 1778 brevi
1694 1750 1754 1778 Deo
1776 1749 1909 1778 iuvando
1932 1754 2040 1778 metam
2055 1747 2145 1776 strin-

194 1792 248 1823 get.
294 1788 383 1819 Dae.
429 1790 502 1819 Vide
527 1801 616 1830 supra
640 1790 781 1820 Altellus.
806 1791 877 1819 alias
901 1791 936 1819 ab
959 1791 1130 1825 altitudine,
1154 1792 1235 1820 unde
1260 1792 1372 1820 Glossis
1396 1790 1486 1822 Altus
1508 1790 1638 1831 ὑψηλός.
1686 1790 1796 1820 Goth.

354 1831 633 1873 Alterplicem.
678 1834 785 1862 Isidori
806 1833 906 1869 λέξεις.
951 1834 1157 1872 Ahmplioem,
1182 1834 1354 1873 duplicem,
1378 1835 1524 1863 dolosum.
1568 1833 1674 1864 Scal.
1721 1834 1815 1870 Quem
1838 1833 1944 1862 Graeci
1967 1831 2143 1872 ovoezpiaal-

197 1871 264 1904 λον,
284 1874 488 1912 versipellem,
512 1881 660 1914 astutum,
690 1876 862 1915 metaphora
887 1887 902 1905 a
926 1877 1084 1905 velleribus
1107 1877 1233 1905 intortas
1257 1882 1284 1905 et
1306 1877 1439 1905 inversas
1462 1877 1543 1905 lanas
1573 1876 1759 1907 habentibus.
1804 1876 1895 1906 Dae.
1939 1873 2142 1914 Alterplicem‚

199 1909 350 1948 duplicem.
395 1917 428 1944 Id
451 1923 494 1946 est
516 1919 653 1947 dolosum
677 1919 792 1947 Isidoro
816 1919 847 1947 in
873 1919 979 1947 lexico.
1025 1919 1069 1947 Ita
1094 1919 1218 1948 Horatio
1242 1919 1380 1958 Ulysses,
1411 1920 1535 1958 duplex.
1583 1918 1688 1948 Goth.

216 1994 221 1999 .
273 1993 298 2022 G
349 1957 548 2037 ἱίῗενινα.
592 1960 724 1990 Aliena.
769 1963 844 1999 Lege
868 1966 901 1990 ut
923 1962 952 1989 in
984 1962 1020 1989 al.
1044 1960 1174 1991 alterii-a.
1222 1962 1374 1991 Alterutra
1397 1972 1529 2001 syncope
1557 1960 1686 1990 alter-tra.
1733 1960 1830 1990 Dae.
1875 1958 2005 1990 Αἶαν-ια.
2051 1959 2143 1988 Alter—

198 2004 240 2022 ΠΒ
307 2003 340 2024 ot
378 2008 392 2024 ο
426 2011 446 2026 r.

246 2078 250 2084 .
361 2038 516 2070 Alcedo.
563 2046 657 2074 Varro
681 2046 730 2074 151).
755 2046 802 2074 VI,
826 2046 862 2074 de
888 2047 915 2074 L⁴
943 2047 972 2074 [,.
996 2046 1059 2083 (lib.
1085 2046 1152 2082 VII,
1176 2057 1241 2085 pag.
1265 2047 1337 2078 366.
1361 2046 1427 2085 Sp.)
1471 2045 1558 2075 Haec
1579 2047 1642 2075 avis
1665 2057 1683 2074 a
1709 2044 1830 2074 Graecis
1852 2041 2026 2081 ἄλκύων,
2049 2054 2067 2072 α
2084 2053 2144 2072 no-

197 2085 264 2106 stras
287 2077 388 2108 alcedo
411 2080 525 2114 dicitur.
571 2087 665 2116 Plaut.
688 2089 808 2117 Poenul.
833 2089 868 2127 (Ι,
892 2092 922 2127 2,
947 2088 1029 2127 143.)

608 2136 671 2165 Iam
696 2137 789 2167 hercle
811 2146 842 2167 tu
862 2139 991 2179 periisti,
1015 2139 1074 2167 nisi
1094 2138 1177 2168 illam
1201 2139 1273 2168 mihi
1294 2147 1353 2168 tam
1377 2137 1569 2179 tranquillam
1587 2137 1682 2180 facis,

611 2177 705 2216 Quam
728 2191 808 2209 mare
830 2189 871 2210 est
893 2180 964 2211 olim
977 2205 985 2218 ‚
1008 2193 1072 2211 cum
1095 2181 1137 2210 ibi
1158 2180 1262 2211 alcedo
1280 2181 1381 2222 pullos
1402 2181 1499 2211 educit
1520 2192 1598 2211 suos.

199 2227 284 2258 Dae.
330 2228 499 2261 Catamitus.
545 2234 618 2263 Vide
641 2237 715 2266 infra
738 2237 914 2269 Catamitum
937 2245 966 2268 et
988 2239 1158 2271 Alumento.
1208 2240 1314 2270 Goth.
1360 2241 1417 2270 Pro
1440 2239 1512 2270 Nilo
1535 2239 1629 2270 Melo.
1675 2240 1748 2269 Vide
1770 2240 1846 2270 infra
1871 2237 1962 2270 Melo.
1992 2236 2101 2267 Idem.

199 2311 250 2340 lib.
279 2314 333 2350 13,
362 2272 488 2345 ἔίἰοα.
541 2276 644 2305 Tritici
674 2281 721 2308 vel
751 2282 837 2310 farris
865 2293 966 2320 genus.
1018 2284 1094 2314 Plin.
1131 2283 1182 2312 lib.
1215 2284 1330 2320 XVIII,
1358 2287 1405 2320 7.‚
1444 2284 1523 2312 unde
1553 2284 1640 2312 etiam
1676 2293 1731 2322 pro
1768 2283 1851 2322 pulte
1886 2280 2014 2311 Martial.
2046 2279 2141 2318 Epigr.

732 2362 794 2392 Nos
817 2364 944 2400 alicam,
967 2366 1091 2396 mulsum
1112 2368 1219 2407 poterit
1242 2366 1297 2396 tihi
1321 2368 1433 2396 mittere
1456 2366 1545 2397 dives.

201 2412 276 2442 Vide
298 2413 371 2443 Plin.
394 2415 445 2445 lib.
468 2417 581 2454 XVIII,
614 2422 659 2449 11.
704 2419 759 2448 Da
769 2432 792 2451 c.
836 2424 911 2452 Vide
933 2425 1045 2453 incerta
1069 2426 1164 2455 Verrii
1188 2427 1293 2456 Flacci.
1340 2427 1424 2456 Adde
1445 2427 1523 2456 iufra
1548 2425 1701 2457 Pollucem
1721 2436 1836 2455 merces.
1883 2421 1985 2452 Goth·
