2263 2668
470 695 559 729 DE
624 695 676 729 M.
737 690 1075 728 VERRIO
1141 690 1498 727 FLACCO.

95 809 233 857 Verrius
256 828 379 858 Flaccus
407 829 566 859 libertinus
595 830 724 860 docendi
753 839 858 868 genere
882 829 1010 858 maxime
1031 828 1186 865 inclaruit3
1212 838 1341 866 namque
1364 828 1401 856 ad
1423 826 1610 856 exercitanda
1632 826 1808 855 discentium
1830 826 1878 854 in-
1888 830 1960 857 Suet.
1975 829 2048 855 amis.

95 871 180 908 genia
204 871 352 909 aequaleis
374 872 453 901 inter
475 883 506 902 se
529 875 710 902 committere
733 873 862 909 solebat,
898 873 1054 912 proposita
1076 882 1137 900 non
1159 871 1256 900 solum
1282 870 1420 906 materia,
1454 880 1542 908 quam
1565 869 1741 906 scriberent,
1773 868 1824 898 sed
1848 873 1876 897 et

95 914 242 952 praemio,
264 914 348 952 quod
370 915 470 944 victor
492 916 638 953 auferret3
663 915 695 945 id
717 921 780 944 erat
802 915 877 944 liber
899 915 1007 954 aliquis
1030 915 1183 953 antiquuS‚
1206 913 1344 953 pulcher,
1369 918 1421 941 aut
1443 913 1547 942 rarior.
1594 912 1693 948 Quare
1716 911 1751 940 ab
1776 911 1875 949 Augu-

95 960 140 984 sto
164 966 284 995 quoque
307 958 467 995 nepotibus
491 960 554 987 eius
576 963 756 998 praeceptor
779 958 890 987 electus
911 958 1032 987 transiit
1053 959 1085 986 in
1108 957 1252 996 palatium
1276 967 1340 986 cum
1365 961 1427 985 tota
1450 954 1573 992 schola,
1595 965 1699 983 verum
1723 959 1755 983 ut
1777 964 1874 993 neque

95 999 222 1038 amplius
245 998 370 1038 posthac
392 1000 573 1039 discipulum
597 1002 752 1040 reciperet.
803 1001 969 1040 nocuitque
997 1001 1028 1029 in
1056 1001 1132 1029 atrio
1156 1000 1297 1029 Catilinae
1321 1000 1443 1033 domus,
1484 1007 1559 1035 quae
1582 1008 1651 1036 pars
1673 997 1778 1035 palatii
1803 1003 1876 1025 tunc

94 1047 176 1079 erat,
213 1046 244 1070 et
272 1043 405 1071 sestertia
434 1049 557 1073 centena
586 1045 618 1073 in
649 1054 758 1073 annum
786 1044 910 1082 accepit.
955 1044 1086 1072 Decessit
1113 1043 1215 1071 aetatis
1239 1047 1360 1072 exactae
1383 1041 1437 1071 sub
1461 1041 1587 1069 Tiberio.
1633 1041 1764 1068 Statuam
1785 1039 1876 1068 habet

93 1084 250 1113 Praeneste
271 1084 302 1113 in
324 1085 465 1114 inferiore
487 1087 548 1116 fori
568 1092 653 1126 parte
675 1091 780 1116 contra
802 1086 1018 1126 hemicyclum,
1040 1086 1072 1115 in
1095 1096 1154 1124 quo
1177 1086 1271 1115 fastos
1294 1096 1309 1115 a
1334 1095 1364 1114 se
1386 1084 1554 1119 ordinatos,
1582 1088 1612 1112 et
1633 1092 1798 1111 marmoreo
1821 1093 1930 1121 pa-pro
1947 1086 2049 1110 Vestae.

92 1127 162 1157 rieti
182 1126 292 1155 incisos
314 1128 488 1166 publicarat.

259 1170 431 1199 Scribonius
459 1171 659 1210 Aphrodisius
687 1172 796 1201 Orbilii
825 1182 947 1208 servus,
990 1177 1079 1210 atque
1109 1172 1290 1211 discipulus,
1330 1180 1401 1198 mox
1429 1180 1446 1197 a
1474 1168 1628 1197 Scribonia
1657 1167 1776 1196 Libonis
1804 1166 1926 1204 filiast&
1947 1172 2044 1198 eodem.

93 1222 169 1251 quae
189 1212 276 1252 prior
296 1213 420 1251 Augusti
442 1224 520 1243 uxor
544 1215 657 1252 fuerat,
696 1215 881 1254 redemptus,
918 1219 947 1243 et
970 1215 1169 1243 manumissus
1199 1214 1315 1250 docuit,
1348 1222 1407 1251 quo
1430 1211 1568 1247 Verrius,
1606 1216 1759 1249 tempore,
1790 1210 1874 1238 cuius

93 1255 181 1284 etiam
203 1255 296 1285 libros
318 1255 355 1284 de
378 1255 598 1296 orthographia
622 1258 776 1296 rescripsit
799 1268 858 1286 non
880 1257 943 1286 sine
965 1258 1163 1286 insectatione
1185 1257 1366 1291 studiorum,
1399 1264 1574 1292 morumque
1597 1253 1668 1282 eius.

254 1298 389 1327 Marcum
412 1299 532 1337 quidem
555 1300 734 1337 Antonium,
765 1305 798 1329 ut
816 1301 952 1330 insanum
974 1300 1108 1339 increpat
1130 1301 1300 1339 Augustus,
1335 1298 1419 1338 quasi
1443 1308 1475 1326 ea
1499 1296 1693 1332 scribentem,
1723 1305 1798 1334 quae
1820 1294 1874 1322 mi·
1884 1293 1928 1353 Eg!
1944 1291 2032 1359 3²33?

90 1344 196 1369 rentur
217 1341 317 1379 potius
338 1339 490 1380 homines,
519 1353 608 1381 quam
630 1343 813 1381 intelligant,
837 1348 893 1372 etc.
937 1343 1041 1382 Tuque
1064 1343 1198 1380 dubitas,
1227 1343 1340 1382 inquit,
1365 1341 1518 1370 Cimberne
1541 1339 1672 1375 Annius,
1695 1349 1731 1366 an
1755 1337 1872 1366 Verrius
1905 1370 1960 1394 cap*
1982 1361 2024 1387 86·

89 1382 215 1411 Flaccus
240 1383 378 1412 imitandi
407 1384 467 1414 sint
493 1385 562 1414 tibi:
600 1386 641 1414 ita
669 1391 704 1415 ut
732 1385 847 1423 verbis,
887 1396 962 1424 quae
992 1386 1114 1424 Crispus
1143 1386 1303 1415 Sallustius
1326 1384 1476 1422 excerpsit
1499 1393 1535 1412 ex
1559 1381 1719 1420 originibus
1744 1380 1871 1416 Catonis,

90 1425 204 1454 utaris?
247 1436 284 1454 an
311 1426 412 1464 potius
435 1427 633 1457 Asiaticorum
657 1433 809 1458 oratorum
832 1429 970 1458 inanibus
993 1429 1146 1458 sententiis
1169 1429 1331 1458 verborum
1354 1426 1526 1457 volubilitas
1549 1425 1580 1454 in
1603 1429 1738 1453 nostrum
1761 1433 1875 1453 sermo-

90 1477 156 1497 nem
177 1468 409 1498 transferenda'.>

253 1511 331 1540 Ante
359 1512 472 1541 obitum
494 1512 622 1552 Augusti
647 1524 725 1543 anno
755 1518 863 1552 quarto
885 1513 1098 1544 Athenodorus
1126 1514 1278 1543 Tarsensis
1307 1512 1417 1542 stoicus
1441 1509 1657 1549 Philosophus,
1695 1514 1724 1538 et
1746 1508 1784 1538 M.
1803 1508 1875 1537 Ver·
1885 1508 1926 1549 Effe
1954 1505 2045 1531 Euseb.

91 1552 152 1582 rius
174 1553 298 1583 Flaccus
319 1555 544 1592 grammaticus,
573 1556 700 1595 insignes
722 1556 879 1587 habentur.
1902 1551 1928 1568 *η
1938 1541 2029 1567 ChW'·

513 1785 1457 1822 MVERRIIFLACCI

608 1853 785 1885 RERUM
815 1855 1053 1886 MEMORIA
1087 1852 1370 1885 DIGNARUM.

888 1932 1003 1962 LIB.
1048 1932 1069 1960 1.

256 1984 378 2015 verrius
407 1987 465 2016 hoe
493 1989 569 2018 libro
598 1991 705 2027 refert,
738 2000 793 2019 cur
813 1990 931 2020 dicatur
951 2001 1054 2020 versus
1076 1991 1127 2019 ille
1151 2000 1187 2019 ex
1210 1988 1356 2025 Hesiodo,
1391 1986 1502 2015 Malum
1526 1984 1683 2014 consilium
1706 1982 1871 2012 consultori
1880 1979 2042 2006 ExGeU-lt'b·

90 2026 251 2065 pessimum
283 2034 336 2058 est.
387 2030 488 2059 Statua
511 2033 622 2061 Romae
649 2033 678 2061 in
711 2034 829 2062 comitio
859 2034 954 2072 posita
977 2033 1092 2062 Horatii
1115 2031 1237 2061 Coclitis
1266 2029 1418 2060 fortissimi
1448 2029 1506 2057 viri
1537 2028 1573 2057 de
1601 2027 1681 2056 caelo
1710 2030 1788 2055 tacta
1817 2016 1920 2056 est.15·
1939 2022 1995 2047 ΜΨ·
2016 2014 2041 2038 5·

91 2069 138 2097 Ob
159 2069 190 2097 id
215 2070 315 2108 fulgur
339 2071 463 2110 piaculis
486 2073 627 2104 luendum
651 2076 803 2114 aruspices
828 2086 865 2104 ex
890 2076 1009 2104 Etruria
1032 2075 1120 2104 acciti
1142 2074 1278 2111 inimico,
1302 2078 1392 2112 atque
1412 2071 1516 2100 hostili
1538 2071 1568 2099 in
1590 2069 1736 2109 populum
1759 2069 1869 2096 Roma-

90 2121 161 2140 num
184 2112 282 2141 animo
305 2114 497 2144 instituerant
518 2127 580 2146 eam
603 2128 664 2146 rem
688 2118 844 2147 contrariis
865 2118 1058 2156 religionibus
1080 2127 1250 2156 procurare.
1292 2116 1389 2154 Atque
1410 2115 1491 2144 illam
1514 2118 1640 2142 statuam
1662 2115 1819 2140 suaserunt
1838 2111 1869 2138 in

90 2154 261 2184 inferiorem
291 2156 390 2186 locum
417 2168 574 2197 perperam
597 2161 766 2199 transponi,
803 2171 890 2199 quem
912 2161 957 2189 sol
979 2160 1121 2199 oppositu
1144 2160 1256 2188 circum
1279 2159 1410 2197 undique
1432 2157 1556 2186 aliarum
1578 2155 1695 2184 aedium
1716 2163 1868 2192 nunquam

90 2196 270 2232 illustrarem
297 2199 379 2237 quod
403 2210 470 2228 cum
492 2202 532 2230 ita
554 2201 618 2231 fieri
640 2204 873 2242 persuasissent,
899 2203 988 2231 delati
1006 2203 1045 2232 ad
1066 2202 1226 2242 populum,
1249 2201 1421 2241 proditique
1441 2204 1519 2237 sunt,
1544 2203 1572 2228 et
1595 2208 1661 2226 cum
1684 2196 1721 2226 de
1743 2195 1870 2235 perfidia

91 2239 217 2268 confessi
246 2246 358 2276 essent,
389 2244 486 2272 necati
516 2250 601 2281 sunt,
639 2246 832 2284 constititque
861 2255 924 2274 eam
952 2250 1080 2274 statuam
1108 2245 1246 2284 perinde,
1283 2249 1317 2273 ut
1343 2253 1431 2273 verae
1451 2243 1583 2272 rationes
1604 2245 1674 2280 post
1695 2243 1866 2278 compertae

89 2282 265 2319 monebant,
307 2285 338 2312 in
367 2285 464 2314 locum
496 2286 609 2316 editum
638 2287 880 2324 subducendam,
917 2292 1007 2326 atque
1034 2287 1075 2317 ita
1104 2288 1132 2316 in
1157 2298 1224 2316 area
1245 2287 1370 2316 Vulcani
1392 2284 1557 2315 sublimiori
1578 2283 1648 2312 loco
1668 2281 1864 2311 statuendam.

88 2324 135 2354 Ex
158 2335 217 2363 qua
238 2336 271 2355 re
295 2326 384 2364 bene,
414 2333 443 2357 et
465 2338 608 2368 prospere
630 2331 705 2370 reip.
729 2331 826 2360 cessit.
868 2331 952 2359 Tunc
973 2331 1064 2368 igitur
1086 2330 1168 2369 quod
1190 2330 1220 2359 in
1245 2330 1382 2360 Etruscos
1405 2327 1554 2367 aruspices
1576 2326 1652 2356 male
1675 2325 1866 2354 consulentes

90 2366 347 2405 animadversum,
377 2370 619 2411 vindicatumque
642 2373 753 2402 suerat:
782 2382 886 2402 versus
906 2372 957 2402 hic
979 2373 1109 2402 senarius
1131 2373 1204 2403 scite
1225 2373 1337 2410 factus,
1365 2375 1561 2409 cantatusque
1583 2379 1646 2398 esse
1667 2367 1768 2407 pueris
1791 2365 1865 2395 urbe

90 2414 152 2439 tota
173 2411 276 2440 fertur.

736 2458 1220 2472 —-——-——
