2263 2668
231 180 306 215 710
655 166 1002 201 COMMENTARH
1028 166 1074 198 IN
1103 163 1245 198 PAULI
1272 164 1468 198 DIACONI
1493 165 1749 200 EXCERPTA

232 279 302 303 cant
347 269 415 310 quia
438 263 521 293 hahet
541 266 653 300 partem
676 257 825 298 quandam
848 257 971 286 temonis
989 257 1091 296 specie.
1128 255 1256 285 Ennius:
1284 264 1401 297 superat
1424 264 1498 285 temo
1520 256 1629 288 stellas.
1667 258 1745 287 Haec
1765 258 1877 287 Festus.
1915 258 2056 297 Intelligit
2078 265 2174 290 autem

232 295 330 344 locuni]
356 308 438 339 Ennii
461 315 496 333 ex
521 301 690 342 Iphigenia,
716 311 801 339 quem
826 300 896 329 olim
919 299 949 327 in
973 299 1173 327 Coniectaneis
1196 298 1274 339 (pag.
1289 302 1358 331 143.
1384 299 1428 327 ed.
1449 298 1564 340 steph)
1587 301 1817 330 illustravimus:

914 341 994 379 Quid
1016 343 1105 370 nocti'
1127 340 1265 372 videtur?
1294 343 1323 370 in
1347 340 1474 371 altisono

917 383 997 413 Coeli
1020 382 1120 423 clupeo
1144 391 1218 412 temo
1240 391 1357 423 superat

914 425 1038 461 Stellas,
1064 437 1167 465 cogens
1189 425 1312 454 sublime
1332 427 1417 454 etiam

912 469 1013 508 Atque
1034 469 1121 496 etiam
1145 469 1238 497 noctis
1260 470 1322 497 iter.

234 520 357 550 Addunt
379 517 435 545 viri
460 513 541 543 docti
564 514 595 541 in
619 512 793 540 numismate
816 511 908 540 veteri
932 512 962 539 L.
982 510 1112 538 Lucrelii
1133 511 1250 539 Trionis
1273 520 1441 549 expressam
1465 509 1559 538 videri
1581 510 1734 539 stellarum
1758 515 1869 549 septem
1894 511 2028 539 formam.
2063 511 2101 540 Et
2122 521 2177 540 nos

233 571 352 602 quoque
376 557 502 588 eiusdem
528 556 556 584 L.
574 555 705 583 Lucretii
727 554 802 582 duos
825 559 980 592 argenteos
1003 553 1146 589 vidimus,
1171 563 1298 591 quorum
1323 553 1440 590 copiam
1463 552 1549 581 nobis
1572 552 1640 581 fecit
1662 553 1891 581 humanissimus
1915 554 1960 581 vir
1981 552 2177 592 Christopho-

230 616 283 635 rus
305 605 465 642 Neytterus
489 600 686 635 Augustanus.
716 597 747 624 In
772 598 865 625 altero
890 601 952 625 erat
974 597 1044 624 luna
1069 597 1252 624 corniculata
1276 601 1304 624 et
1327 596 1429 623 stellae
1454 605 1521 623 cum
1545 595 1753 634 inscriptione:
1782 596 1850 624 'l'rio
1868 595 2004 632 Lucreti,
2027 595 2058 623 in
2082 597 2177 624 altero

232 646 397 686 Delphinus
420 648 447 672 et
469 641 624 680 inscriptio
640 640 670 668 L.
690 639 806 668 Lucreti
821 640 902 669 Trio.
924 637 1024 667 Scal.
1058 638 1180 667 Triones
1202 639 1303 677 potius
1326 638 1400 666 dicti
1423 648 1439 665 a
1461 639 1550 673 stria,
1576 648 1665 676 quam
1687 638 1908 677 proscindendo
1931 639 2030 666 sulcos
2053 638 2177 676 faciunt,

232 691 354 720 striones
376 692 403 715 et
427 697 440 714 s
462 685 545 712 litera
571 682 739 721 deperdita,
765 683 879 711 triones.
926 681 1013 709 Dac.

398 727 563 756 scensas.
608 725 701 753 Miror
722 724 780 752 huc
803 724 995 760 translatum,
1033 733 1100 750 cum
1122 728 1237 751 certum
1260 723 1314 759 sit,
1351 733 1410 750 non
1435 732 1574 759 scaenas,
1606 722 1656 751 sed
1680 733 1783 752 cesnas
1805 723 1929 757 dixisse,
1963 722 2041 750 unde
2062 723 2178 751 silices-

233 775 330 807 nium,
363 774 466 809 postea
488 768 679 796 silicernium.
713 766 814 796 Scal.
858 767 987 804 Scaliger
1012 765 1167 803 legendum
1194 770 1279 804 putat
1302 776 1415 800 cemos,
1453 765 1532 793 unde
1555 765 1751 802 silicesnium‚
1787 771 1889 804 postea
1912 765 2112 802 silicernium,
2146 768 2179 794 ut

235 814 363 849 Valesii‚
389 811 498 840 Valerii
521 815 575 838 etc.
607 809 665 838 Sed
689 810 712 837 si
737 809 806 848 quid
831 814 939 837 temere
965 808 1138 836 mutandum
1161 809 1216 844 sit,
1240 808 1337 835 malim
1361 808 1456 844 legere
1477 818 1602 836 scesnas.
1638 809 1764 846 Propius
1788 808 1825 836 ad
1848 813 1977 836 veterem
2000 808 2179 846 scripturam

232 867 365 892 scensas,
400 854 431 882 id
455 853 537 892 quod
561 857 589 881 et
612 852 734 881 doctiss.
760 852 861 880 Vossio
885 852 972 880 video
996 851 1151 890 placuisse.
1185 851 1269 879 Dac.
1317 849 1398 888 Quae
1425 857 1520 878 aurem
1550 861 1626 878 nunc
1646 849 1794 890 prandia,
1828 860 1884 889 pro
1907 851 2002 879 coenis
2023 849 2178 878 habebant.

233 899 306 928 Vide
330 908 403 936 quae
426 897 455 924 in
478 905 552 923 voce
575 894 651 923 Cena
675 895 753 922 dicta
776 900 854 924 suut.
893 894 966 922 Inde
989 893 1071 931 apud
1093 893 1208 922 Terent.
1231 892 1271 921 ad
1293 904 1412 922 coenam
1434 893 1530 921 veniat
1554 892 1642 931 (Eun.
1660 893 1702 929 ll,
1725 895 1762 929 2,
1786 893 1866 932 85.),
1895 893 1926 920 id
1947 897 1989 920 est
2010 893 2179 931 prandium.

233 941 341 971 Idem.
381 938 537 977 Vesperna.
578 937 652 965 Vide
675 938 751 965 insi-a
774 936 946 975 Vesper-nas.
994 934 1097 964 Goth.

397 980 525 1019 Signa.
554 978 614 1019 (Ad
636 990 665 1018 p.
679 977 764 1019 261.)
795 978 889 1017 Signa
911 986 941 1007 ut
965 989 1074 1014 rerum,
1107 978 1148 1006 ita
1172 988 1215 1005 res
1237 977 1316 1015 ipsae
1338 975 1470 1015 sculptae
1492 983 1543 1004 aut
1567 974 1680 1016 lapides
1702 983 1753 1005 aut
1767 976 1902 1017 ferrum:
1939 983 1964 1004 et
1986 976 2013 1005 si
2034 987 2092 1016 qua
2113 983 2180 1005 sunt

233 1024 335 1065 aliqua
363 1021 506 1052 eiusmodi
533 1033 607 1062 quae
636 1021 807 1059 sculpantur
834 1023 940 1050 etiam:
977 1020 1027 1049 sed
1053 1019 1162 1059 pocula
1188 1021 1228 1048 ita
1255 1018 1352 1055 clieta,
1388 1027 1414 1047 et
1435 1017 1596 1047 simulacra
1618 1018 1658 1047 ad
1680 1019 1790 1060 effigies
1812 1018 1959 1047 hominum
1981 1018 2178 1059 conformata.

235 1069 387 1096 Inversum
412 1071 509 1093 tamen
532 1066 626 1094 etiam.
665 1063 725 1092 Sed
744 1062 853 1102 pocula
877 1073 931 1102 pro
955 1063 1003 1091 sed
1030 1064 1116 1091 etiam
1140 1062 1257 1101 pocula.
1281 1060 1379 1090 Scal.
1427 1061 1474 1089 Ait
1497 1061 1616 1098 Festus,
1641 1062 1721 1099 signa
1745 1061 1806 1090 dici
1829 1066 1863 1089 ut
1886 1072 1917 1089 ea
1941 1071 2017 1099 quae
2039 1062 2181 1090 materiae

232 1111 461 1149 insculpuntur,
496 1111 529 1135 ut
553 1106 646 1144 Virg.:
685 1105 795 1135 Pocula
826 1116 930 1145 aspera
959 1106 1069 1144 signis,-
1108 1110 1137 1133 et
1159 1104 1311 1133 materiam
1333 1104 1427 1142 ipsam
1450 1103 1614 1142 sculptam,
1651 1103 1784 1143 lapides,
1817 1114 1959 1139 marmor,
1992 1103 2103 1132 serrum
2125 1107 2180 1132 etc.

235 1153 318 1191 Virg.
341 1149 519 1188 Georg.111,
542 1148 632 1186 (34.):

833 1188 959 1218 Stabunt
982 1195 1007 1217 et
1031 1187 1116 1218 Parii
1137 1187 1265 1228 lapides,
1300 1188 1444 1228 spirantia
1467 1189 1561 1227 signa.

235 1236 338 1265 Ovid.:
378 1234 499 1264 Factum
531 1232 566 1261 de
588 1243 731 1261 marmore
760 1232 883 1271 signum.
926 1232 1089 1260 simulacra
1116 1231 1284 1268 hominum,
1324 1231 1447 1259 deorum
1472 1237 1527 1260 ete.
1572 1230 1611 1259 Ut
1637 1230 1758 1259 Veneris
1779 1230 1893 1269 signum
1917 1229 2028 1267 Plani„
2066 1230 2181 1269 signum

235 1276 389 1308 Adonidis
414 1278 506 1306 Cicer.
555 1275 640 1305 Dae.

398 1319 605 1358 Sequester.
628 1317 688 1356 (Ad
712 1316 839 1355 p.261.)
862 1317 1018 1353 Sequesier
1041 1317 1065 1344 is
1087 1316 1217 1352 dicitur,
1251 1316 1301 1354 qni
1325 1316 1401 1343 inter
1424 1316 1538 1353 aliquos
1560 1316 1688 1354 placuit,
1719 1320 1768 1352 ut,
1797 1314 1878 1353 quod
1899 1314 1978 1343 inter
1999 1324 2048 1343 eos
2069 1324 2182 1343 conve—

234 1363 327 1396 nerit,
350 1367 463 1397 teneat,
487 1361 576 1399 idque
600 1365 633 1388 ut
655 1360 680 1388 ei
703 1359 826 1394 reddat,
848 1369 915 1386 cum
938 1359 968 1386 id
992 1359 1046 1387 sibi
1070 1358 1171 1387 deberi
1194 1359 1370 1387 constiterit.
1410 1359 1482 1385 Cato
1505 1359 1534 1386 in
1558 1368 1588 1385 ea
1613 1358 1760 1393 oratione,
1785 1367 1860 1395 quae
1882 1357 2055 1386 inscribitur
2078 1357 2114 1386 de
2136 1358 2182 1385 in-

234 1405 391 1443 digitibus:
428 1402 533 1432 Sinum
559 1404 667 1442 perire,
701 1409 732 1430 ut
756 1401 831 1429 hona
856 1402 989 1439 rapiant,
1025 1409 1076 1429 aut
1097 1403 1122 1429 si
1142 1408 1295 1441 petantur,
1330 1408 1360 1428 ut
1383 1407 1527 1439 sequestro
1551 1398 1627 1428 dent.
1673 1401 1710 1428 Et
1732 1401 1854 1428 Plautus
1878 1400 1909 1427 in
1933 1399 2095 1428 Mercatore
2118 1399 2180 1438 (IV,

234 1451 270 1484 3,
293 1446 371 1486 36.):
411 1444 474 1475 Imo
496 1446 538 1474 sic
560 1452 704 1485 sequestro
726 1443 798 1472 mihi
821 1442 891 1471 (lata
913 1451 963 1471 est.
1007 1444 1086 1471 Haec
1111 1444 1159 1472 vel
1182 1443 1387 1471 huiuscemodi
1410 1444 1523 1472 Festus.
1569 1442 1642 1471 Vide
1667 1443 1741 1472 Gell.
1764 1442 1814 1470 lib.
1828 1442 1894 1470 XX.
1919 1452 1983 1480 cap.
2007 1442 2060 1472 ult.
2091 1441 2181 1471 Ant.

234 1490 325 1529 Aug.
363 1489 474 1516 Gloss.:
506 1486 656 1527 Sequester
678 1487 814 1525 μεσίτης,
843 1486 991 1525 ἕντριτος,
1023 1485 1268 1525 συνθηκοφύλαξ.
1296 1485 1382 1513 Duc.
1429 1485 1540 1515 Gloss.:
1571 1483 1714 1523 μεσιτεύω
1737 1491 1897 1524 sequestro,
1927 1485 2057 1523 μεσιτεία
2078 1495 2181 1524 seque-

234 1533 348 1560 stratio.
396 1529 498 1561 Goth.

401 1570 660 1611 Sepulchrum.
687 1570 744 1608 (Ad
768 1581 797 1608 p.
810 1568 893 1606 261.)
918 1568 1117 1607 Sepulchrum
1139 1574 1200 1605 est,
1231 1574 1264 1597 ut
1287 1569 1328 1597 ait
1352 1569 1454 1596 Gallus
1480 1569 1593 1605 Aelius,
1625 1568 1676 1596 ubi
1699 1573 1835 1597 mortuus
1857 1569 1991 1607 sepultus
2014 1573 2072 1604 est,
2103 1569 2183 1606 quod

236 1616 352 1652 antiqui
374 1614 495 1643 bustum
518 1613 725 1651 appellabant,
748 1614 831 1649 isque
854 1612 964 1649 cippis,
989 1617 1039 1640 aut
1062 1612 1159 1650 aliqua
1184 1612 1241 1640 alia
1264 1621 1296 1640 re
1320 1612 1430 1639 moi-tui
1453 1621 1541 1640 causa
1564 1611 1734 1649 designatus
1757 1616 1813 1648 est,
1836 1611 1915 1639 intra
1939 1621 2012 1650 quos
2032 1611 2182 1649 sepultura

236 1662 280 1686 est
303 1658 389 1686 facta.
424 1656 504 1685 Haec
528 1660 572 1683 est
594 1656 661 1683 Sex.
683 1654 816 1692 Pompeii
838 1656 991 1683 sententia.
1014 1654 1101 1683 Ant.
1121 1654 1217 1693 Aug.
1261 1654 1336 1682 Vide
1359 1653 1494 1685 Bustum,
1540 1653 1629 1682 Dac.

401 1697 582 1738 Segnitia.
626 1699 743 1726 Terent.
766 1698 795 1725 in
820 1696 941 1725 Andria.
970 1697 1059 1726 Ant.
1080 1697 1172 1736 Aug.
1218 1696 1324 1724 Omnia
1355 1701 1494 1725 constant
1516 1706 1553 1725 ex
1575 1696 1730 1735 Epitome,
1765 1695 1956 1724 distinctione
1979 1700 2078 1724 tamen
2099 1695 2184 1723 locus

236 1742 278 1770 ita
300 1740 449 1770 iuvandus
472 1745 528 1769 est:
567 1738 654 1778 Quod
680 1740 741 1768 sine
769 1737 887 1768 nitendo
916 1737 989 1778 quid
1017 1738 1087 1768 utile
1108 1746 1160 1768 aut
1182 1737 1358 1769 honestum?
1394 1749 1460 1767 cum
1484 1739 1725 1777 interrogationis
1747 1743 1829 1767 nota.
1871 1738 2016 1776 Segnitiae
2038 1747 2054 1766 a
2077 1748 2107 1766 se
2127 1736 2185 1766 hoc

238 1788 282 1812 est
302 1785 377 1821 sine,
401 1789 428 1812 et
452 1784 546 1820 nitor,
571 1787 604 1810 ut
626 1783 720 1822 segnis
743 1781 874 1816 dicatur,
903 1781 953 1819 qni
976 1791 1035 1810 non
1058 1782 1164 1810 nititur
1186 1782 1223 1810 ad
1246 1782 1293 1818 id,
1318 1781 1396 1819 quod
1420 1782 1492 1810 utile
1516 1786 1575 1817 est,
1600 1786 1651 1810 aut
1673 1781 1842 1810 honestum.
1885 1781 1981 1810 Locus
2001 1780 2120 1810 Terent.
2141 1784 2186 1809 est

241 1826 304 1856 Act.
321 1827 342 1855 1.
366 1828 455 1861 sc.3,
477 1827 540 1862 (1.).
573 1825 647 1854 Vide
670 1823 824 1854 secordia.
860 1824 968 1852 Eadem
992 1829 1090 1852 mente
1114 1825 1193 1862 apud
1216 1825 1351 1853 Plautum
1375 1824 1489 1854 Asinar.
1515 1823 1572 1862 (11,
1595 1827 1629 1860 1,
1651 1824 1709 1863 6.):

242 1907 272 1936 D
730 1865 808 1905 Quin
831 1873 862 1895 tu
883 1865 1052 1896 socordiam
1075 1877 1188 1896 omnem
1210 1867 1294 1896 reiice
1315 1874 1341 1895 et
1363 1868 1516 1906 segnitiam
1540 1877 1650 1896 amove.

279 1918 330 1937 ac.

405 1950 570 1990 Signare.
615 1949 756 1980 Scribere.
795 1950 870 1979 Vide
893 1960 983 1989 supra
1005 1949 1167 1989 Resignare
1189 1955 1220 1980 et
1240 1949 1443 1990 Resignatum.
1482 1952 1602 1980 Praeter
1630 1949 1856 1988 significationes
1879 1948 2014 1988 signandi
2036 1948 2087 1978 hic
2109 1958 2186 1978 enu—

244 1996 367 2019 meratas
390 2003 405 2019 a
428 1993 530 2028 Festo,
552 1993 608 2021 hue
631 1993 773 2021 videntur
796 1992 991 2021 adjiciendae:
1023 1994 1194 2030 designare,
1224 1994 1396 2029 ostendere,
1424 1993 1602 2032 imprimere.
1649 1993 1721 2021 Vide
1743 1993 1870 2021 Nonium
1894 1991 1972 2031 (pag.
1985 1992 2057 2024 405.
2081 1991 2185 2030 Merc.)

244 2033 274 2061 in
299 2031 428 2070 signare.
461 2035 497 2062 Et
519 2034 645 2074 Signata
666 2036 764 2074 virgo,
786 2036 909 2073 integra.
941 2035 1015 2064 Vide
1039 2036 1166 2064 Nonium
1192 2035 1234 2075 (p.
1249 2039 1318 2067 171.
1343 2036 1446 2074 Mero.)
1471 2037 1500 2064 in
1526 2036 1691 2075 Signatum.
1724 2035 1803 2071 Quin
1827 2035 1907 2073 apud
1931 2035 2056 2064 eundem
2079 2032 2122 2073 (p.
2134 2036 2184 2065 96.

244 2074 348 2112 Mero.)
372 2074 528 2113 Designare
549 2083 593 2105 est
615 2088 683 2105 cum
707 2083 777 2106 nota
801 2082 828 2106 et
851 2078 1011 2115 ignominia
1035 2079 1147 2115 aliquid
1171 2079 1280 2108 facere.
1316 2078 1349 2108 V.
1372 2079 1390 2106 l.
1404 2081 1453 2110 39.
1469 2078 1498 2107 ff.
1521 2078 1557 2107 de
1581 2088 1610 2108 v.
1634 2078 1731 2115 signif.
1754 2083 1782 2106 et
1805 2078 1992 2106 Raevardum
2017 2076 2050 2107 V.
2068 2075 2137 2105 var.
2149 2076 2187 2105 X.

247 2115 352 2146 Goth.
384 2115 480 2145 Modo
503 2118 590 2148 anulo
612 2120 697 2158 signa
718 2121 889 2159 imprimere.
915 2121 948 2150 V.
969 2120 1052 2151 l.22.
1067 2120 1097 2149 ss‘.
1116 2121 1241 2158 signum.
1265 2125 1294 2149 et
1318 2120 1425 2159 passim
1445 2121 1474 2149 ss'.
1495 2121 1546 2159 qui
1567 2125 1741 2149 testamenta
1765 2121 1785 2149 l.
1801 2123 1828 2151 1.
1851 2122 1875 2157 §.
1898 2120 1924 2148 si
1948 2119 2073 2159 pecunia
2090 2121 2142 2150 36.
2157 2117 2187 2147 ff.

246 2158 392 2197 depositi;
421 2158 498 2186 unde
520 2161 680 2197 signatores
703 2168 730 2191 et
752 2163 931 2199 signatorius
953 2163 1092 2191 annulus.
1117 2162 1228 2192 Idem.
1269 2162 1367 2192 Modo
1387 2174 1494 2202 pecora
1517 2163 1609 2201 signis
1631 2171 1740 2193 notare.
1781 2163 1882 2200 virgil.
1898 2163 1922 2191 l.
1946 2163 2054 2200 Georg.
2076 2162 2187 2198 (263-):

773 2204 839 2234 Aut
859 2205 959 2243 pecori
980 2205 1112 2243 s'gnum,
1141 2213 1191 2233 aut
1214 2216 1346 2234 numeros
1368 2206 1511 2244 impressit
1534 2206 1654 2235 acervis.

247 2240 358 2270 Idem.
384 2263 390 2269 .
414 2263 422 2270 .
445 2263 452 2269 .
475 2242 500 2269 ri
523 2240 644 2278 dicitur,
668 2245 782 2281 signare
805 2247 926 2276 dicitur.
949 2246 1058 2278 Idem.
1091 2245 1274 2286 Consignare.
1311 2248 1394 2276 Adde
1417 2248 1436 2277 l.
1461 2249 1572 2287 penult.
1591 2247 1622 2276 ff.
1645 2248 1681 2277 de
1704 2248 1804 2276 donat.
1820 2248 1897 2276 inter
1915 2246 2027 2275 virum:
2049 2247 2069 2276 l.
2086 2246 2140 2278 ult.
2157 2244 2186 2274 ff·

247 2284 284 2312 de
306 2283 376 2312 dote
400 2283 526 2321 praeleg.
546 2287 573 2314 1.
600 2291 747 2322 acceptam
772 2289 843 2316 Cod.
867 2290 903 2318 de
927 2290 1033 2318 usuris.
1057 2290 1074 2319 l.
1089 2293 1140 2321 20.
1165 2290 1238 2319 Cod.
1261 2291 1296 2318 de
1320 2290 1457 2328 pignorit.
1501 2289 1610 2319 Idem.

413 2323 716 2364 Septimontium.
762 2329 855 2358 Varro
879 2331 929 2361 lib.
942 2332 978 2361 V.
1002 2332 1038 2360 de
1062 2332 1093 2362 L.
1113 2333 1142 2360 L.
1167 2332 1232 2372 (VI.
1259 2336 1410 2371 pag.206.
1433 2332 1518 2371 Sp.):
1556 2332 1624 2361 Dies
1651 2332 1866 2371 septimontium
1896 2331 2064 2360 nominatus
2090 2327 2127 2358 ab
2149 2328 2186 2356 iis

248 2374 354 2415 septem
375 2366 536 2403 montibus,
560 2369 590 2396 in
612 2369 691 2407 queis
713 2370 771 2397 sita
792 2371 859 2399 urbs
882 2380 930 2402 est.
974 2373 1074 2402 Feriae
1096 2386 1153 2403 non
1174 2374 1295 2414 populi,
1327 2373 1379 2403 sed
1400 2382 1605 2404 montanorum
1626 2373 1731 2410 modo,
1755 2381 1785 2403 ut
1808 2372 2028 2412 Paganalibus,
2050 2371 2102 2412 qui
2119 2376 2186 2398 sun!

249 2407 376 2438 alicuius
396 2410 476 2447 pagi.
522 2410 625 2438 Mirum
648 2415 744 2439 autem
768 2416 811 2440 est
833 2412 889 2441 hoc
912 2415 980 2442 loco
1003 2420 1032 2443 et
1053 2417 1190 2453 proximo
1213 2427 1268 2455 pro
1292 2422 1404 2455 septem
1426 2418 1577 2446 montibus
1601 2422 1668 2445 octo
1690 2417 1756 2445 loca
1780 2416 1861 2444 urbis
1884 2415 2068 2449 enumerari,
2098 2411 2183 2441 Pala—
