2263 2668
216 185 291 221 452
631 179 987 217 ⁴COMMENTARII
1012 181 1060 214 IN
1085 181 1228 216 PAULI
1254 184 1449 219 DIACONI
1476 185 1731 220 EXCERPTA

704 271 793 301 Nunc
812 270 969 310 gravidum
989 283 1078 311 pecus
1100 274 1154 311 est,
1186 275 1329 315 gravidae
1350 288 1427 307 nunc
1449 278 1554 307 semine
1576 285 1669 307 terrae

754 313 864 343 Telluri
882 314 987 354 plenae
1007 315 1127 344 victima
1147 316 1235 355 plena
1258 317 1354 348 datur.

218 364 305 393 Dae,
342 362 430 395 Fero,
450 358 541 400 fors,
560 355 694 399 fordus,
717 355 842 393 hordas,
863 364 966 395 porto,
991 358 1089 386 omnia
1112 369 1128 387 a
1150 361 1299 389 Sanscrito
1324 360 1407 396 blzri,
1431 362 1509 390 unde
1533 361 1654 399 hlzaras,
1678 373 1770 399 onuS,
1793 359 1904 402 βάρος,
1927 361 2046 402 φόρτος.
2081 368 2157 396 Rur-

217 417 279 434 sum
301 405 433 433 solennes
455 401 522 429 illas
545 400 691 429 vocalium
715 398 964 438 deprehendimus
988 399 1201 431 demutationes
1221 414 1256 438 a,
1286 414 1314 440 e,
1344 404 1369 440 i,
1398 415 1436 443 o‚·
1464 409 1498 433 ut
1521 402 1631 444 βάρος,
1661 402 1773 446 βαρύς,
1803 404 1924 441 bharas'
1955 406 2033 443 sero,
2064 409 2157 449 φέρω,

217 447 298 483 blm',
324 446 402 479 fors,
425 444 567 480 forduus,
591 447 694 481 porte,
718 441 843 481 φόρτος.

378 485 622 515 Honorarios
646 483 763 513 ludos.
809 484 955 513 Liberalia
977 485 1051 513 festa
1075 486 1104 514 in
1126 485 1268 516 honorem
1292 487 1419 525 Bacchi,
1443 490 1495 526 qui
1518 488 1604 517 Liber
1625 489 1723 518 dictus
1747 494 1798 518 est.
1827 490 1933 518 Graeci
1955 496 2065 520 vocant
2086 496 2156 524 Διο-

216 528 320 564 vaona,
359 529 406 557 die
437 528 549 557 decima
577 528 699 566 septima
722 527 820 555 Martii
843 528 952 556 Romae
983 527 1215 559 celebrabantur.
1259 529 1317 558 Sed
1347 540 1401 559 cur
1422 530 1578 560 Liberalia
1606 531 1758 560 honorarii
1779 531 1844 561 ludi
1865 532 1944 561 dicta
1967 533 2042 571 sint,
2077 534 2159 564 haud

217 571 353 610 equidem
383 570 486 608 video,
520 570 577 599 nisi
606 570 686 609 quod
711 574 778 599 ante
800 569 910 598 Bacchi
936 574 1035 598 ortum
1057 581 1124 600 arae
1146 572 1208 601 sine
1230 571 1343 601 honore
1365 573 1493 610 suerint,
1532 578 1561 603 et
1583 573 1644 603 hoc
1666 574 1801 603 allusisse
1825 575 1944 604 videtur
1967 576 2056 606 Ovid.
2079 577 2156 607 Fast.

229 615 269 642 III
310 616 411 646 728.:

216 615 226 653 (
280 636 286 650 ’
385 613 394 652 >
789 654 870 683 Ante
892 662 956 683 tuos
978 663 1058 684 orius
1078 668 1148 685 arae
1170 658 1229 685 sine
1250 656 1358 686 lzonore
1369 656 1460 699 fuere

830 695 935 734 Liber,
970 705 995 726 et
1018 698 1047 727 in
1068 698 1174 738 gelidis
1197 698 1283 728 herba
1307 707 1420 739 reperta
1432 698 1530 741 focis.

213 740 304 770 Dac.

377 780 534 811 Hodido
545 792 615 811 cos.
659 781 801 820 Hesych.:
828 778 1020 819 Ὀδοιδόκος,
1044 781 1149 822 κλᾱίψ,
1174 781 1360 821 ἐνεδρευτής,
1383 786 1571 824 κακοῦργος,
1594 784 1713 821 ἕνοδος,
1738 783 1856 827 λῃστής.
1901 785 1994 815 Dae.

377 823 600 854 Homelium.
645 824 725 853 Haec
749 834 807 852 vox
832 823 902 852 mihi
925 830 1061 864 suspecta
1084 832 1142 863 est,
1174 837 1267 864 neque
1290 826 1380 855 video
1403 831 1515 862 tamen,
1544 827 1575 855 in
1599 837 1686 865 quam
1709 828 1746 856 sit
1768 828 1986 857 commutanda.
2030 827 2114 858 Dac.

376 865 643 906 Hyper-ionem.
690 867 770 895 Coeli
795 871 823 894 et
846 867 954 896 Terrae
976 867 1052 896 filius
1076 869 1132 897 fuit
1155 869 1325 908 Hyperion,
1364 869 1415 907 qui
1438 879 1475 897 ex
1497 868 1578 898 Thea
1601 871 1765 905 Auroram,
1802 871 1899 899 Solem
1922 875 1951 900 et
1973 871 2082 900 Lunam
2104 881 2156 900 su-

214 908 317 948 scepit.
352 907 491 947 Apossod.
516 909 613 938 statim
636 909 721 938 initio
744 909 795 939 lib.
808 909 830 937 I.
865 911 956 948 Saepe
978 915 1073 939 tamen
1097 911 1234 952 hyperion
1258 922 1311 950 pro
1335 912 1400 950 ipso
1424 912 1485 940 sole
1508 912 1596 940 Ovid.
1620 913 1702 950 (Met.
1719 913 1804 950 VIII,
1828 913 1930 951 564.);

790 958 910 999 lamque
932 958 1005 989 «luas
1027 959 1102 990 lucis
1122 970 1218 1001 paries
1240 961 1394 1003 hyperione
1416 973 1513 992 menso

791 1000 965 1031 Discubuere
988 1004 1068 1032 ioris.

213 1043 299 1073 Dac.
1119 1072 1122 1075 .

376 1085 589 1117 Humanum.
636 1087 723 1122 Quod
747 1087 851 1115 mortis
875 1097 962 1116 causa
986 1087 1081 1116 fiebat.
1126 1089 1198 1117 Nam
1229 1100 1297 1118 cum
1326 1095 1451 1119 mortem
1483 1090 1691 1128 designabant,
1728 1089 1886 1119 humanum
1913 1099 2058 1129 usurpare
2078 1091 2156 1119 sole-

212 1129 282 1157 bant
306 1133 435 1164 veteres,
458 1127 556 1169 siquid
579 1129 700 1157 humani
724 1128 795 1157 mihi
817 1128 945 1159 accidat.
990 1131 1117 1159 Ennius:
1143 1130 1250 1172 Siquid
1272 1143 1316 1161 me
1328 1131 1423 1174 fumat
1446 1132 1615 1162 humanitus
1637 1133 1656 1161 i.
1677 1142 1700 1162 e.
1725 1133 1750 1160 si
1772 1143 1850 1161 mors
1873 1133 2034 1169 contingat.
2068 1132 2154 1162 Dae.

375 1170 622 1210 Hyperborei.
670 1173 708 1202 Οἵ
727 1168 800 1211 ὑπὲρ
825 1171 940 1210 Βορέαν
963 1174 1081 1211 populi,
1116 1174 1165 1212 qui
1189 1185 1279 1213 supra
1302 1175 1445 1211 Boream,
1478 1186 1535 1204 non
1560 1174 1639 1213 quod
1663 1175 1745 1214 apud
1768 1185 1818 1204 eos
1841 1186 1899 1204 non
1921 1175 2015 1214 spiret
2036 1175 2155 1211 Boreas,

211 1218 244 1242 ut
267 1212 437 1242 Herodotus
459 1213 559 1242 tradit.
605 1216 699 1250 Quam
724 1214 892 1253 opinionem
916 1221 1032 1243 secutus
1057 1217 1199 1244 Pindarus
1223 1217 1270 1247 Ol.
1288 1220 1317 1249 3.
1344 1218 1383 1254 (v.
1395 1219 1446 1250 55.
1470 1218 1599 1256 Heyn.):

703 1274 740 1278 —-
787 1274 825 1279 --
868 1253 917 1287 '165
941 1255 1081 1288 κάκεῖναι]
1103 1257 1201 1298 χθόνα

704 1301 821 1334 Πνοιᾶς
844 1297 970 1331 ὄπισθεν
994 1301 1090 1341 Βορέα

708 1344 841 1380 Ψυχροῦ.

210 1382 282 1409 Post
305 1382 425 1410 Olenem
452 1383 589 1421 Lycium,
622 1384 687 1421 qui,
718 1389 751 1412 ut
774 1384 861 1413 docet
881 1385 1054 1422 Pausanias,
1093 1385 1207 1424 primus
1230 1385 1321 1422 dixit,
1354 1395 1416 1413 esse
1439 1386 1580 1424 quosdam
1604 1386 1735 1414 homines
1759 1385 1790 1415 οἵ
1809 1383 1882 1422 ὑπὲρ
1906 1383 1957 1415 τὸν
1979 1383 2090 1421 ἄνεμον
2113 1385 2153 1415 οἰ-

209 1426 300 1454 κοῦσι
323 1422 375 1454 τὸν
400 1425 531 1464 Βορέαν,
562 1424 613 1453 sed
637 1426 717 1464 quod
739 1427 851 1454 Boreae
874 1427 976 1455 flatum
1000 1428 1160 1464 excedant,
1183 1427 1246 1464 vel,
1272 1433 1306 1456 ut
1324 1428 1462 1464 Servius,
1494 1428 1570 1466 quod
1595 1438 1702 1467 supra,
1732 1427 1762 1456 id
1786 1432 1829 1456 est
1851 1427 1929 1455 ultra
1952 1437 2002 1455 eos
2023 1427 2075 1456 flet
2096 1427 2154 1455 Bo-

209 1476 284 1495 reas.
329 1467 454 1505 Fuitque
477 1468 606 1506 primum
630 1479 644 1496 a
668 1469 764 1506 poetis
788 1469 912 1497 conficta
937 1480 997 1497 vox
1020 1469 1201 1510 hyperborei,
1233 1480 1289 1508 qua
1313 1471 1443 1509 populus
1465 1468 1691 1509 βορειοτάτους,
1718 1470 1824 1498 boreae
1847 1469 2017 1507 proximos,
2043 1468 2154 1508 signifi-

210 1513 319 1538 carent.
365 1511 502 1538 Ridicule
524 1510 627 1538 Festus
655 1511 716 1539 sive
740 1511 846 1540 Paulus
876 1508 1109 1551 ὑπερβαίνοντες
1132 1510 1221 1550 ὅρον,
1258 1512 1435 1541 excedentes
1457 1513 1614 1541 terminum
1637 1513 1727 1541 seculi
1749 1511 1881 1541 humani.
1927 1511 2006 1540 Mere
2027 1512 2152 1540 barbara

208 1551 364 1580 balbuties.
405 1553 445 1581 De
469 1552 670 1591 Hyperboreis
694 1553 779 1582 multi
803 1554 893 1581 multa
917 1555 1075 1583 tradidere.
1109 1554 1181 1582 Vide
1204 1554 1378 1583 Strabonem
1401 1555 1440 1591 (l,
1464 1565 1529 1593 pag.
1543 1557 1616 1592 62).
1656 1556 1728 1584 Plin.
1750 1554 1862 1584 Iib.IV.
1886 1564 1949 1592 cap.
1964 1556 2011 1585 12.
2047 1555 2152 1584 Melam

208 1593 292 1622 1ib.1.
317 1604 380 1633 cap.
393 1597 422 1626 2.
447 1599 476 1623 et
499 1594 580 1623 1.111.
604 1604 669 1634 cap.
683 1597 711 1626 5.
755 1596 869 1624 Horum
892 1597 1042 1634 regionem
1066 1596 1175 1624 inviam
1198 1596 1348 1625 fabulatur
1372 1597 1515 1625 Pindarus
1539 1597 1626 1635 Pyth,
1651 1597 1706 1626 od.
1721 1597 1785 1626 VII.
1809 1596 1866 1635 (X,
1890 1595 1969 1634 46.):

701 1663 738 1666 —
786 1663 822 1667 —-
870 1647 971 1677 Ναυσὶ
996 1647 1041 1684 δὲ,
1073 1645 1142 1677 οὔτε
1164 1645 1250 1683 πεζὸς
1273 1645 1329 1677 ἐών

568 1721 576 1729 ,
697 1686 814 1728 Εὕροις
836 1686 874 1718 ἄν
897 1689 927 1725 ἐς
946 1687 1158 1729 Ὑπερβορέων
1181 1685 1293 1730 ἆγῶνα.
1324 1689 1505 1729 θαυμαστοὶν
1528 1688 1609 1721 ὁδόν.

211 1735 282 1765 Vide
305 1736 445 1776 Stephan.
469 1737 577 1767 Clerici
600 1737 720 1774 Quaest.
745 1739 883 1768 Academ.
900 1740 949 1770 IV.
993 1740 1081 1771 Dac.

369 1786 559 1818 Helvella.
603 1789 751 1818 Titinnius
760 1802 768 1818 :

825 1831 914 1862 Lerni
936 1832 1036 1863 calido
1059 1832 1170 1862 helva-la
1178 1855 1187 1870 ,
1216 1832 1319 1873 rapula
1330 1856 1337 1870 ‚
1366 1834 1496 1863 rumices.

215 1874 311 1906 Scaz.
355 1879 472 1909 Veteres
500 1891 555 1919 pro
585 1881 670 1911 holus
691 1883 832 1912 dicebant
853 1882 951 1921 helas,
988 1889 1023 1912 ut
1043 1883 1155 1923 Apella
1178 1893 1235 1922 pro
1260 1883 1374 1924 Apollo
1399 1887 1427 1912 et
1450 1884 1486 1912 ab
1509 1882 1589 1913 belus
1611 1883 1722 1913 helvela
1745 1894 1836 1923 parva
1859 1882 1968 1912 holera.
2014 1882 2151 1911 Glossae:

216 1916 341 1964 Heluola
362 1922 532 1962 λαχανάρια.
575 1924 649 1953 Inde
673 1930 702 1954 et
724 1925 866 1955 heluones
890 1927 1019 1955 Meursio
1043 1937 1101 1954 non
1125 1936 1263 1962 voraces,
1300 1932 1334 1954 ut
1355 1926 1458 1955 Festus
1481 1927 1583 1962 docet,
1615 1927 1665 1955 sed
1690 1926 1808 1955 delicati
1830 1931 1858 1955 et
1880 1925 2012 1965 opipari,
2043 1925 2078 1953 ab
2103 1935 2151 1953 ae-

214 1963 304 2004 ἓξὉῐΙε
326 1970 397 1990 voce
419 1966 578 2002 translata,
604 1967 654 2005 qui
677 1969 879 1998 nauseabundi
904 1974 934 1998 et
956 1968 1102 1997 fastidiosi
1125 1969 1254 1998 oleribus
1279 1973 1394 1997 tantum
1418 1970 1487 1997 olim
1510 1969 1695 1998 victitabant.
1718 1969 1807 1998 Dae.
1837 1966 1968 1998 Elvellas
1990 1968 2069 2006 apud
2092 1967 2151 1996 No-

214 2009 294 2028 mum
319 2001 475 2040 (pag.210,
500 2008 600 2047 Merc.)
624 2010 653 2037 in
676 2020 705 2039 v.
728 2010 857 2040 Lentem.
906 2010 1011 2040 Goth.
2051 2039 2054 2043 .

375 2045 536 2078 Hanula.
580 2054 602 2079 A
627 2053 740 2081 Graeco
762 2052 838 2084 ναόν
860 2064 915 2092 per
934 2053 1195 2092 transpositionem
1219 2051 1310 2089 ἆνόν,
1348 2053 1493 2089 digamma
1518 2054 1637 2082 Aeolico
1661 2050 1778 2090 Favdv,
1809 2053 1920 2082 fanum.
1965 2051 2038 2081 Inde
2061 2051 2148 2081 fanu-

214 2084 275 2111 lum
298 2089 326 2112 et
348 2087 443 2123 P0⁸st⁰
465 2089 484 2116 ἦ
507 2100 561 2128 pro
582 2094 614 2133 f,
644 2100 678 2123 ut
701 2105 787 2134 saepe
811 2096 891 2134 apud
913 2101 1043 2133 veteres,
1073 2094 1221 2125 hamulum.
1263 2095 1335 2124 Vide
1358 2095 1481 2125 Fanum.
1513 2095 1599 2126 Duc.
1647 2095 1757 2124 Fanum
1781 2100 1810 2125 et
1833 2094 1956 2124 Hanum
1984 2094 2064 2124 idem
2087 2104 2149 2123 esse

215 2126 407 2164 Vocabulum,
430 2135 539 2160 veteres
560 2143 784 2174 perspexerunt.
829 2139 871 2169 Cf.
897 2149 968 2177 quae
991 2149 1082 2178 supra
1106 2139 1275 2166 notavimus
1299 2138 1335 2167 ad
1359 2148 1387 2168 v.
1410 2137 1500 2167 Fano.

781 2231 1580 2266 ADLIBRUMlx.

376 2293 436 2325 Im.
482 2296 626 2333 Leg.X11.
648 2300 719 2330 tab.:
742 2302 836 2342 Igitur
856 2307 895 2335 im
920 2308 1028 2346 capito.
1059 2307 1121 2335 GL:
1145 2306 1189 2335 Im
1212 2319 1291 2344 eum,
1314 2305 1367 2339 τόν
1391 2303 1491 2337 αὐτόν.
1520 2305 1565 2334 Ῑηι
1587 2311 1685 2335 autem
1708 2317 1725 2335 a
1748 2307 1862 2335 Graeco
1885 2306 1944 2337 νίν.
1967 2306 2057 2335 Dae.
2083 2303 2145 2333 Ma·

217 2334 296 2363 (Ἰοδ-
319 2337 378 2385 ξὸῒ·
399 2337 425 2372 Ῑ,
448 2338 478 2369 4.
509 2338 612 2368 Goth.
656 2340 700 2369 Im
725 2348 910 2375 accusativus
933 2360 949 2376 a
974 2350 1147 2387 pronomine
1173 2351 1212 2382 is,
1251 2355 1284 2378 ut
1311 2361 1370 2386 em,
1407 2359 1467 2378 acc.
1491 2360 1505 2377 a
1529 2349 1621 2388 stirpe
1648 2349 1845 2387 pronominali
1868 2360 1882 2377 e
1904 2348 1967 2378 sive
1989 2359 2030 2381 es.
2066 2345 2144 2374 unde

215 2386 278 2414 gen.
302 2389 378 2414 etue,
408 2379 466 2427 dat.
486 2382 519 2409 ei.
564 2382 606 2410 ef.
630 2393 703 2420 quae
730 2385 858 2416 diximus
886 2400 975 2427 supra
999 2392 1035 2419 ad
1059 2392 1186 2427 glossam
1210 2391 1286 2428 Em,
1317 2399 1387 2421 tum.
1431 2392 1532 2420 Multis
1554 2391 1585 2419 in
1607 2391 1682 2420 locis
1703 2396 1774 2420 vett.
1797 2391 1976 2429 scriptorum
1999 2391 2144 2418 Romano-

215 2429 282 2448 rum
311 2425 494 2451 accusativus
516 2424 554 2452 im
584 2424 682 2453 adhuc
712 2426 802 2456 latere
831 2430 965 2467 videtur,
1003 2443 1018 2460 a
1046 2433 1175 2462 librariis
1204 2434 1402 2464 oblitteratus.
1446 2434 1536 2463 Felici
1560 2434 1731 2462 coniectura
1754 2433 1908 2462 restitutus
1931 2436 1976 2460 est
1998 2442 2014 2459 a
2036 2428 2142 2458 Bothio
