2263 2668
212 178 288 214 616
639 164 987 201 COMMENTARH
1011 164 1060 198 ΙΝ
1086 163 1231 198 PAULI
1257 162 1455 198 DIACONI
1480 164 1737 200 EXCERPTA

378 259 665 297 purimenstrio.
691 257 753 296 (Ad
776 268 805 296 p.
821 256 908 296 216.)
932 257 1033 286 Malim
1055 265 1218 295 menstruo,
1243 257 1298 288 etsi
1320 258 1332 287 ἰ
1354 262 1383 286 et
1405 269 1424 286 u
1446 257 1587 288 facillime
1609 263 1841 289 commutantur.
1885 259 1960 290 Vide
1984 261 2166 292 cerimonia-

216 325 289 345 mm,
312 312 398 343 Dae.
442 304 514 334 Vide
538 312 629 341 supra
652 301 828 330 Denicariae
850 304 879 328 et
904 300 1101 330 Tricenariae.
1127 298 1234 331 Goth.
1274 300 1383 331 Snidae
1405 302 1592 341 μητρωακαί.
1639 300 1753 333 Idem.

377 349 491 380 Prooe.
538 345 633 373 Proba
655 354 727 373 vox.
771 341 829 372 Pro
852 353 916 372 vooe
938 348 994 372 etc.

374 390 539 421 Penates.
583 387 731 424 Singulari
755 395 877 414 numero
900 385 979 414 dixit
1001 385 1063 414 Liv.
1087 385 1136 414 lib.
1149 385 1287 417 XXVIII.
1311 386 1348 422 (c.
1364 387 1441 424 18.):
1480 384 1626 425 Quoniam
1641 385 1717 429 fors
1738 396 1787 416 eos
1809 385 1862 416 sub
1884 384 1984 416 eodem
2006 393 2083 416 tecto
2106 397 2166 416 esse

213 448 299 480 atque
320 437 350 465 in
372 430 471 462 eodem
491 436 595 470 penate
616 428 762 458 voluisset.
786 427 873 458 Dac.
912 427 1077 466 Propertio.
1107 429 1219 457 Purtio.
1269 427 1373 458 Goth.

376 471 616 505 Proculinat.
641 471 700 512 (Ad
724 470 849 510 p.216.)
874 470 932 500 MS.
955 469 1155 503 Proculinant,
1185 471 1209 500 A
1232 470 1379 511 proculio.
1411 470 1500 506 Quod
1522 471 1601 499 iufra
1624 471 1654 500 in
1677 471 1813 511 Epitome
1835 471 1929 500 Pauli.
1961 471 2025 500 Nisi
2050 481 2089 500 ex
2111 471 2165 500 illo

212 523 261 552 hic
283 520 370 550 etiam
393 516 478 546 malis
498 514 675 555 proculiunt.
705 514 883 553 Suspicatur
899 513 1035 550 Vossius,
1059 518 1092 542 ut
1105 515 1286 553 promittere,
1311 513 1392 552 quod
1415 518 1459 542 est
1480 512 1670 554 προβάλλειν,
1693 516 1820 543 sumitur
1842 525 1899 554 pro
1919 512 2073 554 polliceri,
2097 514 2166 553 quia

212 565 265 604 qui
285 561 431 603 spondet,
469 558 569 588 verbis
597 557 712 596 aliquid
740 558 769 585 in
793 557 914 595 longum
938 560 1053 592 movet,
1091 556 1130 585 ita
1151 555 1287 597 proculio
1310 556 1386 594 dici,
1425 556 1495 595 quia
1519 557 1586 595 quis
1606 556 1744 596 procelsit
1767 557 1830 586 sive
1850 556 2003 597 procellis,
2041 556 2100 585 hoc
2122 561 2167 586 est

211 607 311 637 verbis
332 607 419 642 longe
441 601 589 638 dimovet,
619 604 733 630 mutato
756 611 770 628 e
791 600 823 628 in
845 612 873 629 u.
917 599 1064 628 Meursius
1086 609 1159 628 vero
1182 599 1299 638 legebat
1318 597 1510 639 proculinunt
1530 607 1686 639 promunt,
1712 611 1769 639 pro
1789 598 1977 640 proculiunt,
2002 598 2079 628 sicut
2100 598 2167 629 obi-

212 648 469 691 nunt‚ferinunt,
493 642 632 673 solinunt.
678 643 732 671 Da
743 654 767 672 c.

377 684 599 727 Popularia.
622 685 680 725 (Ad
704 684 830 725 p.216.)
854 684 976 713 Notabis
999 683 1130 713 Lararia
1152 696 1208 724 pro
1226 684 1439 724 Compitalibus
1463 685 1552 714 dicta.
1588 685 1675 721 Quod
1698 685 1779 714 haud
1803 690 1910 714 temere
1933 684 2004 713 alibi
2025 685 2166 724 reperias.

211 732 374 775 Popularia
398 734 592 769 opponuntur
615 729 754 768 privatis,
777 733 809 756 ut
829 726 989 767 popularia
1011 725 1123 756 iudicia
1142 728 1267 767 privatis
1289 726 1415 758 iudiciis.
1452 729 1524 757 Nam
1547 729 1588 757 ita
1611 728 1660 757 hic
1683 729 1825 757 videntur
1847 727 2004 766 Popularia
2027 728 2167 767 opposita

210 776 353 817 privatis,
377 772 566 801 familiaritiis
588 776 616 800 et
638 771 796 810 gentiliciis
818 771 920 799 sacris.
952 770 1033 798 Alias
1055 771 1212 809 popularia
1236 781 1319 799 sacra
1343 776 1539 809 opponuntur
1562 772 1782 800 montanalibus
1805 776 1832 800 et
1854 770 2060 810 paganalibus.
2093 770 2167 799 Var-

211 831 259 849 ro:
283 818 354 846 Dies
370 815 594 855 Septimontium
618 814 786 843 nominatus
808 812 845 841 ab
868 812 913 841 his
935 819 1040 852 sepiem
1063 812 1223 848 montibus,
1247 814 1277 841 in
1300 815 1380 853 queis
1402 815 1460 843 sita
1483 813 1551 842 urbs
1574 821 1631 850 εει,-
1654 813 1756 856 feriae
1778 825 1835 843 non
1855 811 1977 853 populi,
2006 811 2057 842 secl
2080 823 2166 842 mon-

210 870 343 890 tanorum
365 856 472 894 modo,
495 861 528 885 ut
549 857 719 896 paganalia,
745 858 794 895 qui
818 861 885 884 sunt
909 855 1035 884 alicuius
1059 856 1136 894 pagi.
1160 854 1258 884 Scal.
1305 855 1402 885 Porca
1423 855 1629 896 praecidanea.
1670 856 1749 892 Quid
1773 856 1830 885 hoc
1853 866 1945 895 porca
1968 855 2167 895 praecidanea

209 906 286 933 inter
309 900 469 942 popularia
491 900 595 929 sacra‘?
619 900 728 937 Nugae.
774 899 851 927 Haec
876 909 933 926 nou
957 903 1025 926 suut
1047 897 1136 927 huius
1161 899 1233 933 loci,
1258 908 1348 937 quare
1371 898 1442 927 hinc
1465 899 1637 937 ableganda.
1677 899 1825 928 Videntur
1847 903 1945 927 autem
1968 898 2030 927 huc
2052 898 2165 927 adhae-

209 948 280 975 sisse
304 956 319 974 e
342 944 439 982 capite
458 953 552 982 porca
572 941 785 982 praecidanea‚
816 941 895 979 quod
922 941 996 969 male
1019 946 1087 980 post
1107 940 1332 980 praecidaneam
1353 953 1474 981 porcam
1499 946 1662 970 retractum
1687 947 1739 971 est.
1785 941 1872 972 Dac.

374 984 586 1015 Pollucere.
616 985 674 1025 (Ad
696 984 820 1024 p.216.)
855 985 954 1012 Utitur
977 983 1034 1012 hoc
1058 984 1149 1012 verbo
1174 985 1246 1012 Cato
1270 984 1298 1012 in
1325 984 1400 1012 libro
1424 984 1461 1012 de
1485 995 1516 1013 re
1539 986 1650 1013 rustica
1674 986 1819 1023 (c.132.).
1857 985 1980 1013 Plautus
2003 983 2032 1012 in
2055 982 2160 1012 Sticho

209 1032 264 1069 (ΙΙ,
291 1034 324 1066 1,
347 1029 412 1067 80.)
437 1028 555 1056 Cassius
572 1028 692 1056 Hemina
717 1027 795 1066 apud
815 1027 887 1055 t‘lin.
912 1027 959 1054 lib.
972 1027 1098 1057 XXXII.
1124 1030 1211 1058 c.11.
1250 1027 1298 1055 Est
1323 1032 1422 1056 autem
1445 1027 1529 1056 locus
1546 1028 1625 1057 Festi
1649 1028 1729 1056 lacer
1751 1027 1790 1055 ita
1814 1027 2005 1062 sarciendus,
2028 1031 2062 1054 ut
2082 1026 2165 1054 dica-

208 1079 275 1110 tur,
299 1083 356 1101 non
380 1070 466 1100 licere
488 1071 587 1099 omnia
608 1069 756 1109 pollucere
778 1068 871 1098 alicui-
894 1068 962 1105 deo,
987 1068 1103 1105 deaene,
1126 1067 1176 1098 secl
1200 1068 1326 1098 Herculi
1350 1068 1436 1099 licere
1458 1071 1558 1099 omnia
1579 1069 1726 1100 esculema
1749 1077 1775 1098 et
1795 1069 1962 1108 poculenta.
2003 1066 2075 1098 Cato
2099 1067 2166 1098 Iovi

210 1113 326 1156 Dapali
349 1113 453 1153 dapem
474 1112 620 1153 polluceri
641 1112 759 1149 scribi13
786 1111 916 1149 Cassius,
940 1111 1067 1140 Numam
1089 1111 1286 1151 prohibuisse,
1310 1124 1344 1140 ne
1367 1124 1424 1142 non
1447 1113 1598 1152 squamosi
1617 1114 1712 1152 pisces
1731 1111 1956 1152 pollucerentur.
1990 1111 2050 1139 Nos
2072 1111 2165 1149 igitur

208 1160 249 1188 ita
267 1158 481 1187 scriberemus:
505 1154 656 1185 Pollucem
674 1155 840 1191 Mercurio,
864 1166 938 1195 quae
955 1153 1059 1191 liceat,
1082 1161 1168 1183 sunt:
1185 1153 1246 1196 far
1262 1160 1318 1184 etc.
1334 1154 1422 1185 Ant.
1442 1156 1537 1195 Aug.
1573 1155 1659 1194 Regis
1674 1155 1787 1184 Numae
1808 1155 1860 1184 lex
1881 1154 1940 1184 suit
1961 1153 1998 1183 de
2020 1153 2167 1193 polluctu,

209 1212 284 1240 quae
308 1199 450 1228 videlicet
471 1198 574 1227 liceret
596 1199 757 1238 pollucem,
790 1207 865 1236 quae
887 1208 946 1226 non
971 1198 1079 1226 liceret.
1126 1198 1164 1224 nc
1189 1197 1333 1235 piscibus,
1365 1198 1416 1236 qui
1438 1199 1587 1236 squamosi
1611 1203 1727 1235 essent,
1751 1208 1870 1235 omneS,
1894 1202 2012 1237 praeter
2034 1207 2164 1232 scarum,

207 1245 298 1283 idque
328 1247 452 1282 propter
481 1242 641 1271 raritatem.
686 1240 864 1269 Rarissimus
888 1240 965 1269 enim
988 1241 1018 1268 in
1043 1239 1181 1267 Laurenti
1201 1240 1304 1277 litore,
1343 1245 1433 1279 atque
1457 1240 1532 1269 adeo
1555 1241 1586 1269 in
1609 1251 1661 1270 ora
1685 1239 1869 1280 Tyrrhenica
1893 1245 1956 1269 erat
1978 1239 2068 1279 piscis
2090 1239 2165 1279 ipse.

209 1287 326 1325 Quique
348 1295 415 1314 eum
440 1284 611 1323 capiebant,
634 1284 663 1311 in
687 1294 766 1312 mare
789 1283 988 1311 dimittebant.
1035 1283 1100 1311 Non
1124 1282 1214 1319 igitur
1237 1293 1291 1321 per
1313 1283 1464 1320 religionis
1488 1294 1606 1312 causam
1629 1283 1687 1313 hoe
1711 1283 1856 1312 sancitum
1881 1287 1940 1320 est,
1964 1282 2016 1311 sed
2039 1286 2072 1311 ut
2094 1292 2166 1321 par-

208 1329 332 1359 simonia
356 1327 507 1363 convivia,
544 1327 709 1365 epulaeque
739 1325 876 1364 publicae
899 1326 1017 1353 facilius
1038 1325 1075 1353 ad
1099 1325 1268 1364 pulvinaria
1292 1331 1547 1364 compararentur.
1592 1327 1682 1355 Cuius
1705 1326 1747 1355 rei
1769 1331 1876 1355 auctor
1898 1325 2017 1354 Cassius
2041 1325 2166 1353 Hemina

208 1372 288 1411 apud
306 1371 434 1400 Plinium
457 1369 504 1398 his
525 1370 639 1398 verbis:
666 1368 765 1397 Numa
785 1369 952 1404 constituit,
975 1376 1005 1396 ui
1021 1369 1128 1407 piscis,
1152 1368 1203 1407 qui
1224 1369 1373 1407 squamosi
1395 1380 1452 1397 non
1475 1376 1582 1405 esseni,
1608 1370 1639 1397 ni
1658 1367 1854 1407 pollucerent,
1877 1368 2063 1408 parsimonia
2087 1378 2167 1398 com·

208 1422 337 1450 menius,
374 1414 417 1442 uti
440 1412 572 1442 convivia
591 1411 715 1452 publica
739 1418 764 1439 et
787 1412 907 1451 privata
930 1422 1091 1450 coenaeque
1114 1408 1155 1438 ad
1175 1409 1344 1449 polvinaria
1362 1409 1496 1453 facilius
1519 1418 1779 1450 compararentur.-
1815 1411 1917 1451 niqui
1938 1408 1979 1439 αᾶ
1999 1407 2165 1449 polluctum

207 1464 345 1491 emerent,
380 1456 478 1495 precio
507 1455 602 1483 minus
629 1461 781 1494 parcerent
809 1464 899 1493 eaque
925 1459 1203 1492 praemercarentur.
1249 1453 1351 1491 Neque
1381 1453 1411 1481 in
1434 1453 1492 1481 hoc
1514 1454 1611 1492 pisce,
1649 1453 1756 1482 sedin
1780 1453 1881 1481 multis
1904 1452 1969 1481 aliis
1992 1451 2100 1481 modus
2122 1456 2167 1481 est

206 1500 365 1539 impositus
395 1498 482 1527 etiam
508 1497 670 1526 sacrificiis.
716 1496 815 1531 Quare
840 1497 959 1524 Servius
983 1497 1039 1531 ait,
1078 1496 1109 1523 in
1132 1495 1215 1523 libris
1237 1500 1371 1524 veterum
1394 1496 1467 1534 legi,
1504 1507 1520 1524 a
1544 1495 1706 1524 maioribus
1730 1495 1927 1524 sacrificando
1953 1494 2164 1534 parsimoniam

207 1544 402 1571 observatam.
446 1541 522 1569 Puto
546 1541 639 1578 legem
663 1538 709 1567 his
733 1539 830 1567 verbis
856 1543 1033 1577 conceptam
1055 1538 1161 1566 fuisse:
1193 1536 1315 1573 Piso-eis,
1345 1539 1411 1577 quei
1432 1539 1598 1578 squamosei
1619 1549 1677 1567 non
1701 1545 1767 1567 sunt
1790 1539 1836 1567 nei
1856 1536 2004 1577 polluceto
2026 1547 2166 1578 squamo-

206 1597 253 1615 sos
276 1585 385 1614 omneis
405 1590 520 1623 praeter
541 1593 657 1612 scarum
679 1580 836 1620 pollucem.
883 1582 951 1609 Sine
976 1580 1066 1609 dubio
1090 1585 1186 1608 autem
1211 1581 1289 1608 lacer
1311 1581 1365 1608 iste
1388 1581 1473 1609 locus
1502 1581 1542 1608 ita
1571 1580 1743 1609 sarciendus
1773 1586 1832 1609 est:
1871 1581 2023 1609 Pollucere
2053 1590 2165 1609 merces

207 1629 283 1663 diis,
307 1638 381 1666 quas
401 1627 506 1662 liceat,
530 1631 613 1661 sunt,
636 1625 683 1653 sar
706 1629 761 1652 etc.
807 1625 842 1651 At
865 1623 947 1652 docti
971 1623 1043 1651 viri:
1068 1623 1221 1651 Pollucere
1245 1623 1392 1652 Mercurio
1416 1633 1492 1661 quae
1513 1623 1618 1660 liceat,
1641 1628 1709 1651 sunt
1732 1628 1788 1652 etc.
1833 1622 1937 1659 Quid?
1960 1632 1996 1650 au
2019 1622 2165 1651 Mercurio

208 1676 323 1699 tantum
347 1668 579 1709 pollucebatur'?
619 1677 679 1696 non
703 1672 730 1695 et
752 1666 818 1694 Iovi
842 1666 947 1705 Dapali
971 1665 1050 1704 apud
1075 1665 1236 1694 Catonem?
1273 1676 1332 1694 non
1362 1665 1451 1694 aliis?
1490 1665 1547 1694 Sed
1570 1666 1726 1705 pollucere
1749 1675 1862 1694 merces
1884 1664 1943 1693 hoc
1965 1664 2086 1693 facessit
2107 1665 2166 1694 illis

212 1714 366 1748 negotium.
405 1711 536 1740 Frustra.
577 1711 696 1738 Praeter
719 1709 792 1737 alios
815 1709 936 1737 audiant
959 1709 1140 1737 Varronem:
1177 1707 1261 1736 Hinc
1287 1707 1499 1750 profanarum,
1533 1707 1613 1748 quod
1637 1709 1667 1736 in
1691 1709 1826 1738 sacrario
1847 1706 2022 1747 polluctum.
2065 1706 2167 1746 Atque

213 1752 335 1784 Herculi
358 1753 481 1782 decuma
504 1752 576 1782 dara
600 1752 638 1781 ab
661 1763 693 1780 eo
717 1759 772 1787 esi,
805 1750 885 1791 quoti
907 1752 1055 1790 sacrificio
1078 1749 1208 1790 quodam
1229 1749 1370 1789 sanatur,
1404 1749 1438 1779 icl
1460 1758 1500 1779 est
1523 1758 1554 1779 ut
1574 1750 1647 1790 fani
1668 1749 1729 1790 lege
1750 1751 1804 1787 sit,
1839 1749 1872 1779 id
1894 1748 2012 1780 dicitur.
2057 1748 2167 1778 Pollu-

214 1803 305 1830 cium‚
341 1795 421 1834 quoti
442 1807 460 1825 a
481 1794 669 1836 porricienclo
700 1801 741 1823 est
758 1795 879 1834 fictum.
928 1792 999 1825 Cum
1029 1794 1104 1822 enim
1134 1804 1174 1822 ex
1203 1794 1346 1822 mercibus
1368 1792 1529 1822 libamenta
1549 1800 1685 1832 porrecta
1708 1800 1776 1822 sunt
1799 1791 1925 1822 Herculi
1946 1792 1977 1821 in
1998 1802 2069 1829 ara,
2104 1798 2166 1820 ium

212 1836 373 1876 polluctum
395 1846 450 1875 esi,
481 1846 512 1867 ut
536 1850 601 1868 cum
621 1836 784 1878 profanum
809 1835 932 1873 dicitur,
964 1835 997 1865 id
1020 1844 1060 1865 est
1081 1834 1221 1875 proinde,
1253 1843 1284 1864 ut
1307 1837 1344 1864 sit
1363 1835 1436 1876 fani
1454 1834 1583 1874 factum.
1623 1835 1702 1864 Haec
1725 1836 1829 1865 Varro.
1868 1834 2025 1864 Pollucere
2053 1843 2165 1863 merces

216 1879 391 1908 dicebantur
413 1886 610 1918 mercatores,
641 1879 760 1918 quando
784 1879 819 1907 de
842 1879 994 1908 mercibus
1016 1876 1154 1919 ἀπαρχὰς
1176 1883 1205 1907 et
1227 1878 1387 1907 libamenta
1412 1878 1468 1907 diis
1491 1877 1664 1908 offerebant.
1696 1877 1795 1908 Scal.
1831 1876 1935 1907 Alica.
1975 1877 2050 1905 Vide
2072 1886 2164 1915 supra

215 1919 316 1950 Alica.
342 1920 445 1951 Goth.
478 1923 583 1953 Pisces.
617 1923 700 1952 Adde
718 1933 808 1962 supra
827 1921 984 1951 Piscatorii
999 1920 1072 1950 ludi.
1098 1920 1210 1949 Idem.
1245 1920 1401 1961 Squarum.
1432 1922 1564 1950 Scarum.
1588 1919 1699 1949 Idem.
1736 1921 1777 1949 De
1800 1919 1993 1960 pollucendis
2015 1919 2166 1949 mercibus

215 1962 284 1991 vide
307 1963 465 1992 Varronem
488 1965 537 1993 lib.
550 1966 584 1994 V.
608 1966 645 1995 de
668 1966 699 1993 L.
718 1966 749 1995 L.
775 1965 840 2003 (lib.
855 1965 903 1993 Vt.
927 1974 984 2003 pag
1006 1966 1078 1996 230.
1102 1963 1178 2003 Sp.).
1208 1963 1426 1993 Tertullianum
1451 1963 1578 2002 Apolog.
1602 1973 1628 1994 c.
1641 1965 1692 1995 39.
1738 1962 1849 1992 Idem.

380 2005 591 2045 Professum
611 2007 748 2047 facere.
780 2007 840 2045 (Ad
863 2018 892 2046 p.
906 2006 990 2046 216.)
1022 2008 1110 2035 Deest
1128 2005 1232 2047 facere
1252 2004 1321 2036 licet
1343 2007 1391 2035 vel
1415 2006 1487 2044 quid
1508 2006 1613 2036 simile.
1657 2006 1768 2035 Sensus
1791 2010 1849 2035 est:
1874 2002 2044 2046 Profestum
2061 2002 2166 2046 facere

217 2053 259 2075 est
279 2053 418 2085 tanquam
437 2048 596 2088 profanum
615 2049 732 2089 facere,
756 2049 788 2078 id
810 2057 851 2078 est
871 2048 989 2091 facere,
1013 2048 1092 2089 quocl
1114 2060 1146 2078 eo
1170 2047 1232 2085 die,
1261 2050 1312 2089 qui
1334 2047 1396 2078 dies
1414 2048 1559 2089 feriarum
1583 2059 1641 2078 non
1663 2056 1721 2084 esi,
1746 2047 1850 2089 facere
1871 2046 1948 2078 licet.
1993 2046 2052 2076 Hic
2073 2046 2165 2076 intel-

216 2089 307 2126 ligere
328 2088 444 2116 videtur
466 2090 566 2119 Festus
586 2091 750 2132 profestum
767 2092 868 2132 facere
890 2103 938 2121 eos
960 2090 1072 2129 dictos,
1110 2092 1162 2132 qui
1179 2090 1275 2132 festos
1297 2091 1459 2128 vitiabant,
1495 2090 1529 2120 id
1556 2098 1597 2120 est
1627 2091 1679 2132 qui
1702 2089 1804 2120 «liebus
1820 2090 1908 2132 festia
1929 2087 2009 2120 illud
2028 2088 2164 2130 agebant,

218 2129 298 2170 quod
318 2129 490 2170 quotidiano
514 2144 594 2172 opere
617 2142 730 2164 tantum
753 2133 870 2164 licebat.
915 2134 970 2163 Da
980 2146 1005 2164 c.

378 2170 594 2212 Profanum.
639 2176 713 2205 Vide
737 2187 837 2216 supra.

380 2213 661 2246 Procubitores.
686 2218 743 2257 (Ad
767 2230 832 2258 pag.
846 2217 929 2258 216.)
954 2218 1013 2254 Qui
1036 2220 1205 2258 procubant
1230 2218 1384 2248 custodiae
1406 2228 1521 2248 caussa.
1559 2218 1672 2247 Gloss.:
1696 2216 1879 2248 Procubitor
1900 2214 2049 2257 φρουρός.
2075 2215 2165 2247 Dac.

377 2253 454 2293 Prop
480 2279 486 2285 .
512 2279 518 2286 .
546 2280 551 2286 .
577 2258 633 2295 (Ad
657 2262 781 2300 p.216.)
807 2262 942 2299 Amplius
966 2261 1102 2291 schedae.
1139 2261 1218 2300 Prop
1222 2283 1414 2292 .......
1436 2268 1483 2290 sia
1505 2259 1588 2290 dolia
1611 2261 1654 2290 ait
1677 2259 1740 2290 dici
1758 2259 1861 2289 Labeo
1884 2257 1965 2300 quod
1987 2280 2117 2288 .....
2139 2270 2162 2288 ι·.

221 2318 440 2325 ........
464 2305 518 2327 tur.
544 2321 549 2327 .
575 2322 581 2327 .
605 2322 610 2327 .
635 2322 641 2328 .
666 2323 671 2328 .
695 2324 701 2330 .
726 2325 731 2330 .
756 2325 762 2331 .
787 2325 793 2332 .
818 2326 824 2331 .
848 2302 896 2333 do.
919 2326 927 2336 .
951 2326 960 2334 .
981 2325 1005 2342 .,
1033 2315 1106 2343 quos
1129 2304 1228 2333 hiatus
1250 2315 1286 2333 ne
1309 2304 1421 2342 Sibylla
1445 2303 1565 2342 quidem
1591 2303 1766 2342 expleverit.
1808 2302 1897 2332 Dac.

303 2381 308 2386 .
382 2337 483 2387 Ρυός
501 2349 708 2379 praesente.
753 2345 947 2374 Doctissimus
966 2347 1166 2377 Romanorum
1182 2347 1326 2385 Virgilius
1346 2347 1423 2376 inter
1445 2346 1503 2375 alia
1525 2346 1696 2376 reconditae
1718 2345 1900 2384 antiquitatis
1922 2354 2031 2374 arcana
2053 2347 2083 2373 et
2103 2341 2161 2370 hoc

221 2386 339 2421 posmt,
370 2391 435 2409 cum
459 2386 500 2410 ait
522 2381 607 2422 (Aen.
623 2384 650 2418 Ι,
674 2384 773 2423 393.);

855 2445 896 2451 -
937 2442 1102 2470 puppesque
1123 2439 1190 2460 tuae
1207 2431 1354 2472 pubesque
1375 2439 1500 2461 tuorum.
