2263 2668
405 221 480 254 206
1032 213 1173 248 SEXTI
1198 214 1398 250 POMPEII
1426 213 1563 247 FESTI

403 312 579 358 stipendia
607 314 832 348 mererentur,
869 307 963 351 quod
989 308 1022 340 in
1049 309 1296 343 consuetudine
1311 308 1389 355 fuit
1413 319 1528 354 paene
1555 307 1607 341 ad
1632 307 1667 339 id
1693 312 1845 351 tempuS,
1877 310 1968 352 quod
1994 312 2056 345 fuit
2081 313 2184 357 paulo

403 367 593 408 antequam
615 361 782 395 Romana
809 359 934 393 civitas
969 364 1067 403 capta
1103 365 1151 393 est
1177 373 1196 394 a
1224 361 1350 401 Gallis,
1396 371 1419 393 α
1446 371 1512 405 quo
1547 363 1704 403 tempore
1737 359 1811 392 sine
1837 359 1979 404 publico
2013 364 2184 408 stipendio

403 415 524 448 milites
552 424 618 446 non
644 413 780 446 fiebant.
832 410 970 444 Porci
996 410 1190 457 effigies
1216 413 1305 446 inter
1331 411 1498 444 militaria
1526 411 1658 456 signum
1685 410 1834 454 quintum
1862 411 1974 445 locum
1999 414 2184 455 obtinebat,

403 466 486 511 quia
523 465 680 511 confecto
716 463 828 505 bello,
876 462 960 495 inter
995 473 1078 506 quos
1104 465 1249 509 populos
1271 475 1352 509 pax
1366 462 1507 509 fiebat,
1557 474 1600 496 ea
1627 473 1734 495 caesa
1752 473 1867 506 porca
1883 462 2035 508 foedere
2060 466 2186 500 firmari

403 518 498 551 solet.
554 517 809 550 Polimenta
825 511 849 554 ¹,
877 514 929 547 ait
955 513 1115 555 Verrius,
1139 516 1272 560 antiqui
1299 515 1454 548 dicebant
1480 509 1682 562 testiculosll
1700 524 1892 557 porcorum,
1914 526 1990 548 cum
2017 527 2073 549 eos
2101 517 2182 564 [⁴4]

404 569 610 609 castrabant,
647 580 666 600 a
693 567 855 612 politione
889 571 1058 610 segetum,
1090 573 1146 601 aut
1177 567 1467 606 vestimentorum,
1509 566 1601 609 quod
1636 565 1783 598 similiter
1808 571 1908 609 atque
1933 567 1991 599 illa
2017 573 2182 604 curentur.

402 622 527 654 Pater
555 619 763 664 patrimus
791 617 965 651 dicebatur
991 617 1083 662 apud
1110 619 1280 662 antiquos,
1307 619 1364 662 qui
1388 629 1465 651 cum
1485 618 1551 650 iam
1574 618 1645 662 ipse
1668 621 1765 662 pater
1787 623 1888 658 esset,
1917 617 2065 652 habebat
2087 620 2185 654 etiam

403 679 473 705 tum
501 679 640 716 patrem.
696 669 966 704 Portisculus
994 675 1060 711 est,
1087 676 1123 704 ut
1149 671 1262 704 scribit
1286 670 1400 703 Aelius
1427 669 1530 710 Stilo,
1558 670 1616 713 qui
1642 669 1675 701 in
1700 674 1801 714 portu
1828 669 1968 703 modum
1995 670 2053 704 dat
2079 671 2182 707 classi.

403 724 438 756 id
466 728 577 756 autem
605 728 654 756 est
680 722 829 755 malleus.
867 721 958 754 cuius
984 721 1132 755 meminit
1157 722 1241 756 Cato
1268 722 1301 754 in
1329 721 1531 754 dissuasione
1559 721 1601 753 de
1628 732 1710 766 rege
1732 721 1862 762 Attalo,
1909 727 1940 754 et
1966 723 2184 768 vectigalibus

406 775 520 808 Asiae:
566 773 603 807 C.
631 773 804 808 Licinio
831 773 893 805 Pr.
921 773 1102 818 remiges
1130 774 1285 808 scribti
1312 774 1427 807 cives
1454 773 1630 805 Romani
1657 772 1732 804 sub
1760 772 2062 816 portisculum,
2109 775 2184 808 sub

405 826 613 872 flagrum,
661 824 902 858 conscribti
934 824 1106 858 veniere
1132 825 1297 870 passim.
1350 825 1428 857 Pro
1455 824 1644 868 scapulis
1672 835 1748 857 cum
1776 824 1857 857 dicit
1878 824 1981 866 Cato,
2021 826 2185 870 significat

407 888 468 922 pro
496 878 612 910 iniuria
639 877 825 910 verberum.
853 887 929 908 nam
956 876 1147 921 complures
1183 878 1277 922 leges
1311 882 1403 909 erant
1434 876 1467 908 in
1502 876 1589 909 cives
1625 880 1781 921 rogatae,
1827 876 1946 919 quibus
1978 878 2185 910 sanciebatur

252 929 516 975 ⁸¹'·pf⁰hi·poena
544 929 729 962 verberum.
766 928 819 960 his
846 927 1009 972 significat
1044 929 1179 973 prohib.
1207 933 1265 962 se*
1303 928 1425 961 multos
1458 939 1534 960 suos
1567 927 1646 961 civis
1679 928 1712 959 in
1740 939 1778 959 ea
1812 928 1980 970 oratione,
2024 939 2110 972 quae
2138 934 2185 962 est

276 965 361 989 bu¹⁵⁵e
407 987 522 1015 contra
542 980 592 1013 M.
614 980 782 1014 Caelium:
810 979 840 1012 si
866 977 958 1012 em²
983 980 1193 1025 percussi,
1220 991 1350 1024 saepe
1377 979 1601 1012 incolumis
1628 979 1722 1012 abii.
1751 984 1971 1023 praeterea
1996 990 2073 1024 pro
2099 991 2183 1025 rep.

407 1044 483 1077 pro
511 1032 720 1076 scapulis,
766 1037 891 1074 atque
918 1032 1084 1065 aerario
1111 1032 1285 1065 multum
1312 1032 1354 1064 R.
1375 1032 1412 1064 P.
1435 1028 1638 1076 profuitss.
1698 1029 1948 1064 Primanus4
1971 1031 2184 1065 Tribunus

407 1084 499 1130 apud
526 1084 690 1118 Catonem
717 1083 748 1115 in
775 1095 832 1122 ea,
867 1094 954 1125 quae
982 1088 1029 1116 est
1054 1089 1170 1117 contra
1190 1083 1378 1117 Thermum
1406 1083 1450 1116 de
1476 1083 1539 1116 suis
1566 1081 1754 1115 virtutibus:
1787 1082 1917 1115 Aliud
1946 1087 2005 1115 est
2029 1095 2185 1128 prope-

408 1147 519 1175 rare,
552 1135 643 1169 aliud
671 1134 835 1168 festinare.
863 1134 920 1177 qui
946 1146 1047 1168 unum
1074 1135 1234 1179 quodque
1258 1141 1387 1169 mature
1412 1135 1580 1180 transigit,
1612 1134 1638 1166 is
1664 1139 1842 1178 properat:
1875 1134 1931 1178 qui
1959 1135 2064 1168 multa
2088 1135 2186 1168 simul

253 1194 291 1218 ⁸5.
310 1192 380 1226 πρὸς
409 1187 542 1232 incipit,
570 1198 678 1230 neque
704 1186 855 1231 perficit,
882 1186 907 1219 is
935 1186 1074 1220 festinat.
1129 1187 1306 1220 Prorsus
1334 1198 1436 1231 porro
1465 1198 1592 1227 versus,
1620 1185 1678 1218 nisi
1704 1186 1791 1218 forte
1819 1197 1859 1218 ex
1880 1186 2014 1220 Graeco
2038 1183 2184 1233 Πρό*5.

251 1238 496 1286 *reama—Cato
530 1238 573 1271 de
607 1238 812 1271 feneratione
846 1237 931 1282 legis
966 1238 1096 1272 Iuniae:
1146 1238 1367 1272 Camerni*
1401 1238 1513 1272 cives
1547 1238 1681 1270 nostri
1716 1237 1922 1282 oppidum
1957 1237 2185 1282 pulchrum

292 1288 340 1305 '¹¹¹¹
408 1290 620 1331 habuere,
668 1301 814 1335 agrum
842 1289 1066 1333 optimum,
1116 1295 1241 1334 atque
1274 1289 1631 1335 pulcherrimum,
1682 1299 1762 1321 rem
1790 1289 2185 1322 fortunatissimam.

409 1353 496 1376 cum
525 1343 695 1375 Romam
723 1341 968 1381 veniebant,
1011 1352 1184 1385 prorsus
1212 1342 1546 1374 devertebantur
1571 1350 1647 1384 pro
1676 1339 1925 1385 hospitibus
1951 1341 2002 1373 ad
2031 1341 2185 1374 amicos

407 1404 514 1426 suos.
568 1392 804 1426 Prohibere
831 1393 982 1433 comitia,
1010 1393 1131 1426 dicitur
1155 1393 1270 1426 vitiare
1292 1392 1380 1426 diem
1408 1393 1545 1433 morbo,
1572 1392 1628 1435 qui
1655 1391 1759 1436 vulgo
1781 1392 1917 1435 quidem
1942 1392 2066 1436 maior,
2093 1397 2185 1426 cete—

408 1456 480 1477 rum
508 1445 553 1477 ob
580 1444 614 1477 id
640 1445 751 1489 ipsum
778 1443 953 1477 comitialis
981 1445 1180 1489 appellatur.
1234 1444 1319 1478 Cato
1346 1444 1378 1476 in
1406 1456 1444 1477 ea
1470 1444 1630 1483 oratione,
1657 1454 1758 1486 quam
1785 1443 1910 1476 scribsit
1936 1443 1980 1477 de
2007 1444 2185 1489 sacrilegio

260 1496 602 1530 *f.Deumcom1nisso:
655 1496 883 1529 domicum
910 1496 1197 1540 auspicamus,
1243 1495 1445 1529 honorem
1474 1508 1532 1529 me
1560 1494 1701 1528 dium*
1728 1495 2028 1528 immortalium
2055 1496 2182 1528 velim

408 1547 621 1581 habuisse.
650 1547 774 1587 servi,
821 1547 1024 1588 ancillae,
1076 1548 1106 1580 si
1134 1547 1225 1591 quis
1253 1558 1390 1581 eorum
1419 1548 1493 1581 sub
1520 1551 1701 1581 centone
1728 1546 1916 1591 crepuit,
1964 1547 2077 1590 quod
2104 1557 2184 1591 ego

408 1610 487 1632 non
522 1599 651 1640 sensi,
704 1598 864 1631 nullum
900 1599 1001 1632 mihi
1036 1599 1182 1632 vitium
1219 1599 1334 1633 facit.
1369 1599 1402 1631 si
1429 1599 1495 1633 cui
1522 1598 1679 1631 ibidem
1707 1609 1850 1639 servo,
1902 1602 1972 1631 aut
1998 1598 2185 1632 ancillae

422 1647 685 1700 “dormienti
720 1650 877 1692 evenit,
924 1650 1036 1694 quod
1070 1651 1246 1684 comitia
1272 1650 1515 1695 prohibere
1541 1650 1668 1691 solet,
1714 1661 1762 1682 ne
1786 1647 1850 1682 is⁶
1877 1649 2047 1693 quidem
2102 1648 2184 1696 [45]

410 1702 512 1735 mihi
534 1702 685 1735 vitium
706 1701 822 1735 facit.
864 1700 1126 1735 Penatores⁷
1148 1702 1206 1746 qui
1225 1714 1332 1747 penus
1355 1706 1495 1747 gestant.
1535 1701 1621 1735 cato
1644 1701 1799 1734 adversus
1819 1700 1869 1733 M.
1885 1701 2030 1735 Acilium
2053 1706 2186 1745 quarta:

240 1761 279 1784 ἰζ
305 1758 634 1798 navitaspostquam
661 1753 885 1786 nativitas*
909 1765 955 1786 ex
989 1753 1164 1787 navibus
1196 1754 1342 1794 eduxi,
1391 1764 1470 1786 non
1501 1764 1549 1787 ex
1575 1753 1786 1786 militibus
1812 1758 1936 1796 atque
1962 1753 2099 1786 nautis
2125 1753 2187 1797 pi-

241 1810 594 1850 ⁸s.(eci‚sedscatores
621 1811 849 1850 penatores
877 1805 954 1839 fici
980 1805 1201 1838 sedarum*
1227 1805 1335 1838 dedi.
1389 1806 1548 1838 Pilates
1575 1804 1696 1849 lapidis
1724 1816 1849 1849 genus,
1885 1803 2005 1838 cuius&
2026 1804 2076 1838 M.
2101 1804 2186 1837 Cato

244 1846 396 1912 „sf'ffiff'tes
413 1856 578 1902 originum
605 1856 644 1890 L.
667 1856 727 1889 V.:
757 1856 870 1900 lapis
896 1856 1127 1890 candidior
1152 1868 1270 1901 quam
1297 1857 1487 1902 pelastes
1501 1860 1537 1890 **.
1581 1856 1819 1901 Peregrina
1845 1867 1937 1890 sacra
1963 1856 2186 1901 appellantur,

243 1913 282 1937 *ᾗ
307 1899 500 1950 coactanuae
526 1914 583 1941 aut
617 1908 761 1942 evocatis
793 1907 843 1940 dis
868 1908 902 1941 in
929 1909 1167 1954 oppugnandis
1194 1909 1330 1942 urbibus
1356 1909 1502 1941 Romam
1529 1912 1603 1941 sunt
1627 1918 1750 1942 conara
1762 1911 1786 1951 *,
1821 1913 1877 1940 aut
1903 1919 1989 1951 quae
2015 1908 2061 1941 ob
2087 1919 2186 1951 quas-

414 1958 490 1991 dam
518 1960 695 2004 religiones
720 1971 782 2004 per
808 1970 928 2003 pacem
955 1965 1029 1993 sunt
1056 1961 1180 2004 petita,
1216 1965 1250 1993 ut
1277 1971 1317 1993 ex
1338 1960 1490 2005 Phrygia
1512 1960 1632 1993 Matris
1653 1959 1823 2005 Magnae3
1853 1970 1893 1992 ex
1913 1959 2058 1993 Graecia
2081 1958 2185 1992 Cere-

415 2009 474 2046 ris3
509 2010 682 2054 Epidauro
706 2011 903 2056 Aesculapi:
943 2012 1020 2055 quia
1047 2012 1199 2046 coluntur
1225 2023 1341 2045 eorum
1369 2023 1481 2052 more,
1520 2024 1538 2043 a
1564 2011 1683 2054 quibus
1708 2016 1781 2044 sunt
1807 2017 1956 2055 accepta.
2010 2010 2183 2044 Pecula-

416 2063 481 2090 tus
515 2060 636 2094 furtum
672 2062 844 2106 publicum
879 2063 945 2097 dici
978 2068 1119 2107 coeptus
1153 2068 1201 2097 est
1227 2075 1246 2097 a
1272 2074 1418 2108 pecore,
1461 2063 1540 2106 quia
1573 2063 1616 2095 ab
1651 2073 1693 2096 eo
1718 2062 1844 2095 initium
1871 2063 1940 2095 eius
1966 2062 2091 2095 fraudis
2116 2071 2183 2093 esse

419 2110 538 2153 coepit.
565 2112 725 2155 siquidem
752 2118 828 2148 ante
854 2125 930 2153 aes,
956 2120 1013 2148 aut
1040 2119 1233 2160 argentum,
1259 2116 1425 2161 signatum
1448 2115 1494 2148 ob
1518 2114 1641 2149 delicta
1664 2125 1774 2159 poena
1795 2113 1988 2159 gravissima
2013 2117 2080 2147 erat
2099 2111 2182 2155 dua-

507 2233 534 2272 1)
566 2236 767 2277 Polimenta]
797 2240 946 2269 Arnobius
980 2241 1031 2270 lib.
1051 2244 1083 2273 7.
1133 2242 1280 2272 Polimina
1323 2243 1424 2271 locum
1448 2242 1602 2281 exemplo,
1631 2245 1661 2270 et
1683 2241 1884 2280 explicatione
1904 2241 2054 2269 illustrare
2075 2237 2179 2266 voluit.

422 2280 492 2304 sunt
521 2285 571 2312 0³,
616 2287 690 2315 quae
717 2290 771 2308 nos
798 2283 897 2319 proles
925 2284 1123 2313 verecundius
1152 2285 1281 2314 dicimus
1332 2286 1412 2315 Urs.
1436 2301 1480 2306 —-
1515 2282 1547 2325 5)
1569 2285 1645 2322 Lege
1670 2284 1783 2323 potius:
1814 2294 1847 2312 ex
1871 2284 1985 2312 Graeco
2006 2277 2116 2320 πρόσω.
2141 2295 2179 2300 -

423 2322 519 2349 restes.
548 2318 672 2366 Plautus
693 2320 826 2353 Menech.
852 2325 1015 2354 Polimenta
1037 2327 1172 2366 porcina.
1202 2329 1278 2357 Urs.
1321 2327 1349 2367 6)
1359 2328 1450 2366 Lege:
1473 2338 1509 2356 ne
1530 2326 1566 2355 id
1577 2325 1708 2366 quidem.
1723 2342 1766 2349 -—
1787 2328 1814 2365 7)
1823 2324 2010 2363 Penatores]
2032 2321 2179 2352 Hor-tius.

421 2376 462 2382 ·-
478 2358 512 2410 09)
536 2361 570 2389 δι
589 2360 703 2410 llo-”Usi
719 2368 857 2400 percussi
875 2367 1030 2405 legendum
1051 2370 1157 2399 suadet
1177 2371 1223 2399 Sc.
1246 2370 1277 2399 in
1320 2371 1424 2399 Portes
1446 2371 1611 2408 frumenta,
1639 2379 1799 2409 penusque.
1850 2368 1929 2397 Infra
1952 2364 2105 2404 legendum
2128 2368 2179 2392 est-

422 2407 518 2440 ¹¹⁰t¹⁸2
548 2413 636 2442 ‘luem
658 2403 735 2433 Wde·
759 2422 792 2426 “’·
827 2409 859 2443 3)
882 2410 995 2446 Prcfici
1023 2421 1115 2450 marg.
1133 2412 1205 2441 Ven.
1229 2414 1277 2443 Sc.
1322 2414 1392 2442 Non
1414 2424 1447 2441 ex
1469 2412 1621 2441 militibus
1642 2417 1732 2450 atque
1752 2412 1858 2440 nautis
1874 2411 2057 2449 piscatore-5⁸,
2082 2411 2108 2434 et
2118 2417 2179 2445 pe-

425 2463 462 2492 Τ
486 2443 515 2484 4)
538 2446 731 2485 P'im‘mlw]
754 2446 797 2475 1¹³
816 2448 904 2486 plane
924 2451 1014 2479 estin
1029 2454 1203 2491 exemplari.
1226 2465 1278 2483 re·
1320 2461 1441 2483 nator-es
1458 2457 1536 2492 feci,
1559 2454 1615 2482 sed
1635 2455 1734 2482 cibum
1756 2453 1834 2481 dedi.
1863 2453 1940 2480 Urs.
1960 2466 1995 2472 -
2025 2446 2054 2489 8)
2077 2450 2180 2477 memi-

421 2486 503 2525 llqua
535 2487 659 2518 sonasse
681 2489 728 2518 vel
755 2489 864 2519 Paulus
887 2491 987 2529 addit,
1026 2495 1075 2523 vel
1100 2495 1191 2534 alius,
1227 2498 1279 2534 qui
1321 2498 1368 2524 nit
1388 2496 1418 2526 h.
1441 2497 1460 2526 l.
1482 2501 1561 2525 recte
1583 2496 1778 2534 interponunt
1799 2495 1870 2523 Ven.
1892 2494 1938 2521 Sc.
1966 2509 1999 2513 —
2037 2491 2066 2530 9)
2090 2493 2178 2520 Poti—
