2263 2668
219 167 292 203 354
643 164 988 200 COMMENTARII
1012 164 1061 197 IN
1086 164 1229 198 PAULI
1255 165 1454 200 DIACONI
1478 167 1734 201 EXCERPTA

385 256 700 288 contubernales.
746 256 845 285 Laudo
869 256 1072 285 coniecturam
1097 257 1254 287 doctorum
1277 258 1448 287 hominum:
1479 258 1560 289 Licet
1583 268 1609 288 er
1631 260 1756 288 tentoria
1778 269 1818 288 ex
1837 260 1963 299 pellibus
1973 264 2066 303 fiant.
2102 264 2161 301 Ego

219 309 314 332 tamen
339 303 434 330 veiius
458 300 649 328 crediderim:
695 298 777 327 Unde
805 306 830 327 et
857 297 1059 328 Tuber-nacula
1083 298 1164 329 (licta
1184 309 1266 339 sunt,
1295 300 1363 330 licet
1385 312 1425 330 ex
1448 303 1533 331 tentis
1552 301 1679 342 pellibus
1694 303 1782 343 fiant.
1827 303 1927 340 Licet,
1957 306 2070 344 inquit,
2101 300 2162 335 non

220 356 255 374 ex
279 345 401 380 tabulis,
427 343 475 371 sed
500 352 536 370 ex
558 342 686 380 pellibus
708 342 785 369 fiant¹
832 341 992 369 Lucillius:

749 382 812 412 Hic
835 383 885 411 ubi
907 395 1087 420 consessum,
1116 383 1261 425 pellesque
1283 392 1313 413 ut
1335 386 1364 413 in
1392 384 1493 414 ordine
1516 393 1617 415 tentae.

219 435 248 458 et
270 429 346 467 apud
372 429 523 454 Caesarem
547 427 594 463 (B,
615 427 675 454 Civ.
692 426 746 461 111,
771 427 856 462 85.):
881 424 1030 454 detemlere
1050 427 1183 455 tentoria.
1207 426 1307 457 Scal.
1357 427 1430 456 Vide
1452 427 1675 459 Adiabernalis.
1713 429 1966 464 Contubernales,
1988 431 2038 469 qui
2058 431 2161 460 iisdem

218 471 346 500 tabernis
369 469 521 503 habitant,
554 474 583 497 et
605 469 657 498 sub
682 469 785 497 eodem
809 469 885 497 duce
908 473 1049 507 pugnant.
1093 469 1131 497 Et
1155 470 1198 498 sic
1221 469 1343 509 proprie
1366 469 1544 498 dicebantur
1565 472 1666 499 decem
1689 471 1815 507 milites,
1842 473 1892 510 qui
1916 473 1971 500 sub
1995 482 2054 501 uno
2077 475 2163 512 papi-

218 514 295 541 lione
319 512 476 548 degebant,
509 511 614 548 quibus
638 511 765 539 decanus
789 516 925 549 praeerat
947 516 975 539 et
999 515 1088 550 caput
1110 512 1298 541 contubernii
1323 512 1509 542 dicebantur.
1553 514 1631 542 Insia
1651 514 1809 552 legendum
1832 519 1890 542 est:
1917 514 2002 543 Licet
2024 522 2050 543 et
2072 522 2162 545 rento-

219 557 262 584 ria
286 565 325 582 ex
346 552 470 593 pellibus
484 554 577 593 fiant.
605 554 675 589 Vel,
700 559 731 581 ut
750 554 824 582 Sval.
843 553 909 582 licet
932 564 972 582 ex
991 555 1076 582 tentis
1095 553 1222 593 pellibus
1233 556 1326 595 fiant.
1347 554 1434 584 Duc.
1459 555 1626 585 Domestici.
1650 557 1669 585 l.
1687 557 1738 586 ult.
1754 557 1783 585 ff.
1803 557 1839 585 de
1862 567 1933 585 auro
1957 557 2051 594 (unde
2068 557 2162 587 Gloss.

218 595 371 631 cavatum,
396 601 423 624 et
447 594 628 634 σύμσκηιιοι,
652 601 682 624 et
705 596 939 625 Contubernium
965 597 1165 634 συνοικέσιον,
1195 596 1404 636 συνσκήνιον).
1448 596 1563 626 Milites
1585 599 1593 626 l
1621 599 1690 630 154.
1707 599 1737 627 ss'.
1761 599 1797 627 de
1821 599 1902 628 verb.
1927 599 2049 637 signific.
2073 600 2164 635 (unde

219 639 334 668 Glossis
366 637 588 667 contubernium
619 636 758 669 σύυσιτον
789 638 1004 678 στρατιωτῶν).
1048 640 1208 668 Servorum
1239 640 1377 677 coniuges
1407 645 1435 668 et
1463 640 1533 668 nati.
1557 641 1618 673 t2.
1642 643 1665 678 β
1678 643 1707 672 3.
1722 641 1752 669 ff.
1783 642 1818 669 de
1848 642 2013 678 Instruct03
2050 641 2165 670 dicitur

219 682 303 710 etiam
327 681 428 719 glossis
453 681 722 716 Contubernarius,
746 687 780 710 ut
803 687 830 710 et
853 681 916 709 aliis
941 681 1198 711 Contabernarius.
1229 681 1335 711 Goth.
1373 681 1594 719 Tabia-nacula,
1619 684 1688 712 vide
1709 684 1787 712 infra
1811 684 2021 714 Tabernacula.
2044 700 2087 706 —-
2109 683 2164 712 Li-

219 732 261 753 cet
284 735 323 752 ex
345 724 489 758 tenloriis,
511 723 579 751 licet
604 724 727 752 tentoria
752 729 778 752 et
802 724 942 763 pellibus.
986 724 1061 752 Hinc
1091 725 1145 753 sub
1173 725 1298 763 pellibus
1322 724 1428 761 degere
1452 725 1558 753 milites
1582 726 1722 754 dicuntur
1745 727 1773 755 in
1794 727 1813 755 l.
1828 726 1901 758 7.ff.
1924 727 1959 754 de
1981 727 2163 765 supellectile

219 772 248 795 et
272 765 438 793 Ammianus
456 767 503 796 19.
527 765 579 793 sub
601 765 726 805 pellibus
748 767 879 795 exercitu
902 765 1021 807 diffuso.
1056 767 1141 795 Adde
1163 767 1277 795 Livium
1298 768 1327 799 5.
1360 767 1494 795 Tacitum
1518 770 1546 798 3.
1572 773 1600 796 et
1625 769 1673 800 14.
1706 769 1768 798 Val.
1793 770 1872 799 Max.
1892 772 1920 800 2.
1957 769 2107 808 Lamprid.
2131 769 2162 797 in

218 807 406 841 Alexandro3
430 807 500 835 inde
520 806 660 846 pelliones
684 808 714 836 in
738 809 756 836 l.
780 810 834 837 ult.
858 809 887 839 ff.
911 809 948 837 de
969 809 1033 838 iure
1054 809 1256 838 immunitatis.
1279 810 1298 838 Ι.
1321 810 1375 838 ult.
1400 809 1471 838 Cod.
1494 809 1532 838 de
1555 816 1688 841 excusat.
1712 812 1790 842 artis.
1839 810 1943 841 Goth.

384 849 689 880 contubernium.
737 853 856 880 Sueten.
880 852 911 879 in
934 851 1009 880 Iulio
1033 851 1148 891 (c.2.):
1171 850 1323 891 Stipendia
1345 853 1442 891 prima
1465 852 1496 880 in
1512 852 1625 894 Asi-ica
1639 853 1720 895 fecit
1743 855 1772 882 in
1791 854 1910 883 Thermi
1930 853 2073 892 praetoris
2096 863 2164 882 con-

218 891 357 922 tubernio.
382 891 469 920 Dac.
499 892 562 924 l.5.
586 894 646 929 §.a
669 893 804 922 barbaris
826 894 856 924 fl'.
880 894 915 922 de
937 905 969 923 re
993 895 1128 924 militari:
1165 895 1271 923 servile
1299 895 1478 923 connubium
1502 896 1586 927 l.14.
1611 896 1773 933 §.servilis
1796 897 1825 925 ff.
1848 897 1884 925 de
1906 896 1985 925 ritu:
2020 895 2041 924 l.
2053 895 2103 927 49.
2127 894 2165 924 de

219 934 387 963 manumiss.
410 939 476 963 test.
500 935 562 966 1.3.
589 936 659 964 cod.
683 936 719 964 de
742 937 868 965 incestis.
896 937 977 966 Paul.
992 940 1022 968 2.
1047 942 1120 966 sent.
1138 940 1187 969 20.
1213 940 1278 976 §.2
1301 937 1369 966 inst.
1394 938 1429 966 de
1453 937 1533 968 haer,
1556 938 1592 966 ab
1615 939 1713 967 intest.
1760 937 1863 968 Goth.

386 974 604 1006 Conclavia.
649 979 796 1007 Conclave
825 984 854 1008 et
883 980 1086 1015 conclavium,
1123 990 1188 1007 nam
1218 984 1375 1017 utrumque
1403 980 1529 1014 dicitur,
1569 985 1614 1009 est
1637 981 1722 1009 locus
1744 982 1887 1010 secretior
1908 981 1938 1009 in
1960 979 2164 1020 penetralibus

219 1019 330 1048 intimis
354 1019 476 1055 domus,
499 1030 557 1048 una
583 1021 665 1049 clave
688 1022 855 1050 domesticis
877 1023 1006 1061 pervius.
1052 1023 1123 1058 vel,
1154 1027 1186 1051 ut
1210 1022 1251 1050 ait
1275 1023 1420 1057 Donatus,
1444 1023 1585 1052 conclave
1609 1028 1653 1052 est
1675 1025 1837 1062 separatior
1859 1025 1941 1052 locus
1963 1024 1994 1051 in
2016 1022 2164 1052 interiori—

218 1062 272 1090 bus
287 1061 389 1090 tectis:
413 1062 461 1090 vel
486 1063 564 1100 quod
587 1064 664 1092 intra
688 1074 753 1092 eum
775 1065 841 1093 loca
864 1066 953 1093 mut-a
978 1070 1006 1093 et
1030 1065 1167 1093 cubicula
1190 1065 1287 1093 clausa
1306 1065 1365 1093 sint
1383 1064 1574 1094 adhaerentia
1590 1066 1743 1095 Triclinia.
1766 1067 1820 1095 Da
1832 1078 1855 1096 c.
1884 1066 1958 1095 Vide
1975 1066 2036 1097 1-1.
2057 1065 2164 1103 §.1.ff.

219 1104 255 1133 de
278 1109 389 1134 ventre.
413 1105 431 1132 1.
444 1107 495 1136 47.
509 1104 538 1133 ss'.
563 1105 600 1134 de
623 1107 738 1137 damno.
779 1108 891 1136 Glossis
914 1108 1060 1138 συνοικία.
1088 1106 1191 1136 Goth.
1228 1106 1316 1137 Clave
1338 1108 1424 1136 clavi.
1471 1107 1580 1138 Idem.

385 1144 656 1187 Contemplari.
701 1150 856 1188 Templum
880 1150 990 1179 dicitur
1013 1150 1108 1187 quivis
1131 1151 1216 1178 locus
1239 1160 1350 1178 vacuus
1373 1155 1400 1178 et
1424 1155 1545 1190 apertus
1567 1155 1601 1179 ut
1624 1150 1753 1179 aetherea
1774 1149 1897 1190 templa,
1920 1151 2053 1189 regiones
2068 1149 2165 1179 aethe-

218 1190 274 1224 ris·‚
304 1187 471 1218 Acherusia
486 1189 608 1229 templa,
633 1196 703 1220 cett.
730 1192 811 1221 Unde
834 1193 865 1221 in
887 1193 1016 1230 auguriis
1039 1193 1181 1231 templum
1205 1193 1314 1221 dicitur
1336 1193 1421 1221 locus
1444 1194 1573 1232 auspicii
1596 1204 1697 1231 causa,
1722 1193 1900 1232 quibusdam
1926 1192 2077 1231 conceptis
2098 1202 2166 1222 ver-

218 1231 262 1260 bis
284 1230 400 1267 finitus,
437 1231 466 1259 in
496 1233 574 1261 edito
604 1239 631 1261 et
662 1240 765 1272 aperto
797 1235 831 1263 ad
861 1240 1065 1274 prospectum,
1102 1236 1224 1273 singulis
1248 1237 1308 1263 eius
1331 1236 1472 1264 latoribus
1496 1237 1628 1265 obversis
1651 1236 1686 1264 ad
1711 1237 1841 1274 singulas
1865 1236 1964 1264 mundi
1982 1236 2100 1274 plagas,
2134 1235 2164 1263 in

219 1273 304 1302 cuius
328 1273 466 1302 umbilico
492 1279 554 1303 erat
575 1287 635 1304 arm
659 1286 710 1305 seu
732 1277 943 1316 aug-utroculum
968 1288 1019 1306 seu
1041 1277 1261 1307 tabernaculum
1285 1278 1322 1306 ad
1346 1278 1542 1307 observandas
1564 1280 1666 1308 alitum
1690 1279 1875 1316 auguralium
1898 1279 2024 1307 volatus.
2066 1278 2107 1306 Ab
2131 1288 2165 1305 eo

218 1316 308 1353 igitur
330 1317 533 1355 contemplari.
567 1318 623 1346 Sed
648 1319 714 1347 vide
738 1320 816 1358 apud
833 1320 994 1348 Varronem
1017 1320 1065 1347 lib.
1081 1323 1108 1351 6.
1127 1321 1168 1356 (L.
1187 1321 1215 1348 L.
1231 1320 1293 1357 VII,
1317 1331 1346 1359 p.
1360 1323 1430 1352 292.
1448 1323 1524 1359 Sp.)‚
1549 1322 1597 1360 qni
1621 1322 1734 1360 optime
1756 1326 1847 1350 totam
1870 1321 2050 1359 templorum
2073 1320 2165 1358 signi—

219 1358 384 1387 ficationem
408 1363 452 1386 est
475 1366 665 1398 persecutus,
690 1362 742 1390 etsi
767 1362 795 1389 in
813 1363 919 1400 Etymo
943 1373 1062 1401 operam
1085 1363 1204 1397 luserit,
1228 1373 1323 1401 neque
1346 1363 1421 1391 enim
1445 1362 1581 1402 templum
1601 1375 1616 1391 a
1634 1363 1756 1399 tuendo,
1782 1364 1863 1402 quasi
1888 1362 2079 1402 nummulum,
2102 1362 2165 1391 sive

220 1399 375 1440 tuemplum
398 1406 425 1429 ut
451 1401 515 1440 ipse
537 1402 643 1441 docet,
670 1414 773 1432 verum
789 1415 804 1433 a
820 1405 939 1443 τέμενος
956 1405 1106 1444 quomodo
1122 1416 1181 1434 non
1198 1405 1293 1433 solum
1310 1405 1372 1442 agri
1388 1410 1500 1443 partem
1519 1406 1664 1444 aliquam,
1688 1406 1723 1434 ab
1741 1406 1805 1434 aliis
1824 1406 1949 1434 divisam
1967 1410 1995 1433 et
2008 1409 2164 1433 secretam.

222 1453 297 1481 quae
320 1444 392 1472 viris
417 1444 541 1473 sortibus
566 1450 595 1474 et
617 1447 733 1484 regibus
759 1457 813 1485 pro
836 1447 950 1476 honore
974 1448 1116 1484 dabatur,
1143 1453 1174 1476 ut
1188 1448 1350 1487 'I'arquinio
1368 1448 1500 1487 Superbo
1523 1449 1553 1476 in
1576 1458 1681 1487 campo
1699 1449 1823 1484 Martio,
1848 1448 1955 1476 Graeci
1974 1447 2090 1483 dixere,
2113 1446 2165 1475 sed

220 1486 317 1514 locum
341 1487 473 1524 quemvis
495 1488 633 1526 patulum
656 1494 684 1517 et
708 1495 843 1528 apertum
868 1491 956 1518 certis
982 1491 1162 1529 quibusdam
1184 1490 1290 1519 finibus
1314 1490 1522 1528 terminatum3
1543 1491 1586 1519 sic
1606 1491 1770 1530 Aeschylus
1793 1490 1909 1529 (Agam.
1926 1488 2005 1529 v.6.)
2029 1489 2106 1518 dixit
2121 1489 2165 1520 τὲ-

220 1540 311 1566 μενος
332 1528 470 1565 αἰθέρος,
493 1531 632 1568 templum
656 1531 789 1560 aetheris.
810 1532 895 1562 Duc.
929 1532 1146 1572 Comtemplari.
1171 1533 1284 1561 Glossis
1308 1531 1520 1572 στοχάσασθαι.
1548 1533 1633 1562 Adde
1655 1534 1783 1562 Nonium
1807 1533 1836 1561 in
1852 1532 2032 1571 Contempla.
2058 1530 2163 1560 Goth.

385 1569 616 1601 Comitiales.
662 1575 725 1602 Non
749 1575 883 1603 omnibus
908 1575 1011 1604 diebus
1034 1575 1232 1603 comitialibus
1256 1576 1490 1613 conveniebant3
1524 1586 1620 1614 neque
1643 1586 1756 1615 semper
1778 1576 1809 1603 in
1830 1575 1968 1612 comitio3
2005 1574 2168 1603 comitiales

222 1617 314 1641 tamen
338 1612 401 1641 dies
425 1619 509 1651 sunt,
541 1615 650 1653 quibus
674 1617 792 1645 comitia
816 1617 918 1646 baberi
941 1622 1085 1657 poterant.
1111 1617 1200 1647 Ani.
1224 1617 1319 1657 Aug.
1364 1618 1531 1646 Comitiales
1555 1619 1680 1658 opponit
1702 1618 1823 1647 nefastis
1846 1618 1969 1646 Plautus
1993 1615 2165 1656 (Poen.111‚

221 1657 255 1690 2,
278 1654 340 1694 7.),
364 1655 423 1684 illis
446 1655 629 1687 iocularibus
654 1659 804 1688 versibus:

676 1701 745 1730 Non
765 1703 888 1741 potuisti
911 1701 1056 1730 adducere
1077 1701 1206 1730 homines
1228 1703 1323 1741 magis
1345 1700 1386 1730 αᾶ
1408 1701 1483 1731 hanc
1507 1714 1563 1730 rem
1587 1702 1721 1732 idoneos.-

674 1743 751 1772 Nam
775 1745 896 1774 istorum
919 1743 1017 1773 nullus
1040 1743 1197 1785 nefastum,
1238 1743 1401 1773 comitiales
1421 1752 1487 1773 sunt
1510 1746 1588 1775 meri.

675 1785 722 1814 Ibi
743 1786 896 1825 habitant‚·
926 1786 968 1815 ibi
990 1798 1037 1815 eos
1060 1787 1241 1826 conspicios,
1273 1799 1358 1827 quam
1380 1795 1558 1827 praetorem,
1587 1787 1710 1826 saepius.

227 1819 321 1867 Scol.
347 1820 509 1854 Comitialis
532 1825 607 1863 dies,
632 1839 691 1866 quo
714 1829 869 1858 universus
892 1841 961 1868 pop.
983 1830 1066 1858 Rom.
1089 1829 1152 1858 sive
1173 1840 1244 1868 pars
1266 1830 1346 1858 illius
1369 1829 1514 1864 maxima,
1538 1830 1691 1858 comitium
1713 1829 1853 1868 petebant
1874 1832 2039 1857 conventus
2061 1826 2169 1865 agendi.

227 1866 326 1908 gratia.
349 1865 416 1892 Fuit
436 1873 531 1896 auten]
556 1871 703 1899 comitium
727 1878 807 1900 certa
830 1873 887 1901 fori
908 1872 1034 1900 Romani
1053 1872 1133 1909 regio
1158 1882 1192 1899 ac
1215 1872 1331 1911 portio,
1355 1872 1391 1900 ad
1415 1872 1571 1901 Hostiliam
1595 1873 1707 1900 curiam
1730 1877 1759 1900 et
1781 1871 1884 1900 subter
1904 1876 2000 1899 rostra
2023 1869 2171 1898 Hostiliae

228 1913 325 1932 curiae
348 1906 460 1944 adfixa,
498 1922 512 1939 a
535 1912 664 1942 coeundo
689 1914 810 1943 dictum.
840 1915 929 1944 Dac.
973 1914 1026 1943 His
1053 1914 1131 1943 adde
1160 1915 1196 1943 de
1220 1915 1366 1944 Comitiali
1392 1915 1498 1943 morbo
1520 1915 1594 1943 infra
1620 1914 1784 1944 Prohibere.
1829 1915 1865 1942 Et
1886 1913 1942 1942 alia
1965 1912 2108 1952 quaedam
2130 1921 2167 1941 ex

228 1944 318 1973 verbo
344 1946 465 1984 Quando
489 1952 560 1981 Reae
582 1957 742 1985 comitiavit
753 1956 821 1998 fas.
870 1956 978 1986 Goth.

302 2029 308 2034 .
333 2029 339 2035 ·
394 1988 603 2026 Galaiores.
647 1998 770 2027 Verrius
794 2000 874 2039 apud
899 1999 1065 2028 Charisium
1089 1999 1138 2028 lib.
1153 1999 1173 2028 I.
1202 2000 1338 2037 (p.102.
1363 1999 1416 2028 Ed.
1440 1999 1545 2037 Frob.)
1574 1997 1785 2028 Nomenclator
1806 1999 1867 2028 sine
1888 2010 1907 2027 ιι
1930 1996 2054 2034 dicitur,
2091 1995 2167 2026 velut

229 2039 352 2056 nommw
376 2029 508 2080 Clssiqlor.
543 2039 600 2066 Sed
622 2040 776 2078 legendum
800 2041 924 2071 calator.
947 2041 1024 2071 Ful.
1053 2041 1130 2071 Urs.
1174 2040 1339 2077 Calazores,
1366 2042 1537 2082 ἕκβιβασταὶ
1561 2041 1670 2082 ἱερέων.
1700 2043 1803 2071 δοῦλοι
1826 2038 1979 2079 δημόσιοι,
2002 2039 2167 2080 περίπολοι.

232 2068 369 2107 Galam&
390 2075 512 2113 '‘hlfwe-
545 2081 664 2110 Glossae
688 2085 881 2115 Graecorum.
915 2085 950 2113 Et
973 2085 1117 2112 Isidorus:
1146 2083 1283 2120 Calator,
1306 2085 1436 2113 minister
1456 2096 1614 2114 sacrorum.
1648 2083 1906 2119 Quemadmodum
1925 2083 2075 2111 Calatores
2097 2086 2167 2110 sunt

229 2112 416 2165 sacerdotum
438 2125 613 2158 praecones,
648 2125 688 2152 ita
712 2127 797 2155 etiam
821 2125 950 2166 κήρυκες
972 2127 1007 2155 ab
1031 2127 1162 2155 Homero
1184 2124 1345 2165 καλήτορες
1367 2127 1524 2155 dicuntur:
1554 2127 1581 2162 ἐς
1606 2124 1636 2157 δ’
1660 2125 1769 2166 ἄγοιμεν
1791 2125 1907 2166 κήρυκα
1929 2122 2082 2164 καλήτορα
2103 2127 2166 2154 τοῖο

229 2166 373 2226 ἒῑρθὶίῐθῧ
401 2155 528 2239 01ὲῖῗύ
546 2162 635 2235 5Ξ4.)
665 2168 782 2198 calator
804 2180 873 2208 ergo
896 2166 1040 2210 καλήτωρ.
1074 2168 1174 2200 Scal.
1220 2169 1244 2197 A
1268 2168 1380 2207 calare,
1417 2180 1541 2206 vocare,
1576 2170 1742 2205 nominare,
1778 2169 1858 2208 quod
1883 2180 1898 2197 a
1922 2169 2035 2197 Graeco
2057 2169 2166 2198 καλεῖν-

264 2207 322 2225 au.
346 2210 355 2226 i
377 2208 441 2227 erca
459 2221 466 2228 .
534 2224 541 2238 ,
592 2226 600 2241 7
625 2208 702 2246 HJ:

715 2251 833 2290 Egomet
853 2253 926 2283 mihi
947 2265 1058 2290 comes,
1090 2252 1221 2290 calator,
1251 2265 1354 2294 equus,
1384 2264 1492 2293 agaso,
1515 2255 1650 2295 armiger.

230 2280 266 2309 Et
288 2281 434 2311 Pseudolo
458 2284 515 2320 IV,
537 2288 566 2317 2.
591 2288 727 2327 (v,52,)2
1040 2282 1047 2295 '

719 2333 852 2373 Harpaso
873 2337 989 2367 calator
1011 2350 1089 2367 meus
1110 2346 1150 2367 esi
1174 2336 1216 2366 orl
1237 2345 1264 2366 ie
1285 2338 1336 2378 qui
1357 2338 1440 2366 venit·

721 2396 727 2409 ‚
757 2378 834 2412 quod
857 2381 956 2408 vocari
979 2386 1079 2418 posset
1103 2381 1140 2408 ob
1163 2381 1368 2408 necessitatem
1391 2379 1557 2417 servitutis,
1586 2386 1618 2409 ut
1641 2380 1744 2408 Festus
1766 2379 1901 2418 putavit,
1927 2377 1978 2407 sed
2001 2374 2082 2415 quod
2101 2374 2166 2414 ipse

716 2416 744 2443 ui
765 2422 791 2444 ct
814 2418 879 2446 ideo
902 2422 1105 2450 nomenclator
1128 2422 1290 2451 dicebatur.
1325 2423 1427 2451 Horat.
1447 2423 1554 2462 (Epist.
1571 2423 1600 2457 Ι,
1623 2425 1658 2458 6,
1681 2422 1764 2459 50.):
1797 2420 1963 2451 Mercemur
1982 2428 2092 2447 servum
2115 2418 2166 2457 qui

231 2364 289 2393 Sed
312 2375 370 2395 uon
393 2366 461 2396 indeo
482 2368 581 2398 dictus
601 2372 711 2401 calator

232 2404 358 2444 calar-et,
382 2408 505 2439 dictaret
530 2414 662 2449 nomina,
694 2426 711 2453 q
