2263 2668
515 135 580 169 DE
606 132 994 169 SlGNIFICATIONE
1021 134 1306 171 VERBORUM.
1366 136 1511 171 LIBER
1537 135 1645 169 XVII.
1982 141 2055 176 681

100 233 207 267 quarto
230 227 277 255 vel
301 227 419 268 quinto,
442 227 582 257 nimirum
599 227 843 268 Erotopaegnion.
876 226 931 255 Vel
945 225 1051 255 Livius
1071 239 1153 269 equo.
1196 230 1270 258 Nam
1294 240 1404 268 equum
1421 229 1495 258 Livii
1512 229 1674 258 Troianum
1698 228 1790 259 citant
1803 230 1907 260 Cicero
1930 232 1980 263 lib.
1994 234 2054 266 VII.

100 270 195 308 Epist.
219 269 277 308 (ep.
293 269 332 306 1.)
356 275 385 299 et
407 270 520 299 Nonius
543 271 701 299 Marcellus
723 272 753 299 in
774 267 904 308 Opitula.
938 270 978 298 De
1002 270 1128 299 Castalia
1151 277 1250 301 autem
1274 273 1441 311 Apollinem
1466 273 1597 310 fugiente
1620 276 1648 300 et
1670 271 1700 300 ln
1724 273 1837 302 fontem
1860 274 1906 302 sui
1928 277 2056 306 nominis

102 322 263 349 conversa,
289 317 392 340 notum
416 318 468 342 est.
514 312 624 343 Idem.

261 362 423 392 Str-uere.
470 363 671 392 Glossarium:
708 361 814 392 Pedem
838 362 923 391 struit
945 359 1056 403 φεύγει.
1089 363 1185 393 Scal.
1231 364 1347 394 Struere
1374 366 1489 406 antiqui
1517 363 1654 395 dicebant
1681 376 1736 404 pro
1764 364 1905 403 adiicere,
1940 379 2054 409 augere.

101 405 222 434 Persius
245 405 300 445 (11,
323 404 404 445 44.);

783 446 858 476 Rem
881 454 988 476 struere
1010 455 1136 488 exoptas
1158 460 1242 479 caeso
1265 448 1345 478 bove.

100 497 231 527 Adicere
252 509 310 537 pro
333 497 460 527 adiicere
482 498 604 536 antiqua
628 499 778 527 scribendi
802 497 1016 527 consuetudine
1038 499 1068 526 in
1091 500 1254 538 exemplari
1279 505 1442 529 exaratum.
1466 500 1551 529 Dac.
1592 498 1675 528 Uncle
1697 499 1867 531 industrios.
1902 503 1976 532 Vide
1998 503 2054 534 In-

101 539 254 569 dustriurn.
278 541 388 569 Idem.
419 540 484 569 Aut
508 542 537 568 in
561 540 714 570 duodecim
739 540 819 581 quod
841 549 890 569 est.
924 541 1000 578 Lege
1018 549 1066 577 at,
1092 546 1122 570 ut
1139 543 1195 570 xiri
1211 543 1303 572 docti.
1335 542 1405 571 Vide
1423 542 1528 571 Pedem
1545 543 1638 572 struit.
1663 541 1772 572 Idem.
1802 543 1855 573 Ac
1876 546 1931 574 viae
1951 546 2053 584 pedem

99 581 171 622 pecli
191 583 331 625 praefert.
366 583 420 611 llic
439 583 550 620 aliquid
572 584 710 611 omissum
729 584 858 612 videtur.
894 584 1018 611 Forsan:
1042 584 1093 613 Ac
1115 586 1170 613 vix
1190 584 1291 623 pedem
1313 584 1381 624 pedi
1400 585 1562 625 praeferre,
1585 583 1686 623 pedem
1709 586 1810 622 struit,
1834 588 1925 615 otiose
1945 589 1985 623 it,
2008 601 2054 618 re-

100 632 241 654 moratur.
273 627 382 653 'samen
408 624 481 653 nilnl
506 625 631 655 affirmo.
656 625 766 656 Idem.
800 625 836 654 In
857 625 934 655 XII.
960 625 1034 655 Tab.
1071 626 1144 655 Vide
1167 628 1184 658 l.
1199 630 1269 659 233.
1287 628 1316 656 ss'.
1340 627 1377 656 de
1401 628 1516 656 verbor.
1539 628 1610 666 sign.
1642 627 1710 655 Dixi
1734 628 1772 656 ad
1794 628 1871 666 leges
1893 629 2052 660 duodecim

100 667 170 696 Tab.
218 667 324 699 Goth.

266 718 462 758 Stroppus.
508 719 596 757 Lege:
621 719 680 749 Pro
703 721 812 760 insigni
834 719 940 749 habent
962 720 992 748 in
1015 720 1106 758 apice.
1149 721 1232 760 Apud
1258 721 1428 750 Vitruvium
1453 726 1522 750 sunt
1544 720 1681 761 Struppi‚
1707 721 1813 760 quibus
1836 722 1979 760 religatur
2000 734 2051 752 re-

101 770 165 789 mus
189 761 226 789 ad
248 762 409 798 scalmum,
433 766 466 790 ut
488 762 556 790 alibi
579 764 757 792 notavimus.
799 763 998 791 Glossarium:
1030 762 1150 802 Strepus
1170 762 1334 802 τροπωτήρ.
1374 765 1461 799 Lege:
1492 763 1624 804 Stropus.
1664 765 1786 792 Glossae
1809 765 1900 794 aliae:
1924 765 2051 806 Strupus

100 801 245 842 σκαλμὸς,
277 804 351 834 ἔνθα
375 801 394 842 ’ἡ
418 802 503 842 κώπη
529 806 683 842 ὁεσμεῖται.
730 806 810 833 Idem
835 805 966 834 Isidorus
990 805 1130 843 producit
1153 807 1252 835 locum
1277 807 1366 835 Livii:
1403 806 1542 846 Tuncque
1565 815 1657 835 remos
1679 807 1763 835 iussit
1786 805 1912 846 deligari
1933 809 2050 847 strupis.

100 846 187 884 Apud
211 847 385 875 Suetonium
410 846 519 875 alicubi
544 858 698 886 perperam
723 849 832 885 legitur
853 849 945 888 stupis
967 846 1087 876 lecticae
1110 858 1164 886 pro
1188 850 1304 888 strupis.
1330 848 1427 877 Scal.
1472 849 1528 876 Sed
1551 848 1625 877 haec
1648 849 1756 885 aliena;
1787 848 1948 888 στρόφιον,
1973 855 2051 879 stro-

100 889 222 928 phium,
249 896 383 928 stroppus
406 891 528 928 proprie
553 891 658 927 fascia,
688 896 782 919 taenia
807 896 835 919 et
859 891 928 928 quia
952 900 987 918 ex
1011 890 1110 918 fasciis
1133 891 1241 919 fiebant
1265 901 1407 927 coronae,
1437 891 1505 919 inde
1527 890 1687 930 strophium
1712 896 1741 919 et
1762 899 1897 931 stroppus
1918 903 1973 931 pro
1996 903 2051 921 co-

99 942 189 968 rona,
214 936 242 960 et
259 942 315 970 pro
335 942 385 967 eo,
409 932 490 970 quod
513 934 681 962 sacerdotes
705 934 813 962 serunt.
846 932 988 971 hesych:
1011 930 1172 972 στρόφιον,
1197 931 1214 964 ὃ
1237 935 1267 964 οἵ
1287 935 1376 972 ἱερεῖς
1399 933 1534 973 φέρουσι.
1567 932 1736 972 Strophium
1760 938 1857 962 autem
1882 945 1896 962 a
1922 934 2050 974 στρέφω,

99 975 168 1012 quia
191 974 299 1002 fasciae
323 975 389 1002 illae
414 976 539 1004 tortiles,
576 976 715 1014 Stropliia
740 976 781 1004 sic
805 976 947 1004 describit
969 975 1042 1003 Ptin.
1067 975 1168 1015 (XXI,
1193 979 1219 1007 2.
1244 987 1249 1003 :
1285 975 1436 1013 Quaedam
1460 986 1585 1005 coronae
1604 987 1656 1014 per
1678 986 1804 1004 coronas
1826 984 1953 1007 currunt.
1993 977 2051 1005 Te-

99 1016 249 1045 nuioribus
273 1015 427 1044 utebantur
449 1018 580 1057 antiqui,
615 1025 749 1058 stroppos
771 1017 968 1057 appellantes,
999 1016 1075 1046 unde
1097 1026 1166 1047 nata
1188 1018 1360 1058 strophiolo.
1406 1019 1487 1046 Duae
1510 1022 1561 1046 aut
1584 1023 1644 1046 tres
1668 1018 1783 1046 taeniae
1806 1018 1931 1048 invicem
1954 1024 2052 1048 tortae

98 1069 239 1088 coronam
264 1059 427 1094 faciebant,
461 1070 547 1097 quam
572 1061 720 1089 vocabant
741 1068 900 1099 stroppum.
946 1060 1067 1098 Antiqui
1091 1061 1167 1089 enim
1193 1062 1314 1088 Romani
1339 1071 1463 1089 coronas
1487 1071 1501 1089 e
1525 1060 1628 1088 taeniis
1652 1060 1886 1098 concinnabant,
1916 1062 2050 1090 nondum

98 1103 237 1139 invento,
277 1112 325 1130 eas
349 1112 363 1129 e
387 1102 514 1130 floribus
543 1108 651 1134 texere.
699 1103 772 1132 Vide
794 1103 915 1131 Salmas.
939 1104 970 1130 in
993 1103 1083 1132 Solin.
1108 1102 1232 1142 Stropus
1253 1103 1289 1130 de
1313 1114 1370 1141 quo
1394 1103 1443 1131 hic
1467 1104 1523 1139 egit
1547 1103 1641 1138 Scal.,
1681 1113 1786 1142 nempe
1809 1113 1868 1141 quo
1891 1114 1990 1132 remus
2013 1105 2051 1133 ad

98 1144 243 1173 scalmum
267 1145 424 1181 religatur,
450 1151 493 1173 est
517 1146 553 1173 ab
577 1146 633 1173 alia
657 1147 780 1183 origine.
825 1146 936 1184 Nempe
960 1156 976 1173 a
998 1143 1109 1183 τρόπος
1131 1145 1242 1180 lor-um,
1276 1153 1392 1184 tropus,
1421 1158 1434 1174 s
1457 1145 1558 1173 addito
1580 1153 1703 1184 stropus.
1729 1146 1815 1174 Dac.
1863 1145 1920 1175 Pro
1942 1147 2052 1186 insigni

98 1186 205 1215 habent
228 1188 257 1215 in
281 1188 384 1225 capite.
427 1186 459 1215 ln
483 1189 565 1227 apice
588 1189 679 1224 Scal.,
708 1189 761 1217 sed
785 1198 845 1216 non
870 1198 995 1217 necesse.
1020 1187 1127 1217 Idem.
1167 1187 1319 1226 Struppus.
1357 1189 1454 1216 Tertia
1483 1189 1555 1216 linea
1580 1198 1647 1216 cum
1671 1189 1807 1226 sequenti
1829 1189 1887 1217 alio
1911 1190 2050 1226 pertinet.

98 1230 189 1265 Quod
212 1229 344 1258 divinare
368 1239 425 1257 non
450 1236 542 1268 potui.
568 1230 665 1260 Scal.
705 1230 742 1259 Et
764 1242 783 1260 α
808 1229 1003 1265 Tusculanis,
1030 1229 1110 1270 quod
1132 1231 1161 1259 in
1182 1229 1333 1268 pulvinari
1355 1231 1523 1270 imponatur
1548 1229 1677 1258 Castoris
1698 1236 1752 1258 etc.
1788 1231 1851 1258 Non
1875 1231 1970 1259 solum
1995 1232 2051 1259 Ca-

97 1272 201 1305 storis,
229 1272 278 1300 sed
304 1276 333 1300 et
356 1272 480 1300 aliorum
508 1274 644 1302 llemum.
681 1274 756 1302 Vide
779 1273 853 1301 infra
878 1271 1009 1312 Struppi.
1034 1272 1121 1302 Dac.
1168 1273 1251 1301 Adde
1276 1272 1404 1301 Nonium
1428 1272 1509 1313 (pag.
1523 1275 1593 1304 538.
1620 1272 1663 1302 ed.
1690 1271 1794 1313 Mero)
1817 1274 1845 1301 in
1870 1272 2050 1313 Strophium.

100 1313 205 1345 Goth.
236 1314 330 1343 Diem.
358 1315 465 1344 sidem.
511 1313 620 1344 Idem.

263 1364 477 1394 Strutheum
507 1366 542 1394 in
572 1366 701 1395 mimis.
749 1365 810 1393 lmo
841 1370 868 1393 et
895 1365 1031 1394 Latinum
1060 1377 1159 1405 passer
1182 1365 1251 1394 alibi
1277 1376 1364 1404 quam
1388 1366 1415 1394 in
1441 1365 1537 1394 mimis
1560 1375 1615 1404 pro
1639 1365 1766 1394 obscena
1789 1365 1838 1394 illa
1862 1370 1946 1405 parte
1968 1367 2050 1406 posi—

97 1413 159 1436 tum
182 1411 234 1436 est.
279 1406 367 1436 Dac.

261 1456 443 1489 Strenam.
489 1459 521 1487 ln
550 1458 616 1488 loco
646 1463 672 1487 et
702 1456 751 1486 lite
779 1469 838 1487 non
868 1459 964 1487 solum
987 1470 1001 1486 s
1023 1458 1106 1486 litera
1138 1459 1350 1498 praeponitur,
1386 1460 1438 1488 sed
1461 1471 1474 1488 ,ς
1498 1464 1526 1487 ct
1549 1466 1567 1487 t.
1615 1458 1730 1486 Dicitur
1761 1458 1837 1486 enim
1862 1470 1877 1487 a
1900 1459 2050 1488 veteribus

97 1499 207 1529 stlocus
230 1505 258 1528 et
282 1499 354 1530 stlis.
391 1501 464 1529 Vide
489 1500 587 1530 Stlata
613 1507 640 1530 et
664 1499 818 1531 Stlembus.
858 1502 905 1529 Sic
932 1501 1096 1529 Decemviri
1125 1500 1253 1529 stlitibus
1276 1501 1446 1531 iudicandis
1470 1501 1647 1530 dicebantur
1669 1512 1723 1539 pro
1747 1500 1865 1537 litibus,
1900 1502 1950 1540 qui
1972 1502 2051 1530 Cen-

96 1544 294 1572 tumvirorum
319 1543 408 1582 primi
429 1544 560 1572 suerunt.
597 1544 661 1572 vid.
677 1543 848 1578 Quintilian.
872 1544 922 1572 lib.
939 1544 958 1571 Ι,
973 1554 1038 1581 cap.
1055 1545 1082 1573 6.
1120 1544 1265 1572 Potuisset
1285 1544 1389 1572 Festus
1411 1546 1562 1573 stritamm
1587 1555 1643 1582 pro
1666 1544 1772 1572 tritavo
1797 1543 1907 1572 dictum
1931 1544 2052 1574 referre.

96 1585 182 1615 Ant.
202 1584 297 1624 Aug.
335 1586 539 1624 Etymologiae
565 1586 640 1614 Festi
667 1586 819 1622 convenit,
856 1586 914 1614 imo
938 1585 1140 1624 adstipulatur
1163 1596 1266 1614 versus
1291 1587 1446 1625 Pomponii
1473 1586 1660 1615 Atellanarii:
1698 1584 1809 1614 Asside
1832 1586 1858 1614 si
1880 1597 1939 1626 qua
1962 1587 2053 1615 veniet

96 1635 194 1656 strena
216 1635 337 1657 strenae.
364 1626 468 1657 Scal.
516 1628 610 1656 Aliter
635 1628 747 1656 Nonius
772 1628 848 1666 (pag.
865 1631 912 1660 16.
939 1626 1058 1665 Mei-c.):
1084 1627 1204 1664 Sirena,
1228 1629 1341 1667 inquit,
1365 1628 1446 1657 dicta
1468 1636 1509 1657 est
1531 1640 1549 1656 a
1572 1628 1748 1660 strenuitate,
1785 1628 1837 1656 Cui
1862 1629 1944 1657 favet
1966 1630 2050 1667 Sym-

96 1669 220 1698 machus
246 1669 295 1698 lib.
308 1671 344 1700 X.
369 1670 463 1709 Epist.
476 1673 543 1702 28.:
574 1669 626 1699 Ab
649 1677 755 1699 exortu
775 1681 867 1710 poene
890 1670 1023 1699 Martiae
1043 1677 1204 1698 strenarum
1229 1682 1297 1699 usus
1319 1669 1464 1707 adolevit,
1496 1672 1671 1699 auctoritate
1696 1670 1778 1698 Tatii
1800 1671 1889 1709 regis,
1914 1672 1965 1711 qui
1985 1681 2052 1700 ver-

97 1711 185 1741 benas
198 1710 307 1753 filicis
331 1711 445 1741 arboris
468 1723 508 1742 em
527 1711 594 1741 luco
619 1712 751 1740 Streniae
772 1713 843 1741 anni
866 1714 933 1741 noui
956 1712 1088 1752 auspices
1108 1713 1221 1750 primus
1244 1714 1364 1752 accepit.
1409 1713 1522 1742 Nomen
1545 1712 1657 1742 indicio
1680 1720 1721 1741 est
1743 1713 1814 1741 viris
1835 1714 1959 1742 strenuis
1980 1712 2053 1742 haec

96 1756 248 1784 convenire
270 1754 306 1783 ob
330 1755 472 1785 virtutem.
498 1755 584 1784 Dae.
626 1755 819 1794 Tertiumque.
852 1755 1040 1793 initiumque.
1089 1753 1193 1785 Goth.

262 1796 451 1826 Strebula.
500 1799 593 1825 Locus
616 1797 709 1825 Plauti
741 1797 797 1825 fuit
827 1797 855 1826 in
880 1798 1059 1833 Frivolaria‚
1097 1807 1170 1834 quae
1202 1808 1259 1825 non
1289 1802 1379 1827 extat.
1408 1797 1493 1828 Ant.
1518 1797 1604 1836 Aug
1659 1796 1755 1825 Habes
1784 1796 1864 1835 apud
1889 1797 2051 1826 Varronem

97 1839 152 1879 (de
174 1839 203 1867 L.
225 1839 254 1867 L.
280 1839 344 1871 VH.
366 1849 432 1878 pag.
447 1840 518 1871 349.
546 1839 614 1878 Sp.)
640 1844 668 1868 ct
693 1839 866 1869 Arnobium.
897 1839 998 1869 Scal.
1048 1839 1156 1867 Arnob.
1181 1839 1263 1879 (Vll.
1286 1850 1352 1878 pag.
1366 1839 1471 1878 230.);
1510 1839 1615 1868 Nonne
1634 1838 1732 1878 placet
1756 1850 1870 1868 carnem
1893 1838 2051 1868 strebulam

96 1882 264 1918 nominare,
287 1893 361 1922 quae
383 1889 532 1911 taurorum
556 1894 569 1910 e
591 1880 804 1911 coxendicibus
828 1881 977 1911 demitur?
1000 1882 1055 1910 Sed
1081 1892 1134 1910 (ur
1158 1883 1295 1910 Umbrico
1320 1883 1455 1918 nomine,
1481 1892 1548 1910 cum
1574 1893 1589 1909 a
1609 1884 1722 1910 Graeco
1746 1879 1900 1920 στρεβλός,
1924 1880 2052 1911 curvus?

95 1924 208 1964 Nempe
230 1936 246 1952 a
269 1929 430 1953 curvatura
455 1929 483 1953 et
505 1935 628 1953 versura
652 1925 839 1958 coxendicis,
877 1930 908 1952 ut
932 1925 1042 1963 optime
1068 1924 1160 1952 Varro
1184 1925 1233 1955 lib.
1248 1925 1294 1954 Vl.
1320 1925 1355 1953 de
1381 1926 1409 1953 L.
1431 1925 1460 1952 L.
1485 1923 1561 1965 (VII.
1585 1934 1647 1962 pag.
1660 1926 1732 1956 349.
1757 1923 1836 1964 Sp.):
1873 1922 1948 1952 Caro
1971 1930 2050 1952 stre-

96 1965 165 1995 bola
186 1965 303 2006 Opilius
324 1966 427 1996 scribit
450 1967 558 1997 circum
583 1965 761 1997 coxendices
783 1974 849 1995 sunt
872 1966 955 1996 nobis
979 1966 1116 2006 (legitur:
1139 1966 1273 1996 Stribula
1288 1984 1321 1989 -—
1339 1968 1449 1996 circum
1473 1965 1650 1996 coaeendices
1671 1973 1739 1995 sunt
1761 1964 1864 2004 bovis).
1897 1964 1936 1993 Id
1955 1963 2049 1994 Grae-

96 2020 161 2038 cum
184 2017 225 2038 est
248 2008 286 2037 ab
308 2008 393 2038 huius
415 2007 476 2038 loci
496 2020 623 2038 versura.
653 2009 738 2039 Dae.
784 2008 922 2038 Str-ebulo
951 2011 1059 2048 agnina
1087 2017 1158 2039 tene.
1203 2010 1279 2038 Puto
1307 2010 1338 2039 in
1368 2010 1474 2038 lacuna
1498 2009 1661 2038 desiderari
1685 2009 1782 2037 locum
1805 2008 1894 2036 alium
1918 2007 2049 2036 eiusdem

94 2052 209 2088 Plauti,
235 2062 322 2090 quem
346 2051 448 2080 laudat
471 2052 563 2081 Varro
586 2051 675 2080 ibid.:
703 2050 739 2080 In
765 2050 908 2088 Cesstone,
931 2052 1046 2090 inquit,
1077 2051 1201 2091 (optime
1223 2052 1301 2081 Scal.
1323 2053 1354 2081 in
1380 2050 1547 2091 Gastrione)
1572 2062 1637 2081 cera
1659 2049 1800 2087 stribola,
1824 2057 1856 2078 ut
1879 2048 1915 2078 de
1936 2049 2046 2087 lumbo,

95 2093 278 2124 obcaenabis.
324 2094 419 2130 Quem
444 2104 562 2123 versum
586 2095 627 2123 sic
651 2096 783 2123 correxit
807 2095 901 2123 Scal.:
944 2094 1019 2123 Caro
1049 2093 1173 2123 stribola
1196 2093 1330 2124 vitellino
1351 2101 1409 2132 est,·
1447 2094 1594 2124 coenabis.
1639 2093 1696 2123 Sed
1721 2091 1872 2132 quomodo
1897 2102 1935 2121 ex
1958 2100 1988 2120 ut
2011 2091 2047 2120 de

94 2135 194 2165 lumbo
217 2136 254 2165 ob
276 2136 340 2165 fieri
362 2137 457 2176 possit
479 2136 610 2166 vitellina
633 2143 688 2173 est,
712 2147 770 2165 non
795 2142 840 2165 sat
862 2141 940 2166 certe
964 2147 1084 2175 possum
1107 2137 1263 2167 coniicere.
1308 2137 1398 2176 Atqui
1422 2137 1446 2165 is
1469 2137 1554 2165 locus
1579 2141 1637 2173 est,
1663 2136 1714 2174 qui
1736 2135 1819 2164 nullo
1843 2135 1905 2164 fere
1927 2134 2044 2171 negotio

94 2179 192 2218 possit
222 2179 331 2207 sanari.
376 2180 449 2217 Lege
478 2181 582 2208 modo:
620 2178 713 2209 Carne
740 2178 882 2215 strebula,
917 2187 968 2208 aut
992 2178 1028 2207 de
1049 2178 1148 2209 lumbo
1170 2179 1363 2218 obcaenabis,
1401 2191 1485 2217 cera,
1517 2181 1667 2208 inversum
1691 2188 1758 2208 care
1779 2187 1835 2216 pro
1861 2188 1961 2212 carne,
1992 2182 2043 2203 aut

93 2231 148 2260 pro
173 2219 271 2257 haud,
309 2226 341 2250 ut
363 2231 458 2260 saepe.
506 2221 691 2251 Obcaenobis
713 2221 817 2250 eodem
842 2222 931 2250 modo
955 2222 1083 2259 dictum,
1122 2232 1181 2261 quo
1205 2221 1348 2251 obtinebis
1371 2227 1400 2251 et
1423 2223 1488 2250 alia.
1534 2223 1571 2251 Et
1598 2222 1779 2259 interpretor
1802 2218 1843 2248 ad
1864 2218 2043 2248 saturitatem

94 2262 239 2294 coenabis.
283 2264 356 2292 Nam
380 2269 409 2293 et
430 2274 538 2293 nomen
562 2264 679 2293 fabulae
706 2263 845 2293 Gastrion
869 2265 931 2294 sive
955 2263 1096 2301 Gastron,
1125 2265 1154 2293 id
1180 2270 1223 2293 cst
1242 2263 1371 2304 gulosus.
1418 2265 1524 2293 Verum
1549 2268 1579 2292 et
1601 2268 1705 2293 notatu
1728 2264 1848 2301 dignum
1873 2264 1933 2296 est,
1961 2257 2044 2297 quod

95 2316 184 2345 supra
212 2306 289 2334 dixit
311 2306 415 2335 Festus
442 2307 601 2335 strebolam
628 2316 745 2335 carnem
770 2307 832 2335 sive
855 2307 947 2346 μηρία
969 2307 1000 2335 in
1023 2307 1125 2335 altaria
1150 2307 1261 2346 imponi
1285 2308 1381 2338 solita.
1427 2307 1501 2335 Nam
1532 2317 1582 2335 eae
1605 2306 1763 2345 praecipue
1787 2302 1945 2333 hostiarum
1967 2311 2042 2340 par-

94 2355 139 2378 tes
160 2353 258 2384 erant,
283 2348 410 2387 ideoque
434 2349 462 2377 in
485 2350 631 2378 conviviis
655 2349 742 2378 etiam
765 2349 837 2378 viris
859 2349 1044 2388 principibus
1067 2349 1232 2386 dabantur,
1257 2355 1289 2379 ut
1312 2350 1408 2381 dorsa.
1441 2349 1497 2378 Adi
1521 2349 1653 2380 Eustath.
1677 2350 1707 2378 in
1730 2349 1846 2377 Homer.
1867 2353 1932 2383 pag·
1948 2344 2038 2374 1606.

95 2392 164 2422 edit.
186 2392 309 2421 Roman.
334 2391 421 2420 Dae.
468 2392 549 2421 Adde
564 2393 649 2420 «Scal.
671 2393 701 2420 in
726 2392 894 2422 Coniectan,
917 2392 953 2421 ad
978 2392 1061 2421 Varr.
1085 2402 1150 2431 pag.
1167 2392 1236 2424 141.
1262 2392 1307 2422 ed.
1330 2394 1371 2422 St.

142 2441 309 2469 GRAMMAT.
330 2452 397 2470 Lar.
423 2441 454 2470 ll.
1526 2445 1556 2479 R
1572 2456 1586 2476 r
1601 2456 1616 2476 r
1630 2455 1645 2475 ι·
