<?xml version="1.0" encoding="UTF-8"?>
<!DOCTYPE html PUBLIC "-//W3C//DTD XHTML 1.0 Transitional//EN"
    "http://www.w3.org/TR/xhtml1/DTD/xhtml1-transitional.dtd">
<html xmlns="http://www.w3.org/1999/xhtml" xml:lang="en" lang="en">
 <head>
  <title>
</title>
<meta http-equiv="Content-Type" content="text/html;charset=utf-8" />
  <meta name='ocr-system' content='tesseract 3.04.00' />
  <meta name='ocr-capabilities' content='ocr_page ocr_carea ocr_par ocr_line ocrx_word'/>
</head>
<body>
  <div class='ocr_page' id='page_1' title='image "./corpusgrammatico01linduoft_1072.png"; bbox 0 0 2263 2668; ppageno 0'>
   <div class='ocr_carea' id='block_1_1' title="bbox 227 160 1743 200">
    <p class='ocr_par' dir='ltr' id='par_1_1' title="bbox 227 160 1743 200">
     <span class='ocr_line' id='line_1_1' title="bbox 227 160 1743 200; baseline 0.003 -7"><span class='ocrx_word' id='word_1_1' title='bbox 227 166 302 200; x_wconf 70' lang='lat'><strong>644</strong></span> <span class='ocrx_word' id='word_1_2' title='bbox 652 160 996 196; x_wconf 77' lang='lat' dir='ltr'><strong>COMMENTARH</strong></span> <span class='ocrx_word' id='word_1_3' title='bbox 1021 163 1069 196; x_wconf 81' lang='lat' dir='ltr'><strong>IN</strong></span> <span class='ocrx_word' id='word_1_4' title='bbox 1096 161 1241 196; x_wconf 80' lang='lat' dir='ltr'><strong>PAULI</strong></span> <span class='ocrx_word' id='word_1_5' title='bbox 1267 160 1462 196; x_wconf 82' lang='lat' dir='ltr'><strong>DlACONl</strong></span> <span class='ocrx_word' id='word_1_6' title='bbox 1489 162 1743 197; x_wconf 79' lang='lat' dir='ltr'>EXCERPTA</span> 
     </span>
    </p>
   </div>
   <div class='ocr_carea' id='block_1_2' title="bbox 220 251 2175 645">
    <p class='ocr_par' dir='ltr' id='par_1_2' title="bbox 222 251 2175 549">
     <span class='ocr_line' id='line_1_2' title="bbox 225 251 2173 296; baseline 0.004 -15"><span class='ocrx_word' id='word_1_7' title='bbox 225 259 374 289; x_wconf 60' lang='lat' dir='ltr'><strong>texebant,</strong></span> <span class='ocrx_word' id='word_1_8' title='bbox 420 255 561 286; x_wconf 82' lang='lat' dir='ltr'><strong>Herodot.</strong></span> <span class='ocrx_word' id='word_1_9' title='bbox 586 253 683 283; x_wconf 86' lang='lat' dir='ltr'><strong>lib.l[.</strong></span> <span class='ocrx_word' id='word_1_10' title='bbox 707 253 845 292; x_wconf 84' lang='lat' dir='ltr'><strong>(c.35.):</strong></span> <span class='ocrx_word' id='word_1_11' title='bbox 879 251 1066 291; x_wconf 74' lang='grc' dir='ltr'>ὑφαίνουσιν</span> <span class='ocrx_word' id='word_1_12' title='bbox 1098 255 1129 285; x_wconf 79' lang='grc' dir='ltr'><strong>οἱ</strong></span> <span class='ocrx_word' id='word_1_13' title='bbox 1156 253 1208 293; x_wconf 77' lang='grc' dir='ltr'><strong>μὲν</strong></span> <span class='ocrx_word' id='word_1_14' title='bbox 1235 252 1319 285; x_wconf 65' lang='grc' dir='ltr'><strong>ἄλλοι</strong></span> <span class='ocrx_word' id='word_1_15' title='bbox 1342 252 1404 284; x_wconf 73' lang='grc' dir='ltr'><strong>ἅνω</strong></span> <span class='ocrx_word' id='word_1_16' title='bbox 1427 252 1481 291; x_wconf 85' lang='grc' dir='ltr'><strong>τὴν</strong></span> <span class='ocrx_word' id='word_1_17' title='bbox 1503 252 1625 293; x_wconf 79' lang='grc' dir='ltr'><strong><em>Κρόκην</em></strong></span> <span class='ocrx_word' id='word_1_18' title='bbox 1649 253 1812 291; x_wconf 73' lang='grc' dir='ltr'><strong><em>ὠθέοντες,</em></strong></span> <span class='ocrx_word' id='word_1_19' title='bbox 1848 254 2010 296; x_wconf 80' lang='grc' dir='ltr'><em>Αἰγύπτιοι</em></span> <span class='ocrx_word' id='word_1_20' title='bbox 2034 257 2063 287; x_wconf 76' lang='grc' dir='ltr'><strong>δὲ</strong></span> <span class='ocrx_word' id='word_1_21' title='bbox 2084 256 2173 289; x_wconf 76' lang='grc' dir='ltr'><strong><em>κάτω.</em></strong></span> 
     </span>
     <span class='ocr_line' id='line_1_3' title="bbox 225 297 2173 341; baseline 0 -12"><span class='ocrx_word' id='word_1_22' title='bbox 225 302 316 341; x_wconf 85' lang='lat' dir='ltr'>Apud</span> <span class='ocrx_word' id='word_1_23' title='bbox 348 305 457 328; x_wconf 80' lang='lat' dir='ltr'><strong>ceteras</strong></span> <span class='ocrx_word' id='word_1_24' title='bbox 486 301 587 334; x_wconf 79' lang='lat' dir='ltr'><strong>gentes</strong></span> <span class='ocrx_word' id='word_1_25' title='bbox 619 306 685 324; x_wconf 88' lang='lat' dir='ltr'><strong>cum</strong></span> <span class='ocrx_word' id='word_1_26' title='bbox 717 300 809 324; x_wconf 82' lang='lat' dir='ltr'><strong>trama</strong></span> <span class='ocrx_word' id='word_1_27' title='bbox 838 297 886 324; x_wconf 62' lang='lat' dir='ltr'><strong>vel</strong></span> <span class='ocrx_word' id='word_1_28' title='bbox 916 297 963 325; x_wconf 82' lang='lat' dir='ltr'><strong>fila</strong></span> <span class='ocrx_word' id='word_1_29' title='bbox 992 298 1067 325; x_wconf 79' lang='lat' dir='ltr'><strong>infra</strong></span> <span class='ocrx_word' id='word_1_30' title='bbox 1092 302 1206 333; x_wconf 80' lang='lat' dir='ltr'><strong>esseut,</strong></span> <span class='ocrx_word' id='word_1_31' title='bbox 1241 299 1271 326; x_wconf 85' lang='lat' dir='ltr'><strong>in</strong></span> <span class='ocrx_word' id='word_1_32' title='bbox 1295 297 1500 335; x_wconf 80' lang='lat' dir='ltr'><strong>superioribus</strong></span> <span class='ocrx_word' id='word_1_33' title='bbox 1524 298 1681 326; x_wconf 80' lang='lat' dir='ltr'><strong>texebatur</strong></span> <span class='ocrx_word' id='word_1_34' title='bbox 1704 298 1930 334; x_wconf 82' lang='lat' dir='ltr'><strong>vestimentum,</strong></span> <span class='ocrx_word' id='word_1_35' title='bbox 1966 303 1995 327; x_wconf 91' lang='lat' dir='ltr'><strong>et</strong></span> <span class='ocrx_word' id='word_1_36' title='bbox 2018 299 2060 326; x_wconf 86' lang='lat' dir='ltr'><strong>sic</strong></span> <span class='ocrx_word' id='word_1_37' title='bbox 2082 305 2173 330; x_wconf 82' lang='lat' dir='ltr'><strong>trama</strong></span> 
     </span>
     <span class='ocr_line' id='line_1_4' title="bbox 225 339 2174 383; baseline -0.002 -9"><span class='ocrx_word' id='word_1_38' title='bbox 225 354 342 383; x_wconf 81' lang='lat' dir='ltr'>semper</span> <span class='ocrx_word' id='word_1_39' title='bbox 365 341 479 380; x_wconf 83' lang='lat' dir='ltr'><strong>pectine</strong></span> <span class='ocrx_word' id='word_1_40' title='bbox 503 339 538 366; x_wconf 85' lang='lat' dir='ltr'><strong>ad</strong></span> <span class='ocrx_word' id='word_1_41' title='bbox 563 339 747 376; x_wconf 81' lang='lat' dir='ltr'><strong>superiorem</strong></span> <span class='ocrx_word' id='word_1_42' title='bbox 771 344 882 377; x_wconf 80' lang='lat' dir='ltr'><strong>partem</strong></span> <span class='ocrx_word' id='word_1_43' title='bbox 907 339 1073 368; x_wconf 85' lang='lat' dir='ltr'>ducebatur</span> <span class='ocrx_word' id='word_1_44' title='bbox 1095 345 1123 367; x_wconf 86' lang='lat' dir='ltr'><strong>et</strong></span> <span class='ocrx_word' id='word_1_45' title='bbox 1146 340 1336 374; x_wconf 67' lang='lat' dir='ltr'><strong>trudebatur,</strong></span> <span class='ocrx_word' id='word_1_46' title='bbox 1361 345 1448 377; x_wconf 59' lang='lat' dir='ltr'><strong>atque</strong></span> <span class='ocrx_word' id='word_1_47' title='bbox 1472 339 1501 366; x_wconf 91' lang='lat' dir='ltr'><strong>id</strong></span> <span class='ocrx_word' id='word_1_48' title='bbox 1526 350 1644 368; x_wconf 86' lang='lat' dir='ltr'><strong>sursum</strong></span> <span class='ocrx_word' id='word_1_49' title='bbox 1669 351 1771 369; x_wconf 80' lang='lat' dir='ltr'><strong>versus</strong></span> <span class='ocrx_word' id='word_1_50' title='bbox 1793 346 1895 369; x_wconf 83' lang='lat' dir='ltr'><strong>texere</strong></span> <span class='ocrx_word' id='word_1_51' title='bbox 1918 341 1965 369; x_wconf 73' lang='lat' dir='ltr'><strong>vel</strong></span> <span class='ocrx_word' id='word_1_52' title='bbox 1987 341 2017 369; x_wconf 91' lang='lat' dir='ltr'><strong>iu</strong></span> <span class='ocrx_word' id='word_1_53' title='bbox 2041 341 2174 370; x_wconf 81' lang='lat' dir='ltr'><strong>altitudi-</strong></span> 
     </span>
     <span class='ocr_line' id='line_1_5' title="bbox 224 381 2173 421; baseline -0.003 -4"><span class='ocrx_word' id='word_1_54' title='bbox 224 398 291 416; x_wconf 86' lang='lat' dir='ltr'><strong>nem</strong></span> <span class='ocrx_word' id='word_1_55' title='bbox 314 384 468 413; x_wconf 81' lang='lat' dir='ltr'><strong>vocabant.</strong></span> <span class='ocrx_word' id='word_1_56' title='bbox 515 381 671 409; x_wconf 70' lang='lat' dir='ltr'><strong>Contraria</strong></span> <span class='ocrx_word' id='word_1_57' title='bbox 695 381 782 409; x_wconf 87' lang='lat' dir='ltr'><strong>modo</strong></span> <span class='ocrx_word' id='word_1_58' title='bbox 807 382 963 421; x_wconf 74' lang='lat' dir='ltr'>Aegyptii,</span> <span class='ocrx_word' id='word_1_59' title='bbox 995 393 1029 410; x_wconf 80' lang='lat' dir='ltr'><strong>ex</strong></span> <span class='ocrx_word' id='word_1_60' title='bbox 1052 383 1273 421; x_wconf 85' lang='lat' dir='ltr'><strong>superioribus,</strong></span> <span class='ocrx_word' id='word_1_61' title='bbox 1304 382 1354 410; x_wconf 81' lang='lat' dir='ltr'><strong>ubi</strong></span> <span class='ocrx_word' id='word_1_62' title='bbox 1379 387 1460 410; x_wconf 86' lang='lat' dir='ltr'><strong>erant</strong></span> <span class='ocrx_word' id='word_1_63' title='bbox 1482 382 1548 420; x_wconf 76' lang='lat' dir='ltr'><strong>fila,</strong></span> <span class='ocrx_word' id='word_1_64' title='bbox 1574 384 1621 411; x_wconf 91' lang='lat' dir='ltr'><strong>vel</strong></span> <span class='ocrx_word' id='word_1_65' title='bbox 1643 384 1712 411; x_wconf 87' lang='lat' dir='ltr'><strong>licia</strong></span> <span class='ocrx_word' id='word_1_66' title='bbox 1736 383 1772 411; x_wconf 89' lang='lat' dir='ltr'><strong>ad</strong></span> <span class='ocrx_word' id='word_1_67' title='bbox 1797 383 1936 411; x_wconf 81' lang='lat' dir='ltr'><strong>inferiora</strong></span> <span class='ocrx_word' id='word_1_68' title='bbox 1960 384 2173 421; x_wconf 78' lang='lat' dir='ltr'>procedebant,</span> 
     </span>
     <span class='ocr_line' id='line_1_6' title="bbox 223 424 2175 462; baseline 0.001 -7"><span class='ocrx_word' id='word_1_69' title='bbox 223 430 274 458; x_wconf 88' lang='lat' dir='ltr'><strong>ubi</strong></span> <span class='ocrx_word' id='word_1_70' title='bbox 298 426 502 455; x_wconf 83' lang='lat' dir='ltr'><strong>vestimentum</strong></span> <span class='ocrx_word' id='word_1_71' title='bbox 526 424 573 452; x_wconf 90' lang='lat' dir='ltr'><strong>vel</strong></span> <span class='ocrx_word' id='word_1_72' title='bbox 599 424 671 461; x_wconf 81' lang='lat' dir='ltr'><strong>tela,</strong></span> <span class='ocrx_word' id='word_1_73' title='bbox 707 434 783 462; x_wconf 83' lang='lat' dir='ltr'><strong>quae</strong></span> <span class='ocrx_word' id='word_1_74' title='bbox 809 425 979 462; x_wconf 70' lang='lat' dir='ltr'><strong>texebatur,</strong></span> <span class='ocrx_word' id='word_1_75' title='bbox 1014 425 1118 453; x_wconf 78' lang='lat' dir='ltr'><strong>inerat.</strong></span> <span class='ocrx_word' id='word_1_76' title='bbox 1164 425 1221 453; x_wconf 85' lang='lat' dir='ltr'><strong>Sed</strong></span> <span class='ocrx_word' id='word_1_77' title='bbox 1250 426 1285 453; x_wconf 83' lang='lat' dir='ltr'><strong>de</strong></span> <span class='ocrx_word' id='word_1_78' title='bbox 1315 430 1375 452; x_wconf 82' lang='lat' dir='ltr'><strong>arte</strong></span> <span class='ocrx_word' id='word_1_79' title='bbox 1407 425 1536 453; x_wconf 75' lang='lat' dir='ltr'><strong>textoria</strong></span> <span class='ocrx_word' id='word_1_80' title='bbox 1566 426 1634 453; x_wconf 82' lang='lat' dir='ltr'><strong>vide</strong></span> <span class='ocrx_word' id='word_1_81' title='bbox 1662 426 1823 454; x_wconf 75' lang='lat' dir='ltr'>doctissimi</span> <span class='ocrx_word' id='word_1_82' title='bbox 1846 425 1981 454; x_wconf 80' lang='lat' dir='ltr'><strong>Salmasii</strong></span> <span class='ocrx_word' id='word_1_83' title='bbox 2003 426 2115 455; x_wconf 84' lang='lat' dir='ltr'><strong>librum</strong></span> <span class='ocrx_word' id='word_1_84' title='bbox 2139 427 2175 456; x_wconf 81' lang='lat' dir='ltr'><strong>de</strong></span> 
     </span>
     <span class='ocr_line' id='line_1_7' title="bbox 222 466 2173 507; baseline 0.001 -11"><span class='ocrx_word' id='word_1_85' title='bbox 222 481 254 500; x_wconf 79' lang='lat' dir='ltr'><strong>re</strong></span> <span class='ocrx_word' id='word_1_86' title='bbox 277 468 433 501; x_wconf 71' lang='lat' dir='ltr'><strong>vestiaria,</strong></span> <span class='ocrx_word' id='word_1_87' title='bbox 471 472 500 495; x_wconf 85' lang='lat' dir='ltr'><strong>et</strong></span> <span class='ocrx_word' id='word_1_88' title='bbox 524 466 587 494; x_wconf 79' lang='lat' dir='ltr'><strong>eius</strong></span> <span class='ocrx_word' id='word_1_89' title='bbox 610 471 694 495; x_wconf 82' lang='lat' dir='ltr'><strong>notas</strong></span> <span class='ocrx_word' id='word_1_90' title='bbox 717 467 754 494; x_wconf 88' lang='lat' dir='ltr'><strong>ad</strong></span> <span class='ocrx_word' id='word_1_91' title='bbox 781 467 951 506; x_wconf 83' lang='lat' dir='ltr'>Vopiscum.</span> <span class='ocrx_word' id='word_1_92' title='bbox 996 468 1069 496; x_wconf 78' lang='lat' dir='ltr'><strong>Nam</strong></span> <span class='ocrx_word' id='word_1_93' title='bbox 1099 468 1140 496; x_wconf 79' lang='lat' dir='ltr'><strong>ita</strong></span> <span class='ocrx_word' id='word_1_94' title='bbox 1164 478 1226 497; x_wconf 84' lang='lat' dir='ltr'><strong>rein</strong></span> <span class='ocrx_word' id='word_1_95' title='bbox 1250 478 1365 496; x_wconf 88' lang='lat' dir='ltr'><strong>omnem</strong></span> <span class='ocrx_word' id='word_1_96' title='bbox 1390 467 1551 506; x_wconf 75' lang='lat' dir='ltr'><strong>explicuit,</strong></span> <span class='ocrx_word' id='word_1_97' title='bbox 1589 473 1621 496; x_wconf 89' lang='lat' dir='ltr'><strong>ut</strong></span> <span class='ocrx_word' id='word_1_98' title='bbox 1643 467 1717 497; x_wconf 84' lang='lat' dir='ltr'><strong>nihil</strong></span> <span class='ocrx_word' id='word_1_99' title='bbox 1739 478 1829 507; x_wconf 81' lang='lat' dir='ltr'><strong>supra</strong></span> <span class='ocrx_word' id='word_1_100' title='bbox 1852 468 1918 496; x_wconf 82' lang='lat' dir='ltr'><strong>addi</strong></span> <span class='ocrx_word' id='word_1_101' title='bbox 1942 469 2046 507; x_wconf 82' lang='lat' dir='ltr'><strong>possit.</strong></span> <span class='ocrx_word' id='word_1_102' title='bbox 2083 469 2173 500; x_wconf 76' lang='lat' dir='ltr'><strong>Dae.</strong></span> 
     </span>
     <span class='ocr_line' id='line_1_8' title="bbox 223 507 634 549; baseline -0.007 -8"><span class='ocrx_word' id='word_1_103' title='bbox 223 512 298 542; x_wconf 83' lang='lat' dir='ltr'>Vide</span> <span class='ocrx_word' id='word_1_104' title='bbox 322 509 481 549; x_wconf 69' lang='lat' dir='ltr'><strong>Regillum.</strong></span> <span class='ocrx_word' id='word_1_105' title='bbox 529 507 634 538; x_wconf 77' lang='lat' dir='ltr'><strong>Goth.</strong></span> 
     </span>
    </p>

    <p class='ocr_par' dir='ltr' id='par_1_3' title="bbox 220 560 2172 645">
     <span class='ocr_line' id='line_1_9' title="bbox 386 560 2171 602; baseline 0.001 -13"><span class='ocrx_word' id='word_1_106' title='bbox 386 561 709 599; x_wconf 77' lang='lat' dir='ltr'><strong>Remancz&#39;paium.</strong></span> <span class='ocrx_word' id='word_1_107' title='bbox 741 560 799 600; x_wconf 78' lang='lat' dir='ltr'><strong>(Ad</strong></span> <span class='ocrx_word' id='word_1_108' title='bbox 823 571 852 600; x_wconf 81' lang='lat' dir='ltr'><strong>p.</strong></span> <span class='ocrx_word' id='word_1_109' title='bbox 869 560 953 598; x_wconf 67' lang='lat'><strong>229.)</strong></span> <span class='ocrx_word' id='word_1_110' title='bbox 983 561 1196 600; x_wconf 78' lang='lat' dir='ltr'><strong>Remnncipare</strong></span> <span class='ocrx_word' id='word_1_111' title='bbox 1220 562 1329 590; x_wconf 83' lang='lat' dir='ltr'><strong>dicitur</strong></span> <span class='ocrx_word' id='word_1_112' title='bbox 1351 561 1392 597; x_wconf 85' lang='lat' dir='ltr'><strong>is,</strong></span> <span class='ocrx_word' id='word_1_113' title='bbox 1422 562 1472 599; x_wconf 86' lang='lat' dir='ltr'><strong>qui</strong></span> <span class='ocrx_word' id='word_1_114' title='bbox 1496 571 1557 589; x_wconf 88' lang='lat' dir='ltr'><strong>rem</strong></span> <span class='ocrx_word' id='word_1_115' title='bbox 1580 561 1635 590; x_wconf 84' lang='lat' dir='ltr'><strong>sibi</strong></span> <span class='ocrx_word' id='word_1_116' title='bbox 1659 562 1856 599; x_wconf 80' lang='lat' dir='ltr'><strong>mancipatam</strong></span> <span class='ocrx_word' id='word_1_117' title='bbox 1879 561 1987 590; x_wconf 87' lang='lat' dir='ltr'><strong>iterum</strong></span> <span class='ocrx_word' id='word_1_118' title='bbox 2011 563 2171 602; x_wconf 85' lang='lat' dir='ltr'><strong>mancipat,</strong></span> 
     </span>
     <span class='ocr_line' id='line_1_10' title="bbox 220 601 2172 645; baseline 0.001 -11"><span class='ocrx_word' id='word_1_119' title='bbox 220 606 278 642; x_wconf 83' lang='lat' dir='ltr'><strong>ita,</strong></span> <span class='ocrx_word' id='word_1_120' title='bbox 306 609 340 632; x_wconf 92' lang='lat' dir='ltr'><strong>ut</strong></span> <span class='ocrx_word' id='word_1_121' title='bbox 363 604 447 642; x_wconf 86' lang='lat' dir='ltr'><strong>prior</strong></span> <span class='ocrx_word' id='word_1_122' title='bbox 470 614 533 632; x_wconf 84' lang='lat' dir='ltr'><strong>eam</strong></span> <span class='ocrx_word' id='word_1_123' title='bbox 556 602 720 632; x_wconf 76' lang='lat' dir='ltr'><strong>redhibeat.</strong></span> <span class='ocrx_word' id='word_1_124' title='bbox 765 603 838 632; x_wconf 88' lang='lat' dir='ltr'><strong>Inde</strong></span> <span class='ocrx_word' id='word_1_125' title='bbox 861 604 1010 642; x_wconf 77' lang='lat' dir='ltr'><strong>eleganter</strong></span> <span class='ocrx_word' id='word_1_126' title='bbox 1033 604 1145 633; x_wconf 80' lang='lat' dir='ltr'><strong>Gloss.;</strong></span> <span class='ocrx_word' id='word_1_127' title='bbox 1174 603 1368 643; x_wconf 74' lang='lat' dir='ltr'><strong>Emanciput,</strong></span> <span class='ocrx_word' id='word_1_128' title='bbox 1398 601 1650 644; x_wconf 65' lang='grc' dir='ltr'><em>ἆντιπαραχωρεῖ,</em></span> <span class='ocrx_word' id='word_1_129' title='bbox 1679 603 1953 645; x_wconf 74' lang='grc' dir='ltr'><strong><em>α’ντιπαραγράφει,</em></strong></span> <span class='ocrx_word' id='word_1_130' title='bbox 1982 605 2172 645; x_wconf 71' lang='grc' dir='ltr'><strong><em>Βενηαηοίρο,</em></strong></span> 
     </span>
    </p>
   </div>
   <div class='ocr_carea' id='block_1_3' title="bbox 212 645 2173 1214">
    <p class='ocr_par' dir='ltr' id='par_1_4' title="bbox 219 645 561 678">
     <span class='ocr_line' id='line_1_11' title="bbox 219 645 561 678; baseline -0.012 0"><span class='ocrx_word' id='word_1_131' title='bbox 219 645 426 678; x_wconf 73' lang='grc' dir='ltr'>ἄποκαθιστοιΐ.</span> <span class='ocrx_word' id='word_1_132' title='bbox 474 646 561 675; x_wconf 89' lang='lat' dir='ltr'><strong>Dac.</strong></span> 
     </span>
    </p>

    <p class='ocr_par' dir='ltr' id='par_1_5' title="bbox 218 695 2172 781">
     <span class='ocr_line' id='line_1_12' title="bbox 383 695 2172 737; baseline 0.001 -11"><span class='ocrx_word' id='word_1_133' title='bbox 383 698 525 726; x_wconf 78' lang='lat' dir='ltr'><strong>Rienes.</strong></span> <span class='ocrx_word' id='word_1_134' title='bbox 572 697 643 725; x_wconf 85' lang='lat' dir='ltr'><strong>Vide</strong></span> <span class='ocrx_word' id='word_1_135' title='bbox 660 695 829 737; x_wconf 68' lang='lat' dir='ltr'><strong>Nestwndes.</strong></span> <span class='ocrx_word' id='word_1_136' title='bbox 852 698 939 727; x_wconf 70' lang='lat' dir='ltr'><strong>Ani.</strong></span> <span class='ocrx_word' id='word_1_137' title='bbox 962 698 1059 737; x_wconf 81' lang='lat' dir='ltr'><strong>Aug.</strong></span> <span class='ocrx_word' id='word_1_138' title='bbox 1097 698 1235 726; x_wconf 69' lang='lat' dir='ltr'><strong>Glossaez</strong></span> <span class='ocrx_word' id='word_1_139' title='bbox 1259 697 1418 733; x_wconf 52' lang='lat' dir='ltr'><strong>Rimas-us,</strong></span> <span class='ocrx_word' id='word_1_140' title='bbox 1442 696 1623 737; x_wconf 76' lang='grc' dir='ltr'><em>νεφριτικὸς.</em></span> <span class='ocrx_word' id='word_1_141' title='bbox 1648 697 1749 728; x_wconf 81' lang='lat' dir='ltr'><strong>Scal.</strong></span> <span class='ocrx_word' id='word_1_142' title='bbox 1783 697 1854 727; x_wconf 86' lang='lat' dir='ltr'><strong>Inde</strong></span> <span class='ocrx_word' id='word_1_143' title='bbox 1869 698 2042 727; x_wconf 81' lang='lat' dir='ltr'><strong>Renitrosus</strong></span> <span class='ocrx_word' id='word_1_144' title='bbox 2060 703 2088 727; x_wconf 91' lang='lat' dir='ltr'><strong>et</strong></span> <span class='ocrx_word' id='word_1_145' title='bbox 2104 699 2172 727; x_wconf 80' lang='lat' dir='ltr'><strong>Rie-</strong></span> 
     </span>
     <span class='ocr_line' id='line_1_13' title="bbox 218 738 1156 781; baseline -0.002 -10"><span class='ocrx_word' id='word_1_146' title='bbox 218 751 318 773; x_wconf 85' lang='lat' dir='ltr'><strong>nosus.</strong></span> <span class='ocrx_word' id='word_1_147' title='bbox 348 738 555 781; x_wconf 63' lang='lat' dir='ltr'><strong>Nffimndines.</strong></span> <span class='ocrx_word' id='word_1_148' title='bbox 586 740 661 769; x_wconf 83' lang='lat' dir='ltr'><strong>Vide</strong></span> <span class='ocrx_word' id='word_1_149' title='bbox 683 750 772 779; x_wconf 82' lang='lat' dir='ltr'><strong>supra</strong></span> <span class='ocrx_word' id='word_1_150' title='bbox 796 740 1004 769; x_wconf 81' lang='lat' dir='ltr'><strong>Nesrundines.</strong></span> <span class='ocrx_word' id='word_1_151' title='bbox 1053 739 1156 770; x_wconf 75' lang='lat' dir='ltr'><strong>Goth.</strong></span> 
     </span>
    </p>

    <p class='ocr_par' dir='ltr' id='par_1_6' title="bbox 212 789 2173 1214">
     <span class='ocr_line' id='line_1_14' title="bbox 381 789 2171 831; baseline 0.001 -13"><span class='ocrx_word' id='word_1_152' title='bbox 381 790 552 831; x_wconf 82' lang='lat' dir='ltr'><strong>Refriva.</strong></span> <span class='ocrx_word' id='word_1_153' title='bbox 598 792 693 819; x_wconf 84' lang='lat' dir='ltr'><strong>Locus</strong></span> <span class='ocrx_word' id='word_1_154' title='bbox 717 791 791 819; x_wconf 80' lang='lat' dir='ltr'><strong>male</strong></span> <span class='ocrx_word' id='word_1_155' title='bbox 815 791 974 820; x_wconf 77' lang='lat' dir='ltr'><strong>mendosus</strong></span> <span class='ocrx_word' id='word_1_156' title='bbox 1004 793 1052 828; x_wconf 79' lang='lat' dir='ltr'><strong>(ut</strong></span> <span class='ocrx_word' id='word_1_157' title='bbox 1075 790 1191 820; x_wconf 79' lang='lat' dir='ltr'><strong>domum</strong></span> <span class='ocrx_word' id='word_1_158' title='bbox 1216 789 1351 818; x_wconf 74' lang='lat' dir='ltr'><strong>datantes</strong></span> <span class='ocrx_word' id='word_1_159' title='bbox 1373 791 1543 827; x_wconf 68' lang='lat' dir='ltr'><strong>tevirtico),</strong></span> <span class='ocrx_word' id='word_1_160' title='bbox 1585 791 1635 819; x_wconf 90' lang='lat' dir='ltr'><strong>cui</strong></span> <span class='ocrx_word' id='word_1_161' title='bbox 1665 791 1739 829; x_wconf 86' lang='lat' dir='ltr'><strong>quid</strong></span> <span class='ocrx_word' id='word_1_162' title='bbox 1769 791 1948 820; x_wconf 77' lang='lat' dir='ltr'><strong>substituam</strong></span> <span class='ocrx_word' id='word_1_163' title='bbox 1978 802 2039 820; x_wconf 90' lang='lat' dir='ltr'><strong>non</strong></span> <span class='ocrx_word' id='word_1_164' title='bbox 2067 791 2171 821; x_wconf 86' lang='lat' dir='ltr'><strong>habeo.</strong></span> 
     </span>
     <span class='ocr_line' id='line_1_15' title="bbox 217 832 2173 874; baseline 0 -11"><span class='ocrx_word' id='word_1_165' title='bbox 217 833 303 863; x_wconf 81' lang='lat' dir='ltr'><strong>Ani.</strong></span> <span class='ocrx_word' id='word_1_166' title='bbox 326 832 422 871; x_wconf 78' lang='lat' dir='ltr'><strong>Aug.</strong></span> <span class='ocrx_word' id='word_1_167' title='bbox 460 832 585 874; x_wconf 65' lang='lat' dir='ltr'><strong>Rtfriva</strong></span> <span class='ocrx_word' id='word_1_168' title='bbox 597 833 682 874; x_wconf 79' lang='lat' dir='ltr'><strong>faba</strong></span> <span class='ocrx_word' id='word_1_169' title='bbox 707 832 830 870; x_wconf 65' lang='lat' dir='ltr'><strong>elicitur,</strong></span> <span class='ocrx_word' id='word_1_170' title='bbox 859 841 889 862; x_wconf 82' lang='lat' dir='ltr'><strong>ut</strong></span> <span class='ocrx_word' id='word_1_171' title='bbox 912 836 955 863; x_wconf 82' lang='lat' dir='ltr'><strong>ait</strong></span> <span class='ocrx_word' id='word_1_172' title='bbox 981 833 1113 870; x_wconf 83' lang='lat' dir='ltr'><strong>Cincius,</strong></span> <span class='ocrx_word' id='word_1_173' title='bbox 1137 845 1211 874; x_wconf 82' lang='lat' dir='ltr'><strong>quae</strong></span> <span class='ocrx_word' id='word_1_174' title='bbox 1232 832 1272 861; x_wconf 75' lang='lat' dir='ltr'><strong>acl</strong></span> <span class='ocrx_word' id='word_1_175' title='bbox 1293 833 1473 872; x_wconf 69' lang='lat' dir='ltr'><strong>sacrificium</strong></span> <span class='ocrx_word' id='word_1_176' title='bbox 1497 833 1598 873; x_wconf 61' lang='lat' dir='ltr'><strong>referri</strong></span> <span class='ocrx_word' id='word_1_177' title='bbox 1619 833 1691 862; x_wconf 73' lang='lat' dir='ltr'><strong>solet</strong></span> <span class='ocrx_word' id='word_1_178' title='bbox 1715 833 1832 863; x_wconf 76' lang='lat' dir='ltr'><strong>domum</strong></span> <span class='ocrx_word' id='word_1_179' title='bbox 1856 845 1896 863; x_wconf 79' lang='lat' dir='ltr'><strong>ex</strong></span> <span class='ocrx_word' id='word_1_180' title='bbox 1918 842 2024 873; x_wconf 72' lang='lat' dir='ltr'><strong>segete,</strong></span> <span class='ocrx_word' id='word_1_181' title='bbox 2047 835 2173 874; x_wconf 81' lang='lat' dir='ltr'><strong>auspicii</strong></span> 
     </span>
     <span class='ocr_line' id='line_1_16' title="bbox 217 874 2171 917; baseline 0.001 -12"><span class='ocrx_word' id='word_1_182' title='bbox 217 886 336 911; x_wconf 78' lang='lat' dir='ltr'><strong>caussa,</strong></span> <span class='ocrx_word' id='word_1_183' title='bbox 361 876 446 915; x_wconf 82' lang='lat' dir='ltr'><strong>quasi</strong></span> <span class='ocrx_word' id='word_1_184' title='bbox 470 884 579 905; x_wconf 79' lang='lat' dir='ltr'><strong>revocet</strong></span> <span class='ocrx_word' id='word_1_185' title='bbox 595 876 701 916; x_wconf 74' lang='lat' dir='ltr'><strong>fruges</strong></span> <span class='ocrx_word' id='word_1_186' title='bbox 725 875 862 913; x_wconf 77' lang='lat' dir='ltr'><strong>domum‚·</strong></span> <span class='ocrx_word' id='word_1_187' title='bbox 892 875 963 905; x_wconf 73' lang='lat' dir='ltr'><strong>dara</strong></span> <span class='ocrx_word' id='word_1_188' title='bbox 987 877 1062 905; x_wconf 73' lang='lat' dir='ltr'><strong>enim</strong></span> <span class='ocrx_word' id='word_1_189' title='bbox 1084 884 1124 904; x_wconf 75' lang='lat' dir='ltr'><strong>cst</strong></span> <span class='ocrx_word' id='word_1_190' title='bbox 1147 884 1171 903; x_wconf 73' lang='lat' dir='ltr'><strong>et</strong></span> <span class='ocrx_word' id='word_1_191' title='bbox 1194 877 1291 904; x_wconf 72' lang='lat' dir='ltr'><strong>tritico</strong></span> <span class='ocrx_word' id='word_1_192' title='bbox 1315 874 1355 902; x_wconf 77' lang='lat' dir='ltr'><strong>ml</strong></span> <span class='ocrx_word' id='word_1_193' title='bbox 1379 887 1435 903; x_wconf 81' lang='lat' dir='ltr'><strong>rem</strong></span> <span class='ocrx_word' id='word_1_194' title='bbox 1459 874 1589 904; x_wconf 76' lang='lat' dir='ltr'><strong>divinam</strong></span> <span class='ocrx_word' id='word_1_195' title='bbox 1603 875 1793 917; x_wconf 73' lang='lat' dir='ltr'><strong>faciendam.</strong></span> <span class='ocrx_word' id='word_1_196' title='bbox 1837 877 1902 905; x_wconf 80' lang='lat' dir='ltr'><strong>Non</strong></span> <span class='ocrx_word' id='word_1_197' title='bbox 1927 877 2040 912; x_wconf 79' lang='lat' dir='ltr'><strong>solum,</strong></span> <span class='ocrx_word' id='word_1_198' title='bbox 2062 877 2171 915; x_wconf 85' lang='lat' dir='ltr'><strong>inquit,</strong></span> 
     </span>
     <span class='ocr_line' id='line_1_17' title="bbox 216 917 2172 961; baseline 0.002 -16"><span class='ocrx_word' id='word_1_199' title='bbox 216 919 282 946; x_wconf 79' lang='lat' dir='ltr'><strong>data</strong></span> <span class='ocrx_word' id='word_1_200' title='bbox 307 922 350 946; x_wconf 89' lang='lat' dir='ltr'><strong>est</strong></span> <span class='ocrx_word' id='word_1_201' title='bbox 374 917 439 945; x_wconf 84' lang='lat' dir='ltr'><strong>saba</strong></span> <span class='ocrx_word' id='word_1_202' title='bbox 462 919 572 947; x_wconf 68' lang='lat' dir='ltr'><strong>refriva</strong></span> <span class='ocrx_word' id='word_1_203' title='bbox 597 930 648 947; x_wconf 84' lang='lat' dir='ltr'><strong>suo</strong></span> <span class='ocrx_word' id='word_1_204' title='bbox 672 920 786 956; x_wconf 79' lang='lat' dir='ltr'><strong>generi,</strong></span> <span class='ocrx_word' id='word_1_205' title='bbox 810 919 862 947; x_wconf 84' lang='lat' dir='ltr'><strong>sed</strong></span> <span class='ocrx_word' id='word_1_206' title='bbox 886 924 912 946; x_wconf 81' lang='lat' dir='ltr'><strong>et</strong></span> <span class='ocrx_word' id='word_1_207' title='bbox 937 920 1059 957; x_wconf 83' lang='lat' dir='ltr'><strong>reliquis</strong></span> <span class='ocrx_word' id='word_1_208' title='bbox 1082 919 1232 955; x_wconf 76' lang='lat' dir='ltr'><strong>frugibus,</strong></span> <span class='ocrx_word' id='word_1_209' title='bbox 1260 922 1289 946; x_wconf 84' lang='lat' dir='ltr'><strong>et</strong></span> <span class='ocrx_word' id='word_1_210' title='bbox 1311 917 1423 946; x_wconf 84' lang='lat' dir='ltr'><strong>tritico.</strong></span> <span class='ocrx_word' id='word_1_211' title='bbox 1465 918 1590 947; x_wconf 84' lang='lat' dir='ltr'><strong>Plinius:</strong></span> <span class='ocrx_word' id='word_1_212' title='bbox 1616 917 1728 947; x_wconf 80' lang='lat' dir='ltr'><strong><em>Fabam</em></strong></span> <span class='ocrx_word' id='word_1_213' title='bbox 1752 920 1850 959; x_wconf 76' lang='lat' dir='ltr'><strong>utique</strong></span> <span class='ocrx_word' id='word_1_214' title='bbox 1872 918 2044 960; x_wconf 68' lang='lat' dir='ltr'><strong>esi-agilaus</strong></span> <span class='ocrx_word' id='word_1_215' title='bbox 2066 919 2172 961; x_wconf 60' lang='lat' dir='ltr'><strong>referre</strong></span> 
     </span>
     <span class='ocr_line' id='line_1_18' title="bbox 214 960 2170 1002; baseline 0.001 -14"><span class='ocrx_word' id='word_1_216' title='bbox 214 971 277 989; x_wconf 81' lang='lat' dir='ltr'><strong>mos</strong></span> <span class='ocrx_word' id='word_1_217' title='bbox 300 967 340 988; x_wconf 78' lang='lat' dir='ltr'><strong>est</strong></span> <span class='ocrx_word' id='word_1_218' title='bbox 361 961 488 999; x_wconf 78' lang='lat' dir='ltr'><strong>auspicii</strong></span> <span class='ocrx_word' id='word_1_219' title='bbox 510 972 632 997; x_wconf 69' lang='lat' dir='ltr'><strong>caussa,</strong></span> <span class='ocrx_word' id='word_1_220' title='bbox 657 973 730 1001; x_wconf 79' lang='lat' dir='ltr'><strong>quae</strong></span> <span class='ocrx_word' id='word_1_221' title='bbox 752 960 816 990; x_wconf 77' lang='lat' dir='ltr'><strong>ideo</strong></span> <span class='ocrx_word' id='word_1_222' title='bbox 843 961 963 1000; x_wconf 70' lang='lat' dir='ltr'><strong>Hesi-iva</strong></span> <span class='ocrx_word' id='word_1_223' title='bbox 985 960 1158 1001; x_wconf 76' lang='lat' dir='ltr'><strong>appellatur.</strong></span> <span class='ocrx_word' id='word_1_224' title='bbox 1206 960 1330 988; x_wconf 81' lang='lat' dir='ltr'><strong>Pliniani</strong></span> <span class='ocrx_word' id='word_1_225' title='bbox 1354 960 1421 988; x_wconf 81' lang='lat' dir='ltr'><strong>libri</strong></span> <span class='ocrx_word' id='word_1_226' title='bbox 1445 960 1554 989; x_wconf 68' lang='lat' dir='ltr'><strong>habent</strong></span> <span class='ocrx_word' id='word_1_227' title='bbox 1579 960 1720 1002; x_wconf 67' lang='lat' dir='ltr'><strong>rest-inam</strong></span> <span class='ocrx_word' id='word_1_228' title='bbox 1744 962 1819 990; x_wconf 78' lang='lat' dir='ltr'><strong>male</strong></span> <span class='ocrx_word' id='word_1_229' title='bbox 1845 971 1898 1000; x_wconf 88' lang='lat' dir='ltr'><strong>per</strong></span> <span class='ocrx_word' id='word_1_230' title='bbox 1921 973 1956 998; x_wconf 87' lang='lat' dir='ltr'><strong>n,</strong></span> <span class='ocrx_word' id='word_1_231' title='bbox 1980 972 2040 990; x_wconf 86' lang='lat' dir='ltr'><strong>non</strong></span> <span class='ocrx_word' id='word_1_232' title='bbox 2065 972 2118 1001; x_wconf 84' lang='lat' dir='ltr'><strong>per</strong></span> <span class='ocrx_word' id='word_1_233' title='bbox 2142 974 2170 991; x_wconf 85' lang='lat' dir='ltr'><strong>u.</strong></span> 
     </span>
     <span class='ocr_line' id='line_1_19' title="bbox 214 1001 2170 1044; baseline 0.001 -13"><span class='ocrx_word' id='word_1_234' title='bbox 214 1001 382 1044; x_wconf 56' lang='lat' dir='ltr'><strong>Rfidvus,</strong></span> <span class='ocrx_word' id='word_1_235' title='bbox 414 1001 600 1043; x_wconf 65' lang='lat' dir='ltr'><strong>refi¹ri1i1iu33</strong></span> <span class='ocrx_word' id='word_1_236' title='bbox 631 1002 809 1039; x_wconf 74' lang='grc' dir='ltr'><em>εοηᾶἰίίυιιε,</em></span> <span class='ocrx_word' id='word_1_237' title='bbox 837 1003 1022 1040; x_wconf 78' lang='lat' dir='ltr'><strong>condititius,</strong></span> <span class='ocrx_word' id='word_1_238' title='bbox 1055 1009 1082 1032; x_wconf 89' lang='lat' dir='ltr'><strong>et</strong></span> <span class='ocrx_word' id='word_1_239' title='bbox 1106 1004 1220 1033; x_wconf 79' lang='lat' dir='ltr'><strong>similia.</strong></span> <span class='ocrx_word' id='word_1_240' title='bbox 1266 1003 1345 1031; x_wconf 84' lang='lat' dir='ltr'><strong>Haec</strong></span> <span class='ocrx_word' id='word_1_241' title='bbox 1369 1008 1468 1032; x_wconf 85' lang='lat' dir='ltr'><strong>autem</strong></span> <span class='ocrx_word' id='word_1_242' title='bbox 1491 1014 1537 1032; x_wconf 90' lang='lat' dir='ltr'><strong>res</strong></span> <span class='ocrx_word' id='word_1_243' title='bbox 1561 1003 1659 1031; x_wconf 86' lang='lat' dir='ltr'><strong>divina</strong></span> <span class='ocrx_word' id='word_1_244' title='bbox 1684 1003 1770 1031; x_wconf 66' lang='lat' dir='ltr'><strong>flebat</strong></span> <span class='ocrx_word' id='word_1_245' title='bbox 1792 1003 1934 1033; x_wconf 81' lang='lat' dir='ltr'><strong>Kalendis</strong></span> <span class='ocrx_word' id='word_1_246' title='bbox 1954 1004 2059 1041; x_wconf 85' lang='lat' dir='ltr'><strong>Iuniis,</strong></span> <span class='ocrx_word' id='word_1_247' title='bbox 2090 1004 2170 1033; x_wconf 82' lang='lat' dir='ltr'><strong>unde</strong></span> 
     </span>
     <span class='ocr_line' id='line_1_20' title="bbox 214 1045 2169 1084; baseline 0.002 -12"><span class='ocrx_word' id='word_1_248' title='bbox 214 1045 312 1073; x_wconf 83' lang='lat' dir='ltr'><strong>dictae</strong></span> <span class='ocrx_word' id='word_1_249' title='bbox 335 1049 403 1072; x_wconf 85' lang='lat' dir='ltr'><strong>sunt</strong></span> <span class='ocrx_word' id='word_1_250' title='bbox 426 1045 575 1074; x_wconf 84' lang='lat' dir='ltr'><strong>Kalendae</strong></span> <span class='ocrx_word' id='word_1_251' title='bbox 599 1046 746 1082; x_wconf 69' lang='lat' dir='ltr'><strong>sabariae,</strong></span> <span class='ocrx_word' id='word_1_252' title='bbox 784 1047 851 1084; x_wconf 85' lang='lat' dir='ltr'><strong>quia</strong></span> <span class='ocrx_word' id='word_1_253' title='bbox 882 1046 938 1075; x_wconf 86' lang='lat' dir='ltr'><strong>hoc</strong></span> <span class='ocrx_word' id='word_1_254' title='bbox 967 1056 1065 1075; x_wconf 85' lang='lat' dir='ltr'><strong>mense</strong></span> <span class='ocrx_word' id='word_1_255' title='bbox 1094 1046 1210 1074; x_wconf 82' lang='lat' dir='ltr'><strong>adultae</strong></span> <span class='ocrx_word' id='word_1_256' title='bbox 1241 1045 1323 1074; x_wconf 79' lang='lat' dir='ltr'><strong>sabae</strong></span> <span class='ocrx_word' id='word_1_257' title='bbox 1354 1046 1463 1074; x_wconf 68' lang='lat' dir='ltr'><strong>divinis</strong></span> <span class='ocrx_word' id='word_1_258' title='bbox 1487 1046 1575 1074; x_wconf 83' lang='lat' dir='ltr'><strong>rebus</strong></span> <span class='ocrx_word' id='word_1_259' title='bbox 1599 1045 1820 1075; x_wconf 67' lang='lat' dir='ltr'><strong>adhiberentur.</strong></span> <span class='ocrx_word' id='word_1_260' title='bbox 1865 1049 1979 1075; x_wconf 80' lang='lat' dir='ltr'><strong>Auctor</strong></span> <span class='ocrx_word' id='word_1_261' title='bbox 2001 1047 2169 1076; x_wconf 81' lang='lat' dir='ltr'><strong>Macrobius</strong></span> 
     </span>
     <span class='ocr_line' id='line_1_21' title="bbox 214 1086 2169 1127; baseline 0.002 -12"><span class='ocrx_word' id='word_1_262' title='bbox 214 1087 319 1125; x_wconf 80' lang='lat' dir='ltr'><strong>(hb.I,</strong></span> <span class='ocrx_word' id='word_1_263' title='bbox 347 1086 418 1125; x_wconf 62' lang='lat'><strong>12).</strong></span> <span class='ocrx_word' id='word_1_264' title='bbox 463 1088 632 1127; x_wconf 85' lang='lat' dir='ltr'><strong>Eodemque</strong></span> <span class='ocrx_word' id='word_1_265' title='bbox 663 1089 711 1117; x_wconf 93' lang='lat' dir='ltr'><strong>die</strong></span> <span class='ocrx_word' id='word_1_266' title='bbox 743 1089 825 1126; x_wconf 87' lang='lat' dir='ltr'><strong>pulte</strong></span> <span class='ocrx_word' id='word_1_267' title='bbox 849 1089 977 1126; x_wconf 80' lang='lat' dir='ltr'><strong>fabaria,</strong></span> <span class='ocrx_word' id='word_1_268' title='bbox 1015 1094 1043 1117; x_wconf 85' lang='lat' dir='ltr'><strong>et</strong></span> <span class='ocrx_word' id='word_1_269' title='bbox 1065 1089 1160 1117; x_wconf 85' lang='lat' dir='ltr'><strong>larido</strong></span> <span class='ocrx_word' id='word_1_270' title='bbox 1186 1089 1314 1116; x_wconf 82' lang='lat' dir='ltr'><strong>Carneae</strong></span> <span class='ocrx_word' id='word_1_271' title='bbox 1338 1088 1408 1116; x_wconf 86' lang='lat' dir='ltr'><strong>deae</strong></span> <span class='ocrx_word' id='word_1_272' title='bbox 1432 1099 1478 1117; x_wconf 86' lang='lat' dir='ltr'><strong>res</strong></span> <span class='ocrx_word' id='word_1_273' title='bbox 1503 1089 1602 1116; x_wconf 84' lang='lat' dir='ltr'><strong>divina</strong></span> <span class='ocrx_word' id='word_1_274' title='bbox 1626 1089 1722 1117; x_wconf 77' lang='lat' dir='ltr'><strong>tiebat.</strong></span> <span class='ocrx_word' id='word_1_275' title='bbox 1766 1090 1868 1127; x_wconf 82' lang='lat' dir='ltr'><strong>Neque</strong></span> <span class='ocrx_word' id='word_1_276' title='bbox 1891 1089 1970 1118; x_wconf 84' lang='lat' dir='ltr'><strong>aliud</strong></span> <span class='ocrx_word' id='word_1_277' title='bbox 1993 1089 2169 1126; x_wconf 81' lang='lat' dir='ltr'><strong>intelligitur</strong></span> 
     </span>
     <span class='ocr_line' id='line_1_22' title="bbox 213 1128 2169 1173; baseline 0.002 -15"><span class='ocrx_word' id='word_1_278' title='bbox 213 1129 243 1158; x_wconf 89' lang='lat' dir='ltr'><strong>in</strong></span> <span class='ocrx_word' id='word_1_279' title='bbox 267 1129 325 1158; x_wconf 86' lang='lat' dir='ltr'><strong>fine</strong></span> <span class='ocrx_word' id='word_1_280' title='bbox 348 1128 458 1158; x_wconf 78' lang='lat' dir='ltr'><strong>horum</strong></span> <span class='ocrx_word' id='word_1_281' title='bbox 482 1131 559 1159; x_wconf 80' lang='lat' dir='ltr'><strong>Festi</strong></span> <span class='ocrx_word' id='word_1_282' title='bbox 582 1132 761 1168; x_wconf 88' lang='lat' dir='ltr'><strong>verborum,</strong></span> <span class='ocrx_word' id='word_1_283' title='bbox 785 1142 852 1160; x_wconf 88' lang='lat' dir='ltr'><strong>cum</strong></span> <span class='ocrx_word' id='word_1_284' title='bbox 873 1130 940 1171; x_wconf 84' lang='lat' dir='ltr'><strong>puls</strong></span> <span class='ocrx_word' id='word_1_285' title='bbox 954 1130 1071 1173; x_wconf 78' lang='lat' dir='ltr'><strong>fabata</strong></span> <span class='ocrx_word' id='word_1_286' title='bbox 1096 1130 1152 1159; x_wconf 77' lang='lat' dir='ltr'><strong>diis</strong></span> <span class='ocrx_word' id='word_1_287' title='bbox 1176 1130 1280 1168; x_wconf 77' lang='lat' dir='ltr'><strong>datur,</strong></span> <span class='ocrx_word' id='word_1_288' title='bbox 1304 1136 1358 1159; x_wconf 83' lang='lat' dir='ltr'><strong>etc.</strong></span> <span class='ocrx_word' id='word_1_289' title='bbox 1383 1130 1482 1160; x_wconf 84' lang='lat' dir='ltr'><strong>Scal.</strong></span> <span class='ocrx_word' id='word_1_290' title='bbox 1519 1132 1641 1160; x_wconf 79' lang='lat' dir='ltr'><strong>Resriva</strong></span> <span class='ocrx_word' id='word_1_291' title='bbox 1661 1131 1751 1162; x_wconf 79' lang='lat' dir='ltr'><strong>sabra.</strong></span> <span class='ocrx_word' id='word_1_292' title='bbox 1789 1131 1826 1160; x_wconf 81' lang='lat' dir='ltr'><strong>Ut</strong></span> <span class='ocrx_word' id='word_1_293' title='bbox 1843 1133 1894 1161; x_wconf 80' lang='lat' dir='ltr'><strong>aii.</strong></span> <span class='ocrx_word' id='word_1_294' title='bbox 1920 1132 1982 1161; x_wconf 90' lang='lat' dir='ltr'><strong>Via.</strong></span> <span class='ocrx_word' id='word_1_295' title='bbox 2013 1132 2169 1162; x_wconf 75' lang='lat' dir='ltr'><strong>Revocent.</strong></span> 
     </span>
     <span class='ocr_line' id='line_1_23' title="bbox 212 1172 1157 1214; baseline 0.002 -13"><span class='ocrx_word' id='word_1_296' title='bbox 212 1173 376 1201; x_wconf 86' lang='lat' dir='ltr'><strong>Revocant.</strong></span> <span class='ocrx_word' id='word_1_297' title='bbox 415 1172 549 1214; x_wconf 67' lang='lat' dir='ltr'><strong>Refriva.</strong></span> <span class='ocrx_word' id='word_1_298' title='bbox 577 1175 736 1203; x_wconf 80' lang='lat' dir='ltr'><strong>Resrivaui.</strong></span> <span class='ocrx_word' id='word_1_299' title='bbox 777 1173 868 1212; x_wconf 78' lang='lat' dir='ltr'><strong>Quae.</strong></span> <span class='ocrx_word' id='word_1_300' title='bbox 899 1175 1004 1210; x_wconf 85' lang='lat' dir='ltr'><strong>Quam.</strong></span> <span class='ocrx_word' id='word_1_301' title='bbox 1053 1172 1157 1203; x_wconf 75' lang='lat' dir='ltr'><strong>Goth.</strong></span> 
     </span>
    </p>
   </div>
   <div class='ocr_carea' id='block_1_4' title="bbox 213 1223 2168 1307">
    <p class='ocr_par' dir='ltr' id='par_1_7' title="bbox 213 1223 2168 1307">
     <span class='ocr_line' id='line_1_24' title="bbox 379 1223 2168 1264; baseline 0.001 -13"><span class='ocrx_word' id='word_1_302' title='bbox 379 1223 565 1253; x_wconf 80' lang='lat' dir='ltr'><strong>Remeare.</strong></span> <span class='ocrx_word' id='word_1_303' title='bbox 613 1226 725 1253; x_wconf 83' lang='lat' dir='ltr'><strong>Afranii</strong></span> <span class='ocrx_word' id='word_1_304' title='bbox 744 1225 938 1260; x_wconf 77' lang='lat' dir='ltr'><strong>Octonarius,</strong></span> <span class='ocrx_word' id='word_1_305' title='bbox 963 1230 997 1253; x_wconf 87' lang='lat' dir='ltr'><strong>ut</strong></span> <span class='ocrx_word' id='word_1_306' title='bbox 1019 1225 1060 1254; x_wconf 90' lang='lat' dir='ltr'><strong>ait</strong></span> <span class='ocrx_word' id='word_1_307' title='bbox 1082 1225 1212 1253; x_wconf 85' lang='lat' dir='ltr'><strong>Faernus</strong></span> <span class='ocrx_word' id='word_1_308' title='bbox 1235 1229 1351 1260; x_wconf 85' lang='lat' dir='ltr'><strong>noster,</strong></span> <span class='ocrx_word' id='word_1_309' title='bbox 1379 1235 1439 1253; x_wconf 86' lang='lat' dir='ltr'><strong>non</strong></span> <span class='ocrx_word' id='word_1_310' title='bbox 1461 1225 1577 1264; x_wconf 84' lang='lat' dir='ltr'><strong>patitur</strong></span> <span class='ocrx_word' id='word_1_311' title='bbox 1599 1224 1722 1253; x_wconf 81' lang='lat' dir='ltr'><strong>verbum</strong></span> <span class='ocrx_word' id='word_1_312' title='bbox 1746 1223 1864 1262; x_wconf 77' lang='lat' dir='ltr'><strong>ludum,</strong></span> <span class='ocrx_word' id='word_1_313' title='bbox 1886 1225 1955 1254; x_wconf 86' lang='lat' dir='ltr'><strong>ideo</strong></span> <span class='ocrx_word' id='word_1_314' title='bbox 1978 1224 2168 1254; x_wconf 85' lang='lat' dir='ltr'><strong>scribendum</strong></span> 
     </span>
     <span class='ocr_line' id='line_1_25' title="bbox 213 1265 1775 1307; baseline 0 -12"><span class='ocrx_word' id='word_1_315' title='bbox 213 1276 277 1296; x_wconf 86' lang='lat' dir='ltr'><strong>esse</strong></span> <span class='ocrx_word' id='word_1_316' title='bbox 300 1265 415 1304; x_wconf 81' lang='lat' dir='ltr'><strong>locum,</strong></span> <span class='ocrx_word' id='word_1_317' title='bbox 441 1267 491 1295; x_wconf 80' lang='lat' dir='ltr'><strong>vel</strong></span> <span class='ocrx_word' id='word_1_318' title='bbox 514 1268 571 1296; x_wconf 85' lang='lat' dir='ltr'><strong>tale</strong></span> <span class='ocrx_word' id='word_1_319' title='bbox 594 1269 716 1307; x_wconf 81' lang='lat' dir='ltr'><strong>aliquod</strong></span> <span class='ocrx_word' id='word_1_320' title='bbox 742 1268 874 1297; x_wconf 78' lang='lat' dir='ltr'><strong>verbum.</strong></span> <span class='ocrx_word' id='word_1_321' title='bbox 897 1267 985 1297; x_wconf 79' lang='lat' dir='ltr'><strong>Ant.</strong></span> <span class='ocrx_word' id='word_1_322' title='bbox 1009 1267 1102 1306; x_wconf 80' lang='lat' dir='ltr'><strong>Aug.</strong></span> <span class='ocrx_word' id='word_1_323' title='bbox 1150 1268 1257 1296; x_wconf 84' lang='lat' dir='ltr'><strong>Versus</strong></span> <span class='ocrx_word' id='word_1_324' title='bbox 1282 1267 1396 1296; x_wconf 72' lang='lat' dir='ltr'><strong>Afranii</strong></span> <span class='ocrx_word' id='word_1_325' title='bbox 1419 1268 1532 1306; x_wconf 82' lang='lat' dir='ltr'><strong>indiget</strong></span> <span class='ocrx_word' id='word_1_326' title='bbox 1555 1268 1775 1297; x_wconf 80' lang='lat' dir='ltr'><strong>emendatione:</strong></span> 
     </span>
    </p>
   </div>
   <div class='ocr_carea' id='block_1_5' title="bbox 209 1317 2166 2021">
    <p class='ocr_par' dir='ltr' id='par_1_8' title="bbox 752 1317 1441 1358">
     <span class='ocr_line' id='line_1_26' title="bbox 752 1317 1441 1358; baseline 0 -11"><span class='ocrx_word' id='word_1_327' title='bbox 752 1318 852 1348; x_wconf 70' lang='lat' dir='ltr'><strong>Vetuit</strong></span> <span class='ocrx_word' id='word_1_328' title='bbox 875 1330 919 1347; x_wconf 85' lang='lat' dir='ltr'><strong>me</strong></span> <span class='ocrx_word' id='word_1_329' title='bbox 941 1319 1001 1347; x_wconf 79' lang='lat' dir='ltr'><strong>sine</strong></span> <span class='ocrx_word' id='word_1_330' title='bbox 1022 1317 1151 1348; x_wconf 74' lang='lat' dir='ltr'><strong>mercede</strong></span> <span class='ocrx_word' id='word_1_331' title='bbox 1171 1330 1290 1358; x_wconf 77' lang='lat' dir='ltr'><strong>prosum</strong></span> <span class='ocrx_word' id='word_1_332' title='bbox 1316 1317 1441 1348; x_wconf 78' lang='lat' dir='ltr'><strong>Paccius</strong></span> 
     </span>
    </p>

    <p class='ocr_par' dir='ltr' id='par_1_9' title="bbox 211 1360 1074 1443">
     <span class='ocr_line' id='line_1_27' title="bbox 748 1360 1074 1391; baseline 0.003 -1"><span class='ocrx_word' id='word_1_333' title='bbox 748 1362 888 1391; x_wconf 83' lang='lat' dir='ltr'><strong>Remeare</strong></span> <span class='ocrx_word' id='word_1_334' title='bbox 909 1362 939 1390; x_wconf 84' lang='lat' dir='ltr'><strong>in</strong></span> <span class='ocrx_word' id='word_1_335' title='bbox 962 1360 1074 1391; x_wconf 79' lang='lat' dir='ltr'><strong>ludum.</strong></span> 
     </span>
     <span class='ocr_line' id='line_1_28' title="bbox 211 1400 718 1443; baseline 0.006 -13"><span class='ocrx_word' id='word_1_336' title='bbox 211 1400 316 1431; x_wconf 82' lang='lat' dir='ltr'><strong>Scal.</strong></span> <span class='ocrx_word' id='word_1_337' title='bbox 344 1403 425 1442; x_wconf 74' lang='lat' dir='ltr'><strong>Virg.</strong></span> <span class='ocrx_word' id='word_1_338' title='bbox 449 1404 546 1442; x_wconf 75' lang='lat' dir='ltr'><strong>(Aen.)</strong></span> <span class='ocrx_word' id='word_1_339' title='bbox 564 1404 604 1442; x_wconf 85' lang='lat'><strong>11,</strong></span> <span class='ocrx_word' id='word_1_340' title='bbox 629 1404 718 1443; x_wconf 85' lang='lat'><strong>(95.):</strong></span> 
     </span>
    </p>

    <p class='ocr_par' dir='ltr' id='par_1_10' title="bbox 209 1445 2166 1665">
     <span class='ocr_line' id='line_1_29' title="bbox 749 1445 1573 1488; baseline 0 -13"><span class='ocrx_word' id='word_1_341' title='bbox 749 1446 784 1476; x_wconf 83' lang='lat' dir='ltr'><strong>Si</strong></span> <span class='ocrx_word' id='word_1_342' title='bbox 802 1448 917 1487; x_wconf 76' lang='lat' dir='ltr'><strong>patrios</strong></span> <span class='ocrx_word' id='word_1_343' title='bbox 941 1459 1069 1488; x_wconf 77' lang='lat' dir='ltr'><strong>unquam</strong></span> <span class='ocrx_word' id='word_1_344' title='bbox 1093 1458 1259 1476; x_wconf 76' lang='lat' dir='ltr'><strong>remeassem</strong></span> <span class='ocrx_word' id='word_1_345' title='bbox 1283 1448 1377 1476; x_wconf 76' lang='lat' dir='ltr'><strong>victor</strong></span> <span class='ocrx_word' id='word_1_346' title='bbox 1400 1445 1440 1474; x_wconf 77' lang='lat' dir='ltr'><strong>ad</strong></span> <span class='ocrx_word' id='word_1_347' title='bbox 1461 1446 1573 1486; x_wconf 75' lang='lat' dir='ltr'><strong>Argos.</strong></span> 
     </span>
     <span class='ocr_line' id='line_1_30' title="bbox 210 1496 2166 1537; baseline 0.001 -14"><span class='ocrx_word' id='word_1_348' title='bbox 210 1496 397 1533; x_wconf 79' lang='lat' dir='ltr'><strong>Commeare,</strong></span> <span class='ocrx_word' id='word_1_349' title='bbox 424 1497 465 1526; x_wconf 83' lang='lat' dir='ltr'><strong>ire</strong></span> <span class='ocrx_word' id='word_1_350' title='bbox 489 1503 517 1526; x_wconf 88' lang='lat' dir='ltr'><strong>et</strong></span> <span class='ocrx_word' id='word_1_351' title='bbox 540 1498 647 1527; x_wconf 84' lang='lat' dir='ltr'><strong>redire.</strong></span> <span class='ocrx_word' id='word_1_352' title='bbox 692 1498 778 1526; x_wconf 87' lang='lat' dir='ltr'><strong>Unde</strong></span> <span class='ocrx_word' id='word_1_353' title='bbox 803 1499 990 1526; x_wconf 83' lang='lat' dir='ltr'><strong>Connueatus</strong></span> <span class='ocrx_word' id='word_1_354' title='bbox 1013 1498 1123 1527; x_wconf 79' lang='lat' dir='ltr'><strong>dicitur</strong></span> <span class='ocrx_word' id='word_1_355' title='bbox 1146 1499 1273 1537; x_wconf 85' lang='lat' dir='ltr'><strong>spatium</strong></span> <span class='ocrx_word' id='word_1_356' title='bbox 1299 1497 1381 1536; x_wconf 89' lang='lat' dir='ltr'><strong>quod</strong></span> <span class='ocrx_word' id='word_1_357' title='bbox 1405 1496 1605 1533; x_wconf 86' lang='lat' dir='ltr'><strong>commeandi,</strong></span> <span class='ocrx_word' id='word_1_358' title='bbox 1634 1496 1663 1525; x_wconf 86' lang='lat' dir='ltr'><strong>id</strong></span> <span class='ocrx_word' id='word_1_359' title='bbox 1689 1501 1733 1525; x_wconf 87' lang='lat' dir='ltr'><strong>est</strong></span> <span class='ocrx_word' id='word_1_360' title='bbox 1756 1497 1846 1525; x_wconf 88' lang='lat' dir='ltr'><strong>eundi</strong></span> <span class='ocrx_word' id='word_1_361' title='bbox 1870 1501 1898 1525; x_wconf 91' lang='lat' dir='ltr'><strong>et</strong></span> <span class='ocrx_word' id='word_1_362' title='bbox 1920 1496 2065 1525; x_wconf 82' lang='lat' dir='ltr'><strong>redeundi</strong></span> <span class='ocrx_word' id='word_1_363' title='bbox 2088 1497 2166 1525; x_wconf 83' lang='lat' dir='ltr'><strong>mili—</strong></span> 
     </span>
     <span class='ocr_line' id='line_1_31' title="bbox 209 1537 2166 1578; baseline 0.001 -12"><span class='ocrx_word' id='word_1_364' title='bbox 209 1539 305 1574; x_wconf 79' lang='lat' dir='ltr'><strong>tibus,</strong></span> <span class='ocrx_word' id='word_1_365' title='bbox 330 1540 443 1578; x_wconf 83' lang='lat' dir='ltr'><strong>privati</strong></span> <span class='ocrx_word' id='word_1_366' title='bbox 465 1541 576 1578; x_wconf 71' lang='lat' dir='ltr'><strong>negotii</strong></span> <span class='ocrx_word' id='word_1_367' title='bbox 599 1540 719 1578; x_wconf 72' lang='lat' dir='ltr'><strong>gerendi</strong></span> <span class='ocrx_word' id='word_1_368' title='bbox 744 1551 846 1568; x_wconf 86' lang='lat' dir='ltr'><strong>caussa</strong></span> <span class='ocrx_word' id='word_1_369' title='bbox 871 1541 1056 1570; x_wconf 84' lang='lat' dir='ltr'><strong>conceditur.</strong></span> <span class='ocrx_word' id='word_1_370' title='bbox 1079 1541 1168 1571; x_wconf 82' lang='lat' dir='ltr'><strong>Dae.</strong></span> <span class='ocrx_word' id='word_1_371' title='bbox 1210 1540 1292 1568; x_wconf 85' lang='lat' dir='ltr'><strong>Adde</strong></span> <span class='ocrx_word' id='word_1_372' title='bbox 1316 1541 1450 1570; x_wconf 80' lang='lat' dir='ltr'><strong>Remant.</strong></span> <span class='ocrx_word' id='word_1_373' title='bbox 1477 1539 1659 1568; x_wconf 73' lang='lat' dir='ltr'><strong>Commeatus</strong></span> <span class='ocrx_word' id='word_1_374' title='bbox 1681 1537 1748 1568; x_wconf 72' lang='lat' dir='ltr'><strong>clari</strong></span> <span class='ocrx_word' id='word_1_375' title='bbox 1772 1538 1889 1569; x_wconf 73' lang='lat' dir='ltr'><strong>dicitur.</strong></span> <span class='ocrx_word' id='word_1_376' title='bbox 1918 1539 1961 1567; x_wconf 84' lang='lat' dir='ltr'><strong>lta</strong></span> <span class='ocrx_word' id='word_1_377' title='bbox 1986 1544 2166 1567; x_wconf 75' lang='lat' dir='ltr'><strong>commeatus</strong></span> 
     </span>
     <span class='ocr_line' id='line_1_32' title="bbox 210 1581 2165 1620; baseline 0.002 -12"><span class='ocrx_word' id='word_1_378' title='bbox 210 1582 360 1619; x_wconf 79' lang='lat' dir='ltr'><strong>accipitur</strong></span> <span class='ocrx_word' id='word_1_379' title='bbox 383 1583 413 1610; x_wconf 91' lang='lat' dir='ltr'><strong>in</strong></span> <span class='ocrx_word' id='word_1_380' title='bbox 438 1583 457 1611; x_wconf 87' lang='lat'><strong>1.</strong></span> <span class='ocrx_word' id='word_1_381' title='bbox 470 1586 499 1613; x_wconf 80' lang='lat'><strong>2.</strong></span> <span class='ocrx_word' id='word_1_382' title='bbox 525 1583 556 1610; x_wconf 86' lang='lat' dir='ltr'><strong>in</strong></span> <span class='ocrx_word' id='word_1_383' title='bbox 579 1583 600 1612; x_wconf 84' lang='lat' dir='ltr'><strong>f.</strong></span> <span class='ocrx_word' id='word_1_384' title='bbox 623 1583 653 1610; x_wconf 78' lang='lat' dir='ltr'><strong>ff.</strong></span> <span class='ocrx_word' id='word_1_385' title='bbox 678 1582 715 1611; x_wconf 86' lang='lat' dir='ltr'><strong>ad</strong></span> <span class='ocrx_word' id='word_1_386' title='bbox 738 1583 880 1620; x_wconf 77' lang='lat' dir='ltr'><strong>municip.</strong></span> <span class='ocrx_word' id='word_1_387' title='bbox 905 1583 922 1611; x_wconf 89' lang='lat' dir='ltr'><strong>l.</strong></span> <span class='ocrx_word' id='word_1_388' title='bbox 940 1586 966 1612; x_wconf 84' lang='lat'><strong>1.</strong></span> <span class='ocrx_word' id='word_1_389' title='bbox 991 1589 1020 1611; x_wconf 83' lang='lat' dir='ltr'><strong>et</strong></span> <span class='ocrx_word' id='word_1_390' title='bbox 1044 1584 1061 1612; x_wconf 92' lang='lat' dir='ltr'><strong>l.</strong></span> <span class='ocrx_word' id='word_1_391' title='bbox 1077 1586 1105 1614; x_wconf 82' lang='lat'><strong>3.</strong></span> <span class='ocrx_word' id='word_1_392' title='bbox 1131 1585 1216 1620; x_wconf 85' lang='lat'><strong>§.7.·,</strong></span> <span class='ocrx_word' id='word_1_393' title='bbox 1250 1583 1270 1612; x_wconf 87' lang='lat' dir='ltr'><strong>l.</strong></span> <span class='ocrx_word' id='word_1_394' title='bbox 1286 1582 1332 1613; x_wconf 83' lang='lat'><strong>14.</strong></span> <span class='ocrx_word' id='word_1_395' title='bbox 1347 1582 1376 1612; x_wconf 77' lang='lat' dir='ltr'><strong>ss&#39;.</strong></span> <span class='ocrx_word' id='word_1_396' title='bbox 1401 1582 1438 1611; x_wconf 88' lang='lat' dir='ltr'><strong>de</strong></span> <span class='ocrx_word' id='word_1_397' title='bbox 1461 1592 1493 1611; x_wconf 89' lang='lat' dir='ltr'><strong>re</strong></span> <span class='ocrx_word' id='word_1_398' title='bbox 1517 1581 1654 1618; x_wconf 70' lang='lat' dir='ltr'><strong>militari,</strong></span> <span class='ocrx_word' id='word_1_399' title='bbox 1690 1587 1718 1610; x_wconf 85' lang='lat' dir='ltr'><strong>et</strong></span> <span class='ocrx_word' id='word_1_400' title='bbox 1741 1582 1757 1609; x_wconf 91' lang='lat' dir='ltr'><strong>l.</strong></span> <span class='ocrx_word' id='word_1_401' title='bbox 1776 1585 1803 1612; x_wconf 87' lang='lat'><strong>1.</strong></span> <span class='ocrx_word' id='word_1_402' title='bbox 1828 1582 1900 1612; x_wconf 81' lang='lat' dir='ltr'><strong>cod.</strong></span> <span class='ocrx_word' id='word_1_403' title='bbox 1925 1581 1961 1611; x_wconf 86' lang='lat' dir='ltr'><strong>de</strong></span> <span class='ocrx_word' id='word_1_404' title='bbox 1991 1587 2165 1611; x_wconf 81' lang='lat' dir='ltr'><strong>commeatu.</strong></span> 
     </span>
     <span class='ocr_line' id='line_1_33' title="bbox 209 1622 1156 1665; baseline 0.001 -13"><span class='ocrx_word' id='word_1_405' title='bbox 209 1622 317 1655; x_wconf 77' lang='lat' dir='ltr'><strong>Possit.</strong></span> <span class='ocrx_word' id='word_1_406' title='bbox 352 1625 426 1660; x_wconf 86' lang='lat' dir='ltr'><strong>Quis</strong></span> <span class='ocrx_word' id='word_1_407' title='bbox 449 1626 552 1663; x_wconf 84' lang='lat' dir='ltr'><strong>possit.</strong></span> <span class='ocrx_word' id='word_1_408' title='bbox 590 1624 760 1665; x_wconf 77' lang='lat' dir='ltr'><strong>Redireque.</strong></span> <span class='ocrx_word' id='word_1_409' title='bbox 792 1626 900 1653; x_wconf 82' lang='lat' dir='ltr'><strong>Redire</strong></span> <span class='ocrx_word' id='word_1_410' title='bbox 924 1636 1002 1654; x_wconf 85' lang='lat' dir='ltr'><strong>cum.</strong></span> <span class='ocrx_word' id='word_1_411' title='bbox 1052 1624 1156 1654; x_wconf 78' lang='lat' dir='ltr'><strong>Goth.</strong></span> 
     </span>
    </p>

    <p class='ocr_par' dir='ltr' id='par_1_11' title="bbox 211 1672 2166 1969">
     <span class='ocr_line' id='line_1_34' title="bbox 371 1672 2165 1714; baseline 0 -10"><span class='ocrx_word' id='word_1_412' title='bbox 371 1675 637 1714; x_wconf 73' lang='lat' dir='ltr'><strong>Remeligines.</strong></span> <span class='ocrx_word' id='word_1_413' title='bbox 685 1676 793 1704; x_wconf 85' lang='lat' dir='ltr'><strong>Versus</strong></span> <span class='ocrx_word' id='word_1_414' title='bbox 816 1677 927 1712; x_wconf 77' lang='lat' dir='ltr'><strong>Plauti,</strong></span> <span class='ocrx_word' id='word_1_415' title='bbox 951 1676 980 1704; x_wconf 87' lang='lat' dir='ltr'><strong>ni</strong></span> <span class='ocrx_word' id='word_1_416' title='bbox 1004 1675 1109 1711; x_wconf 82' lang='lat' dir='ltr'><strong>fallor,</strong></span> <span class='ocrx_word' id='word_1_417' title='bbox 1135 1681 1178 1704; x_wconf 88' lang='lat' dir='ltr'><strong>est</strong></span> <span class='ocrx_word' id='word_1_418' title='bbox 1200 1676 1229 1704; x_wconf 88' lang='lat' dir='ltr'><strong>in</strong></span> <span class='ocrx_word' id='word_1_419' title='bbox 1254 1676 1358 1704; x_wconf 84' lang='lat' dir='ltr'><strong>Casina</strong></span> <span class='ocrx_word' id='word_1_420' title='bbox 1382 1675 1522 1704; x_wconf 78' lang='lat' dir='ltr'><strong>mendose</strong></span> <span class='ocrx_word' id='word_1_421' title='bbox 1545 1675 1658 1703; x_wconf 85' lang='lat' dir='ltr'><strong>editus:</strong></span> <span class='ocrx_word' id='word_1_422' title='bbox 1683 1673 1762 1703; x_wconf 84' lang='lat' dir='ltr'><strong>Nam</strong></span> <span class='ocrx_word' id='word_1_423' title='bbox 1786 1672 1859 1714; x_wconf 75' lang='lat' dir='ltr'><strong>quid</strong></span> <span class='ocrx_word' id='word_1_424' title='bbox 1881 1672 1969 1704; x_wconf 83' lang='lat' dir='ltr'><strong>illaec</strong></span> <span class='ocrx_word' id='word_1_425' title='bbox 1992 1686 2069 1705; x_wconf 77' lang='lat' dir='ltr'><strong>nunc</strong></span> <span class='ocrx_word' id='word_1_426' title='bbox 2090 1683 2165 1704; x_wconf 74' lang='lat' dir='ltr'><strong>iam-</strong></span> 
     </span>
     <span class='ocr_line' id='line_1_35' title="bbox 212 1714 2166 1758; baseline 0.002 -14"><span class='ocrx_word' id='word_1_427' title='bbox 212 1714 261 1745; x_wconf 78' lang='lat' dir='ltr'><strong>diu</strong></span> <span class='ocrx_word' id='word_1_428' title='bbox 284 1718 362 1746; x_wconf 73' lang='lat' dir='ltr'><strong>intus</strong></span> <span class='ocrx_word' id='word_1_429' title='bbox 385 1726 547 1746; x_wconf 80' lang='lat' dir='ltr'><strong>remoratur</strong></span> <span class='ocrx_word' id='word_1_430' title='bbox 569 1718 654 1758; x_wconf 82' lang='lat' dir='ltr'><strong>quasi</strong></span> <span class='ocrx_word' id='word_1_431' title='bbox 676 1717 712 1747; x_wconf 79' lang='lat' dir='ltr'><strong>ob</strong></span> <span class='ocrx_word' id='word_1_432' title='bbox 735 1718 920 1747; x_wconf 75' lang='lat' dir='ltr'><strong>industriam.</strong></span> <span class='ocrx_word' id='word_1_433' title='bbox 963 1718 1076 1746; x_wconf 82' lang='lat' dir='ltr'><strong>Afranii</strong></span> <span class='ocrx_word' id='word_1_434' title='bbox 1100 1724 1197 1747; x_wconf 77' lang='lat' dir='ltr'><strong>autem</strong></span> <span class='ocrx_word' id='word_1_435' title='bbox 1221 1729 1325 1748; x_wconf 81' lang='lat' dir='ltr'><strong>versus</strong></span> <span class='ocrx_word' id='word_1_436' title='bbox 1349 1718 1509 1747; x_wconf 81' lang='lat' dir='ltr'><strong>mendosus</strong></span> <span class='ocrx_word' id='word_1_437' title='bbox 1535 1723 1585 1748; x_wconf 84' lang='lat' dir='ltr'><strong>est.</strong></span> <span class='ocrx_word' id='word_1_438' title='bbox 1609 1718 1698 1747; x_wconf 75' lang='lat' dir='ltr'><strong>Ant.</strong></span> <span class='ocrx_word' id='word_1_439' title='bbox 1722 1717 1815 1755; x_wconf 77' lang='lat' dir='ltr'><strong>Aug.</strong></span> <span class='ocrx_word' id='word_1_440' title='bbox 1860 1716 1913 1745; x_wconf 89' lang='lat' dir='ltr'><strong>Vel</strong></span> <span class='ocrx_word' id='word_1_441' title='bbox 1937 1716 2115 1756; x_wconf 75' lang='lat' dir='ltr'><strong>remeligines</strong></span> <span class='ocrx_word' id='word_1_442' title='bbox 2137 1724 2166 1748; x_wconf 88' lang='lat' dir='ltr'><strong>et</strong></span> 
     </span>
     <span class='ocr_line' id='line_1_36' title="bbox 211 1758 2166 1800; baseline 0.002 -14"><span class='ocrx_word' id='word_1_443' title='bbox 211 1770 337 1788; x_wconf 78' lang='lat' dir='ltr'><strong>remorae</strong></span> <span class='ocrx_word' id='word_1_444' title='bbox 361 1770 420 1788; x_wconf 89' lang='lat' dir='ltr'><strong>non</strong></span> <span class='ocrx_word' id='word_1_445' title='bbox 443 1766 512 1788; x_wconf 83' lang='lat' dir='ltr'><strong>sunt</strong></span> <span class='ocrx_word' id='word_1_446' title='bbox 534 1761 662 1789; x_wconf 87' lang='lat' dir='ltr'><strong>eiusdem</strong></span> <span class='ocrx_word' id='word_1_447' title='bbox 686 1761 825 1799; x_wconf 82' lang='lat' dir='ltr'><strong>originis,</strong></span> <span class='ocrx_word' id='word_1_448' title='bbox 855 1761 903 1789; x_wconf 83' lang='lat' dir='ltr'><strong>vel</strong></span> <span class='ocrx_word' id='word_1_449' title='bbox 925 1761 1100 1799; x_wconf 82' lang='lat' dir='ltr'><strong>legendum:</strong></span> <span class='ocrx_word' id='word_1_450' title='bbox 1135 1762 1345 1800; x_wconf 73' lang='lat' dir='ltr'><strong>remoragines,</strong></span> <span class='ocrx_word' id='word_1_451' title='bbox 1375 1766 1407 1789; x_wconf 87' lang='lat' dir='ltr'><strong>ut</strong></span> <span class='ocrx_word' id='word_1_452' title='bbox 1429 1760 1573 1789; x_wconf 88' lang='lat' dir='ltr'><strong>Lambino</strong></span> <span class='ocrx_word' id='word_1_453' title='bbox 1596 1760 1720 1799; x_wconf 85' lang='lat' dir='ltr'><strong>placuit.</strong></span> <span class='ocrx_word' id='word_1_454' title='bbox 1766 1758 1855 1794; x_wconf 86' lang='lat' dir='ltr'><strong>Quod</strong></span> <span class='ocrx_word' id='word_1_455' title='bbox 1878 1761 1901 1787; x_wconf 93' lang='lat' dir='ltr'><strong>si</strong></span> <span class='ocrx_word' id='word_1_456' title='bbox 1924 1769 1993 1787; x_wconf 85' lang='lat' dir='ltr'><strong>vera</strong></span> <span class='ocrx_word' id='word_1_457' title='bbox 2016 1760 2105 1789; x_wconf 88' lang='lat' dir='ltr'><strong>lectio</strong></span> <span class='ocrx_word' id='word_1_458' title='bbox 2127 1761 2166 1790; x_wconf 83' lang='lat' dir='ltr'><strong>sit</strong></span> 
     </span>
     <span class='ocr_line' id='line_1_37' title="bbox 212 1800 2165 1842; baseline 0.002 -14"><span class='ocrx_word' id='word_1_459' title='bbox 212 1800 404 1840; x_wconf 69' lang='lat' dir='ltr'><strong>remeligines,</strong></span> <span class='ocrx_word' id='word_1_460' title='bbox 435 1813 538 1831; x_wconf 86' lang='lat' dir='ltr'><strong>verum</strong></span> <span class='ocrx_word' id='word_1_461' title='bbox 563 1804 635 1840; x_wconf 86' lang='lat' dir='ltr'><strong>erit,</strong></span> <span class='ocrx_word' id='word_1_462' title='bbox 667 1804 745 1842; x_wconf 87' lang='lat' dir='ltr'><strong>quod</strong></span> <span class='ocrx_word' id='word_1_463' title='bbox 770 1804 862 1833; x_wconf 84' lang='lat' dir='ltr'><strong>sensit</strong></span> <span class='ocrx_word' id='word_1_464' title='bbox 884 1804 978 1840; x_wconf 89' lang='lat' dir='ltr'><strong>Sca1.,</strong></span> <span class='ocrx_word' id='word_1_465' title='bbox 1007 1814 1068 1832; x_wconf 85' lang='lat' dir='ltr'><strong>esse</strong></span> <span class='ocrx_word' id='word_1_466' title='bbox 1092 1804 1127 1832; x_wconf 86' lang='lat' dir='ltr'><strong>ab</strong></span> <span class='ocrx_word' id='word_1_467' title='bbox 1151 1804 1273 1842; x_wconf 82' lang='lat' dir='ltr'><strong>antiquo</strong></span> <span class='ocrx_word' id='word_1_468' title='bbox 1296 1802 1429 1840; x_wconf 79' lang='lat' dir='ltr'><strong>remello,</strong></span> <span class='ocrx_word' id='word_1_469' title='bbox 1453 1802 1534 1842; x_wconf 83' lang='lat' dir='ltr'><strong>quod</strong></span> <span class='ocrx_word' id='word_1_470' title='bbox 1558 1807 1602 1831; x_wconf 84' lang='lat' dir='ltr'><strong>est</strong></span> <span class='ocrx_word' id='word_1_471' title='bbox 1625 1800 1759 1839; x_wconf 64' lang='grc' dir='ltr'><strong>νεῖαι-εἷος</strong></span> <span class='ocrx_word' id='word_1_472' title='bbox 1788 1811 1855 1829; x_wconf 86' lang='lat' dir='ltr'><strong>nam</strong></span> <span class='ocrx_word' id='word_1_473' title='bbox 1878 1806 1906 1830; x_wconf 86' lang='lat' dir='ltr'><strong>et</strong></span> <span class='ocrx_word' id='word_1_474' title='bbox 1925 1800 2084 1841; x_wconf 64' lang='lat' dir='ltr'><strong>promeae,</strong></span> <span class='ocrx_word' id='word_1_475' title='bbox 2107 1803 2165 1832; x_wconf 86' lang='lat' dir='ltr'><strong>hoc</strong></span> 
     </span>
     <span class='ocr_line' id='line_1_38' title="bbox 213 1844 2164 1885; baseline 0.002 -14"><span class='ocrx_word' id='word_1_476' title='bbox 213 1848 256 1870; x_wconf 75' lang='lat' dir='ltr'><strong>est</strong></span> <span class='ocrx_word' id='word_1_477' title='bbox 276 1846 479 1882; x_wconf 75' lang='lat' dir='ltr'><strong>procrastino,</strong></span> <span class='ocrx_word' id='word_1_478' title='bbox 518 1846 656 1874; x_wconf 81' lang='lat' dir='ltr'><strong>dicebant.</strong></span> <span class='ocrx_word' id='word_1_479' title='bbox 686 1851 816 1883; x_wconf 80' lang='lat' dir='ltr'><strong>veteres,</strong></span> <span class='ocrx_word' id='word_1_480' title='bbox 853 1852 887 1875; x_wconf 90' lang='lat' dir='ltr'><strong>ut</strong></span> <span class='ocrx_word' id='word_1_481' title='bbox 915 1857 969 1875; x_wconf 91' lang='lat' dir='ltr'><strong>suo</strong></span> <span class='ocrx_word' id='word_1_482' title='bbox 1000 1847 1066 1875; x_wconf 89' lang='lat' dir='ltr'><strong>loco</strong></span> <span class='ocrx_word' id='word_1_483' title='bbox 1097 1846 1209 1875; x_wconf 87' lang='lat' dir='ltr'><strong>dictum</strong></span> <span class='ocrx_word' id='word_1_484' title='bbox 1239 1851 1292 1875; x_wconf 85' lang='lat' dir='ltr'><strong>est.</strong></span> <span class='ocrx_word' id='word_1_485' title='bbox 1334 1846 1485 1883; x_wconf 82' lang='lat' dir='ltr'><strong>Remeligo</strong></span> <span class='ocrx_word' id='word_1_486' title='bbox 1508 1850 1606 1874; x_wconf 85' lang='lat' dir='ltr'><strong>autem</strong></span> <span class='ocrx_word' id='word_1_487' title='bbox 1630 1850 1658 1873; x_wconf 92' lang='lat' dir='ltr'><strong>et</strong></span> <span class='ocrx_word' id='word_1_488' title='bbox 1681 1854 1795 1873; x_wconf 84' lang='lat' dir='ltr'><strong>remora</strong></span> <span class='ocrx_word' id='word_1_489' title='bbox 1819 1844 1930 1873; x_wconf 84' lang='lat' dir='ltr'><strong>dicitur</strong></span> <span class='ocrx_word' id='word_1_490' title='bbox 1953 1845 2164 1885; x_wconf 86' lang='lat' dir='ltr'><strong>quodcumque</strong></span> 
     </span>
     <span class='ocr_line' id='line_1_39' title="bbox 212 1886 2164 1927; baseline 0.004 -16"><span class='ocrx_word' id='word_1_491' title='bbox 212 1892 391 1924; x_wconf 79' lang='lat' dir='ltr'><strong>remoratur,</strong></span> <span class='ocrx_word' id='word_1_492' title='bbox 414 1888 494 1916; x_wconf 89' lang='lat' dir='ltr'><strong>unde</strong></span> <span class='ocrx_word' id='word_1_493' title='bbox 518 1889 621 1927; x_wconf 81' lang='lat' dir='ltr'><strong>pisciS,</strong></span> <span class='ocrx_word' id='word_1_494' title='bbox 645 1889 695 1927; x_wconf 89' lang='lat' dir='ltr'><strong>qui</strong></span> <span class='ocrx_word' id='word_1_495' title='bbox 718 1900 823 1918; x_wconf 84' lang='lat' dir='ltr'><strong>navem</strong></span> <span class='ocrx_word' id='word_1_496' title='bbox 846 1890 996 1925; x_wconf 79' lang='lat' dir='ltr'><strong>retardat,</strong></span> <span class='ocrx_word' id='word_1_497' title='bbox 1020 1889 1160 1925; x_wconf 72' lang='lat' dir='ltr'><strong>remeligo</strong></span> <span class='ocrx_word' id='word_1_498' title='bbox 1185 1894 1213 1916; x_wconf 84' lang='lat' dir='ltr'><strong>et</strong></span> <span class='ocrx_word' id='word_1_499' title='bbox 1234 1898 1350 1917; x_wconf 87' lang='lat' dir='ltr'><strong>remora</strong></span> <span class='ocrx_word' id='word_1_500' title='bbox 1374 1889 1473 1917; x_wconf 84' lang='lat' dir='ltr'><strong>dictus</strong></span> <span class='ocrx_word' id='word_1_501' title='bbox 1496 1893 1556 1925; x_wconf 88' lang='lat' dir='ltr'><strong>est,</strong></span> <span class='ocrx_word' id='word_1_502' title='bbox 1580 1893 1613 1916; x_wconf 89' lang='lat' dir='ltr'><strong>ut</strong></span> <span class='ocrx_word' id='word_1_503' title='bbox 1627 1887 1748 1916; x_wconf 87' lang='lat' dir='ltr'><strong>Graecis</strong></span> <span class='ocrx_word' id='word_1_504' title='bbox 1770 1886 1898 1926; x_wconf 74' lang='grc' dir='ltr'><strong><em>ἐχενηίς,</em></strong></span> <span class='ocrx_word' id='word_1_505' title='bbox 1921 1886 1957 1915; x_wconf 93' lang='lat' dir='ltr'><strong>ab</strong></span> <span class='ocrx_word' id='word_1_506' title='bbox 1981 1887 2072 1927; x_wconf 74' lang='grc' dir='ltr'><strong><em>ἔχειν,</em></strong></span> <span class='ocrx_word' id='word_1_507' title='bbox 2095 1889 2164 1918; x_wconf 81' lang='lat' dir='ltr'><strong>reti—</strong></span> 
     </span>
     <span class='ocr_line' id='line_1_40' title="bbox 213 1928 1426 1969; baseline 0 -10"><span class='ocrx_word' id='word_1_508' title='bbox 213 1935 292 1962; x_wconf 65' lang='lat' dir='ltr'><strong>nere,</strong></span> <span class='ocrx_word' id='word_1_509' title='bbox 324 1933 350 1956; x_wconf 73' lang='lat' dir='ltr'><strong>et</strong></span> <span class='ocrx_word' id='word_1_510' title='bbox 372 1928 445 1968; x_wconf 82' lang='grc' dir='ltr'><strong><em>νηύς</em></strong></span> <span class='ocrx_word' id='word_1_511' title='bbox 468 1932 560 1961; x_wconf 77' lang='lat' dir='ltr'><strong>navis.</strong></span> <span class='ocrx_word' id='word_1_512' title='bbox 606 1931 716 1960; x_wconf 83' lang='lat' dir='ltr'><strong>Versus</strong></span> <span class='ocrx_word' id='word_1_513' title='bbox 740 1932 835 1960; x_wconf 86' lang='lat' dir='ltr'><strong>Plauti</strong></span> <span class='ocrx_word' id='word_1_514' title='bbox 862 1937 906 1960; x_wconf 84' lang='lat' dir='ltr'><strong>cst</strong></span> <span class='ocrx_word' id='word_1_515' title='bbox 930 1943 945 1960; x_wconf 85' lang='lat' dir='ltr'><strong>e</strong></span> <span class='ocrx_word' id='word_1_516' title='bbox 968 1933 1065 1960; x_wconf 86' lang='lat' dir='ltr'><strong>Casin.</strong></span> <span class='ocrx_word' id='word_1_517' title='bbox 1088 1933 1151 1960; x_wconf 79' lang='lat' dir='ltr'><strong>Act.</strong></span> <span class='ocrx_word' id='word_1_518' title='bbox 1168 1931 1217 1960; x_wconf 80' lang='lat' dir='ltr'><strong>lv.</strong></span> <span class='ocrx_word' id='word_1_519' title='bbox 1240 1933 1328 1967; x_wconf 85' lang='lat' dir='ltr'><strong>sc.3,</strong></span> <span class='ocrx_word' id='word_1_520' title='bbox 1351 1931 1426 1969; x_wconf 86' lang='lat'><strong>(7.):</strong></span> 
     </span>
    </p>

    <p class='ocr_par' dir='ltr' id='par_1_12' title="bbox 851 1980 1373 2021">
     <span class='ocr_line' id='line_1_41' title="bbox 851 1980 1373 2021; baseline 0 -11"><span class='ocrx_word' id='word_1_521' title='bbox 851 2001 889 2004; x_wconf 96' lang='lat'><strong>—</strong></span> <span class='ocrx_word' id='word_1_522' title='bbox 934 1998 976 2004; x_wconf 89' lang='lat'><strong>-—</strong></span> <span class='ocrx_word' id='word_1_523' title='bbox 1019 1998 1061 2004; x_wconf 92' lang='lat'><em>-</em></span> <span class='ocrx_word' id='word_1_524' title='bbox 1104 1981 1183 2011; x_wconf 84' lang='lat' dir='ltr'><strong>Nam</strong></span> <span class='ocrx_word' id='word_1_525' title='bbox 1207 1980 1280 2021; x_wconf 78' lang='lat' dir='ltr'><strong>quid</strong></span> <span class='ocrx_word' id='word_1_526' title='bbox 1301 1980 1373 2010; x_wconf 81' lang='lat' dir='ltr'><strong>illae</strong></span> 
     </span>
    </p>
   </div>
   <div class='ocr_carea' id='block_1_6' title="bbox 213 2022 1623 2112">
    <p class='ocr_par' dir='ltr' id='par_1_13' title="bbox 213 2022 1623 2112">
     <span class='ocr_line' id='line_1_42' title="bbox 854 2022 1521 2063; baseline -0.001 -10"><span class='ocrx_word' id='word_1_527' title='bbox 854 2025 929 2054; x_wconf 89' lang='lat' dir='ltr'><strong>Tam</strong></span> <span class='ocrx_word' id='word_1_528' title='bbox 953 2024 1004 2054; x_wconf 82' lang='lat' dir='ltr'><strong>diu</strong></span> <span class='ocrx_word' id='word_1_529' title='bbox 1027 2025 1106 2054; x_wconf 77' lang='lat' dir='ltr'><strong>intus</strong></span> <span class='ocrx_word' id='word_1_530' title='bbox 1129 2032 1312 2054; x_wconf 75' lang='lat' dir='ltr'><strong>remorantur</strong></span> <span class='ocrx_word' id='word_1_531' title='bbox 1334 2022 1521 2063; x_wconf 74' lang='lat' dir='ltr'><strong>remeligines.</strong></span> 
     </span>
     <span class='ocr_line' id='line_1_43' title="bbox 213 2066 1623 2112; baseline 0.005 -17"><span class='ocrx_word' id='word_1_532' title='bbox 213 2066 305 2097; x_wconf 88' lang='lat' dir='ltr'><strong>Dac.</strong></span> <span class='ocrx_word' id='word_1_533' title='bbox 345 2068 543 2110; x_wconf 77' lang='lat' dir='ltr'><strong>Remeligines.</strong></span> <span class='ocrx_word' id='word_1_534' title='bbox 572 2074 768 2112; x_wconf 82' lang='lat' dir='ltr'><strong>Remeligens.</strong></span> <span class='ocrx_word' id='word_1_535' title='bbox 802 2074 920 2106; x_wconf 77' lang='lat' dir='ltr'><strong>Patina.</strong></span> <span class='ocrx_word' id='word_1_536' title='bbox 954 2077 1068 2105; x_wconf 87' lang='lat' dir='ltr'><strong>Casina.</strong></span> <span class='ocrx_word' id='word_1_537' title='bbox 1105 2075 1167 2104; x_wconf 83' lang='lat' dir='ltr'><strong>Diu</strong></span> <span class='ocrx_word' id='word_1_538' title='bbox 1189 2077 1276 2105; x_wconf 76' lang='lat' dir='ltr'><strong>intus.</strong></span> <span class='ocrx_word' id='word_1_539' title='bbox 1309 2075 1467 2104; x_wconf 80' lang='lat' dir='ltr'><strong>Divinitas.</strong></span> <span class='ocrx_word' id='word_1_540' title='bbox 1517 2073 1623 2105; x_wconf 73' lang='lat' dir='ltr'><strong>Goth.</strong></span> 
     </span>
    </p>
   </div>
   <div class='ocr_carea' id='block_1_7' title="bbox 213 2119 2163 2463">
    <p class='ocr_par' dir='ltr' id='par_1_14' title="bbox 213 2119 2163 2463">
     <span class='ocr_line' id='line_1_44' title="bbox 315 2119 2161 2166; baseline 0.005 -19"><span class='ocrx_word' id='word_1_541' title='bbox 315 2160 320 2166; x_wconf 42' lang='grc' dir='ltr'>Ι</span> <span class='ocrx_word' id='word_1_542' title='bbox 378 2119 600 2152; x_wconf 79' lang='lat' dir='ltr'><strong>Remurinus</strong></span> <span class='ocrx_word' id='word_1_543' title='bbox 622 2136 721 2164; x_wconf 71' lang='lat' dir='ltr'><strong>ager.</strong></span> <span class='ocrx_word' id='word_1_544' title='bbox 768 2127 960 2155; x_wconf 83' lang='lat' dir='ltr'><strong>Remurinum</strong></span> <span class='ocrx_word' id='word_1_545' title='bbox 980 2126 1061 2155; x_wconf 88' lang='lat' dir='ltr'><strong>hunc</strong></span> <span class='ocrx_word' id='word_1_546' title='bbox 1078 2137 1197 2164; x_wconf 78' lang='lat' dir='ltr'><strong>agrum,</strong></span> <span class='ocrx_word' id='word_1_547' title='bbox 1223 2131 1251 2154; x_wconf 87' lang='lat' dir='ltr'><strong>et</strong></span> <span class='ocrx_word' id='word_1_548' title='bbox 1266 2126 1439 2155; x_wconf 78' lang='lat' dir='ltr'><strong>Remurium</strong></span> <span class='ocrx_word' id='word_1_549' title='bbox 1457 2125 1608 2154; x_wconf 86' lang='lat' dir='ltr'><strong>diversum</strong></span> <span class='ocrx_word' id='word_1_550' title='bbox 1625 2125 1697 2153; x_wconf 84' lang='lat' dir='ltr'><strong>facit</strong></span> <span class='ocrx_word' id='word_1_551' title='bbox 1713 2135 1728 2153; x_wconf 92' lang='lat' dir='ltr'><strong>a</strong></span> <span class='ocrx_word' id='word_1_552' title='bbox 1743 2125 1884 2154; x_wconf 84' lang='lat' dir='ltr'><strong>Remuria</strong></span> <span class='ocrx_word' id='word_1_553' title='bbox 1904 2135 1979 2164; x_wconf 81' lang='lat' dir='ltr'><strong>quae</strong></span> <span class='ocrx_word' id='word_1_554' title='bbox 1999 2127 2029 2154; x_wconf 87' lang='lat' dir='ltr'><strong>in</strong></span> <span class='ocrx_word' id='word_1_555' title='bbox 2047 2136 2161 2156; x_wconf 87' lang='lat' dir='ltr'><strong>summo</strong></span> 
     </span>
     <span class='ocr_line' id='line_1_45' title="bbox 213 2159 2162 2209; baseline 0.005 -21"><span class='ocrx_word' id='word_1_556' title='bbox 213 2159 371 2208; x_wconf 67' lang='lat' dir='ltr'><strong>Ayentmo.</strong></span> <span class='ocrx_word' id='word_1_557' title='bbox 416 2163 489 2190; x_wconf 86' lang='lat' dir='ltr'><strong>Saue</strong></span> <span class='ocrx_word' id='word_1_558' title='bbox 514 2165 632 2203; x_wconf 70' lang='lat' dir='ltr'><strong>Dionys,</strong></span> <span class='ocrx_word' id='word_1_559' title='bbox 654 2168 803 2197; x_wconf 85' lang='lat' dir='ltr'><strong>Halicarn.</strong></span> <span class='ocrx_word' id='word_1_560' title='bbox 828 2169 870 2206; x_wconf 90' lang='grc' dir='ltr'><strong>(Ι.</strong></span> <span class='ocrx_word' id='word_1_561' title='bbox 897 2180 921 2198; x_wconf 78' lang='lat' dir='ltr'><strong>c-</strong></span> <span class='ocrx_word' id='word_1_562' title='bbox 935 2172 985 2201; x_wconf 86' lang='lat'><strong>58.</strong></span> <span class='ocrx_word' id='word_1_563' title='bbox 1012 2181 1041 2209; x_wconf 88' lang='lat' dir='ltr'><strong>p.</strong></span> <span class='ocrx_word' id='word_1_564' title='bbox 1055 2170 1126 2206; x_wconf 86' lang='lat'><strong>73.)</strong></span> <span class='ocrx_word' id='word_1_565' title='bbox 1152 2169 1318 2197; x_wconf 68' lang='lat' dir='ltr'><strong>Remoriam</strong></span> <span class='ocrx_word' id='word_1_566' title='bbox 1351 2168 1498 2207; x_wconf 88' lang='lat' dir='ltr'><strong>quandam</strong></span> <span class='ocrx_word' id='word_1_567' title='bbox 1529 2167 1616 2207; x_wconf 86' lang='lat' dir='ltr'><strong>ponit</strong></span> <span class='ocrx_word' id='word_1_568' title='bbox 1642 2167 1787 2205; x_wconf 80' lang='lat' dir='ltr'><strong>vigesimo</strong></span> <span class='ocrx_word' id='word_1_569' title='bbox 1816 2167 1851 2196; x_wconf 82' lang='lat' dir='ltr'><strong>ab</strong></span> <span class='ocrx_word' id='word_1_570' title='bbox 1877 2168 1953 2197; x_wconf 88' lang='lat' dir='ltr'><strong>urbe</strong></span> <span class='ocrx_word' id='word_1_571' title='bbox 1976 2169 2088 2206; x_wconf 80' lang='lat' dir='ltr'><strong>stadio,</strong></span> <span class='ocrx_word' id='word_1_572' title='bbox 2123 2169 2162 2198; x_wconf 86' lang='lat' dir='ltr'><strong>ad</strong></span> 
     </span>
     <span class='ocr_line' id='line_1_46' title="bbox 214 2202 2163 2251; baseline 0.006 -20"><span class='ocrx_word' id='word_1_573' title='bbox 214 2202 353 2251; x_wconf 74' lang='lat' dir='ltr'><strong>Tiberim.</strong></span> <span class='ocrx_word' id='word_1_574' title='bbox 385 2204 522 2232; x_wconf 83' lang='lat' dir='ltr'><strong>Remuria</strong></span> <span class='ocrx_word' id='word_1_575' title='bbox 545 2208 626 2235; x_wconf 83' lang='lat' dir='ltr'><strong>iuxta</strong></span> <span class='ocrx_word' id='word_1_576' title='bbox 650 2210 770 2239; x_wconf 81' lang='lat' dir='ltr'><strong>Romam</strong></span> <span class='ocrx_word' id='word_1_577' title='bbox 795 2211 955 2250; x_wconf 77' lang='lat' dir='ltr'><strong>Stephano</strong></span> <span class='ocrx_word' id='word_1_578' title='bbox 989 2212 1047 2241; x_wconf 85' lang='lat' dir='ltr'><strong>Sed</strong></span> <span class='ocrx_word' id='word_1_579' title='bbox 1069 2212 1261 2240; x_wconf 82' lang='lat' dir='ltr'><strong>verisimilius</strong></span> <span class='ocrx_word' id='word_1_580' title='bbox 1286 2216 1341 2248; x_wconf 86' lang='lat' dir='ltr'><strong>est,</strong></span> <span class='ocrx_word' id='word_1_581' title='bbox 1364 2212 1557 2239; x_wconf 82' lang='lat' dir='ltr'><strong>Remurinum</strong></span> <span class='ocrx_word' id='word_1_582' title='bbox 1581 2220 1683 2248; x_wconf 83' lang='lat' dir='ltr'><strong>agrum</strong></span> <span class='ocrx_word' id='word_1_583' title='bbox 1706 2210 1786 2239; x_wconf 89' lang='lat' dir='ltr'><strong>circa</strong></span> <span class='ocrx_word' id='word_1_584' title='bbox 1802 2210 1980 2240; x_wconf 80' lang='lat' dir='ltr'><strong>Aventinum</strong></span> <span class='ocrx_word' id='word_1_585' title='bbox 2003 2211 2110 2248; x_wconf 83' lang='lat' dir='ltr'><strong>fuisse,</strong></span> <span class='ocrx_word' id='word_1_586' title='bbox 2132 2217 2163 2242; x_wconf 83' lang='lat' dir='ltr'><strong>et</strong></span> 
     </span>
     <span class='ocr_line' id='line_1_47' title="bbox 213 2244 2161 2293; baseline 0.005 -20"><span class='ocrx_word' id='word_1_587' title='bbox 213 2244 401 2293; x_wconf 72' lang='lat' dir='ltr'><strong>Remmiam,</strong></span> <span class='ocrx_word' id='word_1_588' title='bbox 425 2247 525 2275; x_wconf 86' lang='lat' dir='ltr'><strong>locum</strong></span> <span class='ocrx_word' id='word_1_589' title='bbox 549 2251 709 2287; x_wconf 83' lang='lat' dir='ltr'><strong>munitum,</strong></span> <span class='ocrx_word' id='word_1_590' title='bbox 732 2254 762 2280; x_wconf 84' lang='lat' dir='ltr'><strong>in</strong></span> <span class='ocrx_word' id='word_1_591' title='bbox 785 2264 900 2282; x_wconf 88' lang='lat' dir='ltr'><strong>summo</strong></span> <span class='ocrx_word' id='word_1_592' title='bbox 925 2260 1034 2284; x_wconf 82' lang='lat' dir='ltr'><strong>monte.</strong></span> <span class='ocrx_word' id='word_1_593' title='bbox 1069 2255 1141 2282; x_wconf 88' lang='lat' dir='ltr'><strong>Nam</strong></span> <span class='ocrx_word' id='word_1_594' title='bbox 1166 2265 1231 2282; x_wconf 90' lang='lat' dir='ltr'><strong>cum</strong></span> <span class='ocrx_word' id='word_1_595' title='bbox 1258 2255 1364 2282; x_wconf 86' lang='lat' dir='ltr'><strong>Remus</strong></span> <span class='ocrx_word' id='word_1_596' title='bbox 1388 2259 1416 2282; x_wconf 87' lang='lat' dir='ltr'><strong>et</strong></span> <span class='ocrx_word' id='word_1_597' title='bbox 1440 2254 1583 2282; x_wconf 79' lang='lat' dir='ltr'><strong>Romulus</strong></span> <span class='ocrx_word' id='word_1_598' title='bbox 1607 2253 1643 2281; x_wconf 86' lang='lat' dir='ltr'><strong>de</strong></span> <span class='ocrx_word' id='word_1_599' title='bbox 1667 2253 1818 2281; x_wconf 71' lang='lat' dir='ltr'><strong>condenda</strong></span> <span class='ocrx_word' id='word_1_600' title='bbox 1842 2253 1916 2282; x_wconf 89' lang='lat' dir='ltr'><strong>urbe</strong></span> <span class='ocrx_word' id='word_1_601' title='bbox 1939 2254 2161 2292; x_wconf 84' lang='lat' dir='ltr'><strong>contenderent,</strong></span> 
     </span>
     <span class='ocr_line' id='line_1_48' title="bbox 213 2288 2158 2336; baseline 0.005 -21"><span class='ocrx_word' id='word_1_602' title='bbox 213 2292 341 2326; x_wconf 87' lang='lat' dir='ltr'><strong>uterque</strong></span> <span class='ocrx_word' id='word_1_603' title='bbox 364 2288 419 2316; x_wconf 78' lang='lat' dir='ltr'><strong>s1bi</strong></span> <span class='ocrx_word' id='word_1_604' title='bbox 442 2289 540 2318; x_wconf 87' lang='lat' dir='ltr'><strong>locum</strong></span> <span class='ocrx_word' id='word_1_605' title='bbox 565 2292 704 2328; x_wconf 83' lang='lat' dir='ltr'><strong>munivit,</strong></span> <span class='ocrx_word' id='word_1_606' title='bbox 728 2294 775 2322; x_wconf 86' lang='lat' dir='ltr'><strong>bic</strong></span> <span class='ocrx_word' id='word_1_607' title='bbox 798 2296 827 2323; x_wconf 87' lang='lat' dir='ltr'><strong>in</strong></span> <span class='ocrx_word' id='word_1_608' title='bbox 852 2297 976 2334; x_wconf 79' lang='lat' dir='ltr'><strong>palatio,</strong></span> <span class='ocrx_word' id='word_1_609' title='bbox 1000 2298 1050 2325; x_wconf 89' lang='lat' dir='ltr'><strong>ille</strong></span> <span class='ocrx_word' id='word_1_610' title='bbox 1072 2298 1102 2325; x_wconf 88' lang='lat' dir='ltr'><strong>in</strong></span> <span class='ocrx_word' id='word_1_611' title='bbox 1129 2298 1282 2325; x_wconf 85' lang='lat' dir='ltr'><strong>Aventino.</strong></span> <span class='ocrx_word' id='word_1_612' title='bbox 1327 2297 1469 2324; x_wconf 85' lang='lat' dir='ltr'><strong>Romulus</strong></span> <span class='ocrx_word' id='word_1_613' title='bbox 1491 2296 1591 2324; x_wconf 84' lang='lat' dir='ltr'><strong>locum</strong></span> <span class='ocrx_word' id='word_1_614' title='bbox 1614 2305 1699 2324; x_wconf 89' lang='lat' dir='ltr'><strong>suum</strong></span> <span class='ocrx_word' id='word_1_615' title='bbox 1722 2296 1849 2324; x_wconf 82' lang='lat' dir='ltr'><strong>Romam</strong></span> <span class='ocrx_word' id='word_1_616' title='bbox 1872 2294 2051 2336; x_wconf 76' lang='lat' dir='ltr'><strong>quadratam</strong></span> <span class='ocrx_word' id='word_1_617' title='bbox 2073 2297 2158 2333; x_wconf 85' lang='lat' dir='ltr'><strong>dixit,</strong></span> 
     </span>
     <span class='ocr_line' id='line_1_49' title="bbox 214 2331 2158 2378; baseline 0.005 -20"><span class='ocrx_word' id='word_1_618' title='bbox 214 2339 300 2378; x_wconf 72' lang='lat' dir='ltr'><strong>suum</strong></span> <span class='ocrx_word' id='word_1_619' title='bbox 324 2331 432 2359; x_wconf 84' lang='lat' dir='ltr'><strong>Remus</strong></span> <span class='ocrx_word' id='word_1_620' title='bbox 453 2332 622 2360; x_wconf 80' lang='lat' dir='ltr'><strong>Remurium</strong></span> <span class='ocrx_word' id='word_1_621' title='bbox 651 2337 778 2364; x_wconf 63' lang='lat' dir='ltr'><strong>vocavit.</strong></span> <span class='ocrx_word' id='word_1_622' title='bbox 823 2338 899 2366; x_wconf 76' lang='lat' dir='ltr'><strong>V1de</strong></span> <span class='ocrx_word' id='word_1_623' title='bbox 922 2340 1020 2367; x_wconf 86' lang='lat' dir='ltr'><strong>Roma</strong></span> <span class='ocrx_word' id='word_1_624' title='bbox 1044 2338 1202 2378; x_wconf 72' lang='lat' dir='ltr'><strong>quadratu.</strong></span> <span class='ocrx_word' id='word_1_625' title='bbox 1242 2339 1330 2375; x_wconf 87' lang='lat' dir='ltr'><strong>Quod</strong></span> <span class='ocrx_word' id='word_1_626' title='bbox 1352 2339 1435 2367; x_wconf 83' lang='lat' dir='ltr'><strong>addit</strong></span> <span class='ocrx_word' id='word_1_627' title='bbox 1457 2339 1488 2366; x_wconf 87' lang='lat' dir='ltr'><strong>in</strong></span> <span class='ocrx_word' id='word_1_628' title='bbox 1511 2338 1568 2366; x_wconf 83' lang='lat' dir='ltr'><strong>fine</strong></span> <span class='ocrx_word' id='word_1_629' title='bbox 1590 2338 1695 2366; x_wconf 86' lang='lat' dir='ltr'><strong>Festus</strong></span> <span class='ocrx_word' id='word_1_630' title='bbox 1718 2338 1884 2367; x_wconf 77' lang='lat' dir='ltr'><strong>ltemuriam</strong></span> <span class='ocrx_word' id='word_1_631' title='bbox 1906 2338 2063 2368; x_wconf 86' lang='lat' dir='ltr'><strong>Remorum</strong></span> <span class='ocrx_word' id='word_1_632' title='bbox 2087 2339 2158 2367; x_wconf 74' lang='lat' dir='ltr'><strong>alias</strong></span> 
     </span>
     <span class='ocr_line' id='line_1_50' title="bbox 215 2372 2157 2421; baseline 0.004 -20"><span class='ocrx_word' id='word_1_633' title='bbox 215 2372 307 2401; x_wconf 69' lang='lat' dir='ltr'><strong>fuisse</strong></span> <span class='ocrx_word' id='word_1_634' title='bbox 332 2378 481 2421; x_wconf 68' lang='lat' dir='ltr'><strong>vocatam,</strong></span> <span class='ocrx_word' id='word_1_635' title='bbox 518 2376 616 2403; x_wconf 84' lang='lat' dir='ltr'><strong>neseio</strong></span> <span class='ocrx_word' id='word_1_636' title='bbox 646 2377 730 2404; x_wconf 89' lang='lat' dir='ltr'><strong>cuius</strong></span> <span class='ocrx_word' id='word_1_637' title='bbox 759 2380 933 2408; x_wconf 81' lang='lat' dir='ltr'><strong>auctoritate</strong></span> <span class='ocrx_word' id='word_1_638' title='bbox 962 2382 997 2409; x_wconf 76' lang='lat' dir='ltr'><strong>ad</strong></span> <span class='ocrx_word' id='word_1_639' title='bbox 1029 2382 1058 2410; x_wconf 94' lang='lat' dir='ltr'><strong>id</strong></span> <span class='ocrx_word' id='word_1_640' title='bbox 1090 2382 1275 2419; x_wconf 82' lang='lat' dir='ltr'><strong>probandum</strong></span> <span class='ocrx_word' id='word_1_641' title='bbox 1304 2382 1474 2411; x_wconf 81' lang='lat' dir='ltr'><strong>utebantur.</strong></span> <span class='ocrx_word' id='word_1_642' title='bbox 1519 2380 1684 2409; x_wconf 81' lang='lat' dir='ltr'><strong>Addiderat</strong></span> <span class='ocrx_word' id='word_1_643' title='bbox 1705 2380 1804 2409; x_wconf 77' lang='lat' dir='ltr'><strong>forsan</strong></span> <span class='ocrx_word' id='word_1_644' title='bbox 1827 2381 1932 2410; x_wconf 81' lang='lat' dir='ltr'><strong>Festus</strong></span> <span class='ocrx_word' id='word_1_645' title='bbox 1954 2381 2054 2409; x_wconf 84' lang='lat' dir='ltr'><strong>locum</strong></span> <span class='ocrx_word' id='word_1_646' title='bbox 2074 2380 2157 2410; x_wconf 89' lang='lat' dir='ltr'><strong>illum</strong></span> 
     </span>
     <span class='ocr_line' id='line_1_51' title="bbox 214 2415 2091 2463; baseline 0.005 -20"><span class='ocrx_word' id='word_1_647' title='bbox 214 2419 285 2454; x_wconf 80' lang='lat' dir='ltr'><strong>post</strong></span> <span class='ocrx_word' id='word_1_648' title='bbox 306 2415 390 2445; x_wconf 83' lang='lat' dir='ltr'><strong>Reml</strong></span> <span class='ocrx_word' id='word_1_649' title='bbox 411 2421 536 2446; x_wconf 84' lang='lat' dir='ltr'><strong>mortem</strong></span> <span class='ocrx_word' id='word_1_650' title='bbox 558 2418 719 2456; x_wconf 85' lang='lat' dir='ltr'><strong>aliquando</strong></span> <span class='ocrx_word' id='word_1_651' title='bbox 743 2419 899 2450; x_wconf 84' lang='lat' dir='ltr'><strong>Remorum</strong></span> <span class='ocrx_word' id='word_1_652' title='bbox 922 2423 1033 2451; x_wconf 86' lang='lat' dir='ltr'><strong>dictum</strong></span> <span class='ocrx_word' id='word_1_653' title='bbox 1057 2424 1164 2461; x_wconf 77' lang='lat' dir='ltr'><strong>fuisse,</strong></span> <span class='ocrx_word' id='word_1_654' title='bbox 1197 2424 1277 2462; x_wconf 86' lang='lat' dir='ltr'><strong>quod</strong></span> <span class='ocrx_word' id='word_1_655' title='bbox 1299 2424 1339 2452; x_wconf 90' lang='lat' dir='ltr'><strong>ibi</strong></span> <span class='ocrx_word' id='word_1_656' title='bbox 1363 2424 1495 2463; x_wconf 76' lang='lat' dir='ltr'><strong>auspicia</strong></span> <span class='ocrx_word' id='word_1_657' title='bbox 1518 2424 1642 2452; x_wconf 83' lang='lat' dir='ltr'><strong>Remum</strong></span> <span class='ocrx_word' id='word_1_658' title='bbox 1664 2427 1812 2452; x_wconf 86' lang='lat' dir='ltr'><strong>remorata</strong></span> <span class='ocrx_word' id='word_1_659' title='bbox 1835 2424 1960 2452; x_wconf 80' lang='lat' dir='ltr'><strong>fuerant.</strong></span> <span class='ocrx_word' id='word_1_660' title='bbox 2003 2422 2091 2453; x_wconf 86' lang='lat' dir='ltr'><strong>Dac.</strong></span> 
     </span>
    </p>
   </div>
  </div>
 </body>
</html>
