2263 2668
218 149 295 186 586
648 145 994 182 COMMENTARII
1022 145 1070 179 IN
1096 145 1240 180 PAULI
1265 147 1463 182 DIACOM
1489 147 1745 182 EXCERPTA

385 241 608 271 Provorsum
621 238 773 281 fulgur.
799 238 857 278 (Ad
876 235 1002 277 p.201.)
1026 238 1092 266 Non
1115 243 1159 266 sat
1182 239 1287 277 video,
1310 251 1363 269 cur
1385 241 1532 269 incertum
1548 241 1650 279 fulgur
1667 252 1846 280 provorsum
1865 242 2000 279 dicatur,
2022 254 2090 273 cum
2107 255 2177 285 pro-

219 297 335 316 vorsum
352 285 414 314 sive
434 293 554 322 prorsus
577 282 650 310 nihil
674 282 754 310 aliud
779 282 833 317 sit,
857 291 945 320 quain
961 277 1123 311 ἀντώπιον.
1153 282 1244 311 Unice
1261 284 1426 322 amplector
1442 283 1561 311 Meursii
1580 284 1796 321 coniecturam,
1822 285 1873 323 qui
1891 290 1975 324 putat
1992 286 2111 315 Festum
2127 288 2177 316 de-

218 329 353 369 pravatis
376 325 527 354 codicibus
550 334 653 362 usum,
675 325 725 353 vel
747 324 820 353 adeo
842 323 939 363 ipsum
964 324 1088 351 Paulum
1112 324 1188 353 male
1211 335 1295 354 suam
1318 326 1475 364 epitomem
1498 326 1670 356 instituisse.
1713 327 1833 366 Quippe
1856 333 2010 356 contracte
2032 329 2176 367 scriptum

218 373 315 401 suerat
330 375 546 398 controversum
560 366 709 408 fulguri.
725 377 748 397 e.
766 373 999 402 controversum,
1026 365 1106 404 quod
1128 368 1203 396 male
1225 369 1256 396 in
1280 378 1458 408 provorsum
1482 373 1585 407 postea
1609 375 1832 399 commutatum.
1864 371 1965 409 Neque
1980 371 2104 399 dubium
2121 376 2175 409 est,

219 414 290 452 quin
314 415 504 440 controversa
528 410 644 447 fulgura
667 414 747 439 recte
771 409 850 438 dicta
873 409 947 445 sint,
985 409 1022 437 de
1045 409 1153 447 quibus
1178 411 1381 440 controversia
1405 416 1498 448 esset,
1537 421 1597 450 quo
1620 417 1755 450 tempore
1780 412 1973 451 cecidissent,
2011 415 2073 442 sive
2096 413 2178 442 dilu-

218 457 303 489 culo,
334 453 395 480 sive
418 453 613 491 crepusculo,
653 463 729 491 quae
752 457 887 492 tempora
911 451 1006 480 dieine
1030 461 1068 479 an
1090 453 1171 482 nocti
1198 454 1386 484 annumerari
1409 454 1551 490 debeant,
1589 455 1620 483 in
1643 455 1760 484 incerto
1784 460 1836 486 est.
1882 456 1956 493 Lege
1978 456 2056 484 infra
2078 456 2177 497 itaque

216 496 282 526 Iovi
294 494 494 537 fulguritori,
532 500 561 524 et
591 495 658 524 ideo
688 501 788 524 autem
817 495 881 523 lovi
913 499 941 523 et
967 495 1127 523 Summano
1153 497 1377 532 sacrificabant,
1413 507 1450 525 ne,
1474 496 1587 525 scilicet
1608 508 1662 536 per
1684 498 1880 536 ignorantiam
1905 503 2061 536 peccarent
2084 504 2113 527 et
2133 499 2176 528 ita

215 539 391 577 religionem
416 537 643 574 contraherent,
667 538 710 566 sic
733 548 799 566 cum
823 538 900 566 Deos
918 537 1030 565 Deasne
1051 538 1279 576 alloquebantur
1302 544 1331 568 et
1354 539 1547 576 ignorabant,
1572 550 1609 568 ne
1632 551 1735 569 eorum
1758 551 1866 570 numen
1890 541 2095 582 imprudentes
2116 542 2175 570 lae-

216 582 340 619 derent,
365 581 463 620 primo
487 581 682 618 dubitabant,
705 580 811 609 deinde
834 579 985 609 addebant
1007 580 1171 621 quicunque
1193 582 1239 610 vel
1263 592 1460 622 quaecunque.
1505 582 1587 620 Virg.
1604 583 1626 611 I.
1650 584 1721 612 Aen.
1745 582 1859 623 (329.):

714 630 741 660 Ο
764 642 852 671 quam
876 638 902 659 ie
924 642 1077 660 memorem
1101 631 1209 671 virgo?
1234 643 1360 673 namque
1381 631 1463 661 Ῐιαιιᾶ
1485 632 1540 661 tibi
1560 632 1658 663 vultus

709 673 873 709 Mortalis,
897 685 948 702 nec
970 684 1034 702 vom
1056 672 1199 703 hominem
1222 682 1316 705 sonat.
1364 674 1390 703 O
1412 674 1493 712 Dea,
1517 683 1611 704 cerie:

708 715 762 745 An
787 715 898 745 Phoebi
919 726 1018 752 soror,
1045 727 1083 744 an
1106 716 1310 756 Nympharum
1332 718 1485 757 sanguinis
1507 716 1594 748 una?

712 757 762 787 Sis
777 757 880 801 felix,
905 765 1094 799 nostrumque
1116 757 1206 796 leves,
1231 771 1434 800 quaecunque,
1459 759 1600 791 dolorem.

215 809 276 837 Imo
300 807 386 837 etjam
410 812 438 836 et
462 818 528 836 cum
552 807 610 837 illis
634 819 741 837 numen
765 815 868 838 notum
893 815 973 845 erat,
1009 819 1045 838 ex
1068 809 1130 839 eius
1153 811 1351 849 πολυωνυμία
1375 820 1482 841 nomen
1505 811 1581 840 illud
1602 811 1778 852 captabant,
1818 811 1899 851 quod
1924 811 1949 842 ei
1972 810 2171 850 gratissimum

214 851 299 880 foret.
343 850 421 879 Hinc
443 850 650 889 intelligendus
672 852 777 882 Horat.
801 853 832 881 in
856 852 992 881 Carmine
1015 853 1141 881 seculari
1165 855 1204 889 (v.
1220 855 1268 884 13.
1282 855 1394 892 seqq.):

712 902 780 932 Rite
801 910 930 933 maturos
958 904 1068 943 aperire
1088 912 1192 943 partus

708 944 800 974 Lenis
823 944 952 984 Ilithya‚
977 953 1053 975 {uere
1073 954 1199 976 matres:

709 986 777 1017 Sive
798 995 829 1016 iu
851 987 970 1018 Lucina
991 987 1102 1028 probas
1125 989 1236 1027 vocari,

795 1029 852 1059 Seu
870 1030 1020 1069 genitalis,

706 1071 786 1101 Diva
806 1072 955 1112 producas
977 1071 1115 1103 sobolem.

211 1120 294 1149 Idem
318 1124 347 1149 et
365 1120 472 1149 Graeci
495 1126 627 1158 veteres,
652 1122 702 1160 qui
726 1123 832 1159 etiam,
857 1134 891 1152 ne
917 1134 1003 1162 quem
1025 1124 1113 1152 deum
1136 1123 1250 1152 honore
1274 1124 1374 1153 debito
1396 1125 1623 1162 defraudarent,
1647 1124 1771 1155 Athenis
1793 1135 1874 1154 aram
1896 1124 1997 1162 ignoto
2017 1123 2077 1152 Deo
2100 1132 2170 1151 con-

211 1167 385 1199 secrarunt,
422 1163 459 1192 de
482 1174 539 1201 qua
563 1165 597 1193 l).
621 1165 731 1193 Paulus
753 1167 783 1194 in
809 1166 873 1195 Act.
895 1166 997 1205 Apost.
1042 1167 1134 1195 Multa
1165 1167 1202 1195 ad
1231 1166 1308 1196 lianc
1333 1173 1468 1197 veterum
1491 1168 1732 1206 superstitionem
1755 1173 1877 1207 possent
1898 1166 2011 1196 referri.
2057 1165 2114 1193 Sed
2138 1174 2171 1193 ea

210 1216 264 1245 per
288 1216 319 1234 se
342 1206 412 1235 satis
434 1207 565 1235 monitus
588 1207 682 1236 lector
703 1207 873 1245 adnotabit,
896 1219 1009 1238 morem
1033 1214 1150 1238 tantum
1174 1210 1320 1238 indicasse
1342 1211 1479 1239 sufficiat.
1501 1210 1590 1240 Dae.
1627 1210 1784 1240 Nocturna
1807 1211 1960 1240 summani.
1994 1208 2103 1237 Eadem
2126 1207 2171 1236 vi-

210 1249 319 1278 dentur
341 1248 400 1278 dici
424 1259 440 1277 a
464 1250 574 1278 Seneca
596 1250 628 1278 ll.
650 1250 784 1281 Natural.
797 1253 848 1284 49.
883 1252 1023 1281 Glossae:
1048 1250 1296 1291 Κεραυνοβόλιον
1319 1249 1378 1283 ἀπὸ
1402 1255 1485 1294 πρωῒ
1506 1252 1694 1293 νυκτερινόν,
1719 1254 1822 1292 fulgur
1843 1253 2039 1289 submanum,
2062 1261 2170 1290 κεραυ-

211 1291 354 1332 νοβόλιον
377 1291 552 1329 fulguriuin.
578 1291 683 1322 Goth.
719 1292 884 1323 Summani.
924 1295 997 1324 Vide
1020 1295 1097 1324 infra
1122 1294 1331 1324 summanalia
1354 1294 1423 1324 liba.
1469 1295 1578 1327 Idem.

374 1341 636 1382 Propatulum.
682 1343 757 1373 Vide
779 1354 867 1384 supra
889 1345 1018 1376 Patales.
1044 1345 1148 1375 Goth.
1185 1345 1293 1385 Supra.
1327 1347 1434 1385 Super.
1478 1345 1588 1376 Idem.

377 1393 578 1432 Properas.
623 1393 808 1424 Aduerbium
829 1408 959 1436 propere.
991 1398 1074 1426 Adde
1095 1397 1150 1425 alia
1176 1397 1235 1425 duo
1258 1408 1294 1425 ex
1318 1397 1413 1425 Nonio
1438 1394 1516 1437 (pag.
1533 1399 1603 1429 153.
1627 1398 1697 1430 154.
1720 1398 1822 1436 Mero.)
1846 1395 2029 1438 Properatim
2052 1398 2081 1423 et
2100 1403 2167 1433 pro-

207 1436 323 1475 periter,
361 1436 446 1464 Adde
468 1437 542 1465 Gell.
560 1437 626 1465 XII.
650 1448 714 1476 cap.
739 1439 791 1468 ult.
820 1438 926 1470 Goth.
973 1441 1015 1469 Cf.
1038 1440 1207 1468 Doederlin.
1230 1440 1300 1478 Syn.
1326 1440 1387 1469 Lat.
1411 1444 1480 1470 tom.
1493 1439 1530 1468 ΙΙ.
1553 1450 1620 1479 pag.
1636 1444 1706 1473 133.

374 1486 593 1526 Prophetas.
639 1489 760 1518 Colloca
782 1499 888 1518 versus
912 1490 980 1518 Iulii
1001 1491 1135 1519 Caesaris
1158 1501 1211 1519 suo
1236 1490 1354 1519 ordine:

791 1538 863 1569 Cum
887 1540 988 1578 capita.
1010 1540 1100 1569 viridi
1122 1540 1208 1569 lauro
1229 1540 1326 1569 velare
1348 1542 1492 1580 imperant

790 1581 969 1621 Prophetae,
993 1590 1098 1612 sancia
1121 1591 1199 1612 caste
1221 1584 1272 1622 qui
1291 1591 1401 1622 purant
1423 1595 1520 1614 sacra.

212 1629 322 1658 Purare
344 1640 360 1659 a
381 1642 491 1670 purus,
513 1635 548 1659 ut
567 1631 651 1670 piare
675 1643 690 1660 a
714 1632 790 1671 pius.
831 1633 871 1660 lle
894 1632 953 1662 hoc
977 1635 1008 1664 C.
1023 1634 1101 1662 Iulio
1117 1634 1264 1662 Asconius
1287 1637 1316 1662 in
1341 1635 1518 1663 Scauriana:
1544 1632 1626 1663 Idem
1648 1634 1723 1663 infer
1742 1634 1854 1674 primos
1876 1633 2014 1673 temporis
2034 1632 2080 1661 sui
2101 1642 2168 1661 ora·

210 1679 285 1701 tores
307 1679 333 1701 et
357 1674 487 1712 tragicus
508 1681 595 1712 poeta
619 1673 710 1703 bonus
732 1674 892 1703 admodum
916 1675 1034 1705 habitus
1056 1684 1106 1705 esi.
1150 1676 1251 1705 Huius
1273 1678 1347 1705 enim
1373 1685 1441 1706 suni
1463 1675 1648 1717 tragoediae,
1686 1688 1761 1717 quae
1782 1675 1982 1706 inscribuntur
2004 1673 2084 1704 Iulii.
2127 1674 2168 1703 De

211 1714 314 1743 eOdem
339 1716 369 1743 C·
389 1715 466 1743 lulio
492 1716 597 1744 Cicero
621 1717 651 1745 in
675 1718 767 1745 ΒΓΙΠΟ
792 1719 919 1755 (C-48.):
960 1718 1036 1747 Sunt
1059 1720 1119 1747 eius
1141 1718 1254 1759 aliquot
1278 1721 1441 1756 orationes,
1475 1731 1515 1748 ex
1538 1718 1658 1760 quibus,
1691 1720 1766 1749 sicut
1789 1730 1828 1748 em
1850 1717 1976 1747 eiusdem
1999 1714 2168 1756 tragoediis,

210 1755 313 1786 lenitas
341 1758 400 1786 eius
429 1759 490 1787 sine
515 1760 608 1788 nervis
631 1761 759 1799 perspici
777 1768 880 1799 polest.
911 1760 1013 1791 Scal.
1060 1760 1219 1800 Prophetas
1243 1773 1257 1790 a
1282 1759 1437 1801 πρόφημι,
1472 1762 1502 1791 id
1534 1767 1579 1791 est
1607 1762 1741 1801 profari,
1778 1761 1965 1800 praedicere,
1996 1757 2169 1798 προφήτης,

210 1799 362 1837 propheta.
408 1800 441 1828 Et
466 1803 507 1828 sic
531 1802 611 1840 apud
635 1803 767 1831 Gentiles
792 1803 862 1831 dicti
886 1804 1030 1832 antistites
1054 1804 1191 1832 sanorum
1217 1810 1246 1833 et
1269 1806 1460 1834 oraculorum
1483 1805 1660 1843 interpretes
1686 1810 1715 1834 et
1737 1805 1899 1844 praecipue
1922 1803 2090 1832 sacerdotes
2112 1801 2168 1830 Ae-

212 1842 313 1878 gyptii.
350 1842 479 1871 Macrob.
504 1843 633 1874 lib.V11.
657 1846 718 1873 Sat.
742 1856 807 1884 cap.
824 1848 888 1876 13.:
925 1845 1013 1875 Adeo
1042 1858 1138 1875 verum
1164 1847 1207 1874 iia
1230 1854 1261 1875 ut
1286 1846 1362 1877 dicis
1383 1847 1548 1888 Aegyptios
1571 1848 1705 1886 opinari,
1742 1855 1773 1876 ut
1794 1858 1846 1886 ego
1870 1844 2036 1875 sacerdotes
2058 1855 2166 1881 eorum,

214 1893 286 1920 quos
307 1884 461 1923 prophetas
484 1894 607 1922 vocant,
632 1898 697 1915 cum
720 1888 750 1916 in
775 1886 881 1926 templo
904 1886 1049 1917 vidissem.
1087 1890 1169 1917 Unde
1192 1895 1220 1918 et
1242 1890 1404 1918 Antinoum
1428 1891 1459 1918 in
1483 1890 1657 1928 Antinopoli
1682 1891 1809 1928 Aegypti
1832 1889 1906 1918 uibe
1929 1887 2090 1928 prophetas
2111 1886 2167 1915 ha-

213 1923 310 1952 buisse
326 1926 462 1963 legimus,
487 1929 537 1956 ubi
560 1929 725 1968 prophetae
747 1930 821 1959 nihil
846 1931 926 1959 aliud
952 1937 1020 1960 sunt
1043 1942 1131 1969 quani
1155 1933 1342 1969 sacerdotes,
1365 1937 1399 1961 ut
1414 1933 1480 1962 vice
1498 1943 1584 1961 versa
1600 1933 1629 1961 in
1647 1933 1698 1962 illo
1714 1932 1829 1971 Virgilii
1848 1932 1897 1962 VI.
1916 1930 2036 1961 Aeneid.
2052 1929 2167 1968 (645.):

788 1972 850 2001 Nec
873 1985 931 2001 non
958 1973 1109 2003 Threicius
1133 1973 1224 2013 longa
1246 1986 1311 2004 cum
1335 1983 1410 2004 veste
1432 1974 1580 2004 sacerdos.

214 2006 358 2035 Sacerdos
381 2009 411 2037 id
434 2016 476 2039 est
498 2013 661 2052 propheta,
686 2015 737 2053 qui
762 2020 791 2044 et
812 2015 876 2054 ipse
899 2015 974 2044 nihil
997 2017 1078 2045 aliud
1101 2021 1159 2054 est,
1187 2027 1275 2056 quam
1296 2023 1395 2057 poeta.
1418 2017 1473 2046 Da
1483 2029 1507 2048 c.
1548 2017 1661 2047 Glossis
1683 2015 1842 2057 προφήτης
1863 2015 2020 2056 propheta.
2058 2013 2164 2045 Goth.

215 2048 340 2086 Puram,
364 2051 413 2078 alii
432 2063 573 2093 purgant,
597 2057 645 2085 alii
666 2065 784 2097 parant.
830 2056 941 2088 Idem·

378 2101 532 2140 Propter
561 2107 666 2135 viam.
697 2107 755 2146 (Ad
778 2119 807 2147 p.
821 2109 904 2148 202.)
937 2108 1090 2138 Videndus
1120 2110 1204 2138 locus
1228 2110 1349 2139 Catonis
1372 2111 1452 2149 apud
1477 2110 1663 2140 Muci-obium
1686 2110 1800 2140 lib.111.
1823 2112 1943 2139 Saturn.
1967 2108 2003 2138 de
2026 2118 2078 2144 eo,
2114 2107 2166 2146 qui

214 2140 292 2170 bona
315 2151 366 2169 sua
388 2145 579 2184 comedisset,
603 2153 631 2177 et
654 2150 792 2187 domum,
815 2161 890 2189 quae
914 2151 969 2179 sibi
992 2152 1107 2191 reliqua
1131 2158 1208 2190 erat,
1232 2153 1371 2182 incendio
1395 2153 1551 2184 amisisset:
1575 2165 1637 2183 eum
1661 2154 1735 2182 enim
1756 2161 1875 2193 propter
1895 2153 1973 2181 viam
1989 2150 2100 2192 secisse
2121 2149 2166 2179 di-

215 2182 307 2231 ⁶⁶⁶⁰&
347 2184 380 2212 In
404 2194 436 2212 eo
461 2187 535 2215 enini
559 2191 699 2220 sacrificio
722 2203 786 2221 nios
811 2194 881 2230 fuit,
912 2199 946 2222 ut
968 2195 992 2222 si
1016 2195 1087 2233 quid
1112 2206 1148 2223 ex
1172 2196 1267 2234 epulis
1291 2196 1504 2234 superfuisset,
1535 2197 1602 2231 igne
1625 2200 1858 2225 consumeretur.
1898 2194 1956 2223 Sed
1978 2194 2042 2223 illic
2065 2204 2080 2222 a
2105 2193 2165 2222 Ma-

215 2225 319 2254 crobio
341 2230 490 2264 protervia
514 2232 691 2267 appellatur.
734 2236 782 2263 Sic
806 2236 948 2264 Laberius
972 2237 1052 2275 apud
1074 2238 1202 2266 Nonium
1226 2241 1305 2276 (pag.
1318 2240 1370 2270 53.
1394 2239 1458 2268 sub.
1481 2249 1509 2268 v.
1532 2238 1701 2275 Bidentes):

639 2314 643 2319 .
751 2276 841 2306 Visus
863 2289 900 2307 ac
923 2278 1007 2317 (hac)
1030 2288 1114 2309 nocte
1136 2279 1261 2309 bidentis
1281 2289 1399 2321 propter
1419 2282 1498 2310 viam
1511 2281 1629 2323 facere.
2156 2318 2161 2323 ·

215 2309 301 2339 Ant.
320 2310 414 2349 Aug.
449 2312 489 2340 De
511 2312 569 2340 hoc
591 2319 659 2360 satis
683 2316 762 2345 alibi.
800 2320 903 2348 fiebat
925 2326 1023 2350 autem
1047 2323 1185 2360 Herculi,
1214 2324 1293 2362 apud
1318 2324 1402 2352 cuius
1425 2334 1507 2352 aram
1530 2324 1646 2360 omnia,
1676 2333 1751 2362 quae
1774 2322 2024 2362 profanabantur,
2049 2319 2163 2349 absumi

215 2362 338 2381 neceflse
361 2358 439 2389 erat,
465 2359 498 2383 ut
520 2365 610 2394 supra
627 2367 662 2403 *in
681 2357 827 2388 Porricere
849 2363 986 2392 vidimus.
1021 2365 1091 2393 Nam
1115 2366 1275 2394 ridiculum
1299 2372 1404 2405 putare
1426 2366 1456 2394 in
1479 2367 1624 2395 sacrificio
1648 2371 1774 2405 propter
1796 2367 1876 2395 viam
1899 2369 2013 2394 tantum
2033 2362 2065 2391 id
2088 2361 2161 2398 fieri,

217 2404 285 2424 cum
308 2395 428 2434 epulum
456 2402 581 2436 propter
604 2408 682 2427 Viam
710 2401 884 2437 profanetur
907 2405 1027 2434 Herculi
1051 2412 1080 2436 et
1103 2409 1199 2436 omnia
1227 2419 1419 2448 quaecunque
1443 2409 1565 2438 Herculi
1594 2410 1845 2449 profanabantur,
1882 2405 2014 2437 consumi
2044 2413 2162 2434 necesse
