2263 2668
438 171 502 203 DE
529 170 803 205 VERBORUM
830 168 1219 206 SlGNIFlCATIONE
1246 169 1560 205 FRAGMENTA.
1817 170 1891 205 227

109 265 257 309 lapide
283 263 486 297 redivivo.
540 263 888 310 Redarguisse*1
913 276 975 310 per
1002 275 1020 296 e
1046 264 1189 296 litteram
1219 263 1335 308 Scipio
1362 264 1575 308 Aphricanus
1601 265 1695 299 Pauli
1721 265 1806 298 filius
1834 265 1937 299 di-'s·
1963 264 2063 291 Redar-

110 317 196 351 citur
222 316 425 356 enuntiasse,
461 322 497 349 ut
520 316 611 349 idem
640 317 737 350 etiam
764 317 983 362 pertisum.
1012 315 1105 349 cuius
1132 315 1282 347 meminit
1308 315 1474 357 Lucilius,
1511 328 1586 351 cum
1615 318 1679 350 ait:
1935 307 2027 332 guesse

213 376 306 418 Quo
334 375 520 410 facetior
546 377 741 420 videare,
786 382 824 411 et
850 376 960 410 scire
986 374 1210 420 plusquam
1237 375 1387 417 ceteri,

212 427 416 471 pertisum
443 427 678 469 hominum,
715 440 791 461 non
818 431 1057 473 pertaesum
1085 426 1232 460 dicere
1258 427 1431 467 ferum*,
1468 439 1555 461 nam
1583 439 1723 473 genus.
1918 434 2048 461 'fiferunt

111 479 426 512 Redimiculum
462 484 583 513 vocant
614 480 767 513 mulieres
801 480 973 519 catellam,
1017 489 1083 522 qua
1116 478 1260 511 maxime
1295 483 1427 510 utuntur
1454 486 1586 513 ornatus
1614 491 1720 512 causa.
1781 479 1890 512 Reus

111 542 199 564 nunc
223 531 359 571 dicitur,
388 531 444 574 qui
471 542 603 564 causam
631 531 729 565 dicit:
758 536 790 564 et
814 532 894 564 item
920 531 993 574 qui,
1021 529 1102 573 quid
1128 530 1280 574 promisit
1305 530 1480 574 sponditve
1492 528 1520 572 2,
1548 543 1588 564 ac
1610 531 1720 565 debet.
1748 535 1782 563 at
1805 530 1889 563 Gal-

113 583 161 615 lus
188 583 303 616 Aelius
329 582 386 614 lib.
407 582 449 615 ll.
476 582 752 627 significationum
779 584 977 624 verborum,
1003 593 1089 625 quae
1115 581 1159 613 ad
1186 581 1234 614 ius
1261 581 1443 626 pertinent,
1471 583 1532 614 ait:
1567 582 1676 616 Reus
1705 586 1785 622 est,
1820 582 1890 625 qui

113 645 202 667 cum
238 634 378 666 altero
413 633 531 666 litem
567 639 848 668 contestatam
876 634 1024 675 habet,
1066 633 1156 666 sive
1182 632 1274 666 his*
1302 633 1406 678 egit,
1449 634 1532 666 sive
1559 645 1646 668 cum
1676 645 1723 668 eo
1751 637 1889 666 actum
1944 636 2021 661 'Lis

113 690 181 718 est.
236 686 345 718 Reus
377 685 626 729 stipulando
653 691 716 719 est
742 686 853 719 idem
881 686 950 730 qui
977 685 1213 730 stipulator
1239 684 1405 718 dicitur.
1439 686 1598 730 quippe
1625 696 1698 718 suo
1725 685 1890 718 nomine

113 737 163 769 ab
198 737 334 770 altero
368 737 520 780 quibus
554 735 850 782 populatus*3
878 742 954 779 est,
1006 748 1087 770 non
1119 736 1227 768 his*
1250 737 1318 780 qui
1352 736 1480 770 alteri
1507 737 1792 782 adstipulatus
1818 729 2064 789 estsfffiffiuzffi·

114 788 224 821 Reus
251 789 548 832 promittendo
576 793 653 830 est,
681 790 747 833 qui
775 800 848 822 suo
875 789 1040 822 nomine
1068 788 1198 821 alteri
1225 787 1327 831 quid
1353 788 1568 833 promisit,
1599 789 1701 832 qui†
1727 798 1805 833 pro
1833 788 1890 820 al—
1931 773 2019 823 1Lenis

113 846 204 872 tero
232 840 336 883 quid
365 840 569 884 promisit.
598 845 632 874 at
653 840 775 885 Capito
799 842 902 875 Actus
914 838 987 880 ††4
1009 841 1041 873 in
1069 839 1188 873 eadem
1215 839 1351 883 quidem
1380 840 1538 884 opinione
1564 845 1627 873 est:
1654 840 1712 872 sed
1735 833 1957 900 exemplossff}
1970 833 2065 892 ‘ffii‘ffr

114 891 248 924 adiuvat
274 892 590 936 interpretationem.
644 893 778 925 Numa*
801 893 832 925 in
860 892 1006 926 secunda
1030 892 1162 932 tabula,
1194 891 1340 925 secunda
1366 892 1463 937 lege,
1490 892 1522 924 in
1549 903 1616 935 qua
1642 892 1799 936 scriptum
1827 894 1893 924 est:
1923 877 2066 929 ·f‚'Na³inb

114 943 226 985 quod
253 942 403 977 horum
430 944 513 977 fuit
539 948 704 977 unum**
725 944 862 978 iudici
889 944 1129 984 arbitrove,
1166 954 1309 985 reove,
1349 954 1397 976 eo
1424 943 1493 976 die
1520 943 1763 981 diffensus†
1791 935 2066 996 esto.”ffh.g‘{l¹.¹}¹]

115 1006 201 1028 nunc
226 999 366 1038 uterque
393 1000 542 1029 actorum
568 996 703 1039 reiquae
715 998 757 1034 -Η
779 996 812 1029 in
836 996 960 1029 iudicio
987 993 1094 1029 me*5
1119 999 1274 1036 vocatur,
1302 995 1449 1039 itemque
1475 999 1648 1029 accusator
1674 995 1717 1027 de
1743 995 1775 1027 vi
1802 972 1917 1028 acci-³5
1933 980 2040 1031 ¹falsusl

115 1053 167 1078 tur
178 1050 206 1063 **
230 1058 324 1079 more
351 1052 479 1088 vetere,
508 1052 540 1080 et
567 1048 804 1081 consuetudine
831 1048 972 1091 antiqua.
1026 1048 1159 1080 Rivus
1184 1048 1289 1092 vulgo
1318 1047 1510 1091 appellatur
1535 1047 1639 1080 tenuis
1665 1046 1751 1078 fluor
1776 1040 2066 1099 aquaeflffsssaffg‘-

115 1109 181 1130 non
205 1097 292 1142 spe6
315 1099 527 1137 consiliove-l·
551 1099 674 1139 factus,
702 1111 816 1132 verum
838 1100 979 1132 naturali
1000 1110 1059 1132 suo
1080 1099 1217 1143 impetu.
1246 1098 1303 1132 sed
1323 1099 1360 1131 hi
1372 1101 1413 1138 -Η-
1437 1099 1495 1132 rivi
1519 1098 1690 1139 dicuntur,
1718 1098 1774 1141 qui
1795 1108 1894 1130 manu
1928 1083 1948 1120 r*
1958 1109 1974 1134 f.
1990 1083 2033 1134 ‘ici

117 1150 195 1182 facti
221 1156 311 1187 sunt,
354 1151 421 1183 sive
448 1161 548 1195 super
573 1156 694 1183 terram
722 1151 827 1191 fossa,
871 1151 939 1184 sive
965 1154 1090 1196 super*
1112 1161 1233 1195 specu,
1269 1150 1360 1184 cuius
1389 1150 1541 1185 vocabuli
1569 1151 1667 1195 origo
1695 1161 1734 1182 ex
1761 1143 2068 1203 G¹‘³e⁰⁰”s'01{¹=irv³³

115 1201 250 1245 pendet·
303 1203 553 1246 Repanda**
576 1203 728 1236 locantur
754 1203 950 1247 Pompina†
977 1203 1070 1235 flumi
1087 1199 1108 1251 Η
1124 1214 1186 1243 na,
1226 1202 1265 1235 id
1292 1206 1357 1244 est,
1393 1202 1619 1248 purganda:
1658 1205 1758 1234 retae
1811 1199 1892 1246 [82]
1915 1213 1952 1244 †f.
1969 1220 2056 1252 specu,

116 1253 205 1286 enim
232 1257 402 1286 vocantur
435 1253 598 1295 arbores,
644 1265 737 1299 quae
770 1258 827 1287 aut
860 1266 904 1287 ea:
936 1255 1024 1300 ripis
1038 1253 1232 1300 fluminum
1260 1255 1426 1295 eminent,
1476 1258 1538 1287 aut
1566 1254 1600 1287 in
1627 1252 1737 1286 alveis
1764 1255 1893 1285 extant.
1926 1247 2046 1272 ³¹¹⁰¹¹³⁰V²

118 1305 148 1336 R
157 1305 166 1336 i
175 1310 188 1336 t
198 1316 219 1336 u
227 1315 245 1337 s
278 1308 328 1337 est
354 1316 429 1338 mos
436 1330 445 1347 ,
489 1306 546 1339 vel
572 1305 793 1340 consuetudo.
852 1306 937 1339 Rite
963 1310 1081 1339 autem
1109 1305 1193 1339 bene
1220 1317 1260 1339 ac
1286 1310 1381 1340 recte
1406 1305 1589 1352 significat
1643 1328 1896 1337 .....
1915 1316 1925 1327 ·
1932 1281 2058 1341 ἶζῖᾗέῑζ,

118 1384 124 1389 .
302 1382 308 1387 .
363 1357 444 1390 istic.
507 1357 659 1391 Plantas
687 1357 949 1391 Menaechmis:
1007 1357 1136 1392 Certe
1177 1357 1285 1391 haec
1329 1358 1436 1391 muli
1447 1368 1493 1391 er
1536 1356 1763 1390 canterino
1807 1349 2070 1416 ritu”‡-fR{Jg¹¹l¹]‘}³

116 1411 270 1441 astans
296 1409 484 1442 somniat
538 1438 544 1443 .
600 1435 606 1441 .
660 1438 667 1443 .
724 1437 729 1442 .
785 1438 791 1444 .
846 1436 852 1442 .
894 1410 988 1442 homi
1038 1433 1788 1445 .............
1843 1406 1897 1438 ina
1953 1406 2023 1452 {nina

180 1484 926 1496 .............
1034 1461 1102 1494 telo
1146 1487 1152 1494 .
1207 1487 1214 1493 .
1270 1487 1276 1493 .
1332 1487 1338 1494 .
1393 1487 1399 1493 .
1455 1486 1461 1492 .
1643 1484 1650 1491 .
1704 1484 1711 1490 .
1766 1485 1772 1491 .
1827 1485 1833 1492 .
1889 1484 1896 1490 .

118 1536 124 1541 .
177 1511 242 1543 alio
296 1538 302 1543 .
360 1539 365 1544 .
420 1538 426 1543 .
481 1539 486 1544 .
544 1538 550 1544 .
605 1539 611 1544 .
667 1538 674 1545 .
729 1540 735 1545 .
792 1540 797 1545 .
842 1512 941 1558 facit
971 1513 1175 1546 mentionem
1230 1536 1730 1546 .........
1787 1535 1792 1540 .
1847 1512 1857 1540 1
1862 1519 1897 1540 e-

118 1562 225 1595 lorum
275 1589 281 1594 .
336 1591 343 1596 .
399 1589 406 1595 .
461 1590 467 1595 .
524 1589 839 1598 ......
892 1565 1024 1598 solitum
1047 1569 1095 1597 est
1147 1585 1834 1596 ............

119 1639 125 1644 .
179 1624 272 1647 remo
328 1639 578 1648 .....
634 1616 909 1648 Retraetare
936 1620 985 1649 est
1011 1626 1134 1649 rursus
1157 1619 1322 1649 tractare.
1375 1614 1573 1648 Rabidus
1600 1624 1622 1646 a
1650 1612 1751 1645 rabie
1772 1611 1897 1650 dictus,

118 1666 176 1708 qni
202 1665 344 1698 morbus
370 1666 514 1699 caninus
540 1670 600 1699 est.
653 1667 806 1700 Catullus
833 1668 880 1700 de
905 1667 1160 1711 Berecynthia,
1203 1671 1235 1700 et
1261 1667 1346 1699 Atti.
1407 1665 1513 1700 Abit
1541 1666 1583 1698 in
1609 1664 1749 1709 quiete
1776 1661 1898 1695 molli

119 1717 290 1748 rabidus
308 1716 445 1761 furor
472 1718 614 1751 animi.
668 1718 784 1752 Ravi
811 1719 953 1761 coloris,
998 1719 1231 1752 ravistelli
1257 1718 1473 1762 appellantur
1499 1729 1522 1750 a
1550 1716 1700 1757 Plauto,
1738 1714 1795 1759 qui
1822 1716 1899 1746 sunt

120 1768 209 1800 inter·
229 1767 352 1813 flavos
386 1772 418 1801 et
450 1770 592 1802 caesios.
627 1781 707 1802 ravo
734 1771 794 1803 sub
822 1772 910 1803 con*
964 1796 970 1802 .
1025 1797 1031 1803 .
1086 1796 1093 1803 .
1149 1795 1155 1802 .
1212 1796 1218 1802 .
1274 1798 1280 1804 .
1337 1794 1343 1801 .
1396 1793 1403 1800 .
1458 1793 1465 1801 .
1522 1794 1528 1801 .
1583 1766 1674 1810 quod
1703 1777 1807 1810 genus
1834 1764 1901 1797 ho-
1920 1770 1954 1795 ‘fi
1970 1770 2056 1795 colore

120 1819 243 1851 minum
266 1820 456 1864 pessimum
485 1824 543 1854 est.
597 1821 701 1854 Idem
728 1822 763 1855 in
783 1821 953 1867 Epidico.-
980 1821 1061 1855 Sed
1090 1822 1186 1864 quis
1213 1821 1318 1854 haec
1345 1825 1409 1852 est
1435 1818 1727 1858 muliercula,
1755 1820 1795 1850 et
1822 1816 1901 1849 ille

120 1871 403 1911 ravistellus,
431 1873 503 1916 qui
531 1873 652 1906 venit.
706 1874 834 1907 Rates
860 1877 1032 1907 vocantur
1059 1873 1163 1918 tigna
1190 1873 1280 1905 inter
1305 1882 1343 1905 se
1370 1871 1563 1916 colligata,
1591 1881 1677 1914 quae
1698 1879 1760 1913 per
1779 1878 1899 1911 aquam

120 1926 282 1967 agantur:
326 1934 392 1967 quo
424 1925 565 1968 quidem
596 1925 767 1958 vocabulo
791 1926 957 1959 interdum
987 1925 1084 1957 etiam
1111 1935 1213 1957 naves
1239 1924 1340 1968 ipsae
1364 1922 1624 1969 significantur.
1685 1919 1840 1954 Afranius
1866 1919 1900 1951 in

121 1974 262 2017 epistula
316 2001 567 2010 .....
627 1977 755 2010 Ιέηιο
778 1977 1028 2022 perculsam
1057 1980 1200 2010 ratem.
1234 1975 1315 2007 item
1342 1974 1464 2007 codem
1490 1974 1627 2007 nomine
1652 1968 2071 2028 significarint*'f·fflsr'¹ugn¹¹tffi‘

121 2026 218 2059 etiam
246 2036 366 2059 remos.
420 2028 537 2060 Allius
563 2028 596 2060 in
622 2028 867 2073 Neoptolemo:
921 2029 1058 2071 Atque
1092 2037 1172 2071 ego
1206 2026 1463 2071 repercutio
1497 2024 1671 2059 ratibus
1704 2032 1830 2056 mare.
1867 2025 1900 2054 et
2036 2021 2043 2033 '

121 2078 188 2109 alio
222 2078 317 2110 loco:
370 2078 451 2112 Sed
484 2079 564 2111 iam
595 2080 854 2124 propellunt
895 2079 1155 2112 caeruleum
1186 2083 1306 2111 rates
1338 2078 1483 2112 salum.
1536 2073 1737 2110 Radere‘f
1762 2084 1900 2120 genas

119 2131 262 2162 vetitum
290 2133 339 2162 est
365 2130 399 2162 in
427 2130 506 2175 lege
526 2131 599 2163 Xll.
627 2131 663 2164 id
691 2137 757 2171 est,
801 2131 967 2175 unguibus
999 2129 1171 2164 scindere.
1233 2129 1410 2163 Rabula
1444 2129 1564 2163 dicitur
1595 2129 1627 2160 in
1655 2125 1765 2160 multis
1790 2125 1945 2158 intus*'f.
1961 2130 2073 2156 intentus

121 2181 283 2226 negotiis,
306 2185 528 2226 paratusque
553 2182 604 2215 ad
630 2182 824 2216 radendum
852 2182 933 2225 quid
961 2181 1266 2224 auferendumque,
1293 2181 1349 2215 vel
1376 2185 1426 2214 est
1452 2181 1505 2214 ita
1530 2180 1664 2222 dietus,
1690 2177 1767 2222 quia
1791 2177 1898 2211 acrior

120 2233 160 2264 sit
184 2233 216 2265 in
243 2234 390 2277 negotiis
414 2234 585 2279 agendis,
628 2237 661 2267 et
687 2235 788 2278 quasi
814 2234 962 2267 rabiosus
983 2229 1004 2280 Η
1028 2259 1033 2264 .
1090 2258 1096 2265 .
1151 2261 1157 2266 .
1212 2258 1218 2264 .
1276 2256 1709 2266 ........

121 2367 194 2396 Ven.
217 2372 244 2394 et
267 2368 343 2398 scal.
378 2386 415 2391 -
454 2368 485 2408 5)
517 2369 598 2396 Reus
630 2376 721 2405 marg.
755 2367 825 2396 ven.
848 2368 921 2396 Scal.
949 2383 988 2389 —-
1032 2367 1121 2403 dum,
1155 2372 1273 2396 cautum
1298 2367 1363 2404 lege
1393 2366 1458 2395 ΧΠ.
1481 2365 1669 2401 tabularum,
1700 2373 1737 2392 ne
1759 2362 1898 2390 mulieres

122 2408 150 2447 6)
179 2411 239 2448 Ope
261 2420 317 2448 pio
342 2421 392 2450 spe
422 2410 451 2438 in
476 2421 567 2448 marg.
592 2410 664 2438 Vm.
694 2410 769 2438 Scal.
792 2426 832 2431 —
866 2412 893 2448 7)
917 2410 985 2438 Ra-
1031 2415 1185 2449 carperent
1199 2409 1312 2446 faciem,
1332 2409 1378 2438 his
1394 2408 1508 2437 verbis:
1532 2407 1639 2436 Mulier
1656 2406 1762 2434 faciem
1775 2415 1811 2432 ne
1830 2412 1896 2450 car·-

124 2451 214 2491 dere]
239 2453 359 2482 Servius
381 2453 411 2481 in
436 2453 502 2482 XlI.
521 2454 593 2482 Aen.
613 2453 733 2488 Tamen,
757 2453 868 2490 inquit,
892 2452 985 2481 scien·
1029 2453 1099 2491 pito.
1124 2452 1182 2481 Sed
1198 2457 1271 2492 puto
1281 2451 1476 2481 Serviiverba
1491 2461 1551 2480 non
1567 2459 1666 2478 carere
1680 2447 1792 2477 mendo
1819 2446 1896 2472 Urs.

1559 2501 1657 2534 Fs*
