2263 2668
240 149 315 186 252

1012 146 1235 182 ARUSIANI
1260 148 1400 183 MESSI

343 242 499 277 stertium
522 240 638 274 tricies
658 239 803 284 pepigit
823 249 847 272 a
873 238 916 272 G.
939 238 1077 277 Pisone.
1105 242 1261 277 Paciscor
1281 243 1372 276 illam
1395 254 1466 276 rem
1492 254 1555 288 pro
1576 244 1632 278 illa
1658 256 1703 278 re.
1725 244 1820 290 Virg.
1846 245 1928 280 Aen.
1955 245 2014 280 V.:
2045 246 2181 282 Vitam-

346 305 412 339 que
433 293 549 326 volunt
565 302 633 335 pro
653 291 761 323 laude
778 291 924 335 pacisci.

245 346 374 379 Peritus
398 346 504 377 huius.
538 342 606 374 Sal.
629 342 713 375 Hist.
734 339 802 378 1.¹:
829 341 982 375 Militiae
1000 343 1118 388 periti.
1146 344 1273 378 Peritus
1299 344 1367 379 hoc
1395 343 1533 379 facere2.
1568 346 1662 392 Virg.
1686 347 1823 381 Bucol.:
1850 346 1926 381 Soli
1946 352 2093 384 cantare
2110 361 2183 396 pe-

347 397 407 429 riti
426 393 601 427 Arcades.

246 448 417 481 Proximus
443 445 500 477 illi.
535 444 628 488 Virg.
650 443 733 476 Aen.
757 441 833 479 V.³:
868 445 1057 478 Proximus
1083 445 1179 487 huic,
1213 446 1319 491 longo
1352 446 1417 480 sed
1446 448 1629 492 proximus
1660 448 1854 482 intervallo.
1906 449 2079 483 Proximus
2111 451 2180 485 illo.

346 497 415 530 Sal.
442 492 556 540 Iug.⁴:
591 496 764 529 Proxima
794 495 1016 541 Carthagine
1047 496 1220 530 Numidia
1247 498 1459 542 appellatur.
1495 499 1588 531 ldem
1610 500 1643 532 in
1669 497 1826 533 eo‹lem⁵:
1860 500 2023 534 Proximi
2048 501 2183 547 Hispa-

346 549 406 581 nia
432 547 556 580 lllauri
580 550 667 580 sunt.

720 547 892 580 Proximus
918 544 1039 580 illum⁶.
1067 548 1185 581 salust.
1208 549 1291 582 Hist.
1308 549 1382 583 [V.:
1414 549 1483 595 Qui
1502 551 1657 594 proximi
1683 551 1763 584 loca
1789 552 1936 584 hostium
1960 556 2069 586 erant.
2097 554 2183 586 Pro-

346 599 434 632 xime
453 599 547 631 illum
575 593 689 630 venit⁷.
720 597 789 631 Cic.
817 610 879 642 pro
902 598 1047 631 Milone:
1074 599 1242 632 Proxime
1268 600 1364 633 Deos
1389 602 1545 634 accessit.

246 651 418 685 Praesidet
449 649 529 683 huic
562 649 620 685 rei.
655 649 748 694 Virg.
771 651 852 683 Aen.
874 647 968 684 HLS:
1009 650 1140 683 Geticis
1174 652 1231 695 qui
1259 652 1443 695 praesidet
1478 653 1582 685 arvis.
1634 652 1804 686 Praesidet
1829 653 1862 686 in
1889 653 1945 686 illa
1967 649 2033 686 re⁹.
2062 651 2181 700 [537]

349 702 418 735 Sal.
447 701 538 734 Cat:
581 700 624 733 1η
651 711 744 745 agro
769 700 898 734 Piceno
926 701 1169 746 praesidebat.
1214 702 1306 746 Virg.
1334 703 1414 736 Aen.
1442 700 1564 736 V11.¹⁰:
1605 702 1692 749 Quis
1721 703 1856 748 Iupiter
1886 705 2053 748 Anxyrus
2087 706 2184 739 arvis

349 752 546 786 Praesidet.

599 752 768 784 Praesidet
794 753 884 785 illam
911 764 992 787 rem.
1020 753 1141 786 Salust.
1168 753 1289 787 Histor.
1315 754 1372 786 IL:
1405 753 1574 787 Tilurium
1601 755 1760 798 legatum
1787 767 1863 788 cum
1891 755 2088 789 cohortibus
2102 756 2182 789 XV.

349 805 383 837 in
416 802 604 837 Celtiberia
630 803 778 836 hiemem
804 815 918 848 agere
943 804 1049 845 iussit,
1064 804 1325 848 praesidentem
1351 806 1468 838 socios.
1496 805 1592 838 Idem
1618 806 1742 838 Histor.
1769 806 1845 839 HL:
1871 806 2034 840 Incidere
2060 807 2095 840 in
2123 818 2182 840 co—

351 855 446 887 lonos
471 854 662 888 Avellanos
682 855 929 899 praesidentes
955 865 1066 899 agros
1090 866 1178 888 suos.

250 907 419 939 Praestans
444 905 540 940 illius.
569 906 663 950 Virg.
688 907 769 938 Aen.
791 903 913 940 Xll.¹¹:
951 906 983 939 O
997 910 1188 950 praestans
1214 906 1322 939 animi
1348 905 1495 939 Iuvenis.
1529 906 1701 939 Praestans
1727 902 1828 942 illo¹².
1857 906 1925 941 Sal.
1949 906 2063 943 Cant:
2090 907 2183 941 Pro-

351 956 412 989 bro
440 960 543 1001 atque
564 957 763 1002 petulantia
789 956 947 989 maxima
968 957 1212 1002 praestabant.
1247 958 1394 990 Praestat
1420 958 1474 990 ille
1500 958 1550 990 illi
1576 969 1639 1002 pro
1665 958 1784 990 melior
1813 962 1860 991 est
1885 958 1942 991 ille
1974 958 2034 991 illo
2045 955 2077 992 ¹³.
2111 959 2183 993 Te-

350 1012 431 1040 rent.
458 1009 560 1041 Eun.:
583 1008 698 1040 Homo
724 1008 855 1040 homini
881 1008 966 1052 quid
984 1012 1158 1052 praestat,
1185 1009 1287 1041 stulto
1314 1009 1523 1053 intelligens,

248 1059 438 1092 Praefectus
463 1059 557 1091 illius.
584 1059 703 1092 Salust.
729 1060 853 1092 Histor.
880 1056 952 1093 1.¹⁴:
980 1059 1036 1092 De
1060 1059 1245 1104 praesecto
1275 1059 1379 1093 Urbis
1405 1060 1505 1104 quasi
1526 1060 1698 1104 possessio
1724 1059 1826 1104 Reip.
1847 1070 1987 1104 magna
2012 1059 2185 1105 utrimque

349 1111 384 1143 vi
410 1109 691 1143 contendebatur.

348 1162 471 1194 sirium
494 1160 716 1206 praefectum
742 1172 854 1206 supra
880 1162 1040 1195 diximus.

350 1213 420 1245 cita
445 1213 574 1245 inimici
599 1213 667 1244 mei
688 1212 848 1257 fratrem
870 1212 1106 1257 praefecerat.

745 1111 936 1143 Praefectus
963 1111 1020 1142 illi.
1047 1111 1141 1143 Idem
1169 1107 1291 1154 lug.¹⁵:
1323 1110 1435 1157 Quem
1462 1111 1655 1155 elephantis
1679 1114 1711 1144 et
1733 1111 1833 1154 parti
1861 1111 2043 1155 copiarum
2070 1112 2184 1156 pede-

1093 1162 1285 1195 Praeseetus
1312 1162 1345 1194 in
1378 1163 1447 1195 illo.
1485 1163 1555 1197 Cic.
1583 1173 1646 1207 pro
1674 1162 1786 1195 Sextio

1796 1158 1834 1195 ¹⁰:
1869 1161 1978 1206 Inque
2008 1173 2047 1195 eo
2082 1173 2184 1196 exer·

248 1263 444 1297 Praefinitur
470 1264 530 1296 tibi
555 1264 613 1296 illa
639 1274 699 1296 res.
736 1263 805 1296 Cic.
839 1264 986 1307 Philipp.
1010 1261 1098 1296 11.¹⁷:
1141 1264 1268 1298 Census
1290 1263 1593 1311 praestruebatur,
1628 1263 1745 1308 inquit.
1786 1261 1866 1296 Non
1892 1263 2083 1298 centurioni
2107 1264 2183 1309 qui-

350 1315 431 1347 dem
455 1315 582 1355 solnm,
614 1315 678 1347 sed
705 1315 809 1359 equiti
834 1315 939 1347 etiam
965 1315 1136 1349 Romano.

249 1365 355 1398 Pluris
376 1377 474 1408 quam
500 1362 609 1399 hocffi.
640 1366 760 1397 Salust.
788 1366 888 1398 Bello
919 1365 1033 1398 Cant:
1076 1365 1195 1398 Pluris
1218 1376 1323 1409 quam
1346 1375 1457 1410 remp.
1479 1364 1626 1410 fecistis.
1678 1364 1785 1398 Pluris
1808 1364 1886 1400 1100.
1914 1364 1984 1401 cic.
2009 1376 2074 1410 pro
2097 1365 2183 1399 Sex-

350 1417 395 1449 tio
405 1413 448 1450 ¹⁹:
479 1416 565 1464 Quis
593 1416 926 1461 Carthaginensium
945 1417 1062 1462 pluris
1081 1416 1158 1462 suit
1181 1414 1386 1450 Annibale?

335 1551 361 1590 1)
388 1554 450 1582 Sal.
477 1554 560 1584 IIist.
585 1554 610 1582 Ι.
638 1555 687 1584 22.
716 1551 749 1582 A.
781 1551 819 1580 M.
844 1552 988 1590 Fragmm.
1012 1552 1064 1581 lib.
1088 1552 1117 1589 Ι,
1144 1553 1195 1584 64.

253 1594 331 1622 Gerl.
354 1596 422 1625 Mil.
438 1597 575 1634 peritas
601 1595 635 1623 A.
662 1595 699 1624 M.
724 1599 811 1632 atque
830 1594 869 1622 ita
896 1595 994 1623 editur
1018 1595 1095 1633 apud
1119 1594 1196 1623 Gerl.

253 1637 294 1663 M.
314 1640 428 1674 periti
451 1639 522 1668 Cod.
545 1639 600 1666 Gu.
623 1653 665 1658 —
695 1636 725 1674 Ξ)
749 1637 888 1664 Formula
914 1637 986 1665 huec
1011 1647 1079 1665 cum
1101 1647 1196 1664 exem-

253 1678 304 1715 plo
328 1689 380 1706 suo
402 1681 524 1709 accessit
551 1691 565 1709 e
588 1679 660 1707 Cod.
682 1679 738 1706 Gu.
762 1678 841 1715 Virg.
871 1679 933 1708 Eel.
957 1680 1000 1715 X,
1024 1683 1074 1711 32.
1096 1695 1136 1701 —
1165 1678 1196 1716 3)

260 1720 345 1756 l'l't'g.
373 1722 446 1749 Aen.
474 1723 510 1752 If,
534 1725 605 1754 320.
628 1721 663 1750 A.
690 1721 732 1749 ΜΣ
758 1737 799 1741 —-
828 1721 858 1757 4)
890 1721 947 1748 Sal.
968 1721 1029 1758 lug.
1054 1723 1102 1752 21.
1126 1721 1196 1758 Cap.

258 1763 305 1791 18.
329 1761 393 1789 edd.
416 1764 494 1792 (jort.
519 1764 597 1792 Gerl.
621 1763 683 1792 Sal.
702 1764 785 1790 IIist.
809 1763 947 1791 mendose
963 1764 1196 1792 Cod.Gu.Pr0-

255 1804 338 1830 xima
364 1804 568 1842 Carthagine
590 1809 714 1842 uterque
738 1804 808 1834 Cod.
833 1806 883 1833 sed
904 1806 1037 1843 proxime
1064 1805 1196 1833 Cartha-

254 1846 356 1882 ginem
374 1851 438 1882 post
461 1847 540 1876 cort.
563 1847 668 1874 editur.
693 1847 734 1876 Cf.
760 1856 833 1884 quae
852 1848 968 1876 notavit
988 1847 1025 1875 ad
1046 1847 1130 1874 illum
1154 1847 1195 1875 lo-

259 1896 324 1914 cum
347 1888 426 1916 Cort.
453 1904 494 1910 —
523 1886 553 1928 5)
583 1888 664 1917 Idem
688 1890 717 1916 in
742 1888 840 1917 eodem
861 1893 911 1921 22.
934 1890 968 1918 A.
994 1889 1033 1918 M.
1058 1890 1126 1927 Cap.
1148 1891 1196 1920 19.

257 1928 324 1956 edd.
349 1930 427 1958 cort.
450 1930 529 1960 Gerl.
553 1930 603 1958 ubi
628 1930 718 1959 Codd.
739 1933 896 1968 proxime
924 1933 1134 1970 Ilispani'am.
1156 1947 1198 1952 —

257 1973 286 2005 6)
309 1972 446 1999 Proxime
469 1973 557 1999 illum
584 1973 656 2002 cod.
685 1972 721 2001 A.
745 1973 783 2001 M.
815 1973 990 2012 Exemplum
1020 1984 1036 2002 e
1071 1973 1197 2002 Salustio

256 2012 383 2053 petitum
402 2013 481 2041 deest
503 2014 582 2052 apud
603 2015 637 2043 A.
653 2015 690 2043 M.
711 2015 804 2043 Locus
822 2026 923 2044 recens
947 2016 1060 2044 accedit
1077 2015 1197 2044 Salustii

257 2055 437 2092 fragmentis,
453 2072 493 2078 —
514 2060 541 2090 7)
566 2057 650 2084 Deest
672 2056 743 2084 haec
764 2058 892 2086 elocutio
917 2059 996 2097 apud
1012 2058 1047 2086 A.
1063 2059 1100 2086 M.
1122 2059 1197 2086 Pro-

259 2098 335 2125 xime
351 2099 448 2125 Dea-s
472 2098 543 2126 cod.
570 2098 603 2126 A.
625 2098 661 2127 M.
687 2099 743 2126 Sed
763 2105 843 2128 recte
861 2100 932 2128 Cod.
956 2101 1013 2129 Gu.
1029 2102 1138 2135 Deos,
1163 2104 1198 2128 ut

257 2144 301 2167 est
323 2140 400 2178 apud
422 2140 482 2169 Cic.
507 2140 567 2168 Cic.
586 2151 642 2177 pro
664 2141 776 2168 Milone
798 2145 846 2174 22.
872 2142 904 2171 A.
925 2142 963 2171 M.
985 2160 1023 2163 —
1047 2143 1076 2179 8)
1100 2142 1197 2171 Prae-

257 2180 334 2209 sidet
354 2182 403 2209 illl
424 2181 495 2210 Cod.
519 2183 552 2209 A.
569 2182 606 2209 M.
632 2182 718 2219 Vlrg.
734 2182 810 2211 Aen.
835 2183 896 2213 ῙῙῙ.
918 2185 969 2216 35.
995 2184 1028 2214 Α.
1048 2185 1085 2214 Μ.
1111 2185 1196 2212 Cete-

256 2233 323 2252 rum
348 2223 419 2251 haec
439 2223 566 2252 formula
592 2233 659 2251 cum
686 2225 819 2262 exemplo
844 2236 897 2253 suo
920 2226 949 2254 in
976 2227 1048 2255 Cod.
1070 2227 1125 2255 Gu.
1150 2236 1195 2254 se-

256 2266 357 2303 quenti
370 2266 570 2305 postponitur.
590 2281 632 2287 —
653 2264 683 2302 9)
699 2266 872 2294 praesidere
896 2269 928 2295 in
943 2269 995 2296 illo
1013 2269 1083 2296 Cod.
1105 2269 1139 2296 A.
1155 2268 1193 2297 M.

256 2308 320 2336 Sal.
346 2308 410 2336 Cat.
434 2310 482 2340 59.
503 2308 571 2346 Cap.
588 2307 637 2339 57.
657 2307 723 2335 edd.
743 2307 822 2336 Cort.
842 2309 921 2338 Gerl.
956 2325 992 2330 ——
1018 2314 1059 2343 10)
1084 2310 1193 2338 Exem-

254 2349 337 2389 plum
354 2349 413 2378 hoc
428 2361 464 2379 ex
481 2349 602 2387 Virgilio
624 2349 748 2387 petitum
771 2349 850 2377 deest
872 2350 951 2388 apud
972 2350 1004 2378 A.
1028 2350 1065 2378 M.
1088 2361 1193 2388 quem-

255 2392 414 2420 admodum
437 2392 533 2421 omnia
556 2391 670 2430 reliqua
692 2401 764 2429 quae
783 2391 814 2419 iu
839 2390 897 2420 hoc
917 2391 1041 2421 articulo
1058 2402 1193 2430 sequun—

1238 1556 1298 1580 tur.
1320 1551 1414 1579 Locus
1437 1551 1516 1588 Virg.
1534 1554 1576 1578 est
1594 1549 1666 1579 Aen.
1686 1549 1752 1585 VH,
1771 1552 1843 1582 799.
1864 1550 2022 1588 Arimi-ius
2037 1549 2108 1578 Cod.
2128 1550 2182 1582 Gu.

1239 1594 1388 1621 Ausara..-
1402 1594 1508 1631 10311111-
1523 1593 1603 1631 apud
1623 1593 1702 1629 Virg.
1728 1592 1870 1630 Exempla
1887 1603 1960 1631 quae
1980 1597 2145 1631 sequuntur
2167 1602 2183 1621 e

1240 1636 1384 1670 Sulustio,
1414 1635 1500 1664 liuius
1531 1636 1700 1671 fragmentis
1728 1645 1829 1664 recens
1853 1635 2008 1663 accedunt.
2034 1634 2183 1672 hyemem

1241 1679 1312 1706 Cod.
1339 1679 1396 1706 Gn.
1419 1694 1459 1698 —
1485 1675 1527 1714 11)
1551 1679 1718 1705 I'raestans
1743 1678 1830 1705 illius
1848 1682 1874 1704 et
1897 1678 1951 1704 illo
1974 1677 2006 1705 A.
2028 1677 2066 1706 M.
2095 1677 2183 1714 Virg.

1238 1721 1312 1747 Aen.
1334 1718 1409 1748 XII.
1435 1722 1482 1751 19.
1506 1721 1539 1747 A.
1563 1719 1599 1749 M.
1626 1736 1668 1740 —
1708 1723 1749 1753 12)
1782 1719 1919 1747 Formula
1948 1718 2021 1747 haec
2043 1719 2124 1747 deest
2151 1718 2183 1747 iu

1240 1763 1311 1790 Cod.
1335 1763 1367 1790 A.
1391 1762 1428 1790 M.
1453 1762 1515 1791 Sal.
1545 1761 1609 1789 Cal.
1634 1764 1683 1793 38.
1716 1761 1749 1791 A.
1771 1761 1809 1790 M.
1840 1761 1909 1799 Cup.
1932 1763 1983 1791 37.
2007 1761 2072 1790 edd.
2103 1761 2182 1789 Cort.

1241 1805 1318 1832 Gerl.
1346 1820 1386 1825 —
1417 1807 1459 1837 13>
1484 1804 1563 1831 Haec
1591 1803 1719 1831 elocutio
1753 1813 1821 1831 cum
1844 1803 1979 1841 exemplo
2005 1803 2181 1831 Terentiano

1239 1847 1318 1874 deest
1340 1846 1418 1884 apud
1442 1847 1476 1874 A.
1495 1846 1533 1873 M.
1556 1846 1650 1874 Locus
1673 1846 1739 1874 Ter.
1760 1849 1804 1873 est
1822 1845 1895 1874 Eun.
1914 1845 1950 1881 11,
1973 1848 2003 1881 2,
2022 1848 2051 1876 1.
2071 1861 2113 1866 —-
2136 1845 2181 1883 14)

1239 1889 1374 1917 Elocutio
1396 1888 1469 1916 haec
1493 1897 1560 1915 cum
1578 1887 1712 1925 exemplo
1738 1887 1907 1915 salustiano
1928 1897 1943 1915 e
1963 1887 2034 1915 Cod.
2052 1888 2109 1916 Gu.
2130 1897 2183 1915 ac-

1241 1931 1358 1960 cedunt.
1384 1931 1477 1958 Locus
1499 1930 1620 1958 Salustii
1640 1929 1738 1957 adhuc
1765 1939 1825 1957 non
1844 1933 1888 1957 est
1918 1929 2082 1968 evulgatus.
2107 1930 2182 1958 For-

1240 1977 1317 2001 tasse
1337 1973 1504 2010 legendum:
1539 1973 1631 2009 quasi
1648 1982 1818 2009 possessore
1844 1972 1933 2009 Reip.
1961 1987 2002 1992 —
2031 1974 2076 2007 15)
2099 1970 2182 2000 Idem

1242 2015 1309 2053 Ing.
1330 2016 1379 2046 56.
1405 2015 1435 2045 A.
1454 2015 1491 2042 Μ.
1511 2014 1580 2052 Cap.
1604 2016 1654 2045 52.
1676 2014 1742 2042 edd.
1758 2014 1838 2042 Cort.
1862 2014 1942 2044 Gerl.
1981 2030 2013 2035 —
2053 2016 2096 2052 16)
2121 2012 2181 2043 Cic.

1234 2068 1293 2096 pro
1313 2059 1410 2086 Sextio
1434 2059 1480 2088 18.
1505 2056 1539 2084 A.
1551 2056 1588 2084 M.
1611 2056 1667 2084 Pro
1685 2056 1777 2094 Inque
1790 2056 1819 2084 in
1837 2056 1909 2084 Cod.
1925 2056 1980 2084 Gu.
2003 2056 2078 2094 Imp.
2100 2054 2180 2095 (sic).

1239 2116 1280 2121 —
1311 2098 1355 2139 17)
1378 2099 1450 2128 cod.
1473 2103 1596 2136 uterque
1625 2097 1755 2136 Philipp.
1788 2097 1830 2126 II.
1853 2098 1910 2126 Sed
1936 2097 2066 2126 ostendit
2088 2098 2120 2129 A.
2142 2097 2181 2127 M.

1238 2142 1338 2170 locum
1356 2142 1479 2180 petitum
1501 2151 1562 2169 esse
1579 2150 1616 2168 ex
1632 2140 1705 2168 Phil.
1727 2141 1748 2169 l.
1768 2150 1793 2169 e.
1819 2142 1847 2172 8.
1872 2140 1985 2169 Verba:
2007 2141 2106 2178 inquit
2122 2150 2179 2168 non

1238 2185 1407 2211 centurioni
1430 2182 1551 2222 quidem
1574 2183 1673 2210 solum.
1697 2181 1751 2210 secl
1773 2199 1808 2205 —-
1830 2183 1922 2210 etiam
1945 2182 2046 2211 addidi
2073 2192 2088 2211 e
2110 2181 2179 2210 Cod.

1239 2227 1295 2254 Gu.
1320 2236 1410 2264 quum
1440 2225 1517 2264 apud
1545 2224 1579 2253 A.
1601 2224 1639 2255 Μ,
1668 2225 1795 2261 legatur:
1828 2223 1941 2254 Census
1958 2225 2057 2263 praef:
2085 2224 2179 2262 equiti

1236 2279 1369 2298 romano.
1392 2284 1434 2291 -
1466 2267 1511 2305 18)
1534 2267 1618 2295 Hanc
1648 2267 1845 2295 elocutionem
1873 2277 1940 2295 cum
1962 2265 2095 2304 exemplo
2124 2273 2176 2293 suo

1235 2310 1336 2338 addidi
1360 2320 1374 2338 e
1399 2309 1470 2338 cod.
1496 2309 1552 2339 Gu.
1579 2309 1674 2338 Locus
1706 2309 1762 2337 Sal.
1791 2314 1842 2339 est.
1869 2309 1932 2338 Cat.
1957 2309 2006 2341 52.
2034 2307 2076 2336 ed.
2095 2307 2176 2334 Cort-

1236 2353 1314 2381 Gerl.
1339 2353 1445 2380 Pluris
1466 2362 1560 2391 quam
1590 2362 1621 2380 re
1643 2351 1806 2390 praeficere
1834 2351 1904 2380 Cod.
1929 2351 1985 2378 Gu.
2014 2357 2085 2386 quae
2112 2346 2175 2375 sine

1236 2395 1423 2423 cunctatione
1444 2394 1616 2432 corrigenda
1636 2398 1728 2423 erant.
1754 2409 1790 2414 —
1822 2393 1868 2430 19)
1891 2391 1974 2421 Idem
1994 2400 2052 2428 pro
2075 2389 2173 2417 Sextio
