2263 2668
237 202 311 238 416
661 191 1005 228 COMMENTARH
1030 191 1078 224 IN
1104 189 1245 224 PAULI
1272 188 1466 223 DIACONI
1492 190 1743 225 EXCERPTA

399 289 646 327 Expectorat.
692 283 838 312 Pacuvius
860 283 890 311 in
913 283 1063 321 Epigono:

724 333 865 374 Eloquere
884 334 1001 373 proprie
1022 325 1214 374 ac'pavorem
1237 333 1312 363 hunc
1334 343 1426 361 meum
1448 340 1613 372 expectora.

239 398 303 427 Hoc
326 391 448 422 verbum
472 388 609 415 damnare
630 385 749 413 videtur
773 385 919 420 Quinctil.
942 384 994 412 lib.
1009 384 1089 421 VIII,
1115 394 1177 423 cap.
1191 387 1235 415 3.:
1264 383 1309 412 At
1331 390 1447 421 veteres,
1474 384 1587 423 inquit,
1618 396 1651 413 ne
1672 391 1903 425 expectorat
1925 383 2038 425 quidem
2062 387 2169 416 timue-

239 445 313 468 runt.
356 431 516 462 Modestius
545 434 641 457 tamen
665 428 767 456 Cicero
784 427 832 455 Ill.
856 428 892 455 de
916 428 996 454 Orat.
1020 427 1093 463 (38,
1117 425 1201 465 54.):
1238 425 1390 454 Novantur
1418 433 1512 454 autem
1537 426 1639 464 verba,
1675 438 1749 467 quae
1773 426 1809 455 ab
1832 438 1880 463 eo,
1915 428 1965 467 qui
1991 427 2075 465 dicit,
2106 430 2170 469 ipso

236 481 409 520 gignuntur,
434 484 470 501 ac
481 472 563 511 fiunt
585 469 631 499 vel
652 468 859 508 coniungendis
880 469 987 504 verbis,
1011 476 1041 497 ut
1062 469 1141 498 lzaec.
1166 469 1253 497 Dac.
1291 468 1364 496 Vide
1380 469 1507 497 Nonium
1531 469 1572 507 (p.
1589 472 1634 500 16.
1651 469 1753 506 Mero.)
1776 471 1805 498 in
1824 470 2033 509 Expeclorare.
2065 469 2169 501 Goth.

400 514 665 554 Experrectus.
709 511 895 551 Empergitus.
927 512 1008 539 Inter
1029 513 1195 551 expergitus
1218 516 1244 539 et
1266 518 1449 549 experrectus
1471 510 1528 539 hoc
1551 511 1708 540 discrimen
1729 513 1831 540 Festus
1855 512 1975 546 slatuit,
1999 517 2031 540 ut
2053 513 2102 541 ille
2125 514 2171 550 sit,

238 561 289 601 qui
312 559 347 587 ab
370 558 433 586 aliis
456 558 618 590 excitatur,
642 554 707 591 hic,
734 555 785 592 qui
808 564 862 592 per
886 564 915 582 se
939 554 1048 590 vigilat.
1092 554 1186 582 Aliter
1210 559 1302 582 tamen
1329 552 1482 582 Diomedes
1505 553 1555 582 lib.
1571 554 1588 584 I.
1615 555 1692 593 (pag.
1708 557 1779 585 372.
1803 554 1847 584 ed.
1871 553 2019 591 Putsch.):
2051 554 2171 594 Est-per-

234 605 328 644 gitus‚
351 600 461 639 inquit,
484 600 534 638 qui
556 599 680 626 satiatus
701 607 802 625 somno
826 603 927 635 sponte
948 594 1068 634 vigilat,
1097 595 1173 624 unde
1194 604 1219 624 et
1242 593 1378 623 Lucilius
1400 596 1460 623 ait:
1492 596 1573 634 Ergo
1596 603 1621 624 et
1644 608 1744 625 somno
1765 607 1869 636 pueros
1892 608 1955 625 cum
1980 607 2063 624 mane
2084 598 2171 636 expi-

235 645 307 686 gitu'
331 641 436 672 clamo.
480 640 673 680 Experrectus
700 646 794 667 autem
817 650 835 667 α
857 639 949 678 quiete
973 637 1135 677 impeditus.
1185 637 1266 666 Unde
1290 635 1466 668 Sallustius:
1503 637 1645 666 interdum
1674 649 1775 667 somno
1806 646 1990 678 experrectus
2016 637 2171 667 tumultum

235 687 343 730 facere.
380 682 614 724 Eoepergefactus
634 692 723 719 porro
745 689 802 717 est,
833 681 883 720 qui
903 692 954 719 per
976 679 1065 708 alium
1089 691 1190 709 somno
1213 681 1370 709 excitatur.
1410 681 1469 717 Ego
1492 690 1562 708 vero
1586 681 1778 715 crediderim,
1802 681 1874 709 haec
1896 681 1949 709 tria
1974 681 2074 709 eadem
2099 691 2172 717 esse,

237 739 333 768 neque
356 727 474 755 differre
495 731 680 763 experrectus
703 723 738 751 ab
762 734 935 762 experrego,
965 723 1043 751 unde
1065 734 1117 761 per
1141 732 1299 761 syncopen]
1323 722 1431 750 factum
1454 734 1590 761 expergo.
1634 722 1812 762 Expergitus
1836 723 1871 751 ab
1894 734 2038 763 expet-go,
2068 734 2173 763 emper·

235 774 334 812 giscor
372 766 606 809 Eoepergefactus
629 765 663 794 ab
687 766 858 805 expergefio.
884 765 956 792 Vide
973 765 1057 794 infra.
1079 765 1132 793 Da
1142 777 1166 794 c.
1200 763 1433 804 Empergefactus
1454 765 1556 802 glossis
1579 765 1780 802 ἐξυπνισθεὶς.
1815 766 1930 794 Passive
1953 766 2080 795 sumitur
2096 765 2172 794 Gell.

239 814 297 850 VI,
320 814 380 843 10.:
412 809 473 838 Ista
497 821 524 837 re
547 809 659 836 animos
682 807 829 835 hominum
853 806 1036 846 expergehat.
1083 805 1185 836 Goth.

400 851 550 893 Effata.
596 850 667 879 Vide
690 849 795 890 Effer-i.
820 849 907 878 Dae.
953 850 995 879 Cf.
1022 850 1113 877 Varro
1138 850 1178 877 De
1202 849 1230 877 L.
1248 848 1278 876 L.
1298 848 1351 884 VI,
1376 859 1440 887 pag.
1455 851 1526 880 229.
1552 850 1602 888 Sp.

400 894 628 933 Exporgere.
675 892 749 920 Vide
772 899 964 930 experrectus.
1007 892 1097 921 Dae.

399 934 594 965 Exoletus.
641 934 819 963 Glossarium
842 932 985 962 Exolezus
1006 931 1174 973 ὑπέρακμος
1196 933 1245 964 καὶ
1269 930 1387 971 ἐξώλης.
1433 933 1603 971 Legendum
1625 938 1715 972 pu'to:
1748 933 1807 964 Καὶ
1831 933 1948 972 ἔξωρος.
1991 934 2088 963 Idem:
2110 933 2173 963 Etr-

237 981 328 1012 oletus
350 979 497 1018 τρίβακος.
521 975 621 1006 Scal.
655 977 728 1005 Vide
745 974 913 1013 Adolesco‚·
936 976 1002 1005 inde
1024 975 1134 1005 exoleti
1157 976 1298 1004 dit-untur
1320 980 1415 1004 scorta
1440 977 1571 1004 mascula
1593 977 1651 1004 iam
1673 976 1782 1004 adulta.
1806 975 1894 1006 Dac.
1922 975 2038 1004 Exoleo
2061 988 2174 1014 παρακ·

236 1024 329 1064 μάξω.
362 1019 489 1050 Exotero
510 1021 646 1061 τριβακῷ.
672 1017 775 1048 Goth..
812 1018 882 1047 Vide
906 1028 980 1056 quae
1004 1019 1131 1047 diximus
1154 1029 1244 1058 supra
1269 1019 1306 1047 ad
1329 1028 1357 1047 v.
1375 1016 1536 1048 Adolesco.
1569 1019 1638 1049 Voc.
1662 1017 1757 1048 olesco
1774 1019 1905 1057 Boppius
1923 1019 2031 1058 (Gloss.
2048 1020 2174 1057 Sanscr.)

238 1065 360 1096 deducit
382 1074 397 1092 a
421 1063 482 1091 rad.
507 1061 608 1098 widh,
640 1061 719 1100 quod
742 1071 799 1089 non
824 1060 985 1099 probabile.

400 1103 627 1134 Exanclare‚
676 1105 729 1131 Pro
752 1102 912 1131 exantlare.
950 1103 1022 1131 Vide
1043 1102 1185 1132 Anclare.
1213 1102 1299 1132 Dac.
1339 1102 1410 1131 Vide
1434 1113 1523 1141 supra
1546 1101 1721 1131 Anclabris.
1754 1102 1839 1131 Adde
1863 1102 1989 1130 Nonium
2013 1104 2090 1141 (pag.
2105 1105 2173 1134 107.

238 1156 267 1180 et
290 1151 361 1182 297.
384 1148 487 1187 Mem.)
507 1147 536 1175 in
559 1145 731 1175 Exanclare
754 1145 869 1173 duobus
892 1146 972 1174 locis.
1000 1144 1103 1174 Goth.
1138 1145 1269 1173 Vidimus
1293 1155 1381 1184 supra
1404 1146 1435 1173 in
1459 1146 1536 1174 notis
1559 1145 1595 1174 ad
1620 1155 1647 1175 v.
1667 1143 1813 1181 Anclare,
1836 1155 1896 1173 non
1921 1146 2041 1184 proprie
2063 1145 2175 1174 exhau-

238 1194 293 1222 rire
314 1190 475 1230 significare
498 1189 555 1218 hoc
577 1189 716 1225 verbum,
747 1187 796 1216 sed
821 1188 965 1226 perferre,
992 1189 1127 1217 tolerare.

401 1232 577 1261 Examen.
623 1228 756 1269 Σήκωμα
780 1230 902 1266 Graeci,
926 1231 1004 1259 unde
1029 1231 1123 1258 Latini
1147 1240 1276 1259 sacoma.
1307 1229 1461 1258 Vin-uvius
1486 1230 1558 1270 (IX,
1582 1230 1633 1267 3.).
1663 1229 1716 1258 Vel
1738 1240 1847 1258 scama.
1879 1229 2078 1258 Glossarium:
2102 1228 2177 1259 Sca-

237 1289 301 1315 ma,
331 1274 466 1314 σήκωμα.
508 1273 595 1312 Apud
619 1274 743 1301 eundem
765 1277 929 1301 auctorem:
962 1273 1072 1309 Scaua,
1102 1270 1196 1313 ζυγός.
1235 1273 1326 1309 Lego:
1359 1272 1477 1301 Scama.
1501 1271 1599 1304 Scal,
1639 1272 1760 1310 Lingula
1783 1272 1850 1308 illa,
1875 1281 1950 1310 quae
1972 1272 2003 1300 iu
2026 1282 2096 1301 ansa
2118 1271 2177 1301 huc

237 1325 325 1359 atque
353 1319 426 1347 illuc
456 1321 554 1353 nutat,
597 1316 667 1344 dum
697 1315 830 1344 lancibus
859 1316 990 1353 aequatis
1021 1317 1199 1354 respoudeat
1230 1325 1343 1342 summo
1375 1320 1499 1353 puncto.
1553 1315 1652 1350 Quare
1685 1315 1795 1353 optime
1825 1315 1929 1343 Festus
1957 1321 2177 1355 aequamentum

238 1363 324 1392 dixit.
369 1360 423 1389 Da
433 1370 457 1389 c.

400 1401 615 1441 Exagogen.
660 1400 919 1439 Exportatffinem,
948 1400 1147 1436 evectionem,
1178 1410 1193 1427 a
1218 1400 1330 1427 Graeco
1354 1396 1445 1438 ἐξάγω
1470 1398 1574 1428 educo.
1619 1400 1713 1428 Plaut.
1735 1399 1811 1428 Rud.
1827 1398 1869 1434 II,
1891 1400 1920 1429 2.
1941 1396 2034 1439 (17.)2

689 1450 818 1490 Eamque
840 1458 1003 1479 eventuram
1025 1461 1177 1489 exagogen
1203 1448 1332 1489 Capuam
1356 1448 1469 1478 salvam
1492 1456 1518 1478 et
1540 1450 1685 1490 sospitem.

239 1498 325 1527 Dac.

403 1537 649 1576 Exurgentes.
693 1534 867 1575 Exugentes.
899 1534 1005 1574 Exugo
1028 1545 1083 1573 pro
1106 1545 1233 1574 exsuge,
1258 1534 1411 1573 deperdita
1435 1534 1519 1563 litera
1541 1546 1563 1563 s.
1597 1534 1671 1563 Vide
1694 1535 1855 1563 exere-irent
1878 1538 1906 1563 et
1928 1531 2049 1563 exilica.
2082 1533 2178 1562 Verbo

240 1583 379 1621 Exugere
401 1590 488 1619 saepe
511 1580 605 1607 utitur
628 1578 758 1606 Plautus.
787 1578 873 1606 Dae.
919 1577 993 1605 Vide
1016 1578 1144 1605 Nonium
1173 1578 1255 1614 (pag.
1268 1579 1340 1607 479.
1364 1577 1471 1614 Merc.)
1497 1577 1528 1605 in
1551 1576 1715 1616 Exsugebo.
1747 1575 1849 1605 Goth..
1893 1575 2088 1604 Retinendum
2113 1576 2179 1612 suit,

242 1624 323 1663 quod
345 1623 436 1652 codd.
460 1623 517 1651 Gu.
539 1622 576 1650 II.
601 1625 628 1648 el
652 1621 687 1648 M.
711 1620 869 1658 praebent:
907 1618 1122 1657 Exurguentes‚
1158 1620 1254 1656 prisca
1283 1619 1439 1656 scriptura.
1483 1619 1603 1656 Legitur
1631 1619 1756 1647 verbum
1784 1629 1911 1657 est-urgeo
1941 1617 2021 1656 apud
2044 1619 2179 1647 Plautum

243 1667 319 1695 Rud.
334 1665 390 1702 IV,
415 1667 448 1700 3,
471 1666 518 1695 69.
538 1666 602 1695 70:
626 1661 687 1701 Ego
710 1663 769 1690 iam
794 1661 841 1690 lzic
864 1669 906 1698 te,
929 1659 1027 1688 itidem
1052 1662 1137 1700 quasi
1156 1658 1311 1699 penicillus
1334 1671 1423 1689 novus
1446 1662 1582 1700 exurgeri
1603 1659 1689 1697 solet,
1714 1660 1756 1689 Ni
1777 1659 1852 1689 hunc
1875 1660 2000 1696 amittis,
2024 1660 2180 1700 exurgebo,

244 1706 384 1749 quicquid
406 1706 534 1735 humoris
557 1704 610 1734 tibi
632 1712 680 1733 est.
725 1704 782 1732 Ubi
809 1704 907 1731 Douza
930 1713 996 1730 cum
1019 1703 1082 1731 aliis
1105 1703 1226 1741 exugeri
1246 1708 1275 1730 et
1297 1702 1445 1741 exugebo,
1485 1703 1565 1741 quasi
1589 1703 1654 1741 quis
1677 1703 1824 1731 Laciniam
1847 1702 2002 1731 tersoriam
2024 1702 2071 1731 vel
2093 1703 2180 1742 peni-

246 1751 342 1779 cillum
367 1759 524 1787 exsugere,
548 1752 576 1776 et
599 1758 659 1775 non
682 1747 781 1785 potius
803 1746 967 1784 exprimere
990 1745 1070 1773 velit.
1115 1745 1159 1773 Cf.
1185 1745 1271 1773 etiam
1295 1746 1356 1773 Cat.
1382 1745 1417 1773 de
1440 1747 1473 1774 R.
1498 1747 1532 1776 R.
1559 1748 1636 1782 156,
1661 1748 1688 1776 3.

406 1791 633 1830 Eargregiae.
677 1789 751 1817 Vide
773 1787 930 1828 abgregare
953 1793 979 1816 et
1002 1788 1078 1815 infra
1101 1788 1252 1815 eximium.
1297 1787 1382 1816 Dac.

408 1831 605 1862 Exodium.
650 1831 757 1860 Mirum
789 1831 972 1869 displicuisse
1002 1830 1058 1858 lioc
1087 1829 1183 1858 doctis
1214 1829 1301 1864 viris,
1340 1830 1390 1867 qui
1419 1840 1472 1868 pro
1503 1839 1537 1858 eo
1561 1829 1766 1858 substituerint
1787 1828 1936 1857 Exortum.
1981 1829 2075 1865 Quam
2097 1829 2181 1866 bene,

250 1876 304 1913 ipsi
325 1876 460 1905 viderint.
504 1874 698 1903 Meminerant
721 1875 845 1912 quippe,
878 1873 981 1909 ἔξοδον
1005 1883 1020 1900 a
1046 1872 1166 1900 Graecis
1188 1872 1263 1907 dici,
1297 1882 1354 1899 non
1377 1870 1502 1907 ἐξόδιον.
1547 1871 1585 1900 At
1607 1871 1695 1900 iidem
1720 1872 1863 1900 debebant
1885 1876 1987 1900 contra
2010 1871 2183 1907 meminisse,

252 1915 394 1957 πρόλογον
417 1928 431 1946 a
455 1917 576 1945 Graecis
601 1916 677 1953 dici,
701 1927 758 1944 non
783 1917 850 1944 item
874 1913 1050 1954 προλόγων,
1076 1925 1142 1942 eum
1166 1918 1261 1942 tamen
1285 1914 1431 1942 Pacuvius
1453 1912 1619 1953 prologium
1643 1915 1760 1944 dixerit.
1799 1914 1892 1942 Varro
1916 1913 2094 1942 Hecatombe
2116 1914 2184 1951 περὶ

253 1962 381 1988 &vonam
421 1958 555 1988 Socrates
586 1970 649 1987 cum
680 1959 708 1986 in
738 1956 861 1986 vinculis
888 1956 1015 1997 publicis
1031 1964 1111 1997 ⁴esset
1134 1964 1159 1984 et
1181 1957 1241 1984 iam
1265 1955 1380 1984 bibisset
1402 1954 1568 1986 κώνειον
1590 1957 1619 1984 ἰὴ
1644 1955 1782 1985 exodium
1805 1957 1886 1985 vitae.
1934 1956 2013 1984 Idem
2037 1955 2092 1991 ἕως
2114 1967 2183 1987 ποτε

254 2000 318 2037 περὶ
339 2000 439 2039 dodim·
466 2000 553 2029 Vitae
576 2012 688 2029 cur-sum
712 2008 742 2029 ut
764 2011 918 2039 agnoscere
938 2011 1064 2039 possem,
1089 2006 1115 2026 et
1137 2010 1211 2038 quae
1232 1999 1374 2027 servitutis
1397 2006 1422 2026 et
1445 1997 1589 2027 libertatis
1611 1997 1648 2026 ab
1672 1999 1781 2037 origine
1803 1997 1844 2026 ad
1866 1997 2006 2027 exodium
2027 1997 2182 2027 adductae.

255 2040 336 2069 Idem
357 2044 435 2081 ταφῇ
459 2043 642 2072 Μενίππου;
682 2041 769 2081 Quod
794 2053 928 2082 coeperas
955 2040 1043 2071 modo
1066 2042 1095 2070 in
1117 2042 1166 2069 via
1190 2051 1327 2078 narrare,
1366 2048 1396 2069 ut
1418 2039 1459 2068 ad
1481 2039 1621 2069 exodium
1647 2039 1788 2070 adducas.
1819 2039 1916 2069 Scal.
1960 2040 2034 2069 Vide
2053 2040 2182 2070 Nonium

257 2084 334 2122 (pag.
346 2085 394 2113 27.
419 2082 494 2109 Mero
507 2085 527 2119 )⁴
571 2084 659 2113 Dae.

452 2127 664 2154 mamussim.
710 2126 797 2161 Quod
825 2126 882 2162 ait,
918 2127 1056 2154 amussim
1079 2126 1290 2154 ferramentum
1314 2135 1393 2161 esse,
1430 2134 1489 2162 quo
1511 2128 1638 2153 utuntur
1660 2125 1737 2153 sabri
1759 2126 1790 2153 in
1812 2124 1967 2163 poliendo,
2003 2134 2108 2153 verum
2130 2130 2182 2156 est.

257 2163 329 2194 Inde
353 2164 427 2192 enim
451 2166 620 2193 amussivum
643 2168 777 2196 Vitruvio
802 2167 842 2207 (1,
866 2170 916 2205 6.),
953 2169 1045 2196 Varro
1069 2168 1281 2203 Quaestionum
1307 2167 1503 2196 Plautinarum
1527 2166 1576 2196 lib.
1588 2167 1637 2195 II.:
1661 2167 1799 2196 Amussis
1820 2173 1860 2195 est
1883 2177 2055 2207 aequamen,
2079 2166 2184 2196 laeva-

258 2206 728 2282 menltumMVetus}Gl(ossarium:
750 2210 938 2239 Examussim
963 2211 1086 2251 ἔρευναι.
1123 2211 1157 2238 Id
1179 2210 1281 2249 potius
1305 2210 1476 2238 convenioet
1497 2209 1566 2238 voci
1586 2208 1745 2239 Examina.
1771 2207 1870 2238 Scal.
1908 2212 2061 2238 Accurate.
2090 2210 2183 2238 plaut.

259 2259 313 2289 pro
328 2258 371 2287 og.
423 2258 539 2277 enaeci.
578 2250 655 2283 50.):

875 2294 913 2322 Ut
935 2293 1011 2323 hanc
1033 2306 1089 2323 rem
1112 2293 1194 2323 vobis
1214 2294 1392 2323 examussim
1415 2291 1566 2332 disputem.

261 2340 348 2370 Dae.
378 2340 450 2370 Vide
471 2339 597 2368 Nonium
620 2338 696 2378 (pag.
708 2343 736 2372 9.
758 2342 857 2381 Mero.)
877 2345 906 2373 in
928 2345 1089 2373 Amussim.
1115 2342 1218 2373 Goth.
1263 2345 1305 2373 Cf.
1329 2354 1403 2383 quae
1426 2354 1516 2383 supra
1539 2343 1667 2372 diximus
1688 2343 1724 2372 ad
1746 2353 1774 2372 v.
1792 2341 1980 2372 Emussitata.

424 2388 602 2419 Exuviae.
647 2390 720 2418 Vide
742 2390 888 2422 Exdutae.
932 2395 1064 2424 Exuviae
1091 2395 1202 2431 dictae,
1237 2405 1430 2434 quaecunque
1460 2399 1624 2429 exuuntur,
1659 2394 1718 2423 imo
1741 2398 1770 2422 et
1792 2393 1848 2422 alia
1870 2394 1971 2429 etiam,
2005 2395 2039 2420 ut
2059 2393 2183 2421 exuviae

265 2430 389 2461 Deorum
411 2431 486 2459 infra
508 2432 538 2460 in
561 2441 633 2461 voce
658 2431 762 2461 Tensa.
786 2433 869 2463 Dae.
914 2436 987 2465 Vide
1010 2437 1136 2465 Nonium
1161 2439 1239 2475 (pag.
1251 2438 1321 2469 458.
1343 2437 1448 2475 Mero.)
1469 2438 1499 2466 in
1521 2436 1663 2466 Exuviae.
1711 2434 1816 2465 Goth.
