2263 2668
230 187 306 222 514
666 181 1010 218 COMMENTARII
1035 184 1084 219 ΙΝ
1110 180 1252 218 PAULI
1277 183 1473 218 DtAcoNl
1499 184 1752 220 EXCERPTA

235 280 344 311 Deinde
365 288 423 308 non
446 277 542 306 omnia
564 283 646 303 sacra
671 275 814 304 continuo
832 280 861 305 et
883 276 1025 305 sacrificia
1042 281 1118 306 sunt.
1148 276 1221 305 Nam
1237 286 1284 306 res
1300 276 1401 306 divina
1417 287 1486 306 cum
1503 277 1564 305 Deo
1580 277 1627 314 fit,
1652 288 1770 307 sacrum
1788 277 1907 317 quidem
1923 283 1983 316 est,
2006 290 2065 309 non
2078 287 2175 310 autem

238 322 420 353 sacrificium.
453 320 508 347 Res
531 317 631 346 divina
655 322 706 346 aut
728 327 844 346 sacrum
867 328 926 347 non
949 320 1006 348 nisi
1028 319 1058 348 in
1081 320 1148 348 1000
1171 329 1256 348 sacro
1280 320 1382 354 fiebat3
1411 319 1589 348 sacrificium
1613 321 1700 349 etism
1723 322 1752 349 in
1775 321 1842 349 loco
1867 331 1925 350 non
1949 331 2042 352 sacro.
2075 324 2175 353 Aelius

237 363 480 395 Iurisconsultus:
515 359 550 389 Si
570 370 628 400 qua
651 370 737 390 sacra
758 361 874 400 privata
896 369 1029 402 suscepta
1052 369 1135 399 sunt,
1173 373 1246 403 quae
1268 373 1308 392 ea:
1330 363 1462 392 instituto
1485 360 1659 402 Pontificum
1684 371 1761 392 stato
1784 362 1832 392 die
1854 371 1905 392 aut
1927 371 2004 393 certo
2027 362 2093 393 loco
2114 366 2177 407 fa—

237 406 339 438 cienda
358 405 429 440 sint,
452 412 484 431 ea
507 411 595 432 sacra
617 401 778 442 appellari,
802 410 943 444 tanquam
966 404 1161 444 sacrficium5
1184 404 1235 434 ille
1253 404 1351 440 locus,
1375 404 1426 434 ubi
1447 416 1480 433 ea
1502 415 1590 434 sacra
1603 405 1755 448 facientia
1776 413 1860 443 suni,
1883 406 1939 434 uix
1960 405 2074 435 videtur
2094 418 2176 437 sacer

237 460 301 478 esse,
339 446 417 474 Haec
440 443 497 474 ille.
535 445 628 482 Igitur
650 453 695 474 res
719 445 834 483 divina,
865 451 898 475 ut
920 449 1086 485 parentatio
1108 451 1136 475 et
1159 447 1281 485 similia,
1305 447 1360 476 rite
1383 447 1413 475 in
1436 448 1503 476 loco
1527 458 1627 485 sacro,
1651 454 1722 487 puta
1745 449 1776 477 in
1799 458 1899 477 mensa
1922 448 1971 485 fit3
2000 448 2176 480 sacrificium

235 491 258 518 si
281 489 331 517 fiat
352 489 382 516 in
405 488 470 516 loco
494 488 630 526 quodam,
655 498 712 516 non
736 494 895 527 propterea
919 490 1055 528 sequitur
1075 490 1175 518 locum
1198 500 1317 519 sacrum
1340 499 1413 526 esse,
1436 490 1488 519 sed
1511 490 1690 527 religiosum.
1715 491 1764 520 Sic
1786 491 1823 520 ad
1847 492 1983 530 sepulcra
2005 501 2053 521 res
2074 492 2175 521 divina

237 532 324 561 fiebat
347 540 432 559 sacro
456 531 617 569 parentali,
656 541 716 569 quo
739 532 855 560 nomine
880 541 995 561 mensae
1017 532 1047 560 in
1075 533 1220 572 sepulcris
1251 532 1452 572 ponebantur,
1493 537 1521 562 et
1545 534 1728 563 Graecanico
1752 539 1781 564 et
1802 535 1936 563 Romano
1958 534 2027 564 ritu.
2071 535 2176 564 Cicero

237 575 272 603 de
294 574 407 612 legibus
430 573 485 610 (Il,
509 575 588 611 26),
613 578 641 601 et
663 574 823 612 scriptores
845 575 949 604 Graeci
972 580 1117 604 auctores.
1162 574 1258 605 Scal.

397 622 512 654 Mille
534 622 685 653 urbium.
708 624 767 664 (Ad
789 637 817 665 p.
834 625 926 661 173).
958 625 1034 655 Vide
1056 636 1145 666 supra
1169 627 1207 656 ad
1230 626 1331 663 fragm.
1355 623 1402 654 M.
1427 626 1583 665 pag.512‚
1607 634 1667 666 quo
1689 627 1812 667 irrepsit
1834 631 1904 656 nota
1929 626 2005 657 Dac-

398 672 529 704 IlIutas
557 673 714 705 litteras
742 683 773 705 et
804 675 1050 706 semivocales
1072 699 1201 707 .....
1237 675 1301 716 (Ad
1324 687 1352 715 p.
1368 675 1454 716 173.)
1497 678 1582 707 Deest
1604 682 1735 708 tantum:
1774 677 1809 707 In
1832 689 1864 707 eo
1887 690 1969 719 quem
1993 676 2028 707 de
2051 685 2176 719 tempore

234 727 291 757 quo
314 724 394 746 muta
414 722 467 746 etc.
504 716 577 746 Vide
596 718 627 746 in
646 716 832 750 solitaurilia.
877 720 958 755 Quae
981 725 1146 758 sequuntur
1169 720 1316 760 pertinent
1339 719 1378 748 ad
1400 720 1576 749 manumitti.
1615 721 1677 750 Sic:
1707 720 1886 751 IlIanumitti
1908 718 2059 750 dicebatur
2079 731 2176 750 servus

236 770 383 788 sacrorum
407 770 504 790 causa.
539 760 648 789 Locum
671 761 730 789 adi.
775 761 865 792 Dac.

397 817 634 849 Manumiui.
677 821 760 849 Pauli
787 821 876 850 verba
905 820 1074 860 interpretis
1096 821 1162 850 vice
1185 821 1345 858 fungentur
1367 821 1465 851 verbis
1488 822 1580 858 Festi,
1619 832 1695 861 quae
1717 823 1833 860 reliqua
1853 827 1939 859 sunt,
1974 821 2084 861 quibus
2106 821 2177 850 addi

235 863 345 897 potest,
377 861 457 898 quod
481 871 518 889 ex
541 863 610 891 Caio
633 862 719 893 lib.1.
741 864 866 892 institut.
891 865 984 892 refert
1005 864 1124 893 Boetius
1147 864 1199 892 lib.
1212 864 1264 892 111.
1286 864 1389 902 Topic.
1431 864 1503 893 Vide
1531 863 1685 894 ambae-tus
1708 871 1736 894 et
1759 865 1831 894 Am.
1859 865 1944 894 Ant.
1965 864 2063 904 Aug.
2106 865 2177 893 Post

235 902 402 930 manumitti
429 903 487 940 ita,
524 905 555 932 ni
578 905 682 942 fallor,
719 906 885 945 implendae
909 911 978 935 sunt
999 907 1079 936 labes
1102 907 1185 935 illae:
1223 906 1437 936 manumittens
1459 906 1547 936 modo
1570 915 1671 947 caput,
1704 906 1792 936 modo
1815 906 1973 937 membrum
1996 905 2081 935 aliud
2102 907 2177 936 servi

235 951 325 980 tenet,
353 951 379 972 et
403 943 492 975 dicit.-
520 946 612 977 Hunc
635 947 777 977 hominem
801 947 921 977 liberum
944 960 1002 978 esse
1023 948 1111 988 voZo‚·
1140 961 1176 978 ac
1196 959 1250 988 pro
1274 960 1306 977 eo
1329 950 1395 978 auri
1416 960 1442 978 x
1465 971 1626 979 ......
1648 949 1750 986 solvit,
1777 957 1823 987 ut,
1844 951 2016 990 priusquam
2040 947 2176 989 digredi-

235 992 294 1022 tur,
331 986 478 1027 efficiatur
499 988 572 1018 iuris
592 991 654 1027 sui,
689 989 757 1019 dum
780 990 825 1020 his
845 990 938 1020 verbis
960 990 1103 1020 hominem
1126 991 1247 1020 liberum
1269 992 1368 1020 mittit.
1411 993 1477 1021 Non
1500 993 1638 1030 dubium,
1677 994 1750 1031 quin
1773 993 1917 1030 intelligat
1938 991 2090 1020 dominum
2112 992 2176 1020 sol-

234 1037 303 1056 vere
326 1031 494 1059 vicesimam
517 1042 571 1071 pro
595 1033 718 1062 liberato
742 1043 843 1062 servo:
882 1033 919 1062 de
942 1044 1000 1072 qua
1022 1035 1080 1062 lata
1104 1039 1146 1062 est
1168 1035 1217 1062 lex
1241 1034 1363 1070 Manlia,
1398 1040 1430 1063 ut
1454 1036 1494 1063 ait
1516 1036 1617 1064 Livius
1639 1035 1716 1064 libro
1733 1035 1795 1064 Vll.
1838 1035 1989 1074 Epictetus
2015 1034 2095 1073 apud
2117 1034 2175 1063 Δι’-

235 1070 350 1099 ΓῘΒΠΩΜ
374 1073 450 1101 libro
469 1074 515 1102 IL:
538 1073 633 1106 “va
657 1072 710 1106 οὖν
734 1076 846 1118 στρέψῃ
868 1088 912 1112 τις
934 1076 981 1106 ἐπὶ
1004 1079 1169 1117 στρατηγοῦ
1191 1074 1242 1107 τὸν
1265 1074 1357 1106 αὐτοῦ
1380 1078 1506 1114 δοῦλον,
1531 1075 1618 1109 οὐδὲν
1641 1079 1799 1117 ἕηοίησενς
1829 1078 1958 1116 ἐποίησε.
1979 1078 2023 1114 τίς
2051 1077 2175 1116 ἔστρεψε

233 1112 285 1143 τὸν
309 1111 405 1146 αὐτοῦ
428 1117 536 1147 δοῦλον
559 1118 607 1148 ἐπὶ
631 1122 805 1158 στρατηγοῦ.
830 1118 900 1149 ἄλλο
924 1116 1028 1156 οὕὸένς
1062 1121 1120 1149 ναί.
1144 1119 1191 1149 καὶ
1215 1118 1349 1157 εἰκοστὴν
1373 1118 1464 1151 αὑτοῦ
1486 1122 1594 1151 δοῦναι
1617 1118 1739 1158 ὀφείλει.
1760 1123 1786 1151 τί
1810 1115 1883 1158 oiim
1916 1117 1931 1151 ὅ
1956 1122 2043 1149 ταῦτα
2065 1117 2176 1149 παθών

234 1153 270 1185 οὗ
287 1156 415 1204 ’γέγονεν
436 1156 608 1198 ἐλεύθερος-,-
631 1161 704 1189 Item
718 1162 847 1190 lib.1[1.:
867 1158 902 1192 ‘O
926 1163 1034 1197 δοῦλος
1056 1159 1149 1197 ειῖθὺς
1172 1159 1284 1200 εὔχεται
1306 1160 1464 1201 ἀφεθῆναι
1488 1161 1653 1202 ἐλεύθερος.
1678 1162 1727 1194 διὰ
1743 1164 1785 1200 τίς
1812 1165 1923 1193 δοκεῖτε
1945 1160 1990 1193 ὅτι
2012 1165 2074 1198 τοῖς
2097 1162 2176 1192 εἶκο-

235 1207 362 1235 στωναις
384 1199 524 1240 ἐπιθυμεῖ
546 1205 652 1233 δοῦναι
676 1201 828 1244 ἀργύριον.
871 1204 1021 1239 Quaenam
1045 1214 1158 1232 sumum
1180 1203 1228 1232 hic
1253 1204 1417 1233 definienda
1442 1206 1496 1242 sit,
1527 1217 1585 1235 non
1609 1206 1714 1241 video,
1744 1215 1839 1244 neque
1864 1215 1955 1243 quare
1978 1205 2042 1232 auri
2064 1205 2175 1243 potius,

235 1250 321 1278 quam
344 1243 530 1272 fortunarum
555 1246 700 1276 vicesima.
746 1247 804 1275 Sed
826 1251 854 1275 et
877 1247 905 1274 in
929 1247 1207 1275 manumissionibus
1234 1257 1308 1285 quae
1333 1247 1441 1277 fiebant
1464 1259 1619 1278 sacrorum
1643 1259 1743 1284 causa,
1778 1248 1965 1287 pendebatur
1987 1247 2054 1275 auri
2076 1246 2175 1275 nescio

232 1283 323 1353 fluid5
358 1285 425 1313 vide
455 1286 486 1314 in
509 1287 578 1316 Puri
602 1288 690 1325 adeo,
730 1294 763 1318 nt
787 1290 865 1318 nulla
898 1289 1088 1318 manumissio
1112 1300 1172 1317 non
1196 1295 1272 1318 esset
1295 1291 1464 1328 vectigalis,
1501 1291 1652 1329 quomodo
1675 1291 1808 1329 loquitur
1829 1290 2040 1319 Tertullianus.
2071 1287 2174 1320 Scal.

254 1322 408 1356 Ianumiui
423 1326 583 1359 dicebatur.
616 1330 696 1359 Haec
719 1332 820 1360 luxata
841 1332 975 1368 fuerant3
998 1337 1027 1360 et
1049 1332 1133 1370 prior
1155 1342 1223 1370 pars
1247 1328 1334 1360 huius
1359 1333 1464 1372 capitis
1488 1333 1663 1362 adhaeserat
1684 1338 1750 1372 post
1773 1340 1882 1361 mutum
1905 1330 1951 1360 his
1967 1332 2112 1369 vestigiis:
2136 1353 2143 1360 .
2167 1354 2174 1361 .

231 1388 358 1397 .....
383 1368 437 1398 Ser
459 1392 466 1399 .
489 1393 495 1398 .
520 1393 526 1399 .
550 1394 556 1400 .
580 1394 586 1400 .
609 1383 761 1402 sacrorum
787 1396 794 1403 .
820 1396 827 1403 .
853 1396 861 1403 .
886 1396 892 1404 .
919 1396 926 1404 .
953 1396 959 1403 .
995 1374 1027 1403 ld
1050 1379 1145 1402 autem
1168 1374 1237 1402 inde
1260 1375 1372 1402 sactum
1396 1380 1456 1411 est,
1492 1376 1573 1414 quod
1603 1381 1671 1414 post
1698 1380 1813 1404 mutum
1839 1374 1980 1403 continuo
2003 1373 2085 1402 hunc
2109 1384 2174 1402 ma—

229 1410 404 1440 numittendi
428 1423 537 1442 morem
562 1415 661 1443 Festus
684 1417 856 1455 explicaret.
902 1417 1010 1445 Notum
1040 1421 1084 1445 est
1112 1420 1208 1444 autem
1239 1416 1392 1446 dominum
1421 1418 1545 1446 solvisse
1575 1418 1743 1446 vicesimam
1767 1428 1823 1456 pro
1848 1417 1973 1445 liberato
1997 1426 2100 1452 servo,
2138 1415 2174 1444 de

229 1461 286 1490 qua
308 1453 369 1482 lata
397 1459 441 1483 est
463 1455 512 1484 lex
535 1457 657 1494 Manlia;
690 1459 828 1489 Liv‚V11.
853 1469 916 1497 cap.
931 1461 980 1490 16.
1017 1457 1146 1498 Epictet.
1170 1459 1248 1498 apud
1274 1459 1387 1489 Arrian.
1410 1460 1461 1489 lib.
1474 1460 1509 1489 ll.
1534 1465 1562 1489 et
1585 1460 1635 1489 lib.
1658 1460 1707 1490 ΙΙΙ.
1731 1460 1761 1488 in
1787 1457 2064 1488 manumissionibus
2086 1457 2174 1486 etiam

229 1503 305 1532 quae
327 1496 435 1525 fiebant
461 1508 616 1528 sacrorum
643 1510 731 1529 causa
758 1501 859 1529 eadem
891 1501 1015 1540 pecunia
1044 1501 1231 1538 solvebatur,
1268 1502 1340 1530 adeo
1365 1507 1398 1530 nt
1419 1503 1502 1531 nulla
1525 1502 1715 1531 manumissio
1739 1512 1799 1530 non
1822 1506 1895 1530 esset
1916 1501 2069 1538 vectigalis
2093 1510 2174 1539 quo-

229 1537 317 1566 modo
340 1539 473 1578 loquitur
486 1542 700 1578 Tertullianus3
723 1548 757 1572 ut
780 1544 892 1582 optime
914 1544 1030 1572 notavit
1044 1544 1185 1581 Scaliger.
1216 1540 1289 1573 Vide
1311 1544 1388 1573 infra
1404 1545 1434 1573 in
1449 1544 1528 1574 Puri.
1547 1542 1602 1574 Da
1613 1556 1637 1574 c.
1671 1544 1765 1574 Hunc
1784 1543 1939 1573 hominem.
1964 1543 2029 1573 Vid.
2045 1543 2066 1572 l.
2077 1544 2129 1575 33.
2142 1541 2173 1572 ff.

230 1579 266 1609 de
287 1582 473 1611 manumissis
497 1583 638 1613 vindicta.
660 1588 683 1623 §.
707 1586 809 1614 Caium
831 1585 916 1615 lib.I.
938 1586 1035 1614 Instit.
1060 1585 1217 1615 Boethium
1239 1585 1269 1614 in
1291 1586 1344 1615 Ill.
1367 1586 1470 1626 Topic.
1517 1585 1622 1616 Goth.

387 1640 594 1673 Moscillis.
639 1643 804 1682 Mosculis;
827 1655 843 1673 a
865 1655 943 1682 mos,
966 1643 1122 1674 masculus.
1158 1642 1218 1673 Alii
1240 1645 1344 1683 legunt
1365 1644 1510 1675 moscillis
1531 1645 1579 1674 vel
1600 1643 1726 1674 mosillis
1747 1650 1782 1673 ut
1801 1644 1833 1673 in
1855 1645 1942 1683 gloss.
1965 1644 2088 1673 Isidori:
2110 1655 2174 1674 mo·

228 1679 326 1719 sillus,
356 1693 468 1722 parvus
491 1696 563 1717 mos.
608 1686 663 1714 Cui
685 1687 844 1725 posteriori
867 1697 925 1715 non
948 1687 1126 1716 adversatur
1148 1687 1298 1725 analogia:
1331 1699 1397 1716 nam
1421 1692 1455 1716 ut
1477 1699 1492 1716 a
1512 1699 1620 1728 pasus,
1646 1686 1788 1727 pusillus,
1820 1687 1863 1715 sic
1885 1697 1902 1715 a
1921 1697 2001 1725 mos,
2030 1685 2173 1717 masillias.

229 1723 308 1753 Nihil
329 1730 425 1755 tamen
449 1727 499 1756 hic
521 1729 698 1758 mutandum
721 1734 774 1758 est·
816 1730 936 1769 Optime
960 1730 1037 1759 enim
1061 1740 1077 1758 a
1099 1740 1177 1767 mos,
1200 1728 1361 1767 masculus,
1384 1735 1419 1759 ut
1441 1731 1552 1772 aflos,
1566 1728 1726 1771 flosculus.
1770 1729 1861 1760 Dac-

389 1785 562 1826 Migrare
583 1799 714 1818 mensa.
745 1787 803 1827 (Ad
827 1799 856 1827 p.
872 1787 953 1828 174.)
982 1789 1078 1818 Locus
1101 1789 1244 1818 obscurus
1267 1789 1460 1829 interpretem
1485 1789 1641 1818 desiderat.
1661 1788 1748 1818 Ant.
1770 1787 1866 1828 Aug.
1908 1786 2045 1828 Migrare
2065 1797 2174 1825 merim,

230 1823 307 1861 quod
325 1837 412 1856 sacra
433 1831 485 1866 sit,
508 1829 630 1871 Diisque
651 1829 759 1870 templa
778 1832 890 1870 posita,
921 1832 1137 1871 inauspicatum
1159 1831 1334 1869 habebatur,
1362 1844 1428 1862 cum
1451 1834 1567 1873 sequior
1587 1830 1721 1860 suaderet
1743 1841 1833 1861 causa
1855 1829 1931 1859 unde
1952 1828 2074 1870 quidam
2086 1827 2174 1869 fuis-

231 1874 259 1892 se
271 1886 374 1897 ......
398 1871 521 1910 Reliqua
543 1873 658 1912 assequi
682 1884 744 1902 non
766 1884 898 1912 possum.
932 1875 1021 1903 Recte
1044 1874 1084 1902 ait
1108 1874 1324 1913 inauspicatum
1348 1875 1452 1912 fuisse,
1476 1885 1575 1904 mensa
1599 1874 1742 1912 migrare,
1766 1873 1834 1912 quia
1851 1883 1933 1901 sacra
1950 1877 2043 1908 esset,
2065 1872 2173 1901 utiam

231 1914 319 1953 supra
336 1910 481 1951 diximus,
504 1920 534 1944 et
556 1916 623 1954 quia
646 1916 694 1945 vet
716 1926 750 1945 eo
773 1917 893 1946 nomine
915 1925 1031 1946 mensae
1053 1927 1154 1946 omnes
1177 1926 1278 1946 sacras
1300 1926 1361 1946 esse
1383 1917 1506 1955 debent,
1529 1917 1610 1956 quod
1634 1917 1664 1945 in
1688 1926 1746 1955 quo
1770 1915 1880 1954 templo
1902 1925 2002 1944 mensa
2026 1919 2085 1952 est,
2109 1914 2173 1944 eius

233 1946 297 1996 ⁰⁰2¹,
320 1953 407 1999 ‘cuius
430 1958 573 1996 templum
597 1963 656 1995 est,
687 1969 720 1988 ea
743 1969 825 1988 sacra
848 1960 894 1988 sit.
931 1959 1027 1989 Huius
1050 1959 1268 1998 superstitionis
1292 1960 1403 1989 Plinius
1427 1960 1562 1989 meminit
1583 1959 1635 1988 lib.
1647 1957 1786 1988 XXVIII.
1810 1960 1897 1989 c.2.:
1927 1956 2035 1994 Servii,
2064 1957 2172 1996 inquit,

229 1994 369 2031 pnnctpis
388 1997 444 2026 viri
465 2002 668 2030 commentatio
691 2008 749 2037 est,
785 2001 973 2042 quamobrem
1001 2013 1100 2031 mensa
1122 2000 1282 2043 linquenda
1305 2014 1363 2032 non
1385 2003 1432 2034 sit.
1479 2003 1553 2031 Vide
1575 2003 1683 2031 locum.
1725 2001 1785 2040 Ego
1808 2011 1877 2029 sane
1900 2009 1975 2038 quae
1996 1998 2047 2028 hic
2069 1999 2173 2029 Festus

230 2032 339 2069 refert,
363 2046 397 2065 ex
420 2049 452 2067 ea
475 2044 721 2073 commentatione
744 2044 884 2073 Serviana
909 2045 1065 2083 desumpta
1088 2050 1171 2083 puto,
1206 2045 1341 2074 Fortasse
1364 2056 1440 2083 quae
1462 2050 1629 2084 sequuntur
1650 2045 1690 2074 ita
1712 2043 1866 2073 sarcienda
1890 2047 1975 2071 suut:
2003 2040 2087 2071 Unde
2108 2042 2172 2082 φά·

233 2072 302 2103 dam
321 2075 421 2118 fuisse
441 2082 470 2109 in
493 2083 621 2114 tristibus
643 2084 745 2116 dicunt
766 2097 808 2116 ea·
829 2085 929 2124 libris,
968 2089 1019 2128 qui
1040 2094 1107 2116 sunt
1128 2084 1266 2116 Rituales
1288 2087 1438 2127 appellati.
1482 2089 1555 2116 Nam
1578 2088 1608 2116 in
1632 2097 1666 2115 eo
1692 2087 1776 2124 luco,
1812 2087 1843 2114 in
1866 2095 1924 2124 quo
1950 2084 2080 2113 Rituales
2102 2083 2171 2113 libri

231 2126 397 2166 mens-arum
426 2129 691 2156 consecrandarum
719 2129 749 2157 in
781 2131 898 2169 templis
921 2130 1012 2158 ritum
1036 2129 1219 2166 edocebant,
1258 2130 1417 2159 verisimile
1441 2135 1483 2160 est
1508 2136 1538 2160 et
1561 2131 1597 2160 de
1620 2130 1679 2158 illis
1703 2128 1835 2167 auguriis
1859 2126 2055 2164 mensalibus,
2096 2135 2171 2166 quae

230 2158 382 2190 Vermsera
405 2165 606 2204 appellabant,
643 2175 670 2198 et
694 2171 730 2199 de
753 2172 826 2200 diris
849 2183 883 2201 ac
906 2173 1057 2209 tristibus,
1095 2182 1170 2210 quae
1192 2177 1295 2202 contra
1319 2173 1510 2210 accidebant,
1539 2177 1691 2203 tractasse.
1737 2172 1793 2201 Sed
1816 2171 1889 2200 haec
1911 2170 2024 2198 incerta
2046 2173 2115 2198 sunt
2136 2179 2170 2199 ac

229 2201 352 2232 fortasse
374 2206 480 2253 ineliu's
501 2214 563 2236 erat
584 2215 688 2240 tacere.
718 2213 819 2245 Scal.
866 2215 956 2251 Quod
984 2215 1069 2244 addit
1095 2215 1200 2244 Festus
1227 2225 1341 2245 mensas
1364 2216 1396 2244 in
1417 2216 1512 2245 triviis
1535 2216 1607 2256 poni
1629 2215 1749 2252 solil-³⁸,
1786 2214 1824 2243 de
1845 2212 1954 2242 mensis
1977 2212 2085 2241 Dianae
2105 2211 2169 2240 Sin

229 2243 353 2275 Hecates
374 2248 595 2286 intelligendum
619 2258 670 2282 est.
716 2254 801 2285 Dae.

234 2334 246 2345 υ
388 2297 514 2327 Mente
544 2309 686 2348 ⁰f²P¹'¹.⁸'
732 2304 797 2333 Huc
825 2308 975 2345 pertinent
997 2308 1086 2337 verbs
1109 2307 1203 2344 Festi,
1240 2318 1314 2347 quas
1341 2313 1516 2348 sequuntur.
1538 2307 1624 2337 Ant.
1643 2307 1737 2347 Aug.
1783 2306 1896 2336 Gloss.:
1931 2303 2035 2335 Mente
2055 2309 2166 2342 captus»

226 2344 337 2374 (πνους,
365 2348 471 2368 amem.
517 2340 571 2369 Cul
594 2343 705 2373 scilicet
727 2355 806 2374 mens
830 2350 912 2386 quasi
936 2351 1035 2379 vincta
1059 2355 1118 2387 est,
1150 2355 1206 2382 etc.
1250 2351 1329 2380 Infra
1353 2351 1383 2380 in
1406 2351 1505 2381 verbis
1526 2351 1604 2380 Festi
1627 2351 1709 2379 deest
1731 2359 1792 2379 vox
1814 2359 1931 2387 amenq
1958 2347 2000 2376 ita
2021 2352 2048 2374 et
2069 2355 2167 2374 amem

229 2378 309 2418 quod
330 2391 349 2408 a
371 2389 462 2410 mente
483 2382 595 2414 abierit.
620 2384 673 2413 Da
683 2397 707 2416 c.
745 2387 809 2416 Vid.
829 2390 847 2417 l.
860 2393 910 2422 25.
935 2393 1005 2420 Cod.
1029 2392 1065 2420 de
1088 2393 1209 2431 nuptiis.
1258 2392 1364 2423 Goth.

388 2431 545 2462 Manare
566 2434 680 2465 solem.
726 2438 835 2476 Suppli:
858 2439 912 2469 ita:
936 2442 1065 2470 Manat-e
1085 2441 1175 2471 solem
1198 2442 1303 2472 solitos
1325 2456 1384 2472 esse
1405 2445 1543 2484 antiquos
1566 2440 1661 2471 dicere
1683 2443 1741 2478 ait,
1765 2451 1832 2470 cum
1854 2438 1926 2469 solis
1947 2437 2066 2467 orienti-5
2087 2434 2165 2465 Γαίῖἱί
