2263 2668
507 156 572 191 DE
599 154 986 190 SIGNIFICATIONE
1013 156 1295 191 VERBORUM.
1348 155 1492 190 LIBER
1513 155 1635 190 XVIII.
1967 156 2042 191 723

74 247 198 290 -fastigi
219 259 275 288 pro
293 248 428 291 fastigii.
472 249 671 288 Interpretor:
709 247 982 286 Praetextatarum‚
1021 261 1096 289 quae
1117 257 1184 279 sunt
1206 250 1355 280 hominum
1369 248 1510 290 fastigii,
1541 248 1574 277 id
1596 252 1658 286 est,
1694 247 1864 285 hominum,
1900 249 1951 287 qui
1973 255 2043 279 sunt

92 291 260 329 fastigium,
283 291 316 323 τὸ
338 290 443 331 ἄκρον.
475 291 579 326 Prima
601 292 740 321 virorum.
760 291 848 322 Dac.
884 291 978 320 Ueber
1001 292 1048 321 die
1064 293 1285 325 Atellanischen
1306 291 1498 331 Schauspiele
1521 290 1573 320 der
1595 292 1704 320 Romer
1725 301 1786 320 von
1805 289 1836 323 C.
1851 289 1885 321 E.
1903 291 2042 323 Schober.

91 334 214 373 Leipzig
237 334 265 365 b.
289 335 403 364 Hartm.
429 334 519 367 1825.
566 334 668 363 Adde:
691 335 733 363 De
757 335 786 363 L.
810 334 974 372 Pomponio
997 335 1178 364 Bononiensi
1200 336 1401 364 Atellanarum
1424 339 1512 373 poeta
1534 344 1592 363 scr.
1613 331 1719 364 Munk.
1756 334 1840 372 Glog.
1866 336 1957 367 1826.

260 377 413 406 Taurus.
458 376 568 406 Paulus
591 377 733 414 originem
756 387 792 406 ex
816 377 928 405 Graeco
952 377 1067 414 omisit,
1091 388 1166 416 quae
1188 379 1377 407 verisimilior
1400 378 1461 406 visa
1485 381 1528 405 est
1549 377 1646 407 Festo.
1669 376 1758 406 Ant.
1778 378 1870 416 Aug.
1905 377 1951 406 Ex
1965 376 2042 406 Ver-

93 417 132 448 rii
154 418 300 447 sententia
325 419 527 448 Glossarium:
556 420 652 448 'I'aura
676 421 752 459 βοῦς
774 422 882 458 στεῖρα.
913 420 950 448 Et
973 419 1065 449 Varro
1088 421 1140 449 lib.
1152 421 1187 450 11.
1210 421 1248 450 de
1269 422 1303 450 R.
1321 421 1356 450 R.
1378 421 1425 452 5.:
1451 419 1533 459 Quae
1552 417 1660 448 sterilis
1681 426 1724 447 est
1744 429 1853 456 vacca,
1876 426 1963 449 taura
1985 431 2042 459 ap-

92 459 230 500 pellatur.
253 460 344 492 Dae.
378 461 523 501 Rapiant.
557 461 686 490 Pariant.
733 460 837 491 Goth.

260 502 367 533 Tudi.
412 505 518 532 Mirum
542 508 586 532 est
609 509 636 532 et
658 503 707 533 hic
730 509 759 533 et
780 503 917 543 superius
940 504 1078 532 Plautum
1101 505 1131 533 in
1153 505 1194 543 Sy
1219 527 1225 534 .
1251 527 1258 534 .
1284 527 1291 534 .
1318 527 1325 534 .
1350 504 1453 541 citari,
1490 514 1557 532 cum
1581 503 1652 531 alibi
1677 504 1748 532 citet
1770 504 1951 532 coniunctim
1974 514 2042 533 cum

94 544 149 573 illo
171 554 276 574 versu:
299 545 493 581 Diobolares‚
515 545 732 583 schoeniculae,
755 545 930 583 miraculae,
954 556 1042 584 quem
1065 557 1182 575 versum
1206 547 1360 576 manifesto
1384 547 1435 575 alii
1459 546 1550 574 citant
1572 557 1609 575 ex
1631 546 1810 582 Cistellaria,
1834 546 1912 583 quod
1935 557 2041 585 perpe.

94 596 158 615 ram
181 592 224 616 est
245 597 300 626 pro
323 588 493 617 Clitellaria.
517 587 620 617 Scal.
653 589 728 618 Vide
748 587 939 618 Crocotillum
957 593 985 616 et
1002 588 1178 621 Succrotila.
1204 589 1293 620 Dac.
1324 590 1399 628 Lege
1422 589 1503 628 apud
1526 590 1676 618 Plautum:
1702 588 1774 617 Cum
1797 587 1897 617 todilli
1918 599 2042 618 cruscu-

95 627 142 658 lis.
186 630 230 658 Cf.
251 629 354 662 Krehl,
378 631 416 659 ad
439 631 578 659 Priscian.
595 630 652 667 HI,
676 632 705 662 5.
729 632 781 671 qui
802 642 866 660 cum
889 629 998 660 rodinis
1020 631 1162 660 crusculis
1184 632 1340 670 legendum
1364 637 1470 660 censet.

263 672 520 702 Tubilustria.
567 673 661 702 Varro
683 674 734 702 lib.
750 674 782 704 V.
805 673 842 702 de
865 672 895 702 L.
916 674 946 702 L.
971 674 1048 711 (pag.
1065 676 1134 704 197.
1158 675 1203 705 ed.
1226 674 1306 715 Sp,):
1345 673 1552 703 Tubilustrium
1574 671 1755 713 appellatur,
1786 671 1866 713 quod
1887 683 1919 701 eo
1943 671 1989 701 die
2011 673 2041 702 in

95 714 172 743 atrio
194 716 305 743 sutorio
328 726 479 744 sacrorum
503 714 590 743 tubae
612 714 781 745 lustrantur.
813 716 863 745 Bis
886 720 982 744 autem
1006 716 1034 743 id
1059 715 1121 744 {ieri
1145 716 1253 745 docent
1276 718 1360 753 fasti,
1383 718 1420 745 X.
1439 716 1504 745 Kal.
1528 716 1600 755 Apr.
1624 720 1653 745 et
1675 716 1711 743 X.
1731 715 1796 744 Kal.
1820 715 1899 752 Iun„
1922 715 1953 743 in
1977 715 2042 754 qui-

96 757 151 785 bus
180 756 252 785 Tub.
275 757 323 786 vel
352 757 446 786 Tubil.
471 758 655 797 adscriptum
680 764 741 794 est,
765 763 794 786 et
814 758 901 787 Ovid.
924 758 1039 788 lib.111.
1063 758 1138 786 Fast.
1163 760 1273 796 (849.):

631 799 754 829 Summa
777 799 838 829 dies
859 812 873 829 e
893 801 1019 840 quinque
1041 800 1126 829 tubas
1148 800 1272 830 lustrare
1294 811 1420 831 canoras

629 842 798 880 Admonet,
822 850 849 871 et
860 842 944 883 forti
964 843 1134 882 sacr-ficare
1156 842 1232 872 deae.

96 884 243 922 Loquitur
265 888 363 914 auten]
388 884 424 913 de
448 883 554 922 quinto
577 883 625 913 die
646 891 713 924 post
737 886 948 924 quinquatrus,
972 895 1047 923 quae
1069 885 1131 914 dies
1153 886 1303 915 Minervae
1326 896 1426 914 sacrae
1448 884 1642 919 dicebantur,
1664 888 1694 913 et
1715 883 1818 920 lib.V,
1842 884 1952 920 (726ss

631 927 781 957 Proxima
807 927 938 957 Vulcani
960 926 1017 956 lux
1039 934 1095 963 est,
1127 939 1215 968 quam
1237 927 1343 957 lustria
1366 927 1485 957 dicunt.-

629 969 809 999 Lustrantur
829 981 934 1009 purae,
964 980 1038 1010 quas
1052 969 1137 1010 facit
1159 969 1224 1007 ille,
1250 970 1345 1000 tubae.

96 1011 142 1040 Ex
164 1009 211 1038 his
236 1011 326 1040 verba
349 1011 427 1040 Festi
449 1012 674 1050 intelliguntur,
706 1017 849 1051 excepto,
881 1012 963 1051 quod
985 1012 1021 1040 de
1045 1013 1172 1041 Arcadia
1196 1013 1278 1042 dicit.
1323 1012 1400 1041 Tubi
1428 1022 1500 1041 vero
1526 1010 1576 1049 qui
1599 1010 1672 1047 siut,
1708 1009 1843 1038 omnibus
1866 1014 1970 1038 notum
1992 1014 2045 1038 est.

96 1053 184 1083 Ant.
202 1052 300 1093 Aug.
339 1054 522 1084 Tubilustria
552 1055 632 1092 dies,
669 1055 777 1093 quibus
807 1055 910 1084 diebus
939 1054 1137 1094 adscriptum,
1176 1056 1206 1083 in
1231 1056 1306 1084 atrio
1330 1055 1445 1084 sutorio
1469 1064 1540 1093 agna
1562 1053 1650 1082 tubae
1672 1057 1706 1080 ut
1725 1052 1908 1090 lustrentur,
1944 1052 1980 1080 ab
2003 1051 2045 1080 eis

96 1095 184 1124 tubos
206 1097 376 1135 appellant,
406 1098 486 1136 quod
509 1108 600 1136 genus
623 1098 807 1127 lustrationis
832 1108 868 1126 ex
891 1097 1033 1135 Arcadia,
1056 1098 1188 1127 Pallante
1212 1108 1245 1127 eo
1268 1099 1480 1135 transferente,
1504 1096 1619 1125 venisse
1641 1095 1752 1124 dicunt.
1792 1095 1881 1133 Apud
1904 1093 2046 1123 Ovidium

96 1138 175 1167 Fast.
200 1138 255 1177 (V,
278 1140 382 1178 725.):

634 1182 782 1212 Proxima
806 1180 937 1211 Volcani
958 1181 1015 1211 lux
1037 1189 1085 1212 est.
1135 1181 1316 1212 Tubilustria
1340 1181 1450 1212 dicunt.

628 1225 811 1254 Lustrantur
830 1235 937 1264 purae,
967 1235 1041 1264 quas
1053 1224 1140 1265 facit
1161 1223 1212 1254 ille
1235 1224 1328 1254 tubae.

97 1265 174 1295 Male
195 1265 284 1296 hodie
307 1267 429 1304 legitur:
452 1267 598 1297 Proxima
621 1266 751 1297 Volcani
773 1265 831 1295 lux
852 1273 908 1303 est,
932 1277 1021 1307 quam
1043 1266 1148 1296 lustria
1171 1266 1281 1296 dicunt.
1326 1265 1426 1296 Scal.

265 1317 503 1349 Tuditantes.
549 1319 686 1347 Glossae:
718 1315 912 1352 Tuditatores,
934 1315 1121 1356 χαλκοτύποι.
1146 1318 1236 1346 Aliud
1255 1323 1299 1347 est
1321 1315 1475 1353 ΤιιιΙίσιιΖα,
1499 1312 1621 1356 τορύνη.
1652 1313 1723 1342 Inde
1742 1311 1929 1343 Tudiculare.
1953 1311 2047 1340 Varro

98 1359 236 1399 Marcip.:
260 1359 394 1390 Haecine
416 1361 499 1390 nobis
521 1360 632 1401 tibique
653 1357 859 1389 tudiculasse?
880 1358 938 1387 hoc
962 1364 1004 1388 est
1027 1370 1156 1390 movere.
1196 1361 1269 1389 Nam
1293 1358 1402 1400 τορύνη
1425 1356 1597 1397 κινητήριον
1620 1359 1671 1395 τῆς
1692 1353 1809 1395 χύτρας.
1845 1356 1935 1384 Porro
1959 1354 2048 1383 verba

98 1402 185 1431 Ennii
209 1403 250 1431 ita
272 1403 352 1441 lege:

672 1459 714 1465 —
757 1459 799 1464 —-
842 1442 913 1473 lzaec
934 1444 1010 1473 inter
1030 1456 1059 1473 se
1081 1452 1143 1474 tota
1163 1445 1193 1473 vi
1213 1443 1379 1474 tuditanus.

97 1496 189 1535 Saepe
215 1496 247 1525 in
276 1495 335 1524 hoc
364 1496 527 1534 exemplari
556 1495 632 1523 Festi
655 1505 674 1523 a
697 1504 753 1533 pro
776 1505 796 1522 u
818 1499 847 1522 et
869 1499 974 1523 contra
997 1508 1016 1524 u
1040 1506 1096 1534 pro
1119 1507 1137 1524 a
1160 1495 1304 1534 scriptum
1334 1500 1404 1524 erat.
1449 1493 1574 1530 Reliqua
1602 1492 1714 1528 integra
1746 1495 1815 1519 sunt
1842 1490 1874 1518 in
1902 1489 2050 1528 Epitoma.

98 1536 202 1567 Scal.
244 1539 266 1567 A
290 1537 373 1567 tudes
395 1537 515 1575 tuditis,
545 1538 682 1573 malleus,
715 1540 758 1564 est
780 1535 894 1572 tudito,
918 1537 949 1565 id
972 1542 1017 1565 est
1039 1538 1161 1577 proprie
1184 1538 1291 1566 malleo
1314 1537 1426 1573 tundo,
1448 1536 1586 1575 impello,
1609 1539 1637 1562 et
1659 1544 1713 1572 per
1736 1531 1939 1571 metaphoram
1962 1541 2052 1569 nego-

97 1580 174 1609 tium
196 1582 308 1618 tundo,
341 1590 411 1618 ago,
441 1586 473 1609 ut
493 1581 525 1608 in
547 1580 600 1608 illo
623 1578 723 1608 Ennii:
744 1594 787 1600 —
809 1577 896 1608 Haec
919 1580 993 1607 inter
1014 1591 1043 1608 se
1065 1587 1128 1609 tota
1149 1581 1178 1609 vi
1200 1579 1367 1608 tuditantes.
1392 1578 1453 1618 (Sic
1478 1579 1554 1607 enim
1577 1577 1733 1615 legendum
1757 1575 1860 1604 docuit
1882 1573 1970 1613 Scal.)
1992 1574 2052 1601 Tu-

99 1622 246 1660 ditantes,
270 1623 299 1652 id
323 1628 366 1652 est
389 1630 521 1662 agentes,
548 1632 607 1661 quo
630 1631 717 1650 sensu
741 1620 828 1649 etiam
851 1631 906 1650 nos
930 1622 1056 1651 dicimus
1080 1621 1187 1660 battre,
1217 1621 1348 1651 rebattre.
1392 1622 1449 1650 Sed
1473 1621 1557 1650 aliter
1580 1621 1610 1648 in
1630 1619 1682 1647 illo
1705 1618 1832 1647 Lucretii
1855 1617 1910 1657 (ΙΙ,
1934 1615 2052 1654 1141.):

675 1671 739 1701 Nec
761 1669 922 1701 tuditantia
946 1685 1003 1702 rem
1027 1681 1141 1702 cessant
1164 1674 1346 1703 extrinsecus
1369 1671 1461 1702 ullam

679 1712 811 1754 Corpora
833 1715 981 1753 corficere.

99 1766 188 1797 Dae.
222 1766 297 1796 Vide
320 1767 448 1796 Nonium
472 1766 552 1808 (pag.
568 1768 639 1798 178.
663 1765 753 1794 Mero.
776 1775 804 1794 v.
832 1763 1043 1805 Tullio-ulam).
1090 1764 1197 1794 Goth.

267 1817 436 1848 Tudites.
480 1817 622 1847 Tuditani
644 1816 810 1855 Sempronii
834 1815 922 1852 dicti,
959 1827 1086 1856 quorum
1110 1816 1238 1854 primus,
1274 1821 1309 1845 ut
1335 1816 1479 1852 arbitror,
1518 1815 1557 1844 M.
1580 1814 1774 1853 Sempronius
1797 1812 1966 1841 Tuditanus
1988 1812 2055 1840 Cos.

100 1860 157 1889 fuit
178 1870 246 1890 cum
270 1861 301 1889 C.
325 1862 449 1890 Claudio
473 1859 625 1890 Centhone
647 1869 725 1888 anno
749 1859 779 1887 P.
804 1859 837 1887 R.
862 1859 892 1887 C.
913 1860 946 1889 D.
973 1862 1021 1891 13.
1047 1858 1206 1897 (IDXIV.)
1229 1869 1265 1887 ex
1287 1858 1380 1886 Fastis
1405 1858 1593 1898 Capitolinis.
1617 1858 1703 1887 Ant.
1723 1855 1819 1895 Aug.
1862 1855 1960 1884 Infra:
1996 1854 2056 1882 Tu-

101 1901 176 1932 dites
197 1902 322 1933 malleos
343 1903 493 1944 appellant
516 1903 631 1943 antiqui
651 1913 670 1931 a
692 1899 857 1938 tundendo,
892 1903 1026 1942 quamvis
1048 1900 1104 1930 alii
1126 1913 1140 1929 e
1162 1900 1282 1930 indibus
1310 1899 1434 1937 tudites,
1470 1899 1538 1930 inde
1559 1900 1669 1930 Ateius
1691 1897 1796 1939 Capito
1824 1896 1862 1926 ab
1887 1898 1927 1926 eis
1947 1896 2056 1925 existi-

100 1952 163 1974 mat
192 1945 340 1976 Tuditano
363 1957 522 1986 cognomen
545 1943 664 1981 datum,
686 1942 767 1985 quod
789 1950 878 1983 caput
899 1943 1033 1973 malleoli
1054 1942 1149 1973 simile
1171 1943 1313 1973 habuerit.
1339 1942 1438 1973 Scal.
1471 1943 1546 1972 Vide
1574 1941 1759 1971 Tuditantes.
1794 1940 1889 1969 Haec:
1915 1937 2057 1977 Quamvis

100 1986 157 2017 alii
179 1988 312 2018 cruribus
334 1990 377 2018 sic
402 1988 579 2018 emendabat
601 1987 725 2015 Fulvius
748 1985 889 2014 Ursinus:
921 1985 1062 2025 Quamvis
1085 1985 1140 2015 alii
1161 1997 1180 2015 a
1202 1984 1335 2023 tactibus,
1365 1986 1450 2024 quasi
1473 1986 1570 2025 primo
1593 1983 1692 2021 tudes,
1715 1981 1808 2020 indis,
1830 1986 1863 2010 ut
1885 1979 1985 2018 sudes,
2009 1992 2057 2009 su-

102 2028 164 2067 dis,
187 2036 290 2070 postea
313 2030 409 2069 tudes,
433 2030 535 2060 tuditis
557 2030 670 2059 dictum
694 2029 741 2058 sit.
785 2028 878 2057 Dae.
1984 2065 1990 2071 ι

269 2073 431 2103 Tullios.
475 2073 566 2102 Tullii
589 2084 605 2101 a
627 2072 701 2101 tullo
724 2081 778 2110 pro
802 2071 891 2107 tollo,
916 2070 997 2109 quod
1021 2080 1128 2109 aquam
1151 2080 1269 2099 sursum
1292 2071 1408 2099 tollant.
1438 2070 1524 2101 Voss.
1541 2068 1642 2099 Silani
1663 2073 1733 2097 sunt
1755 2076 1903 2106 aquarum
1925 2065 1991 2095 tub1
2009 2064 2055 2093 vel

100 2114 227 2144 fistulae.
250 2115 340 2147 Dac.
376 2117 468 2146 Aiax
489 2116 586 2145 misso.
623 2114 709 2144 Ennii
732 2113 822 2142 verba
843 2113 886 2141 sic
908 2113 968 2141 suis
992 2114 1120 2142 numeris
1143 2113 1274 2142 restituit
1296 2113 1434 2142 Vossius:

868 2172 907 2177 ——-
955 2173 993 2177 —
1037 2172 1079 2177 —
1122 2154 1272 2195 Sanguine

744 2197 863 2227 Emissa
887 2196 985 2238 tepido
1013 2196 1106 2227 Tullii
1128 2197 1260 2237 efflantes
1281 2196 1391 2228 volant.
1958 2231 1963 2236 ι
2035 2227 2038 2233 ,

101 2240 182 2270 Illud
201 2241 294 2271 Aiax
315 2248 418 2272 natum
442 2247 487 2272 est
509 2253 546 2272 ex
568 2240 757 2282 praecedenti
779 2250 854 2269 voce
870 2240 983 2277 Aiace,
1007 2246 1036 2270 et
1058 2241 1147 2270 verba
1171 2245 1240 2269 sunt
1262 2241 1359 2269 nuntii
1382 2240 1418 2269 de
1441 2239 1546 2275 Aiace,
1571 2242 1730 2277 postquam
1753 2236 1809 2265 sibi
1831 2243 1933 2263 manus
1956 2227 2055 2257 :ntulit

103 2289 133 2313 et
156 2294 192 2314 ex
214 2285 266 2314 illo
291 2286 464 2325 Sophoclis,
488 2286 573 2315 cuius
596 2285 728 2315 fabulam
751 2284 902 2313 convertit
924 2283 1051 2320 Ennius,
1074 2288 1108 2312 ut
1131 2283 1242 2322 optime
1263 2284 1394 2322 Scaliger
1416 2281 1568 2323 (Sophocl.
1594 2280 1637 2310 Αἰ.
1665 2279 1755 2312 1411.
1772 2275 1881 2316 seqq.):

786 2342 829 2348 —
871 2342 914 2348 -—
956 2343 998 2348 —-
1032 2324 1099 2356 ”Eu
1121 2325 1177 2366 γάρ
1199 2326 1312 2366 θερμαὶ

748 2367 894 2409 Σύριγγες
915 2366 979 2400 ἅνω
1001 2371 1123 2408 φυσῶσι
1144 2368 1234 2407 μέλαν

749 2411 862 2448 Μένος.

1473 2459 1655 2503 Yyyy*
