2263 2668
93 170 166 201 Caio
181 179 255 201 orat.
270 170 338 203 adv.
358 170 405 202 M.
426 172 562 203 Acilium
589 179 706 214 quarta.

173 217 272 253 p.206.
292 225 321 244 V.
338 215 503 247 Penatores.

133 255 169 286 de
179 256 362 296 feneratione
380 257 451 298 legis
473 257 570 287 Iuliae
593 267 623 297 p.
643 260 704 287 206.

171 309 200 328 v.
217 299 350 329 Prorsus.

131 340 163 368 in
177 339 227 371 M.
246 339 405 371 Caecilium
431 353 460 381 p.
475 344 518 371 46.
537 352 567 373 v.
588 342 707 372 Citeria.

131 383 163 411 in
179 381 215 421 Q.
232 382 403 413 Minucium
421 384 576 414 Thermum
599 395 629 423 p.
645 388 706 414 251.

173 435 203 454 v.
223 426 335 454 Sacres.
352 429 412 456 236.
431 427 635 458 Ratissimum.

131 477 162 505 in
182 474 218 515 Q.
236 474 407 506 Minucium
436 477 591 507 Hermum
615 477 650 506 cle
662 478 704 509 X.

171 518 338 547 hominibus
351 529 382 558 p.
394 521 453 549 171.
472 530 500 551 v.
513 521 704 550 Multifacere.

173 563 232 591 185.
254 570 282 590 v.
303 561 493 600 Nequinates.
513 565 571 592 192.
598 563 704 592 Obsti—

171 608 250 633 nato.
266 605 326 632 264.
347 605 547 635 Sacramento.
559 606 704 644 Spiciunt.

131 645 166 674 de
181 647 241 675 suis
257 645 412 675 virtutibus
426 654 529 677 contra
547 648 703 677 Thermum

163 699 194 728 p.
217 691 276 718 188.
295 697 323 717 v.
345 688 494 720 Oratores.
517 700 548 730 p.
566 693 625 720 189.
643 691 703 719 Or-

171 730 332 761 dinarium.
346 734 404 760 206.
419 741 446 761 v.
457 732 545 762 Aliud
559 737 602 762 est
616 742 702 772 prop.

171 774 232 802 231.
248 783 278 803 v.
291 773 488 812 Repastinari.

129 823 164 853 de
191 831 335 864 potestate
362 824 515 855 tribunitia
540 835 571 865 p.
593 827 650 855 176.
674 837 702 855 v.

170 869 287 896 Nemut.

128 908 164 938 de
180 909 400 949 magistratibus
413 913 473 940 176.
489 920 516 940 v.
535 910 651 941 Nemut.

128 953 157 980 in
175 953 309 981 suasione
331 951 366 980 de
384 953 446 991 lege
462 951 571 983 Orchia
594 963 623 992 p.
643 956 700 982 195.

167 1004 198 1023 v,
226 993 452 1024 Obsonitavere.
480 998 541 1026 210.
566 995 700 1025 Pereun-

168 1041 257 1066 ctata.

126 1088 156 1116 in
184 1086 221 1126 Q.
245 1086 409 1126 Sulpicium
431 1098 461 1127 p.
487 1091 545 1118 180.
568 1099 596 1118 v.
620 1088 700 1117 Nasi-

167 1135 262 1159 terna.

125 1171 207 1211 apud
220 1172 327 1213 equites
343 1182 371 1212 p.
390 1175 449 1203 195.
465 1182 494 1202 v.
510 1173 699 1212 Optionatus.

124 1216 153 1243 in
183 1214 364 1244 dissuasione
384 1213 420 1243 de
446 1226 510 1255 rege
536 1215 645 1245 Attalo
668 1227 698 1254 p.

167 1260 228 1286 206.
244 1267 274 1286 v.
295 1257 492 1288 portisculus.

126 1309 154 1337 in
183 1315 257 1337 orat.
286 1315 388 1337 contra
425 1307 475 1338 M.
505 1306 636 1338 Caelium
670 1319 697 1347 p.

166 1353 227 1379 206.
248 1360 280 1380 v.
297 1350 354 1379 Pro
379 1350 518 1389 scapulis.

122 1394 152 1421 in
172 1399 246 1422 orat.
263 1390 305 1421 ad
320 1400 406 1421 notas
420 1393 566 1422 censorias
587 1403 616 1432 p.
633 1396 695 1424 210.

163 1445 191 1466 v.
207 1434 394 1464 Periculatus
415 1444 491 1465 sum.
510 1435 600 1464 Parsi.

122 1476 157 1506 de
176 1475 275 1517 fundo
298 1477 409 1506 oleario
428 1488 457 1516 p.
481 1480 542 1508 210.
568 1488 596 1506 v.
628 1478 694 1506 Pul-

163 1518 326 1549 chralibus.

121 1569 157 1600 de
175 1570 377 1599 coniuratione
390 1581 421 1609 p.
434 1572 494 1600 210.
508 1570 693 1600 v.Praecem.

120 1611 156 1641 de
177 1623 207 1640 re
228 1610 365 1641 Histriae
384 1612 511 1642 militari
531 1623 559 1652 p.
581 1616 641 1643 210.
668 1623 695 1642 ν.

163 1655 411 1684 punctatoriolas.

120 1699 151 1726 in
169 1704 243 1726 orat.
258 1708 347 1738 quam
360 1696 464 1727 hahuit
483 1697 515 1726 in
538 1698 695 1726 consulatu

161 1750 190 1780 p.
207 1742 266 1770 172.
288 1749 317 1770 v.
334 1739 554 1769 Mediocriculo.

119 1783 149 1811 in
173 1790 248 1811 orat.
273 1794 307 1811 ne
334 1783 400 1822 quis
422 1782 528 1811 consul
551 1781 593 1811 his
614 1783 694 1816 fieret

162 1835 190 1864 p.
208 1827 268 1854 210.
288 1834 317 1853 v.
332 1824 513 1855 Pavimenta.

118 1869 147 1896 in
172 1873 248 1896 oras.
275 1865 310 1896 de
329 1878 358 1895 re
380 1867 506 1896 militari
528 1877 558 1906 p.
581 1869 639 1895 216.
664 1877 691 1896 v.

159 1909 379 1939 Procubimres.

118 1959 221 1982 contra
227 1950 354 1992 Oppium
363 1954 485 1991 p.220.v.
494 1950 688 1987 Quadrantal.

118 1993 154 2023 de
174 1995 288 2034 spoliis,
313 2005 347 2022 ne
363 1994 523 2033 figerentur
544 1996 642 2032 pam.
661 2003 688 2022 v.

158 2037 328 2074 Resignare.

116 2080 147 2108 in
161 2086 235 2108 orat.
244 2089 310 2108 cum
326 2077 507 2107 edissertavit
514 2076 613 2106 Fulvii
627 2076 687 2106 No-

161 2121 275 2151 bilioris
316 2131 466 2150 censuram
508 2130 538 2159 p.
568 2123 628 2148 233.
660 2130 687 2149 v.

156 2162 337 2193 Retricibus.

116 2207 145 2235 in
166 2205 365 2241 dissuasione,
387 2216 422 2233 ne
438 2204 491 2233 lex
512 2202 626 2233 Baebia
640 2203 684 2233 de-

156 2254 308 2287 rogaretur
328 2258 359 2286 p.
378 2249 439 2276 233.
457 2256 486 2274 v.
510 2246 611 2285 Rogat.

116 2292 143 2318 in
163 2291 298 2318 suasione
316 2289 388 2328 legis
407 2288 560 2318 Voconiae
581 2299 610 2328 p.
627 2291 685 2318 233.

157 2343 186 2362 v.
208 2332 414 2371 Receptitium.

822 79 1296 115 INDEXII.

1954 85 2025 121 771

751 170 824 202 Cato
872 172 902 201 in
949 171 1151 203 dissertatione
1196 174 1367 204 consulatus
1412 169 1513 203 Cicero
1539 182 1585 212 pr.
1610 171 1707 203 Domo
1737 184 1762 203 c.
1786 177 1828 206 15.
1861 186 1892 215 p.
1916 178 1975 210 209,
1997 190 2024 210 v,

833 225 863 254 p.
885 216 945 244 236.
966 225 995 244 v.
1017 216 1110 245 Recto
1132 217 1240 247 fronte.

791 264 896 287 contra
908 255 1073 287 Cornelium
1087 258 1167 298 apud
1178 260 1320 300 populum
1336 270 1365 300 p.

832 302 893 328 236.
909 309 937 329 v.
956 301 1125 340 Repulsior.

791 342 822 371 in
836 349 910 371 orat.
927 341 963 370 de
977 344 1069 382 signis
1086 351 1112 372 et
1126 343 1236 374 tabulis
1256 354 1288 384 p.
1303 345 1365 376 236.

834 394 864 414 V.
889 385 1156 424 Redemptitavere.

788 438 844 466 pro
857 426 896 456 L.
917 425 1044 457 Caesetio
1066 438 1095 467 p.
1110 431 1169 457 242.
1189 439 1218 458 v.
1237 429 1341 458 Sultis.

791 476 895 499 contra
913 468 1047 500 Annium
1069 481 1098 510 p.
1116 472 1178 500 244.
1199 480 1228 502 v.
1251 472 1364 511 Super—

832 512 914 540 escit.

790 551 825 582 de
838 565 868 582 re
881 554 1006 583 militari
1019 565 1048 594 p.
1058 556 1118 585 245.
1128 566 1156 586 v.
1168 555 1229 584 Sub
1243 563 1362 586 corona.

788 596 819 625 in
836 603 909 625 orat.
925 595 1034 626 aediles
1057 597 1152 637 plebis
1170 605 1289 628 sanctos
1302 608 1362 627 esse

830 650 860 678 p.
874 641 934 668 251.
950 650 979 669 v.
994 641 1231 670 sacrosanctum.

788 679 824 709 de
838 680 1011 721 indigitibus
1028 693 1058 721 p.
1073 686 1132 712 261.
1148 692 1174 712 v.
1189 684 1359 721 sequester.

789 723 819 752 in
839 722 1036 754 dissuadendo
1051 726 1149 764 legem,
1171 733 1246 765 quae
1258 732 1360 765 postea

831 767 933 795 relicta
945 774 986 795 est
999 777 1031 805 p.
1046 769 1104 796 264.
1122 778 1146 796 v.
1164 769 1303 807 SiromPS.

787 809 818 837 in
840 815 914 839 orat.
936 818 1025 849 quam
1045 811 1163 849 scripsit
1185 809 1220 839 de
1238 809 1279 841 L.
1301 808 1359 839 Ve-

829 851 925 888 turio,
951 849 987 880 de
1013 853 1168 892 sacrilegio
1194 854 1359 890 commisso,

827 904 916 934 quum
941 893 967 922 ei
986 905 1089 935 equum
1114 894 1224 924 ademit
1246 906 1278 935 p.
1297 896 1360 924 264.

831 946 858 965 v.
881 936 974 965 stata.

783 988 839 1017 pro
856 976 887 1008 C.
911 978 981 1016 (sic)
1004 989 1035 1017 p.
1049 979 1108 1008 264.
1122 989 1150 1008 v.
1166 979 1358 1009 stiricidium.

785 1020 816 1049 in
831 1019 915 1049 Ann.
935 1019 1062 1050 Caelium
1073 1043 1081 1058 ‚
1105 1022 1131 1050 si
1142 1033 1170 1050 se
1184 1023 1358 1061 appellavis-

828 1070 870 1091 set
888 1073 918 1101 p.
934 1064 994 1093 264.
1014 1073 1042 1092 v.
1065 1065 1272 1102 spatiatorem.

786 1105 817 1134 in
831 1112 905 1134 orat.
924 1115 1012 1145 quam
1032 1105 1134 1135 scribit
1158 1105 1194 1136 L.
1217 1106 1306 1136 Furio
1324 1105 1359 1136 de

827 1158 907 1187 aqua
929 1157 960 1185 p.
977 1150 1036 1177 279.
1057 1159 1087 1178 v.
1106 1149 1268 1178 Viudiciae.

785 1188 821 1218 de
849 1201 880 1218 re
902 1189 1005 1219 Floria
1032 1201 1062 1230 p.
1090 1192 1150 1220 264.
1179 1202 1207 1221 v.
1239 1189 1357 1221 Sontica

827 1242 926 1261 causa.

785 1273 858 1302 liber
881 1273 917 1302 de
936 1285 966 1302 re
987 1275 1113 1304 militari
1130 1277 1358 1315 p.199.v.Pere-

825 1326 916 1345 mere.
939 1317 1035 1347 Serra.

783 1356 819 1387 de
839 1358 1013 1398 Auguribus
1033 1370 1064 1399 p.
1083 1363 1144 1390 20²).
1165 1370 1193 1389 v.
1211 1360 1356 1390 Probrum

823 1411 899 1439 virg.

784 1441 992 1472 Commentarii
1014 1443 1086 1472 iuris
1112 1445 1210 1474 civilis
1243 1456 1273 1484 p.
1297 1448 1355 1475 172.

825 1495 853 1514 v.
877 1485 1016 1514 Mundus.

784 1528 814 1555 in
842 1527 976 1566 Epistola
1013 1537 1043 1566 p.
1067 1529 1125 1558 171.
1152 1539 1181 1557 v.
1210 1528 1355 1560 Mansues.

823 1573 885 1599 210.
905 1580 933 1601 v.
959 1570 1169 1599 praedonulos.

741 1611 863 1642 Catonis
881 1623 969 1652 nepos
985 1623 1014 1652 p.
1031 1614 1089 1641 1722.
1110 1623 1138 1640 v.
1162 1610 1358 1651 Magnificius.

740 1653 878 1684 Censorio
899 1656 952 1683 lex
967 1664 996 1693 p.
1011 1656 1071 1683 202.
1086 1665 1104 1683 ν
1133 1655 1264 1685 Produit.

742 1696 889 1736 Cephalon
909 1696 1080 1734 Gergithius
1097 1698 1132 1725 de
1151 1698 1282 1727 adventu
1300 1698 1354 1727 Ae-

782 1748 853 1768 neae
866 1739 898 1768 in
916 1739 1031 1769 Italiam
1051 1749 1080 1778 p.
1099 1741 1157 1769 224.
1182 1749 1209 1769 v.
1221 1741 1353 1770 Romam.

740 1779 889 1811 Charisius
905 1782 924 1810 l.
935 1782 956 1810 I.
973 1792 1004 1821 p.
1020 1784 1078 1812 102.
1092 1782 1218 1811 Froben.
1240 1783 1354 1812 emend.

779 1832 809 1863 p.
826 1824 886 1853 354.
909 1824 1060 1853 Calatores
1084 1825 1147 1860 (U.)

738 1863 838 1895 Cicero
859 1876 888 1905 p.
905 1867 963 1897 134.
979 1876 1006 1896 v.
1022 1867 1159 1896 Ructare.
1173 1867 1232 1896 154.
1250 1870 1308 1896 272.
1324 1878 1352 1897 v.

776 1909 965 1991 ᾗῖδῗῖἱίῖίρρ.
988 1950 1024 1988 11,
1041 1954 1084 1982 25.
1107 1961 1135 1990 p.
1159 1954 1218 1981 222.
1240 1961 1271 1983 V.
1294 1953 1351 1982 Ru-

773 1997 910 2065 ἆεεὸῖιῖ..
920 2035 942 2073 I,
958 2036 1002 2073 28,
1017 2039 1076 2065 130.
1086 2046 1115 2075 p.
1125 2037 1223 2064 937.v.
1239 2037 1348 2067 Roscii.

772 2078 802 2106 in
824 2076 938 2109 Pis.11.
961 2088 991 2117 p.
1013 2081 1074 2108 261.
1091 2088 1118 2107 ν.
1138 2078 1277 2117 Seplasia.

1452 215 1655 254 Privilegium.

1495 268 1520 288 c.
1539 262 1578 287 17.
1599 268 1629 297 p.
1645 261 1704 286 209.
1719 267 1747 288 v.
1765 259 1969 300 privilegium.

1453 298 1489 329 de
1507 301 1588 340 petit.
1612 301 1723 330 consul.
1739 305 1782 338 11,
1795 303 1839 332 45.
1853 306 1967 335 emend.
1994 318 2024 346 p.

1495 346 1554 374 417.
1573 353 1600 372 v.
1618 343 1796 373 Exercirent
1818 346 1877 382 (D.)

1449 383 1494 428 (?)
1514 382 1551 414 de
1577 385 1716 416 Universa
1745 396 1770 416 c.
1795 390 1837 419 11.
1866 399 1896 419 v.
1921 389 2023 420 Neuti-

1494 436 1591 467 quam.

1450 468 1522 500 Caio
1544 469 1624 499 Mai.
1647 472 1691 507 15,
1707 473 1749 499 51.
1773 481 1804 510 p.
1823 473 1880 504 18⁷.
1906 483 1937 506 v.
1958 474 2021 504 Oc-

1489 522 1564 541 care.

1448 553 1548 584 Somn.
1581 553 1663 593 Soip.
1694 564 1718 583 c.
1739 557 1764 586 7.
1787 556 1873 595 (Rep.
1894 557 1945 596 Vl,
1964 560 2020 595 22.)

1489 596 1604 626 emend.
1625 601 1655 626 et
1676 597 1755 636 expl.
1777 607 1808 637 p.
1828 601 1888 628 305.
1910 610 1940 630 v.
1955 601 2019 631 Am.

1446 639 1516 711 Na(t.
1533 638 1625 711 )Deor.
1648 681 1685 719 11,
1707 685 1748 711 17.
1769 682 1883 712 emend.
1908 694 1941 723 p.
1958 687 2018 716 330.

1487 734 1516 753 v.
1538 724 1681 763 Adsipere
1709 725 1770 763 (U.)

1445 765 1499 806 Ep.
1523 765 1564 795 ad
1587 766 1669 796 Fam.
1694 766 1759 802 VII,
1782 767 1825 798 24.
1850 767 1966 797 emend.
1986 779 2016 807 p.

1489 811 1548 837 533.
1603 809 1670 838 Non
1720 810 1856 839 omnibus
1900 810 2017 840 dormio

1487 848 1537 891 (A.
1559 851 1594 881 D.
1618 850 1669 893 G.)

1444 892 1498 933 Ep.
1521 891 1562 922 ad
1576 893 1673 924 Attio.
1686 893 1754 931 XV,
1773 894 1818 932 26,
1829 897 1872 923 29.
1886 895 1964 935 expl.
1985 906 2015 935 p.

1486 938 1546 965 395.
1568 947 1596 965 v.
1621 937 1804 976 Capitarium
1834 937 1897 974 (D.)

1405 976 1523 1009 Cincius
1544 989 1573 1018 p.
1586 982 1628 1008 70.
1641 989 1669 1009 v.
1684 979 1820 1008 Gemil-is.
1834 981 1892 1008 178.
1914 989 1942 1009 v.
1957 979 2015 1009 Na-

1444 1020 1625 1052 tinationem.
1650 1020 1707 1053 179.
1736 1032 1764 1051 v.
1786 1021 1929 1050 Naucum.
1955 1025 2014 1052 181.

1443 1073 1473 1092 v.
1494 1063 1628 1102 Nuptias.
1652 1066 1710 1093 183.
1729 1074 1757 1093 v.
1784 1063 1935 1093 Novalem.
1954 1066 2014 1093 255.

1443 1115 1470 1135 v.
1493 1105 1594 1135 Salias.
1618 1109 1679 1136 201.
1693 1116 1720 1136 v.
1737 1107 1889 1145 Prospera,
1910 1107 1970 1135 229.
1986 1116 2014 1135 v.

1443 1147 1573 1179 Refriva.
1596 1151 1655 1177 260.
1679 1159 1707 1177 v.
1731 1149 1884 1178 Sinistrae.
1906 1151 1968 1179 269.
1984 1159 2012 1179 v.

1442 1190 1627 1220 Tuditantes.
1645 1193 1704 1219 279.
1719 1201 1746 1220 v.
1767 1191 1930 1220 vindiciae.

1442 1233 1473 1261 in
1502 1233 1579 1262 libro
1615 1232 1650 1261 de
1679 1233 1781 1274 officio
1813 1234 2014 1264 iurisconsulti

1484 1285 1513 1313 p.
1534 1277 1595 1305 265.
1621 1286 1648 1304 v.
1672 1275 1781 1304 Subici.

1441 1318 1461 1347 l.
1484 1317 1521 1346 ΙΙ.
1551 1316 1586 1346 de
1617 1317 1717 1358 officio
1754 1318 1955 1348 iurisconsulti
1983 1326 2011 1356 Ρ-

1484 1362 1543 1390 182.
1564 1370 1593 1389 v.
1616 1361 1796 1400 Nuncupati.
1818 1363 1877 1389 252.
1900 1369 1929 1390 v.
1958 1361 2012 1388 Sa·-

1482 1406 1573 1431 nates.

1440 1444 1492 1475 lib.
1510 1442 1546 1474 de
1564 1444 1670 1484 priscis
1684 1443 1778 1473 verbis
1798 1452 1828 1483 p.
1840 1447 1898 1473 199.
1920 1445 2012 1474 v.Po-

1482 1496 1603 1516 remere.
1619 1490 1679 1517 229.
1702 1497 1729 1516 v.
1748 1486 2011 1516 Reconducti.256.

1484 1539 1511 1558 v.
1537 1530 1668 1557 Scenam.

1442 1571 1521 1600 libro
1549 1571 1704 1600 Fastorum
1734 1581 1765 1609 p.
1783 1573 1846 1601 230.
1877 1580 1906 1600 v.
1926 1570 2012 1609 Regi-

1483 1614 1606 1652 sugium.

1441 1655 1672 1695 IVIystagogicon
1699 1654 1750 1685 lib.
1771 1654 1808 1683 H.
1838 1663 1869 1693 p.
1890 1656 1952 1683 275.
1982 1662 2011 1682 v.

1481 1698 1641 1727 Triemem.

1439 1740 1473 1770 de
1495 1740 1648 1770 consulum
1676 1744 1820 1779 potestate
1846 1748 1876 1777 p.
1892 1739 1952 1766 209.
1981 1741 2009 1765 v.

1479 1783 1611 1812 Praetor.

1437 1824 1474 1854 do
1496 1825 1623 1855 comitiis
1645 1834 1672 1863 p.
1687 1825 1748 1851 209.
1770 1832 1799 1850 v.
1816 1817 1967 1850 Patricius.

1397 1866 1530 1898 Cloatius
1554 1877 1584 1906 p.
1601 1869 1659 1895 191.
1681 1874 1710 1894 v.
1735 1864 1876 1893 Obscum.
1905 1865 1964 1891 192.
1981 1872 2009 1890 v.

1437 1909 1597 1939 Obstitum.
1619 1911 1675 1938 198.
1690 1918 1718 1939 v.
1734 1905 1895 1936 Piacularis
1910 1908 2007 1944 porta.

1434 1954 1496 1981 240.
1513 1959 1544 1981 v.
1559 1951 1708 1980 sobrium.
1722 1951 1781 1978 246.
1800 1957 1828 1978 v.
1840 1947 2006 1977 subucula.

1433 1997 1494 2025 251.
1508 2004 1537 2025 V.
1554 1993 1746 2023 Sacrificium.

1433 2037 1464 2066 in
1484 2035 1570 2065 libris
1590 2044 1741 2066 sacrorum
1760 2045 1794 2074 p.
1809 2034 1868 2062 168.
1889 2042 1919 2062 v.
1941 2030 2006 2061 Μο-

1474 2079 1602 2108 luorum.

773 2121 803 2149 in
835 2119 920 2151 Vm.
945 2120 974 2154 1,
1000 2123 1042 2151 56.
1064 2131 1093 2149 v.
1116 2121 1291 2151 Redivivum
1319 2132 1346 2161 p.
1391 2119 1509 2151 Coelius
1528 2120 1721 2151 historiarum
1740 2117 1820 2148 libro
1840 2126 1871 2155 p·
1890 2116 1949 2143 187.
1972 2124 2001 2144 v-

813 2163 873 2191 226.

793 2204 843 2239 IV,
859 2205 902 2233 43.
926 2215 954 2244 p.
977 2207 1038 2234 231.
1059 2214 1088 2233 v.
1112 2205 1271 2245 Repagtrla.

774 2245 863 2277 Catil.
883 2246 919 2277 II.
942 2247 1007 2276 init.
1029 2258 1059 2287 p.
1076 2248 1136 2276 274.
1159 2258 1186 2277 v.
1204 2247 1344 2279 Tandem.

772 2300 813 2329 pr.
837 2288 955 2319 Muren.
983 2292 1024 2318 12.
1047 2290 1161 2321 emend.
1186 2301 1214 2330 p.
1231 2290 1291 2319 674.
1316 2301 1345 2320 v.

814 2332 1003 2371 Superstites.
1024 2331 1088 2373 (U.)

1431 2163 1532 2192 oeiUSa

1432 2206 1452 2234 l.
1472 2202 1545 2234 Vll.
1568 2214 1598 2244 p.
1612 2205 1672 2232 270.
1695 2212 1724 2232 v.
1747 2203 1875 2240 Topper.

1429 2244 1651 2318 przrseeaeapud
1675 2244 1815 2286 populum
1843 2248 1874 2280 p.
1891 2242 1949 2269 189.
1972 2249 1999 2269 v.

1390 2330 1620 2362 Commentarius
1646 2334 1795 2359 sacrorum
1823 2334 1854 2364 p.
1881 2325 1939 2354 175.
1967 2331 1997 2353 v.

1386 2375 1593 2410 Eeeee*
