2263 2668
506 141 571 175 DE
598 142 988 179 SIGNIFICATIONE
1013 142 1300 179 VERBORUM.
1353 147 1497 182 LIBER
1522 149 1547 183 I.

1965 154 2014 189 19

54 236 184 283 Aquilo
210 239 327 269 ventus
345 231 370 252 ³⁷
396 246 416 268 a
441 234 733 271 vehementissimo
760 239 876 273 volatu
902 237 946 271 ad
966 232 992 254 ³⁸
1017 237 1118 271 instar
1144 239 1277 283 aquilae
1303 242 1497 286 appellatur
1515 240 1550 277 ³⁹.

55 288 254 333 Anquirere
271 283 296 304 44
324 291 372 320 est
398 287 524 321 circum
551 300 712 332 quaerere
732 287 765 323 4¹.

54 340 206 376 Andron
227 336 253 357 4²
277 339 371 373 locus
399 339 559 374 domicilii
580 337 606 358 ⁴³
632 342 823 387 appellatur
848 341 1019 387 angustior
1043 341 1256 386 longitudine
1278 339 1319 386 44,
1345 344 1378 377 ἰη
1404 357 1471 390 quo
1499 346 1558 380 viri
1583 347 1767 392 plurimum
1784 343 1810 365 45
1828 350 2011 384 moraban-

159 396 230 433 tur,
260 396 297 424 ut
323 402 533 436 gynaeceum
561 405 580 426 a
607 394 803 428 mulieribus
824 390 858 427 44.

56 443 168 490 Apud
195 448 228 476 et
247 454 359 489 penes
384 443 417 475 in
443 444 512 477 hoc
538 444 714 488 differunt,
742 445 835 490 quod
863 445 1003 479 alterum
1029 455 1210 489 personam
1237 456 1313 479 cum
1340 448 1418 482 loco
1441 446 1468 467 4⁷
1494 450 1661 495 significat
1682 447 1723 492 ⁴¹⁸,
1758 451 1899 486 alterum
1930 464 2012 498 per-

158 506 274 528 sonam
300 499 333 528 et
359 494 545 529 dominium
573 507 614 530 ac
635 493 659 514 44
686 501 902 542 potestatem,
930 495 1023 540 quod
1049 496 1192 530 trahitur
1219 509 1238 530 a
1258 498 1407 543 pem'tus.

59 547 186 581 Anxur
210 547 409 590 vocabatur,
442 558 530 591 quae
556 559 644 582 nunc
666 545 691 566 ⁵⁰
718 549 901 583 Tarracina
922 545 946 566 ⁵¹
973 548 1094 581 dicitur
1121 549 1264 583 Volscae
1286 547 1312 567 ⁵²
1338 552 1463 596 gentis,
1489 553 1573 587 sicut
1599 553 1645 586 ait
1670 553 1797 588 Ennius
1808 550 1848 588 ⁵³:

685 601 868 635 Vulscalus
886 597 912 618 54
934 600 1099 646 perdidit
1128 599 1261 634 Anxur.

58 649 247 695 Aqaarioli
273 648 469 683 dicebantur
494 651 674 685 mulierum
699 653 946 698 impudicarum
971 651 1101 685 sordidi
1127 654 1295 687 asseculae
1316 650 1350 687 ⁵5.

57 701 279 746 Aquipenser
299 697 323 717 44
348 713 453 746 genus
480 703 590 747 piscis,

57 752 258 798 Apellinem
281 748 305 768 ⁵⁷
331 754 455 798 antiqui
482 755 639 789 dicebant
664 767 728 801 pro
755 756 960 801 Apollinem.

58 804 198 849 Aperta
224 804 314 837 idem
342 805 470 849 Apollo
497 808 678 841 vocabatur
701 804 745 850 54,
772 808 850 852 quia
869 804 893 826 54
918 810 1055 852 patente
1081 807 1210 841 cortina
1236 817 1395 852 responsa
1423 807 1466 841 ab
1495 819 1535 841 eo
1563 808 1691 842 dentur.

58 856 219 889 Abditivi
245 856 386 889 abortivi
407 854 440 890 44.

58 907 139 953 Ape
165 907 258 953 apud
285 908 436 952 antiquos
462 909 638 944 dicebatur
659 906 683 927 ⁶¹
711 910 877 956 prohibe,
904 920 1093 955 compesce.

15 979 17 981 ·
57 959 168 1004 Apua
194 971 300 1005 genus
327 961 452 994 minimi
478 961 640 1006 pisciculi.

58 1010 135 1044 Abs
159 1012 363 1056 praepositio
391 1025 410 1045 a
437 1013 571 1048 Graeco
605 1013 784 1048 deducitur
818 1012 873 1061 ἄψ
895 1009 931 1048 44.
974 1011 1152 1058 Significat
1186 1016 1298 1045 autem
1331 1012 1599 1046 retractationem
1622 1009 1647 1030 ⁰³

159 1063 292 1096 riorem.

1681 1014 1713 1047 in
1739 1019 1869 1059 partem
1896 1021 2011 1062 poste-

59 1114 288 1160 Apollinares
314 1116 432 1158 ludos,
473 1115 542 1152 hoc
570 1122 621 1150 est
645 1118 680 1150 in
706 1116 843 1150 laudem
865 1112 890 1132 44
915 1115 1099 1161 Apollinis,
1139 1115 1289 1160 populus
1314 1116 1481 1150 laureatus
1507 1117 1697 1161 spectabat,
1732 1118 1816 1164 stipe
1844 1119 1922 1153 data
1947 1132 2012 1166 pro
2065 1128 2068 1131 '

161 1167 319 1210 cuiusque
347 1168 454 1212 copia.

58 1217 249 1263 Apieulum
275 1219 387 1261 filum,
413 1231 481 1263 quo
508 1219 656 1252 flamines
683 1220 828 1253 velatum
855 1219 989 1264 apicem
1008 1214 1034 1235 45

1060 1222 1190 1264 gerunt.

59 1269 191 1303 Abaeti
215 1271 426 1315 magistratus
454 1271 653 1306 dicebantur
672 1268 715 1314 44,
746 1272 804 1315 qui
831 1271 940 1304 coacti
967 1270 1194 1315 deposuerant
1220 1269 1408 1315 imperium.

58 1320 185 1366 Agere
209 1322 314 1355 modo
342 1322 507 1367 significat
533 1327 616 1357 ante
640 1334 679 1356 se
700 1323 853 1369 pellere,
888 1322 923 1356 id
951 1326 999 1355 est
1025 1322 1151 1356 minare
1173 1319 1208 1355 ⁰⁷.
1258 1322 1437 1367 Virgilius:

635 1374 685 1407 Et
707 1372 733 1392 44
753 1379 879 1420 potum
899 1378 1029 1419 pastas
1055 1385 1130 1419 age
1151 1371 1176 1391 44
1208 1373 1328 1418 Tityre
1346 1370 1381 1407 ⁷⁰.

158 1424 269 1457 Modo
296 1425 460 1470 significat
481 1422 506 1442 ⁷¹
533 1426 688 1472 iurgari,
714 1431 751 1459 ut
770 1423 795 1443 ⁷²
821 1426 962 1460 dicimus
975 1422 1000 1443 ⁷³

1027 1427 1107 1471 agit
1135 1436 1214 1459 cum
1242 1437 1281 1459 eo
1297 1425 1414 1471 surti‚·
1439 1423 1543 1457 modo
1571 1424 1777 1470 rependere,
1805 1430 1840 1458 ut
1866 1436 1941 1459 cum
1958 1426 2011 1460 di-

160 1476 264 1509 cimus
283 1472 307 1493 ⁷⁴
334 1478 480 1522 gratias
506 1489 604 1523 ago,·
630 1478 735 1511 modo
762 1477 879 1512 verbis
904 1478 1084 1520 indicare,
1114 1482 1151 1511 ut
1178 1488 1255 1511 cum
1282 1477 1423 1511 dicimus
1447 1471 1470 1478 ”

1449 1479 1472 1492 ’5
1498 1487 1646 1509 eausam
1673 1488 1769 1522 ago;
1803 1477 1880 1521 quin
1912 1479 2010 1512 etiam

162 1527 187 1559 si
213 1528 351 1562 accessit
372 1525 396 1545 ⁷⁸
422 1533 534 1574 gestus
561 1534 594 1563 et
619 1530 728 1563 vultus
755 1530 891 1574 quidam
920 1530 1040 1574 decor,
1067 1532 1104 1562 ut
1130 1541 1208 1564 cum
1234 1529 1356 1563 scenici
1382 1539 1486 1573 agere
1512 1528 1677 1562 dicuntur.

60 1659 150 1681 sceret
171 1653 204 1682 B.
234 1670 276 1676 -—
310 1652 359 1696 35)
381 1655 420 1695 ic]
444 1658 484 1684 iis
503 1656 537 1687 B.
560 1672 602 1679 -
623 1655 670 1694 36)
691 1655 935 1696 denominarunt]
957 1668 1014 1685 no-

61 1697 252 1724 minaverunt
269 1697 301 1725 B.
317 1713 355 1719 —
377 1700 426 1736 37)
442 1699 559 1738 ventae]
585 1710 640 1728 om.
655 1700 688 1730 B.
712 1716 754 1722 —
774 1701 820 1738 38)
840 1699 894 1739 ad]
913 1700 1014 1729 om.L.

59 1754 103 1761 -—
123 1737 170 1777 39)
192 1739 377 1779 appellatur]
399 1747 506 1770 ventu-s·
523 1741 593 1772 add.
615 1743 648 1771 B.
672 1760 713 1765 —
736 1740 786 1784 40)
811 1742 906 1782 Anq.]
923 1743 1014 1782 Amq.

60 1791 109 1820 pr.
140 1797 178 1803 -—
209 1784 255 1820 41)
279 1784 551 1824 circumquaerere]
574 1786 809 1825 circumquirere
830 1786 887 1814 Gu.
912 1789 941 1818 2.
966 1796 1014 1825 pr.

60 1823 197 1853 Fortasse
218 1834 342 1863 verum,
365 1828 417 1856 sed
436 1828 520 1856 nolui
536 1833 662 1867 propter
680 1828 926 1868 perspicuitatem
949 1833 1015 1867 ety-

60 1866 204 1904 mologiae
219 1868 360 1907 recipere.
381 1886 423 1892 —-
453 1871 498 1908 42)
515 1870 659 1910 Andron]
682 1871 804 1900 Antron
824 1882 871 1911 pr.
896 1887 932 1893 -
968 1868 1015 1909 43)

61 1908 117 1937 loc.
131 1908 223 1948 dom.]
245 1909 324 1940 dom.
339 1912 396 1943 loc.
411 1913 442 1942 L.
464 1930 506 1937 —
528 1915 573 1951 44)
589 1913 756 1954 longitud]
770 1912 896 1943 latitud.
913 1913 969 1942 Gu.
990 1914 1016 1943 1-

61 1967 103 1973 ·-—
133 1950 180 1992 45)
198 1953 382 1993 plurimum]
412 1956 445 1986 Β.
490 1956 578 1994 Vulg.
596 1958 737 1996 plurimi.
765 1974 805 1979 -—
834 1955 883 1997 46)
905 1961 939 1984 ut
956 1965 1016 1993 gy-

62 2004 202 2023 naeceum
221 2006 242 2023 a
255 1997 448 2037 mulieribus]
472 1999 520 2027 Sic
535 1999 573 2028 M.
598 2001 655 2029 Gu.
672 2003 702 2031 2.
722 2000 753 2030 S.
797 2005 831 2028 ut
849 1999 1017 2038 gynaecion

61 2048 286 2077 γυναικοιον
308 2039 341 2070 Β.
385 2045 419 2068 ut
443 2052 464 2069 a
484 2042 661 2070 mulieribus
692 2042 815 2081 reliquis
846 2040 961 2070 omissis
984 2040 1016 2069 L.

10 2103 11 2106 ,
62 2080 119 2109 Gu.
139 2083 166 2112 1.
210 2080 297 2119 vulg.
321 2086 355 2111 ut
378 2080 410 2113 τὸ
433 2087 603 2124 γυναικεῖον
629 2081 689 2115 cim}
713 2086 775 2115 τῶν
796 2085 960 2125 γυναικοῖν.
981 2099 1016 2104 —

10 2125 11 2134 ¹
60 2121 109 2163 47)
127 2134 246 2161 person.
265 2134 333 2152 cum
347 2125 429 2164 loco]
453 2137 522 2155 cum
535 2127 600 2156 loco
609 2137 690 2166 pers.
712 2127 744 2155 L.
764 2143 807 2149 --
829 2127 874 2164 48)
897 2125 1018 2164 sigulfi-

63 2165 124 2205 cat]
147 2167 250 2204 signat
269 2177 314 2205 pr.
335 2184 378 2189 —
399 2168 446 2208 49)
467 2169 515 2207 ac]
530 2174 555 2197 et
570 2170 600 2198 L.
621 2186 664 2192 —-
686 2170 731 2206 50)
747 2168 839 2207 nunc]
856 2178 914 2198 om.
929 2168 961 2196 L.
977 2184 1013 2190 —

62 2207 109 2247 51)
133 2208 268 2248 Tarraca]
293 2211 406 2240 Terrae.
420 2210 458 2239 M.
488 2211 606 2240 dicitur
620 2212 743 2241 Tarr.B.
759 2228 800 2234 --
816 2209 862 2251 52)
878 2209 1016 2249 Volscae]

67 2251 198 2279 Vul-vcae
219 2252 251 2280 B.
274 2252 312 2284 M,
337 2253 392 2281 Gu.
409 2256 436 2285 2.
450 2269 491 2275 —
514 2256 559 2291 53)
583 2256 629 2283 ait
648 2253 743 2293 Eum]
766 2255 846 2283 Enn.
861 2254 905 2281 ait
922 2254 957 2282 Β.
974 2268 1018 2275 —-

61 2295 107 2331 54)
135 2294 314 2334 Vulsculus]
336 2295 384 2323 Sic
398 2295 431 2324 Β.
455 2296 512 2329 Gu.
531 2298 560 2328 1.
575 2299 605 2328 2.
647 2297 797 2326 Vulculus
811 2296 852 2326 M.
871 2306 920 2335 pr.
950 2295 1016 2325 Om-

62 2345 180 2366 versum
204 2338 235 2366 L.
258 2353 298 2360 —
322 2341 367 2373 55)
392 2339 560 2378 asseculae]
584 2339 615 2367 L.
631 2338 669 2368 M.
691 2339 747 2369 Gu.
764 2341 792 2371 1.
809 2341 837 2370 2.
854 2349 901 2379 pr.
931 2338 1018 2377 Vulg.

65 2378 209 2408 adseclam
236 2397 271 2402 .-
297 2379 343 2419 56)
366 2380 568 2420 Aquipenser]
590 2381 772 2421 Accipemcr
787 2382 816 2410 L.
860 2381 969 2421 Art'ip.
983 2382 1016 2411 B.

1057 1673 1099 1679 —
1119 1657 1165 1694 57)
1179 1655 1327 1695 Apellin]
1349 1656 1381 1684 L.
1403 1655 1460 1684 ita:
1482 1654 1600 1694 Aperta
1615 1653 1693 1684 idem
1706 1655 1820 1694 Apollo
1835 1656 2011 1688 vocabatur.

1056 1699 1227 1738 Apellirzem
1245 1709 1303 1737 pro
1317 1698 1463 1736 Apolline
1475 1697 1643 1735 vocabant,
1664 1700 1740 1738 quia
1752 1704 1874 1737 patente
1891 1700 2010 1727 cortina

1058 1742 1097 1770 ab
1122 1752 1153 1770 eo
1176 1751 1320 1780 responsa
1345 1740 1462 1769 dentur.
1493 1757 1529 1762 —
1565 1739 1612 1782 58)
1637 1741 1822 1781 vocabatur]
1854 1740 2012 1771 dicebatur

1058 1786 1115 1813 Gu.
1135 1787 1163 1817 1.
1184 1800 1227 1806 —
1249 1783 1294 1823 59)
1312 1784 1387 1822 quia
1401 1793 1458 1812 om.
1481 1783 1539 1814 Gu.
1558 1786 1585 1815 1.
1608 1799 1651 1804 —
1672 1785 1720 1823 60)
1736 1784 1881 1824 abortivi]
1902 1783 2010 1813 dicun—

1060 1833 1111 1856 tur
1127 1826 1195 1857 add.
1217 1827 1249 1854 L.
1278 1842 1322 1848 —-
1358 1825 1405 1864 61)
1429 1825 1517 1865 apud
1530 1827 1676 1865 antiquos
1697 1826 1865 1867 dicebatur]
1888 1828 2012 1866 antiqui

1059 1869 1198 1898 dicebant
1220 1869 1251 1898 L.
1275 1869 1308 1899 B.
1354 1870 1478 1908 antique
1496 1868 1655 1898 dicebatur
1677 1870 1735 1899 Gu.
1759 1873 1783 1902 1.
1806 1880 1853 1909 pr.
1884 1885 1925 1891 —-
1962 1870 2011 1907 62)

1059 1910 1133 1950 ἄψ]
1165 1921 1222 1941 om.
1247 1911 1281 1940 L.
1304 1911 1336 1942 B.
1358 1911 1396 1942 M.
1423 1913 1480 1941 Gu.
1498 1914 1526 1944 1.
1548 1914 1578 1943 2.
1596 1922 1644 1952 pr.
1673 1929 1715 1935 —
1746 1913 1792 1950 63)
1815 1914 2011 1941 retractatio-

1059 1953 1137 1992 nem]
1160 1953 1209 1981 Sic
1230 1953 1264 1982 B.
1280 1954 1320 1985 M.
1337 1954 1394 1983 Gu.
1414 1956 1440 1985 1.
1452 1957 1498 1992 2.,
1520 1954 1551 1984 in
1566 1964 1625 1994 quo
1641 1966 1656 1983 a
1671 1955 1800 1985 secunda
1814 1965 1892 1984 man.
1920 1955 2009 1994 Vulg.

1058 1997 1277 2025 retractionem.
1298 2012 1339 2018 —
1360 1995 1406 2036 64)
1422 1996 1556 2037 laudem]
1580 1997 1630 2026 Sic
1651 1998 1692 2028 Μ.
1719 1999 1776 2027 Gu.
1801 2000 1828 2029 1.
1850 1999 1880 2027 S.
1922 1997 2009 2036 Vulg.

1058 2038 1161 2076 laude,
1183 2039 1332 2078 frequenti
1350 2039 1434 2077 vitio,
1457 2040 1533 2069 linea
1549 2051 1640 2080 supra
1655 2053 1669 2069 ε
1684 2041 1826 2079 neglecta.
1840 2056 1883 2063 ·—
1904 2043 1949 2080 65)
1963 2041 2012 2070 vel

1059 2082 1127 2121 ap.]
1153 2092 1203 2120 ap.
1222 2082 1270 2110 vel
1290 2083 1346 2112 Gu.
1365 2084 1392 2114 1.
1414 2099 1458 2104 —
1479 2082 1525 2123 66)
1548 2083 1739 2123 dicebantur]
1763 2083 1903 2112 dicebant
1915 2084 1948 2115 B.
1967 2099 2010 2106 —

1059 2123 1105 2164 67)
1128 2124 1252 2164 minare]
1275 2126 1390 2154 minari
1410 2125 1443 2154 B.
1465 2143 1506 2149 -
1534 2124 1581 2166 68)
1600 2126 1656 2166 Et]
1679 2125 1723 2155 acl
1741 2127 1773 2158 L.
1798 2143 1834 2148 —
1871 2125 1919 2167 69)
1942 2125 2010 2165 age]

1059 2177 1148 2207 agere
1168 2167 1202 2196 Β.
1223 2184 1263 2190 —-
1292 2168 1341 2207 70)
1372 2168 1486 2208 Tityre]
1510 2179 1568 2199 om.
1588 2169 1627 2200 M.
1651 2169 1750 2201 Gu.2·.
1775 2185 1815 2191 —
1843 2169 1892 2208 71)
1913 2170 2009 2207 signi-

1056 2209 1144 2249 ficat]
1169 2219 1224 2239 om.
1249 2210 1284 2240 B.
1315 2227 1359 2233 --
1393 2212 1442 2249 72)
1465 2217 1500 2240 ut
1523 2211 1674 2251 dicimus]
1704 2212 1754 2241 Sic
1778 2212 1819 2242 Μ.
1847 2212 1902 2241 Gu.
1931 2214 1957 2242 1.
1976 2212 2005 2240 2.

1062 2253 1147 2291 Vulg.
1172 2257 1205 2281 ut
1227 2263 1295 2282 cum
1316 2252 1459 2285 dicimus.
1486 2270 1529 2276 —
1563 2254 1610 2294 73)
1634 2265 1704 2284 cum
1727 2254 1876 2293 dicimus]
1901 2262 1959 2281 om.
1974 2252 2006 2281 L.

1059 2312 1102 2318 --
1136 2292 1183 2336 74)
1205 2306 1273 2325 cum
1295 2295 1445 2337 dicimus]
1469 2307 1526 2327 om.
1545 2298 1578 2327 L.
1609 2314 1646 2320 —
1686 2296 1735 2338 75)
1767 2308 1836 2326 cum
1858 2292 2006 2330 dicimus]

1060 2348 1118 2368 om.
1141 2337 1172 2367 L.
1203 2355 1243 2361 ·—-
1273 2338 1320 2379 76)
1344 2342 1420 2380 quin
1439 2342 1532 2370 etiam
1551 2342 1581 2369 si
1603 2339 1748 2379 acces-rit]
1773 2336 1896 2379 quando
1917 2337 2006 2365 etiam

1059 2382 1201 2411 succeseit
1221 2382 1254 2411 L.

1536 2425 1599 2460 C*
