2263 2668
625 117 1102 155 PRAEFATIO
1162 118 1523 156 DACERII.
1981 123 2054 158 237

96 219 216 260 stinum
244 216 427 255 latuerant,
456 219 489 248 et
515 212 632 249 adhuc
655 214 761 249 multa
788 218 1013 261 superessent,
1048 225 1136 258 quae
1162 225 1272 258 neque
1294 215 1416 248 Fulvio
1440 215 1563 250 Ursino
1589 227 1699 260 neque
1718 215 1912 260 scaligero,
1946 228 2055 262 neque

97 269 244 304 Antonio
267 267 456 313 Augustino
483 266 515 300 in
542 271 688 301 mentem
714 267 894 309 venissent,
939 264 1023 300 mihi
1056 267 1214 300 continuo
1248 266 1291 299 ad
1318 267 1583 302 exhortationem
1611 268 1788 309 succurrit,
1832 279 1899 301 mm
1925 280 2054 314 capere

98 322 137 356 id
163 331 284 355 rerum
310 323 495 361 naturam,
527 321 566 352 ut
593 319 765 365 quidquid
791 330 857 352 non
885 322 934 352 est
950 317 1097 364 sactum
1122 328 1165 351 ne
1186 317 1272 364 fieri
1297 319 1439 364 quidem
1462 321 1582 365 possit.
1635 320 1821 354 Arbitratus
1844 331 1914 352 sum
1941 321 2053 365 itaque

93 384 158 418 per
191 373 312 406 multos
346 372 478 405 labores
513 370 701 415 multasque
730 371 859 416 vigilias
884 370 958 403 fieri
983 380 1083 414 posse
1109 374 1145 402 ut
1171 370 1302 415 fastigia
1326 371 1494 414 quaedam
1522 372 1683 405 adderem
1709 371 1976 405 doctissimorum
2002 373 2053 406 vi·

95 436 208 458 rorum
240 424 386 457 inventis.
438 422 545 466 quue
572 422 656 456 mihi
688 423 818 457 facilius
849 421 1011 467 persuasi,
1039 432 1116 455 cum
1143 432 1179 454 re
1206 422 1278 466 ipsa
1305 428 1460 467 expertus
1483 436 1554 457 sum
1582 435 1635 457 me
1664 434 1703 456 ex
1730 422 1921 458 coniectura
1946 425 2053 458 multa

97 476 291 517 restituisse,
336 486 423 519 quae
456 471 538 507 niihi
565 474 687 508 deiude
707 474 865 509 Schedae
891 473 1174 519 approbaverunt.
1225 473 1343 516 Neque
1371 485 1437 519 ego
1463 474 1532 509 hoc
1559 476 1636 509 dico
1664 475 1729 508 mei
1756 475 1898 509 iactandi
1926 487 2051 516 caussa,

96 530 153 572 qui
181 539 252 561 sum
281 527 323 560 ab
351 526 441 559 omni
466 526 643 560 iactatione
670 526 885 560 alienissimus
912 530 945 558 et
969 524 1128 570 ingenioli
1156 523 1221 557 mei
1253 525 1416 558 tenuitatis
1443 527 1543 571 plane
1576 527 1744 566 conscius,
1791 527 1849 559 sed
1878 532 1913 559 ut
1939 533 2052 561 osteu-

96 580 174 612 dam
202 580 235 612 in
263 578 451 611 auctoribus
478 578 759 623 recognoscendis
785 582 818 611 et
844 576 1060 611 emendandis
1087 576 1191 609 multa
1217 575 1292 608 viris
1319 576 1513 611 doctissimis
1541 579 1691 622 quotidie
1719 578 1824 618 elabi,
1861 589 1948 621 quae
1981 591 2051 613 sese

96 636 212 676 postea
238 630 315 662 viris
343 629 505 663 mediocri
530 630 666 674 ingenio
693 629 881 675 perhibent.
935 628 1071 662 Addam
1098 632 1132 661 et
1157 627 1240 660 illud
1269 639 1424 672 quoque,
1452 629 1508 663 hic
1536 630 1664 675 saepius
1692 641 1710 662 a
1737 629 1810 661 viris
1838 631 2051 673 praestantis-

95 682 182 715 simis
210 686 353 714 erratum
382 693 470 721 esse,
506 681 584 725 quia
606 681 731 714 nemini
758 692 903 725 unquam
927 680 1069 725 contigit
1094 689 1161 713 non
1186 689 1317 720 errare,
1358 685 1391 713 et
1417 680 1520 714 maius
1548 688 1595 714 est
1620 692 1720 725 quam
1748 686 1783 713 ut
1810 681 1985 714 convenire
2016 682 2049 714 in

94 732 276 766 humanam
302 732 525 765 infirmitatem
553 733 665 777 possit.
718 733 831 775 Quare
857 732 920 766 illis
948 736 1037 766 certe
1062 743 1186 778 magna
1212 731 1327 764 iniuria
1354 732 1467 773 fieret,
1509 733 1533 765 si
1562 744 1675 766 eorum
1702 732 1824 777 ingenii
1851 733 2048 778 magnitudo

95 785 164 819 hoc
195 795 262 819 uno
295 784 412 818 labore
444 784 681 819 aestimaretur.
731 785 846 818 Pauca
880 795 996 817 eorum
1023 783 1185 829 praestitit
1204 783 1365 816 Antonius
1384 784 1587 829 Augustinus
1613 796 1699 828 quae
1725 789 1894 829 praestare
1918 785 2048 828 potuis-

95 842 153 870 set.
204 837 243 870 In
272 836 381 869 multis
408 835 534 869 divinus
555 836 725 881 Scaliger,
770 836 829 869 sed
864 835 945 869 dum
977 835 1112 881 ingenio
1146 845 1206 868 suo
1239 835 1376 868 nimium
1403 836 1573 881 indulget,
1619 848 1718 880 saepe
1746 835 1849 868 nubes
1876 840 1988 880 captat
2015 841 2048 869 et

94 889 140 922 nil
167 888 272 921 minus
300 899 401 931 quam
420 885 557 921 Festum
583 888 827 932 interpretatur.
880 887 1019 922 Fulvius
1038 887 1194 928 Ursinus,
1222 886 1358 930 reliquis
1384 887 1529 929 felicior,
1555 888 1718 920 utiliorem
1744 898 1882 931 operam
1905 888 2047 927 navavit,

94 939 154 973 sed
173 940 219 974 sic
240 939 337 973 etiam
359 939 513 981 Festum,
544 951 611 974 non
631 945 700 973 tam
720 938 954 980 emendatum,
988 951 1091 983 quam
1110 938 1359 974 emendandum
1380 944 1413 972 et
1432 939 1603 972 emendari
1623 939 1754 973 facilem
1777 939 1922 971 tradidit.
1974 939 2047 983 lgi-

94 997 147 1025 tur
166 1002 237 1024 rem
257 996 366 1025 actam
386 1002 440 1024 me
461 1002 529 1024 non
549 997 702 1025 acturum
723 991 902 1024 existimavi
925 992 951 1024 si
974 990 1096 1024 similes
1118 996 1254 1025 conatus
1275 1001 1368 1024 meos
1393 992 1592 1035 proferrem.
1644 990 1789 1023 Multum
1818 990 1860 1022 ab
1887 990 2046 1024 heroibus

94 1043 160 1076 illis
177 1043 327 1076 adiutum
348 1054 402 1076 me
423 1042 548 1084 fateor,
583 1043 687 1077 multa
707 1048 819 1076 tamen
841 1048 957 1077 contra
977 1054 1094 1077 eorum
1113 1043 1306 1076 sententiam
1329 1054 1399 1075 sum
1421 1043 1664 1087 interpretatus.
1715 1041 1867 1075 Schedas
1892 1047 1924 1075 et
1949 1042 2045 1087 frag-

94 1099 206 1127 menta
226 1107 245 1127 a
265 1094 387 1127 Fulvio
416 1094 548 1127 Romae
575 1094 664 1128 edita
691 1094 871 1140 diligenter
898 1095 1064 1137 consului,
1104 1094 1273 1128 literarum
1307 1094 1443 1131 ductus.
1486 1100 1578 1127 notas
1606 1100 1639 1127 et
1665 1093 1776 1137 apices
1803 1094 1897 1126 anxie
1923 1104 2045 1138 perve-

94 1146 228 1191 stigavi,
265 1145 355 1179 unde
387 1150 583 1180 consecutus
617 1157 688 1179 sum
722 1151 759 1179 ut
791 1151 862 1179 tuto
894 1147 1109 1191 pronuntiare
1142 1146 1264 1191 possim
1298 1146 1422 1179 nullam
1450 1147 1572 1179 bonam
1599 1145 1690 1178 Festi
1717 1145 1895 1177 editionem
1923 1150 2044 1186 extare,

94 1198 219 1231 nullam
246 1209 333 1241 quae
357 1201 509 1231 truncata
533 1209 600 1230 non
626 1198 665 1230 sit
692 1202 724 1231 et
749 1202 846 1243 parte
871 1199 920 1231 sui
948 1198 1074 1233 mutila.
1126 1198 1260 1231 Maiora
1287 1209 1387 1242 quam
1414 1198 1507 1231 credi
1533 1197 1634 1242 possit
1660 1196 1780 1229 menda
1806 1196 1934 1237 sustuli,
1960 1195 2044 1229 hor·

92 1249 212 1282 rendas
238 1248 446 1283 traiectiones
471 1249 599 1289 detexi,
632 1261 719 1293 quae
746 1250 789 1283 ab
815 1249 853 1282 iis
878 1255 974 1284 natae
1000 1254 1073 1283 sunt
1099 1249 1159 1294 qui
1177 1250 1271 1284 Festi
1296 1250 1400 1283 verba
1425 1249 1662 1294 alphabetico,
1705 1253 1740 1282 ut
1766 1253 1901 1289 vocant,
1929 1247 2044 1281 ordine

90 1301 338 1346 disposuerunt.
390 1300 507 1334 Festus
533 1301 639 1344 enim,
666 1306 701 1335 ut
727 1301 880 1335 solebant
904 1302 954 1334 illi
979 1306 1123 1345 veteres,
1149 1301 1293 1347 primam
1314 1301 1443 1334 literam
1469 1301 1631 1335 indicasse
1653 1304 1841 1340 contentus,
1871 1299 1960 1332 nulla
1981 1300 2044 1332 ob·—

92 1357 220 1386 servata
251 1352 353 1392 serie,
389 1362 492 1387 voces
525 1363 640 1386 omnes
672 1353 714 1386 ab
748 1353 868 1387 eadem
900 1354 995 1387 litera
1027 1354 1222 1399 incipientes
1253 1353 1286 1386 in
1312 1353 1457 1387 eundem
1483 1354 1596 1387 locum
1625 1352 1774 1387 contulit.
1824 1350 2044 1396 Depreheudi

91 1405 191 1438 etiam
218 1404 361 1438 alterum
388 1409 421 1437 et
449 1415 488 1437 ex
512 1404 636 1438 eodem
662 1405 756 1438 fonte
781 1411 896 1438 natum
922 1417 1079 1439 errorem.
1132 1405 1284 1439 Verbum
1311 1406 1375 1447 ait,
1411 1405 1504 1449 quod
1531 1405 1623 1449 apud
1646 1404 1781 1437 Festum
1808 1414 1910 1447 saepe
1936 1402 2043 1436 solum

91 1456 230 1502 legitur,
274 1456 309 1488 in
326 1454 470 1489 Schedis
496 1467 629 1501 semper
652 1456 697 1489 ad
725 1457 898 1502 superiora
923 1457 1087 1503 pertinet,
1127 1457 1185 1491 ubi
1212 1468 1333 1490 nomen
1359 1458 1483 1490 autoris
1508 1457 1553 1490 ad
1581 1467 1679 1500 quem
1707 1455 1790 1488 illud
1816 1455 1868 1487 ait
1893 1454 2042 1487 referen-

86 1506 192 1549 -dum,
232 1518 349 1541 verum
381 1512 498 1552 postea
525 1508 643 1541 ordine
668 1509 819 1552 turbato,
859 1509 919 1542 viri
946 1509 1039 1544 docti
1064 1509 1108 1542 ita
1135 1509 1178 1542 de
1199 1509 1320 1543 Verrio
1342 1509 1537 1553 simpliciter
1557 1514 1590 1541 et
1612 1507 1765 1541 absolute
1791 1506 1882 1549 loqui
1905 1506 2041 1540 Festum

88 1558 284 1594 emdiderez
329 1562 362 1592 et
393 1559 439 1592 de
465 1559 583 1593 Verrio
612 1560 699 1593 illud
734 1561 783 1593 ait
816 1571 950 1605 semper
981 1560 1188 1606 interpretati
1220 1565 1311 1602 sunt,
1351 1572 1428 1595 cum
1455 1561 1499 1594 de
1526 1560 1592 1593 aiio
1619 1559 1735 1603 quovis
1771 1562 1886 1591 autore
1910 1557 2041 1601 saepius

91 1616 177 1644 esse(
207 1609 472 1654 intelligendum.
530 1611 640 1645 Multa
671 1612 844 1657 supplevi,
887 1612 1047 1646 nonnulla
1079 1612 1197 1645 addidi
1227 1613 1261 1645 in
1293 1612 1364 1646 aliis
1397 1612 1596 1645 editionibus
1628 1610 1870 1656 praetermissa.
1922 1609 2041 1652 Neque

89 1667 204 1695 tamen
223 1661 360 1694 Festum
370 1661 572 1707 Pompeium
597 1663 764 1708 integrum
790 1669 960 1708 praestare
975 1664 1092 1706 ausim,
1106 1676 1184 1699 cum
1201 1664 1334 1698 videam
1358 1664 1524 1707 quaedam
1547 1676 1567 1696 a
1584 1662 1819 1696 Grammaticis
1840 1660 1932 1696 citari
1955 1671 2041 1704 quae

93 1712 152 1747 hic
182 1713 301 1746 frustra
330 1723 479 1756 quaeras.
533 1714 591 1748 sic
622 1714 745 1749 alicubi
777 1727 832 1749 me
864 1716 985 1762 legisse
1016 1716 1151 1750 memini
1178 1716 1316 1750 Festum
1347 1715 1599 1762 interpretatum
1636 1725 1708 1748 esse
1738 1724 1857 1749 vocem
1882 1711 2039 1751 Abilam,

93 1768 244 1799 montem
267 1763 389 1797 altum.

256 1840 333 1875 Hoc
360 1853 495 1886 quoque
521 1842 704 1876 mouendus
731 1856 782 1885 es,
813 1844 937 1887 lector,
972 1842 1168 1877 divisionem
1190 1841 1281 1877 Festi
1307 1842 1405 1876 aliam
1432 1841 1542 1876 fuisse.
1595 1841 1659 1875 lsta
1686 1841 1791 1883 enim,
1825 1845 1863 1874 ut
1887 1838 2038 1885 singulae

93 1892 207 1925 literae
239 1891 342 1926 libros
372 1893 519 1940 singulos
552 1894 738 1928 contineant
766 1895 847 1929 Alcli
880 1900 947 1938 est,
990 1907 1058 1929 non
1085 1895 1193 1937 Festi,
1236 1894 1293 1938 qui
1319 1898 1394 1927 ante
1424 1893 1474 1927 M.
1496 1894 1626 1927 literam
1652 1893 1726 1928 XII.
1754 1892 1857 1926 libros
1882 1889 2036 1926 confecit.

93 1942 195 1977 Liber
216 1943 307 1976 XlIl.
333 1944 513 1990 incipiebat
544 1947 576 1979 in
610 1946 721 1979 medio
755 1947 869 1982 literae
894 1945 945 1982 M.
970 1951 1047 1981 ante
1078 1957 1196 1981 vocem
1223 1944 1353 1980 NIulus.
1411 1945 1495 1979 Inde
1527 1957 1631 1990 usque
1665 1944 1709 1978 ad
1737 1944 1865 1977 literam
1890 1941 1933 1976 0.
1961 1940 2038 1974 libri

92 1993 162 2028 duo
197 1995 454 2031 continebantur.
508 1998 604 2031 luitio
639 1999 752 2032 literae
779 1999 821 2032 O.
846 1998 1028 2045 incipiebat
1053 1997 1140 2032 liber
1159 1996 1250 2031 XVI.
1302 1996 1400 2031 Initio
1424 1996 1540 2031 literae
1567 1997 1609 2040 Q.
1637 1997 1721 2030 liber
1740 1993 1847 2029 XVII.
1898 1993 1935 2027 In
1961 2005 2036 2027 rne-

93 2045 151 2080 dio
174 2046 290 2081 literae
316 2047 358 2081 R.
385 2048 469 2081 liber
489 2048 611 2083 xvni.
640 2055 715 2083 ante
740 2062 858 2084 vocem
890 2050 1002 2086 rideo.
1053 2049 1092 2082 In
1125 2048 1237 2082 medio
1269 2049 1385 2083 literae
1410 2048 1446 2084 S.
1472 2049 1558 2083 liber
1578 2048 1667 2084 XIX.
1695 2052 1770 2081 ante
1794 2056 1914 2081 vocem
1936 2045 2035 2080 Scir-

86 2109 167 2144 pus.
217 2097 320 2132 Liber
344 2099 475 2134 ultimus
501 2100 583 2134 duas
607 2101 737 2135 ultimas
763 2101 873 2136 literas
899 2100 1165 2149 amplectebatur
1185 2101 1228 2137 T.
1253 2106 1286 2135 et
1307 2099 1350 2137 V.

251 2173 283 2207 E
304 2176 405 2208 variis
437 2176 634 2211 lectionibus
666 2189 753 2222 qnae
786 2178 933 2212 omnium
966 2178 1151 2212 editionum
1182 2177 1349 2224 margines
1377 2176 1584 2220 insederunt,
1626 2175 1700 2209 illas
1726 2178 1852 2209 tantum
1877 2174 1913 2207 in
1940 2176 2033 2206 notas

90 2223 190 2258 reieci
220 2235 308 2268 quae
339 2227 423 2261 mihi
457 2228 595 2263 alicuius
627 2230 787 2263 nomenti
808 2230 900 2263 visne
928 2234 1016 2266 sunt.
1068 2230 1220 2274 Reliquis
1246 2230 1350 2264 facile
1375 2234 1425 2264 est
1450 2240 1573 2264 were.
1624 2229 1704 2274 Ego
1730 2239 1807 2262 sane
1832 2226 1877 2258 ita
1900 2235 2033 2268 semper

86 2275 270 2310 existimavi
302 2279 465 2313 variarum
494 2280 676 2314 lectionum
710 2282 1021 2326 multiplicationem
1052 2282 1209 2316 locorum
1238 2282 1466 2341 corruptelam
1490 2281 1585 2315 nitius
1608 2289 1749 2325 parere,
1786 2289 1888 2322 quam
1915 2285 2030 2310 eurum

84 2327 364 2364 emendationem.
408 2331 523 2365 Habes
549 2333 657 2367 lector
681 2334 802 2377 quibus
826 2340 858 2367 te
883 2334 956 2369 fere
978 2333 1145 2369 volebam.
1186 2334 1336 2378 Reliqua
1360 2334 1473 2368 onnia
1498 2333 1571 2378 ipse
1596 2332 1714 2366 melius
1738 2326 2028 2375 cognosces-11³

86 2383 197 2413 tamen
230 2381 330 2415 velim
363 2382 527 2417 existimes
559 2396 615 2418 me
647 2385 706 2419 tibi
739 2385 850 2431 potius
883 2395 1053 2428 exonam,
1090 2397 1195 2431 quam
1226 2385 1395 2421 detextam
1423 2385 1527 2420 telon
1559 2383 1702 2419 tradere.
1755 2382 1868 2423 Quare
1893 2387 1968 2412 cum
1993 2374 2025 2407 in
