2263 2668
393 177 468 211 270
1017 174 1157 209 SEXTI
1182 176 1384 212 POMPEII
1411 178 1550 213 FESTI

395 271 578 315 (fortasse)
602 269 652 302 sic
677 269 813 302 Coelius
841 268 864 302 l.
886 267 980 301 VIL:
1026 268 1090 301 lta
1121 271 1181 303 uti
1207 283 1249 304 se
1275 283 1319 305 se
1344 273 1528 317 quisque
1555 272 1677 305 vobis
1704 273 1875 306 studeat
1899 279 2106 311 aemulari
2134 280 2174 312 in

395 328 504 356 statu
538 321 738 352 fortunae
771 320 872 364 reip.
913 319 1057 363 (eadem
1085 332 1120 353 re
1147 325 1274 367 gesta.)
1310 329 1468 369 topper
1500 324 1638 357 nihilo
1667 324 1829 357 minore
1857 330 2034 372 negotio
2061 336 2173 366 acto.

394 373 531 418 gratia
561 372 692 404 minor
720 376 838 404 esset.
874 371 1033 412 fortasse,
1074 373 1121 405 sic
1148 376 1269 407 Accius
1296 375 1328 407 in
1355 376 1410 408 lo:

241 434 274 457 ·f.
294 434 372 470 pater·
494 424 688 467 'l‘opper,
723 429 766 455 ut
792 423 859 463 fit,
896 423 1030 467 patris
1057 426 1236 459 teneicit
1262 424 1410 460 iras*¹.

225 467 535 526 ls‘ssg'rjgf⁰¹‘(Ennius
559 486 640 507 vero
667 475 742 519 sic.)
778 475 936 519 Topper,
972 474 1111 509 fortasse
1137 478 1225 511 valet
1251 478 1282 509 in
1309 478 1396 510 Enni
1422 483 1454 510 et
1481 478 1605 511 Pacuvi
1633 478 1769 522 scriptis.
1798 478 1889 522 apud
1918 480 2058 513 Ennium
2087 488 2149 515 est:

495 527 675 571 Topper
701 537 821 569 quam
850 537 968 559 uerno
998 527 1148 561 melius
1175 529 1263 562 scit.

394 579 576 612 Pacuvius:

495 630 672 674 Topper
697 634 835 662 tecum
862 629 915 662 sit
941 635 1132 673 potestas
1159 631 1303 670 faxsit,
1351 631 1383 662 si
1411 641 1569 664 mecum
1597 632 1710 664 velit.

265 687 300 711 'f-
319 690 346 711 at
397 682 464 714 ad*
486 683 519 714 in
546 681 772 724 antiquissimis
800 681 930 724 scriptis
957 682 1122 722 celeriter,
1165 694 1203 715 ac
1228 688 1365 715 mature.
1401 683 1432 715 in
1457 682 1598 727 Odyssia
1627 689 1753 716 vetere:

498 733 677 777 Topper
704 733 815 766 facit
842 732 1036 765 homines
1062 734 1197 767 utrius
1223 734 1388 767 fuerint.

242 787 389 816 ·f.Circes‚
498 784 676 829 Topper
700 782 780 817 'citi
807 784 856 816 ad
885 784 1007 817 aedis
1034 785 1219 818 venimus
1247 785 1441 825 Circae*‚
1495 786 1618 818 simul
1654 786 1791 818 duona
1826 797 1968 819 eorum
2002 792 2176 831 portant

601 835 650 868 ad
677 836 794 868 navis
822 836 967 868 millia.

225 888 461 938 ‘gindidegnalia
493 889 526 920 in
559 887 691 921 isdem*
715 885 972 920 inserinuntur2.
1033 888 1255 922 Tibicines
1271 891 1298 904 **
1327 888 1425 920 etiam
1463 888 1497 919 hi
1533 889 1763 932 appellantur,
1808 890 1864 931 qui
1900 889 2090 922 sacerdotes
2118 889 2175 921 viri

271 925 388 986 ζῑῃῖἒὺι”
400 940 541 983 speciosi
568 939 704 984 publice
731 950 822 972 sacra
849 939 992 978 faciunt,
1026 940 1179 972 tubarum
1206 939 1450 973 lustrandarum
1479 940 1595 983 gratia.

563 988 779 1023 Torrens3
803 990 1042 1034 participaliter
1067 1002 1131 1035 pro
1159 1003 1295 1023 exurens
1323 991 1473 1035 ponitur,
1503 997 1535 1023 ut
1562 997 1608 1023 est
1634 991 1725 1035 apud
1748 991 1926 1024 Pacuvium
1955 992 1987 1024 in
2012 992 2174 1036 Antiopa:

502 1042 720 1075 Flammeo
748 1053 906 1085 vapore
932 1047 1098 1075 torrens
1124 1047 1261 1075 terrae
1290 1043 1420 1075 fetum
1449 1043 1671 1077 exusserit.

396 1094 561 1138 significat
596 1094 694 1126 etiam
727 1094 881 1133 fluvium,
926 1094 1039 1126 subitis
1073 1095 1229 1127 imbribus
1263 1095 1483 1131 concitatum,
1528 1094 1584 1137 qui
1620 1093 1743 1136 alioqui
1776 1093 1975 1127 siccitatibus
2008 1095 2175 1128 exarescit.

226 1146 516 1188 ‘f·‹1uamvisquius*
543 1157 663 1188 aquam
691 1146 814 1188 ipsam,
858 1156 944 1188 quae
979 1145 1068 1186 fluit,
1112 1145 1237 1178 flumen
1266 1151 1356 1179 recte
1384 1145 1448 1178 (lici
1476 1145 1519 1177 ait
1548 1145 1659 1178 Aelius
1685 1145 1806 1178 Gallus
1835 1145 1918 1178 1.11.
1945 1157 2031 1189 quae
2058 1145 2101 1178 ad
2128 1146 2176 1179 ius

399 1197 574 1242 pertinent.
602 1202 749 1229 ceterum
770 1197 863 1241 volgi
886 1197 1123 1230 consuetudine
1143 1203 1318 1241 utrumque
1338 1199 1403 1230 iam
1425 1197 1490 1230 dici
1512 1197 1656 1240 flumen,
1685 1203 1718 1229 et
1736 1208 1917 1242 perennem
1935 1194 1955 1245 Η
1970 1198 2034 1230 flu-
2073 1196 2175 1243 [161]

398 1249 487 1281 vium
515 1253 548 1281 et
573 1253 765 1280 torrentem.
819 1248 991 1289 Torum,
1035 1254 1070 1281 ut
1096 1249 1261 1293 significet
1286 1249 1469 1286 torridum,
1501 1249 1648 1291 aridum,
1684 1260 1744 1293 per
1771 1259 1871 1281 unum
1899 1250 2034 1292 quidem
2058 1251 2092 1281 R
2116 1261 2176 1282 an-

398 1301 490 1343 tiqua
517 1299 757 1334 consuetudine
795 1299 963 1342 scribitur,
1003 1300 1060 1332 sed
1089 1302 1182 1344 quasi
1208 1312 1270 1345 per
1305 1301 1373 1333 (luo
1401 1301 1433 1332 R
1470 1301 1648 1337 scribatur,
1689 1301 1894 1343 pronuntiari
1921 1306 2065 1345 oportet.
2099 1312 2175 1333 nam

399 1352 525 1394 antiqui
553 1363 614 1385 nec
641 1356 765 1391 mutas,
803 1361 865 1383 nec
891 1350 1106 1384 semivocales
1132 1352 1256 1385 litteras
1283 1353 1513 1396 geminabant,
1558 1359 1592 1384 ut
1618 1353 1655 1384 fit
1681 1352 1713 1383 in
1738 1352 1863 1388 Ennio,
1904 1353 2019 1391 Arrio,
2054 1353 2174 1385 Annio.

398 1404 594 1436 Turmam
622 1403 767 1446 equitum
796 1403 918 1435 dictam
946 1414 1016 1435 esse
1043 1403 1087 1435 ait
1111 1403 1273 1436 Curiatius
1300 1404 1391 1447 quasi
1417 1403 1587 1435 terimam:
1625 1403 1717 1446 quod
1745 1403 1872 1435 terdeni
1900 1404 2025 1446 equites
2051 1415 2090 1436 ex
2117 1404 2175 1436 tri-

397 1455 458 1487 bus
483 1455 652 1495 tribubus,
686 1454 901 1495 Titiensium,
939 1454 1135 1497 Ramnium,
1172 1456 1340 1488 Lucerum
1367 1455 1500 1487 fiebant.
1527 1455 1638 1497 itaque
1665 1455 1763 1498 primi
1789 1454 1993 1499 singularum
2018 1454 2176 1488 decuria-

398 1517 472 1538 rum
507 1506 702 1540 decuriones
736 1505 833 1545 dicti,
877 1505 934 1548 qui
961 1517 1001 1538 ex
1027 1517 1067 1538 eo
1094 1507 1126 1538 in
1152 1507 1287 1551 singulis
1313 1507 1427 1539 turmis
1453 1512 1526 1538 sunt
1552 1507 1649 1539 etiam
1678 1517 1764 1538 nunc
1797 1507 1890 1540 terni.
1949 1506 2129 1540 Tor-reri
2157 1518 2175 1538 a

230 1560 263 1583 ‘f-
280 1559 532 1599 Torreretorro*,
566 1557 749 1590 deductum
776 1558 914 1601 proprie
941 1557 1105 1601 significat
1130 1558 1269 1598 siccare,
1307 1563 1408 1601 atque
1434 1558 1612 1590 arefacere.
1639 1558 1698 1590 sed
1724 1563 1918 1601 usurpatum
1944 1563 1993 1590 est
2018 1559 2084 1591 iam
2112 1569 2176 1603 pro

247 1603 262 1619 ⁸²
280 1597 374 1619 ‘⁰¹¹'ffl'
401 1620 460 1650 eo,
488 1608 581 1652 quod
606 1609 646 1641 sit
671 1610 751 1653 igne
778 1619 883 1641 urere.
932 1608 1086 1641 Plautus:

230 1653 392 1721 'f‘ffil'olao—
504 1660 575 1704 (In)
602 1672 681 1693 una
707 1659 829 1693 edet⁸
856 1670 988 1704 opera
1013 1660 1055 1692 in
1081 1660 1245 1693 furnum
1273 1659 1462 1693 calidum
1490 1660 1689 1699 condito,
1732 1666 1859 1703 atque
1884 1660 1943 1692 ibi
1968 1666 2146 1693 ῑθῐῐθῑο·

231 1722 258 1746 Τ.
278 1709 694 1750 Τυηὴε-Τιιῐθηηοε*4,
719 1711 878 1744 Etruscos
905 1711 1070 1755 appellari
1096 1712 1210 1744 solitos
1238 1712 1283 1744 ait
1308 1711 1458 1751 Verrius,
1489 1723 1508 1744 a
1532 1711 1712 1744 Turrheno
1739 1711 1826 1745 duce
1851 1711 2041 1755 Lydorum,
2071 1723 2090 1743 a
2117 1722 2177 1744 cu-

296 1765 341 1782 ¹¹⁰⁵
398 1764 447 1796 ius
474 1763 582 1808 gentis
608 1762 791 1808 praecipua
816 1762 1013 1797 crudelitate
1037 1763 1135 1796 etiam
1161 1768 1315 1807 tyrannos
1340 1763 1456 1796 dictos.
1512 1763 1644 1807 Tyria
1672 1763 1798 1796 maria
1823 1763 1855 1795 in
1879 1763 2093 1807 proverbium
2116 1763 2177 1795 de-

403 1815 539 1849 ductum
569 1819 633 1851 est:
667 1814 761 1858 quod
781 1814 876 1858 Tyro
903 1814 1034 1847 oriundi
1058 1815 1163 1847 Poeni
1189 1815 1276 1847 adeo
1304 1820 1454 1859 potentes
1481 1815 1576 1848 maris
1602 1816 1752 1853 fuerunt,
1787 1820 1822 1847 ut
1849 1815 2000 1847 omnibus
2029 1815 2177 1847 mortali-

403 1867 463 1899 bus
490 1866 656 1910 navigatio
684 1871 768 1899 esset
793 1866 992 1910 periculosa.
1045 1866 1199 1899 Afranius
1226 1867 1258 1899 in
1290 1867 1458 1910 Epistola:

505 1918 626 1951 Hunc
653 1918 827 1950 serrium
856 1922 989 1950 autem
1017 1918 1145 1950 maria
1171 1918 1279 1961 tyria
1307 1918 1487 1951 conciet.

406 1968 604 2002 Torvitas
631 1981 650 2002 a
676 1969 803 2002 ferocia
827 1974 998 2002 taurorum
1026 1969 1115 2003 dicta
1141 1974 1197 2002 est.
1251 1969 1412 2002 Pacuvius
1438 1970 1471 2001 in
1495 1970 1673 2001 Annorum
1701 1968 1843 2002 iudicio:

507 2020 661 2054 Feroci
687 2021 856 2066 ingenio
881 2026 1029 2054 torvus
1056 2022 1315 2066 praegrandi
1340 2020 1486 2066 gradu.

412 2151 565 2186 Hemona,
594 2154 633 2181 ita
659 2154 799 2184 habetur:
844 2156 1028 2192 tiemonem,
1056 2155 1204 2185 hominem
1228 2156 1270 2185 di·
1315 2156 1487 2185 coniectura
1520 2156 1619 2184 addita
1655 2158 1838 2184 numeruntur.
1870 2171 1911 2176 --
1957 2153 1986 2193 3)
2027 2154 2175 2191 Tamna]

413 2191 527 2220 cebant.
569 2194 678 2224 Versus
701 2198 773 2226 Attii
797 2199 825 2227 in
848 2199 880 2228 Io
904 2200 1029 2228 sortasse
1051 2200 1092 2228 ita
1116 2200 1272 2238 legendusz
1316 2199 1410 2228 Varro
1433 2199 1485 2227 lib.
1505 2203 1530 2230 1.
1553 2199 1589 2227 de
1614 2208 1643 2226 re
1666 2204 1739 2226 rust.
1763 2208 1827 2237 cap.
1849 2200 1877 2229 2.
1918 2197 2026 2226 Verum
2047 2196 2125 2226 enim
2144 2195 2175 2224 il-

421 2234 546 2272 TOPPer,
576 2241 609 2262 ut
623 2238 679 2273 fit,
705 2242 806 2276 patris
829 2243 957 2270 ten'eicit
978 2244 1041 2277 ira,
1077 2243 1144 2279 vel,
1180 2244 1274 2270 Pater
1315 2241 1368 2271 lud
1391 2241 1528 2270 Pacuvii:
1556 2241 1608 2269 sol
1628 2242 1650 2269 si
1676 2245 1820 2280 perpetuo
1844 2241 1899 2275 sit,
1929 2244 1981 2268 aut
2003 2249 2072 2274 nox,
2092 2238 2175 2267 flam·-

414 2278 505 2304 istam
528 2278 610 2304 eiecit
623 2280 728 2314 foras.
756 2283 885 2312 Verbum
908 2286 1118 2313 inserinuntur
1133 2285 1273 2313 omissum
1310 2295 1383 2313 smeo
1404 2293 1530 2323 vapore,
1569 2288 1619 2312 aut
1647 2284 1772 2322 frigore,
1806 2288 1904 2312 *terrae
1930 2282 2048 2312 fructus
2074 2289 2174 2309 omnes

410 2323 458 2347 est
477 2318 507 2346 in
524 2318 653 2347 editione
667 2321 887 2363 Augustiniana,
911 2337 970 2364 quo
994 2328 1108 2366 antiqui
1126 2328 1172 2356 usi
1192 2332 1271 2363 sunt,
1316 2327 1446 2357 interire.
1480 2327 1556 2355 UrS.
1580 2342 1620 2347 —
1642 2325 1671 2364 4)
1697 2324 1892 2364 Turannom]
1921 2324 2029 2354 Paulus
2048 2323 2079 2351 in
2104 2322 2174 2360 epi-

413 2371 469 2398 P¹'⁰
481 2362 668 2390 inffrlmfflr·
700 2364 749 2390 Ur
758 2375 780 2392 S·
802 2382 835 2387 ·—
876 2370 902 2404 1)
916 2370 1019 2406 patris
1034 2375 1109 2397 tunc
1123 2372 1191 2398 eicit
1208 2372 1274 2398 ira-s*
1315 2374 1396 2398 tome
1419 2369 1631 2408 manuscripta.
1661 2369 1799 2398 ‚Turanm'
1820 2367 1944 2396 Etrusci
1963 2365 2041 2395 dicti
2053 2375 2072 2393 a
2092 2364 2173 2392 wlm-

414 2404 485 2433 Ven.
500 2404 574 2434 Scal.
588 2420 629 2425 —
644 2406 674 2440 2)
685 2404 1018 2439 ln=veni1mturven.Sc.
1034 2412 1084 2439 sed
1101 2413 1132 2440 in
1142 2413 1273 2450 margine
1315 2423 1406 2440 renno
1431 2412 1506 2440 duce
1535 2411 1711 2449 LJdorzcm,
1743 2422 1764 2439 a
1793 2411 1881 2439 cuius
1905 2409 2005 2447 gentis*
2028 2413 2173 2444 perpetua

415 2450 549 2474 notatum
571 2445 601 2474 in
617 2451 716 2475 vetere
732 2447 804 2477 Cod.
823 2459 884 2478 esse
906 2454 1122 2489 inxeruiuntur,
1142 2464 1197 2492 pro
1213 2464 1272 2491 quo
1316 2454 1496 2482 crudelitate
1526 2456 1615 2481 etiam
1647 2455 1770 2493 tyranni
1797 2457 1869 2480 sunt
1897 2450 1980 2478 dicti.
2026 2449 2076 2477 Ur
2086 2460 2109 2477 s.
2132 2466 2173 2472 -—
