2263 2668
210 104 284 140 202
843 95 1178 131 PRAEFATIO
1218 96 1517 133 EDITORIS.

381 192 588 236 Ceterum
619 189 802 245 quinam
831 186 963 230 fuerit
991 186 1266 239 Arusianus,
1299 196 1432 243 atque
1463 189 1705 230 Messiusne
1739 201 1797 229 an
1826 191 1992 231 Messias
2022 191 2168 248 potius

219 253 480 297 scribendus
511 251 585 301 sit,
614 262 735 289 nunc
767 260 982 303 quaerere
1012 261 1103 291 non
1133 247 1331 287 vacabat.
1382 243 1510 298 Quae
1544 247 1598 288 de
1620 247 1838 289 Frontone
1871 248 2170 306 disputaverat

221 313 416 368 Angelus
444 308 616 354 Maius,
653 321 857 362 quaeque
896 306 951 347 de
988 305 1137 347 libello
1175 304 1385 345 Frontoni
1427 305 1725 347 abiudicando
1759 305 1870 346 dixit
1898 306 2166 350 Niebuhrius

224 374 270 414 in
299 371 499 413 Editione
532 366 761 407 Frontonis
792 364 1102 420 reliquiarum,
1136 377 1189 403 ea
1227 363 1332 403 huic
1364 377 1492 404 meae
1525 364 1707 405 editioni
1743 364 2066 421 praemittenda
2094 366 2170 407 111-

225 429 379 471 dicavi.
440 424 639 467 Notabile
687 433 767 476 est,
808 424 855 464 in
894 423 1045 464 codice
1079 421 1286 463 Gudiano
1319 422 1385 462 bis
1417 422 1542 462 citari
1572 423 1913 478 Symmachum,
1953 438 2095 478 quum
2123 425 2172 465 iu

227 486 404 540 reliquis
437 499 494 524 ex
525 491 716 538 quatuor
744 490 918 523 tautum
947 480 1104 538 priscis
1135 480 1220 520 illis
1252 480 1555 536 scriptoribus,
1585 480 1809 532 Terentio,
1843 481 2061 533 Sallustio,
2095 480 2168 523 Ci-

229 559 400 595 cerone,
431 542 615 598 Virgilio
647 542 850 598 exempla
879 541 965 581 sint
994 539 1140 596 petita.
1199 537 1354 579 Donec
1385 538 1545 580 certius
1566 540 1827 590 constiterit,
1860 554 1948 594 quo
1972 548 2170 597 tempore

228 603 385 644 vixerit
414 600 682 651 Arusianus,
720 600 818 640 illos
857 597 1116 656 Symmachi
1154 597 1274 637 locos
1305 611 1385 654 pro
1427 597 1724 655 suppositiciis
1755 598 1984 638 habendos
2016 598 2172 655 putavi

230 676 283 703 ac
314 660 501 718 proinde
532 659 580 698 in
609 667 734 699 notas
764 656 1062 713 transscripsi,
1102 669 1193 695 11011
1229 669 1309 711 pro
1349 663 1465 696 certo
1498 656 1717 697 affirmare
1749 669 1905 707 ausus,
1945 656 2058 697 nihil
2097 671 2171 697 eos

232 720 290 761 ad
316 718 586 760 Arusianum
616 717 846 773 pertinere.
905 715 1050 756 Facile
1084 713 1202 754 enim
1232 713 1328 754 fieri
1358 713 1514 770 potuit,
1545 723 1595 755 ut
1623 715 1887 766 Arusianus,
1917 715 1988 755 vel
2015 728 2172 756 recen-

231 780 286 820 tis
318 776 506 818 alicuius
537 776 772 816 illecebrae
810 775 922 815 libro
960 787 1039 813 suo
1082 772 1386 813 conciliandae
1421 786 1600 824 caussa,
1637 773 1705 813 vel
1744 773 1930 828 gratiam
1969 786 2021 814 ac
2051 774 2175 814 favo-

233 851 327 877 rem
356 835 492 890 ipsius
524 834 780 890 Symmachi
812 841 1011 889 captans,
1060 831 1098 871 si
1134 832 1243 871 forte
1286 830 1404 870 illius
1444 839 1586 871 aetate
1624 831 1805 881 viveret,
1844 844 1870 871 a
1899 844 2057 872 norma
2088 830 2176 872 sibi

234 893 489 951 praestituta
528 893 727 949 paullum
768 892 1013 932 deflecteret
1055 898 1184 944 atque
1222 889 1512 931 recentiorem
1554 889 1816 947 scriptorem
1860 889 2088 944 aliquoties
2127 889 2172 930 in

232 950 458 994 scribendi
489 951 739 1008 exemplum
768 949 982 991 laudaret.

412 1077 590 1118 Silentio
632 1075 1008 1134 praetereundum
1051 1088 1142 1114 non
1180 1081 1261 1125 est,
1303 1088 1375 1115 me
1411 1073 1460 1115 in
1497 1073 1584 1115 hoc
1614 1073 1764 1116 libello
1794 1074 1983 1116 Salustii
2011 1085 2177 1114 nomen

235 1150 328 1178 una
359 1137 375 1177 Z
404 1137 548 1177 littera
578 1135 827 1193 scripsisse,
859 1148 996 1189 quam
1024 1146 1170 1174 veram
1205 1146 1297 1173 esse
1330 1132 1595 1189 scripturam
1623 1141 1755 1190 puto,
1785 1134 1887 1174 licet
1917 1132 2044 1173 aliter
2074 1145 2177 1189 pro-

236 1195 471 1236 nunciasse
500 1203 664 1235 veteres
694 1194 822 1234 facile
852 1193 1025 1248 largior.
1068 1189 1423 1233 Commemorare
1454 1200 1602 1232 tamen
1633 1191 1787 1243 debeo,
1818 1191 1924 1232 huic
1955 1188 2178 1232 scribendi

237 1253 399 1295 rationi
429 1267 519 1294 non
548 1253 713 1307 ubique
743 1254 888 1293 favere
929 1250 1127 1292 codicem
1160 1249 1441 1302 Gudianum,
1480 1264 1613 1305 quem
1651 1250 1776 1291 initio
1815 1251 2029 1307 putabam
2061 1246 2178 1289 anti-

240 1312 440 1366 quierem
469 1312 732 1368 scripturam
762 1312 924 1352 referre
958 1309 1161 1351 omnibus
1192 1309 1239 1349 in
1267 1309 1396 1360 locis,
1430 1322 1518 1363 qua
1547 1309 1595 1349 in
1625 1323 1672 1350 re
1702 1323 1774 1350 me
1806 1322 1995 1359 errasse,
2025 1314 2180 1364 postea

239 1370 447 1411 intellexi.
506 1370 682 1410 Retinui
710 1378 859 1410 tamen
886 1369 1010 1409 illam
1041 1382 1119 1424 per
1149 1382 1286 1408 unam
1317 1369 1334 1408 l
1363 1367 1588 1408 scribendi
1622 1367 1862 1418 rationem,
1901 1380 1991 1423 qua
2018 1379 2180 1423 coepe-

239 1443 348 1471 ram.
410 1429 575 1486 Scripsi
603 1429 651 1469 in
684 1427 924 1486 Gymnasio
956 1426 1209 1468 Zittaviensi
1239 1426 1350 1469 Idib.
1382 1425 1573 1484 Augusti
1604 1425 1905 1469 cIoIocccxxx.
