2263 2668
260 91 333 126 128

674 84 815 118 PAULI
844 84 965 118 DIAC.
993 85 1247 119 EXCERPTA
1274 85 1337 118 EX
1364 84 1451 117 LIB.
1480 83 1622 118 POMP.
1652 86 1788 120 FESTI

259 187 362 220 Pilae
389 179 438 216 et'
462 180 592 223 effigies
618 178 727 210 viriles
755 182 786 210 et
811 178 989 211 muliebres
1015 191 1053 212 ex
1079 180 1154 212 lana
1175 178 1418 223 Compitalibus
1441 179 1727 223 suspendebantur
1750 180 1782 213 in
1805 183 1978 227 compitis,
2006 184 2097 227 quod
2117 183 2207 219 hunc

604 226 615 245 l

359 235 448 267 diem
475 228 607 264 festum·
639 241 709 261 esse
736 229 877 261 deorum
904 230 1106 272 inferorum,
1140 242 1224 274 quos
1253 235 1370 264 vocant
1396 229 1517 271 Lares,
1549 235 1722 275 putarent,
1749 233 1868 275 quibus
1894 239 1944 266 tot
1971 235 2075 278 pilae,
2103 232 2207 280 quot³

359 285 468 329 capita
496 292 683 319 servorum3
720 284 770 312 tot
797 281 944 325 effigies,
983 287 1065 325 quot
1092 287 1198 316 essent
1224 282 1337 322 liberi,
1379 282 1606 325 ponebantur,
1647 289 1682 316 ut
1707 283 1788 317 vivis
1814 291 2006 328 parcerent,
2042 293 2075 320 et
2101 292 2207 321 essent

356 337 408 369 his
434 333 512 378 pilis
540 338 572 364 et
599 332 779 365 simulacris
806 333 960 366 contenti.

258 389 352 423 Ploti
378 384 608 430 appellantur,
650 383 707 426 qui
733 389 806 416 sunt
832 384 939 428 planis
967 383 1122 428 pedibus.

1176 380 1298 417 Unde⁴
1320 389 1352 416 et
1378 390 1480 428 poeta
1508 385 1648 426 Accius,
1692 387 1770 429 quia
1797 386 1928 420 Umber
1953 388 2099 422 sarsinas
2126 395 2206 432 erat,

358 450 376 470 a
404 436 532 481 pedum
560 435 703 479 planicie
730 435 822 467 initio
847 436 980 476 Plotus,
1007 441 1125 480 postea
1150 436 1286 468 Plautus
1310 439 1358 468 est
1385 436 1500 469 dictus.

1554 437 1671 470 Soleas
1698 449 1833 481 quoque
1861 439 2063 482 dimidiatas,
2090 441 2206 484 quibus

358 489 534 522 utebantur
559 487 591 518 in
620 486 789 527 venando,
826 499 894 530 quo
922 487 1053 532 planius
1080 487 1205 532 pedem
1232 492 1414 532 ponerent,
1450 488 1647 533 semiplotia
1674 491 1897 535 appellantur.

258 543 409 581 Porcus,
446 550 532 582 quae
559 538 590 570 in
619 539 707 583 agris
734 539 834 579 fiunt,
866 539 910 571 ait
932 538 1039 571 Varro
1067 539 1151 580 dici,
1179 539 1271 582 quod
1298 540 1475 584 porrigant
1502 539 1712 573 frumentum.

259 593 386 628 Punici
413 591 585 630 dicuntur,
624 586 713 622 non⁵
734 590 858 630 Poeni,
900 591 1048 633 quamvis
1074 603 1093 623 a
1120 590 1291 624 Phoenice
1318 588 1402 622 sint‘i
1423 590 1563 623 oriundi.

260 639 466 683 Portunus‘,
500 642 557 684 qui
581 638 634 674 etE
658 642 856 683 Palaemon,
893 654 911 674 a
935 643 1094 674 Romanis
1120 642 1205 675 inter
1230 642 1312 675 deos
1339 642 1522 675 colebatur.

260 698 398 730 Poenas
418 693 579 738 pendere
606 694 638 725 in
667 689 729 726 eo⁹
749 694 887 738 proprie
914 693 1050 735 dicitur,
1078 694 1135 738 qui
1162 694 1206 726 ob
1234 694 1394 727 delictum
1421 694 1600 738 pecuniam
1627 695 1742 737 solvit,
1770 695 1848 737 quia
1860 693 1882 712 ¹⁰
1902 707 2007 740 penso
2033 707 2109 729 aere
2132 701 2206 729 ute-

359 747 489 778 bantur.

257 798 462 833 Pullariam
489 795 626 828 Plautus
654 796 735 828 dixit
761 807 894 828 manum
924 796 1074 829 dextram
1085 792 1118 829 ¹¹.

261 849 461 884 Procedere
489 847 645 880 dicebant
670 847 834 880 interdum
846 844 870 863 ¹²
891 859 953 892 pro
967 845 990 864 ¹³
1013 848 1212 887 succedere.

1254 847 1417 880 interdum
1445 843 1542 892 pron
1566 858 1668 892 porro
1696 848 1825 881 cedere.

258 903 446 936 pertusum
474 899 606 932 dolium
633 911 736 942 quum
764 896 926 940 dicitur¹⁵‚
962 905 1111 932 ventrem
1140 899 1313 944 significat.

258 953 366 987 Pollit
393 952 463 996 pila
489 950 583 983 ludit.

259 1003 563 1039 Pelliculationem
591 1001 675 1034 Cato
703 1014 723 1034 a
749 1002 955 1046 pelliciendo
967 998 991 1018 ¹¹⁵
1015 1002 1103 1036 dixit.

257 1055 470 1090 Praemiosa
496 1053 676 1099 pecuniosa
688 1050 720 1087 ¹⁷.

258 1107 432 1142 Pascales
459 1117 538 1138 oves
565 1104 650 1138 Cato
676 1105 789 1149 posuit
815 1115 879 1149 pro
904 1105 1085 1149 pascuales.

258 1159 400 1193 Petreia
427 1157 626 1197 vocabatur,
670 1168 756 1199 quae
783 1167 944 1201 pompam
971 1155 1176 1200 praecedens
1204 1156 1235 1188 in
1263 1156 1403 1190 coloniis
1431 1160 1486 1188 aut
1515 1156 1701 1199 municipiis
1727 1156 1916 1189 imitabatur
1943 1167 2041 1188 anum
2069 1156 2204 1195 ebriam,

360 1210 403 1242 ab
431 1209 503 1254 agri
529 1208 628 1247 vitio,
659 1208 785 1242 scilicet
808 1208 926 1252 petris,
955 1208 1127 1252 appellata
1138 1203 1170 1238 ¹³.

260 1261 484 1295 periculatus
510 1271 586 1293 sum
614 1259 698 1293 Cato
728 1264 776 1293 est
802 1271 877 1292 usus
904 1260 937 1292 in
965 1259 1119 1292 dicendo.

259 1313 368 1346 Parsz’
390 1312 480 1345 idem
504 1312 588 1345 Cato
599 1307 623 1328 ¹⁹
644 1311 727 1343 dixit
753 1322 816 1355 pro
830 1308 855 1328 ²⁰
878 1312 1026 1355 peperci.

259 1364 504 1398 praedonulos
530 1362 826 1410 ὑποκοριστικῶς,
868 1363 903 1395 id
931 1367 978 1395 est
1005 1357 1338 1395 ‹lirninutive211dem
1364 1357 1484 1393 Cato²2
1504 1360 1616 1404 posuit
1642 1370 1704 1404 pro
1732 1359 1964 1404 praedonibus.

258 1417 407 1449 Precem
434 1415 653 1460 singulariter.

260 1466 511 1501 pulchralibus
537 1477 599 1511 pro
628 1464 788 1509 pulchris.

261 1519 508 1552 Punclariolas
519 1515 543 1535 ²²¹
564 1518 653 1550 leves
680 1528 811 1561 pugnas
838 1515 1021 1548 identidem
1031 1513 1056 1532 ²⁴
1076 1516 1147 1559 ipse
1175 1514 1264 1547 dixit.

260 1569 565 1616 Proacdficatum
593 1569 732 1608 dicitur,
772 1567 863 1611 quod
891 1579 930 1600 ex
957 1568 1087 1612 privato
1115 1567 1192 1600 loco
1220 1564 1382 1609 processit
1408 1565 1440 1598 in
1467 1565 1639 1609 publicum
1669 1560 1820 1597 solum25,

260 1622 468 1655 Prodidisse
493 1625 629 1666 tempus
656 1620 788 1664 longius
798 1616 823 1636 ²⁶
844 1619 969 1652 fecisse.

265 1673 468 1705 pavimenta
495 1673 668 1713 Poenica,
702 1671 770 1704 hoc
797 1675 845 1703 est
872 1681 1037 1703 marmore
1065 1668 1244 1702 Numidico
1271 1672 1378 1700 strata.

266 1724 409 1756 Prolato
433 1735 515 1757 aere
542 1724 632 1768 apud
661 1724 805 1756 Ennium
832 1722 995 1767 significat
1022 1726 1114 1755 scuto
1142 1725 1218 1753 ante
1245 1732 1279 1752 se
1307 1724 1471 1764 proteum.

349 1847 376 1886 1)
398 1848 435 1886 et]
454 1859 509 1877 om.
529 1850 558 1877 L.
570 1850 601 1878 B.
616 1850 672 1877 Gu.
687 1852 712 1879 1.
730 1859 773 1887 pr.
797 1864 830 1869 ·—
853 1848 880 1888 Q)
898 1849 979 1876 smne
995 1846 1212 1885 diemfestzcm]

266 1899 322 1916 om.
342 1889 371 1917 L.
388 1890 421 1919 B.
442 1891 539 1922 Gu.1.
562 1903 606 1930 pr.
654 1892 742 1920 Uncis
764 1892 884 1919 inclusit
906 1892 981 1920 Scal.
1003 1908 1044 1912 -——
1067 1891 1098 1928 3)
1122 1889 1212 1929 quot]

265 1936 356 1958 essent
379 1931 446 1959 add.
468 1933 498 1961 L.
526 1950 568 1954 —
595 1933 622 1972 4)
654 1933 751 1971 Unde]
776 1944 834 1964 om.
852 1935 881 1961 L.
911 1951 951 1955 -
981 1933 1008 1973 5)
1032 1932 1110 1971 non]
1132 1943 1214 1960 nunc
1256 1932 1288 1962 L.
1313 1941 1358 1969 pr.
1390 1946 1432 1952 —
1466 1932 1510 1964 21)
1541 1929 1577 1957 id
1595 1936 1637 1957 est
1658 1929 1745 1967 dim]
1777 1939 1833 1957 om.
1855 1928 1933 1965 vulg.

264 1973 359 2010 vulg.,
389 1974 467 2010 quod
491 1975 588 2003 nullus
611 1978 676 2005 cod.
702 1976 839 2013 exhibet,
870 1987 925 2005 nec
948 1987 992 2015 pr.
1010 1981 1037 2004 et
1054 1977 1101 2005 Sc.
1119 1985 1211 2013 agno—

264 2019 358 2043 scunt.
381 2030 422 2035 —
444 2013 472 2048 6)
496 2016 566 2054 sint]
589 2025 658 2046 sunt
673 2020 703 2047 L.
728 2037 765 2040 —
790 2021 817 2056 7)
842 2018 1015 2057 Portunus]
1042 2019 1090 2047 Sic
1107 2018 1139 2046 L.
1155 2018 1211 2047 Gu.

267 2060 294 2088 1.
307 2059 337 2088 2.
360 2066 407 2095 pr.
453 2056 638 2086 Portumnus
657 2061 734 2098 vulg.
782 2061 957 2090 Porticanus
973 2063 1004 2090 B.
1049 2060 1159 2089 Portus
1174 2060 1211 2090 M.

262 2116 304 2121 -
327 2099 357 2135 8)
381 2099 416 2136 et]
441 2100 531 2126 etiam
546 2100 575 2126 L.
603 2118 635 2121 —
661 2103 691 2136 9)
714 2105 746 2130 in
762 2104 804 2142 eo]
828 2115 884 2132 om.
901 2105 930 2132 L.
945 2105 975 2132 B.
994 2104 1051 2132 Gu.
1070 2107 1095 2135 1.
1111 2113 1158 2142 pr.
1174 2119 1210 2123 —

264 2141 312 2176 10)
336 2139 422 2180 quia]
446 2140 528 2179 quod
540 2141 570 2168 B.
593 2158 633 2163 —
657 2143 701 2182 11)
725 2144 869 2185 [lernam]
894 2147 943 2174 Sic
958 2147 994 2176 M.
1011 2147 1066 2174 Gn.
1080 2149 1105 2178 1.
1123 2149 1150 2178 2.
1166 2156 1210 2184 pr.

263 2184 290 2212 S.
328 2183 478 2211 dexteram
493 2183 574 2220 vulg.
597 2200 630 2204 ——
655 2187 698 2219 12)
714 2187 876 2226 interdum]
895 2199 951 2217 om.
964 2189 994 2218 B.
1018 2206 1051 2209 —
1075 2185 1121 2227 13)
1140 2188 1210 2226 pro]

263 2235 320 2254 om.
337 2225 374 2253 M.
398 2242 440 2248 --
464 2226 510 2261 14)
529 2225 599 2263 pro]
624 2236 679 2253 om.
694 2226 724 2253 B.
750 2245 786 2248 —
814 2230 854 2268 15)
876 2242 969 2268 quum
986 2230 1110 2268 dicitur]
1135 2230 1211 2258 dici-

262 2273 313 2295 lar
329 2277 422 2305 quum
439 2268 470 2296 L.
486 2267 520 2297 B.
543 2267 666 2305 (quom)
690 2268 745 2295 Gu.
765 2272 791 2298 1.
813 2281 856 2307 pr.
878 2288 918 2294 —
943 2275 989 2308 16)
1008 2271 1208 2311 pelliciendo]

261 2310 310 2338 Sic
325 2310 362 2338 M.
378 2310 476 2340 Gu.2.
496 2310 523 2338 S.
554 2309 722 2348 pellicendo
739 2310 816 2347 vulg.
840 2329 878 2332 —
906 2313 948 2352 17)
967 2315 1146 2353 pecuniosa]
1164 2325 1209 2342 cr)-

254 2354 345 2390 pio-511
358 2353 524 2390 pecuniosa
540 2352 595 2380 Gu.
610 2355 633 2382 1.
659 2368 699 2373 -
724 2353 769 2388 13)
791 2354 954 2390 appellata]
979 2357 1026 2384 Sic
1044 2358 1071 2384 S.
1108 2357 1209 2394 appel-

1256 1847 1354 1873 latam
1376 1845 1455 1882 vulg.
1501 1844 1559 1872 Sed
1574 1845 1703 1873 refertur
1725 1845 1762 1872 ad
1779 1845 1943 1881 petreium,
1973 1854 2030 1872 non
2046 1844 2083 1872 ad
2097 1844 2203 1872 mulie-

1255 1899 1323 1917 rem.
1346 1904 1387 1910 —-
1413 1890 1455 1923 19)
1480 1886 1559 1914 idem
1577 1886 1663 1925 Cato]
1684 1887 1758 1915 Cato
1773 1885 1852 1913 idem
1868 1886 1900 1915 B.
1924 1903 1965 1907 —-
1986 1887 2034 1923 20)
2052 1886 2124 1925 pro]
2147 1897 2204 1914 non

1984 1928 2041 1957 Sed
2066 1928 2204 1958 exhibent

1255 1973 1344 2003 codd.
1359 1973 1429 2004 edit.
1443 1982 1489 2011 pr.
1513 1973 1541 2002 S.
1564 1988 1607 1994 —
1628 1971 1674 2011 ΕΞ)
1698 1971 1775 2000 idem
1795 1970 1886 2009 Cato]
1914 1971 1987 2001 Cato
2009 1971 2086 1999 idem
2108 1971 2140 2001 B.
2163 1988 2204 1992 —

1254 2018 1299 2054 23)
1323 2014 1554 2053 Panem-iolas]
1581 2014 1629 2043 Sic
1648 2015 1686 2044 Μ.
1707 2015 1763 2044 Gu.
1784 2016 1810 2045 1.
1825 2016 1854 2045 2.
1877 2024 1921 2052 pr.
1938 2016 1966 2042 S.
2002 2015 2204 2053 pugnitczrio-

1254 2059 1303 2087 [τι-9
1320 2059 1349 2087 L.
1394 2058 1573 2096 Pugnurias
1590 2058 1620 2086 B.
1664 2056 1872 2095 Pugnariolas
1889 2057 1968 2094 vulg.
1993 2072 2029 2078 -
2053 2057 2099 2093 24)
2121 2055 2203 2084 iden-

1254 2101 1364 2136 tidem]
1388 2112 1444 2131 om.
1462 2101 1491 2129 L.
1515 2117 1556 2122 —
1577 2102 1628 2137 25)
1652 2098 1767 2137 solum]
1791 2100 1891 2128 locum
1906 2099 1937 2129 L.
1959 2115 2001 2120 —
2021 2101 2066 2136 26)
2089 2104 2204 2138 tempus

1254 2145 1388 2183 longius]
1410 2144 1458 2171 Sic
1473 2143 1504 2171 Β.
1518 2143 1555 2171 Μ.
1571 2143 1626 2172 Gu.
1643 2146 1670 2174 1.
1686 2153 1733 2181 pr.
1749 2144 1777 2171 S.
1822 2143 1945 2180 longius
1960 2147 2045 2180 temp.
2062 2142 2092 2170 L.
2137 2142 2202 2170 lon-

1251 2198 1368 2225 gaevus
1382 2186 1476 2216 Gu.2.
1507 2187 1684 2224 longaevum
1698 2185 1778 2222 vulg.
1802 2201 1841 2205 -
1865 2183 1913 2224 27)
1934 2182 2130 2221 vocabantur]
2144 2193 2199 2212 om.

1254 2230 1285 2258 L.
1307 2245 1349 2250 —
1372 2231 1416 2262 2³8)
1438 2228 1599 2267 nupsisset]
1617 2233 1760 2266 nupserat
1776 2228 1806 2256 L.
1829 2243 1871 2249 -
1892 2227 1939 2264 29)
1954 2226 2085 2256 Ραίνίηιὶ
2097 2230 2124 2253 et
2138 2235 2201 2252 ma-

1253 2271 1348 2310 trimi]
1364 2269 1492 2300 Pau-um
1505 2276 1531 2298 et
1545 2276 1679 2299 matrum
1693 2271 1749 2299 Gu.
1763 2273 1788 2300 1.
1805 2280 1849 2308 pr.
1873 2286 1909 2291 —-
1935 2268 1981 2308 30)
2003 2267 2103 2306 spina]
2120 2268 2200 2305 pinu

1253 2314 1310 2342 Gu.
1328 2317 1354 2345 1.
1381 2330 1417 2334 —
1442 2315 1487 2350 31)
1513 2312 1662 2352 tenebant]
1685 2317 1813 2341 tenerent
1828 2311 1858 2339 L.
1885 2328 1915 2332 -—
1941 2312 1986 2347 32)
2008 2308 2198 2349 Palatualis]

1252 2355 1420 2384 Palatialis
1436 2356 1466 2383 L.
1482 2366 1526 2394 pr.
1549 2372 1590 2378 —
1611 2356 1657 2393 33)
1681 2366 1741 2382 esse
1756 2351 1876 2392 palat]
1899 2352 1948 2380 Sic
1965 2352 2017 2380 Gu.
2030 2354 2057 2381 2.
2096 2351 2197 2389 palat.
