2263 2668
494 129 557 163 DE
584 126 973 162 SIGNIFICATIONE
1001 128 1283 164 VERBORUM.
1345 133 1489 167 LLBER
1514 134 1605 168 XlV.
1949 141 2022 176 129

77 218 254 253 Privatae
277 220 482 254 vocabantur
493 217 518 238 ²⁷
537 221 640 256 seriae
667 232 836 255 sacrorum
861 221 1096 267 propriorum,
1140 225 1230 258 velut
1255 225 1326 259 dies
1352 227 1486 261 natales,

76 269 280 304 Pudicitiae
305 271 435 316 signum
456 273 586 306 Romae
614 274 804 314 colebatur,
831 273 923 317 quod
950 274 1042 307 nefas
1070 280 1140 308 erat
1167 277 1301 322 attingi,
1329 278 1388 311 nisi
1415 280 1457 312 ab
1484 291 1541 320 ea,
1575 290 1661 323 quae
1688 281 1791 313 semel
1817 282 2019 328 nupsissetffl.

76 321 232 355 Patrimi
259 327 291 355 et
318 321 508 357 77ιαίνὶΜὶ2ξ1
529 326 626 369 pueri
652 331 717 358 tres
745 325 990 358 adhibebantur
1016 326 1048 358 in
1075 328 1214 371 nuptiis,
1258 341 1357 369 unus,
1399 330 1455 373 qui
1479 331 1587 365 facem
1614 331 1800 375 praeferret
1826 345 1867 367 ex
1892 335 1985 379 spina
1995 333 2021 354 ³⁰

179 374 274 415 alba,
306 376 384 418 quia
410 381 511 409 noctu
537 377 721 418 nubebant,
758 377 843 419 duo,
876 377 933 420 qui
957 377 1135 411 nubentem
1163 377 1363 415 tenebant-³¹.

77 424 206 458 Prima
234 429 266 457 et
291 427 446 460 secunda
472 428 536 460 diei
562 427 647 460 hora
674 439 773 461 causa
801 428 916 461 ominis
941 430 1068 472 sponsis
1095 430 1310 464 tribuebatur.

77 475 269 509 pronubae
295 477 494 512 adhibentur
526 480 653 524 nuptis,
703 491 789 523 quae
822 481 923 513 semel
949 486 1131 525 nupserunt
1158 492 1255 515 causa
1282 482 1436 526 auspicii,
1480 488 1514 515 ut
1540 484 1706 528 singulare
1732 492 1921 528 perseveret
1947 500 2020 521 ma-

178 528 377 562 trimonium.

79 577 322 614 Praetextatis
347 581 440 614 nefas
467 587 553 623 erat,
601 583 746 616 obsceno
780 583 881 615 verbo
908 583 972 624 uti,
1022 583 1168 627 ideoque
1194 589 1437 628 praetextatum
1464 585 1681 629 appellabant
1706 597 1911 627 sermonem,
1962 590 2019 632 qui

178 631 262 664 nihil
289 632 499 666 obscenitatis
525 633 676 666 haberet.

78 679 316 716 Ραῑαίιιαῖἰε32
338 684 458 717 flamen
485 685 527 717 ad
554 684 806 719 sacrificandum
833 685 863 717 ei
889 685 972 718 deae
999 685 1194 719 constitutus
1221 691 1309 726 erat,
1336 687 1369 718 in
1397 686 1486 719 cuius
1512 687 1615 720 tutela
1642 699 1711 721 esse
1736 688 1897 732 palatium
1908 685 1933 706 ³³
1951 701 2017 734 pu-

178 735 298 767 tabant.

77 783 190 827 Puer,
223 785 279 828 qui
306 786 450 820 obscene
476 788 518 820 ab
546 787 658 830 aliquo
686 783 900 827 amabaturffl,
932 787 1014 828 eius,
1047 799 1065 820 a
1091 798 1160 831 quo
1188 792 1314 820 amatus
1342 792 1443 829 esset,
1468 788 1590 833 pullus
1616 785 1831 823 dicebatur³⁵.
1883 787 2018 824 Unde³⁶

180 833 258 878 Q.³³
276 837 417 879 Fabius,
460 839 513 872 cui
532 839 671 871 Eburno
681 834 706 854 ³³
727 849 915 882 cognomen
943 843 1013 871 erat
1022 835 1047 855 ³⁹
1067 843 1209 884 propter
1232 839 1431 879 candorem,
1473 840 1565 882 quod
1591 841 1658 874 eius
1681 842 1764 873 natis
1791 841 1927 874 fulmine
1953 842 2018 876 icta

179 893 280 931 esset,
315 890 428 933 pullus
450 890 538 923 Iovis
565 890 752 934 appellatus
780 895 836 922 est.

78 938 229 974 Publica
255 951 364 983 sacra,
392 953 476 985 quae
503 953 566 986 pro
593 941 724 986 populo
750 941 891 979 fiebant3
921 941 1049 984 privata
1060 937 1095 982 ⁴⁰,
1122 953 1209 985 quae
1234 953 1298 986 pro
1326 941 1461 986 singulis
1485 941 1674 974 hominibus
1701 939 1932 985 familiisquess
1954 954 2017 987 ap-

178 991 360 1036 pellabant.

78 1043 206 1076 Prodit
232 1055 298 1076 non
324 1043 432 1076 solum
458 1044 491 1075 in
517 1048 667 1088 apertum
695 1044 760 1076 exit
785 1043 966 1087 significat,
1006 1043 1065 1076 sed
1090 1044 1188 1076 etiam
1210 1054 1314 1088 porro
1337 1040 1425 1079 ait42.

78 1095 251 1128 Portenta
276 1106 387 1128 rerum
413 1095 484 1128 fieri
511 1095 680 1137 dicuntur,
707 1106 809 1138 quum
819 1091 844 1111 ⁴³
864 1094 970 1127 solida
994 1105 1138 1138 corpora
1148 1091 1173 1111 ⁴⁴
1195 1106 1271 1128 raro
1298 1107 1332 1128 se
1359 1091 1579 1138 ostendunt⁴⁵‚
1606 1099 1641 1127 ut
1668 1100 1833 1131 cometae.
1861 1094 2015 1135 turbines,

177 1145 354 1187 barathra,
391 1158 506 1179 sereno
534 1147 631 1181 coelo
654 1147 742 1180 facta
768 1146 921 1178 tonitrua.

78 1196 167 1231 Puls
186 1198 392 1242 potissimum
416 1198 556 1231 dabatur
578 1199 677 1243 pullis
700 1199 731 1230 in
759 1197 931 1242 auspiciis,
964 1197 1041 1240 quia
1061 1208 1101 1230 ex
1128 1209 1167 1230 ea
1188 1208 1322 1231 necesse
1348 1203 1417 1230 erat
1444 1197 1569 1240 aliquid
1597 1196 1772 1237 decidere,
1800 1196 1890 1239 quod
1912 1196 2018 1240 tripu-

179 1249 270 1282 dium
305 1249 448 1290 saceret,
490 1249 525 1282 id
557 1256 603 1283 est
629 1245 889 1294 terripuviumffi.
950 1245 1107 1282 Puvire⁴⁷
1129 1249 1215 1282 enim
1242 1249 1341 1281 ferire
1370 1254 1428 1282 est.
1479 1250 1612 1281 Bonum
1640 1248 1726 1281 enim
1751 1248 1924 1292 augurium
1948 1258 2019 1279 esse

177 1300 341 1345 putabant
351 1297 385 1342 ⁴³,
428 1301 453 1334 si
464 1297 488 1317 ⁴⁹
508 1302 609 1345 pulli,
649 1313 711 1346 per
735 1312 819 1345 quos
842 1301 1113 1344 auspicabantur,
1151 1300 1387 1341 comedissent,
1428 1301 1623 1344 praesertim
1650 1300 1675 1331 si
1698 1300 1743 1331 eis
1765 1299 1935 1331 edentibus
1957 1298 2018 1330 ali-

179 1352 261 1395 quid
281 1352 324 1385 ab
347 1362 406 1385 ore
429 1352 615 1386 decidisset.
660 1353 719 1386 Sin
728 1350 753 1370 5⁰
773 1357 883 1385 autem
904 1351 1038 1385 omnino
1049 1348 1071 1368 ⁵¹
1092 1363 1159 1385 non
1181 1352 1340 1395 edissent,
1367 1352 1608 1384 arbitrabantur
1629 1350 1816 1395 periculum
1838 1349 2016 1383 imminere.

77 1402 264 1437 Pedestria
290 1404 437 1448 auspicia
461 1405 714 1438 nominabantur
724 1401 759 1448 ⁵²,
786 1401 905 1448 quae⁵³
926 1404 1092 1436 dabantur
1113 1415 1132 1436 a
1152 1404 1271 1449 vulpe,
1299 1404 1401 1448 lupo,
1429 1408 1600 1448 serpente,
1628 1413 1715 1445 equo
1742 1401 1924 1444 ceterisque
1947 1401 2018 1433 ani-

176 1455 316 1488 malibus
342 1455 627 1501 quadrupedibus.

79 1505 291 1540 Piacularia
317 1507 463 1551 auspicia
489 1508 722 1553 appellabant,
749 1518 835 1550 quae
862 1506 1118 1540 sacrificantibus
1145 1507 1246 1539 tristia
1274 1506 1535 1551 portendebant,
1563 1516 1665 1547 quum
1693 1508 1748 1536 aut
1769 1503 1878 1535 hostia
1899 1503 1941 1535 ab
1964 1513 2020 1535 ara

181 1555 397 1602 effugisset⁵⁴‚
424 1564 479 1592 aut
504 1571 660 1604 percussa
685 1559 850 1603 mugitum
878 1557 1039 1599 dedisset,
1067 1562 1123 1591 aut
1147 1558 1180 1590 in
1207 1559 1306 1591 aliam
1331 1562 1461 1602 partem
1489 1556 1639 1600 corporis
1649 1551 1684 1596 ⁵⁵,
1712 1566 1811 1598 quam
1839 1558 2019 1599 oporteret,

180 1608 351 1642 cecidisset
360 1605 394 1643 ⁵⁶.

82 1658 262 1704 Pestffera
288 1660 434 1704 auspicia
459 1672 527 1693 esse
552 1661 723 1701 dicebant,
764 1671 867 1703 quum
924 1671 982 1694 cor
1007 1660 1040 1692 in
1068 1661 1164 1701 extis,
1208 1665 1264 1692 aut
1290 1663 1390 1704 caput
1415 1658 1448 1690 in
1474 1658 1621 1692 iocinore
1631 1654 1656 1674 53
1678 1667 1745 1689 non
1771 1657 1893 1689 fuisset.

84 1710 279 1756 Praepetes
311 1722 394 1745 aves
426 1711 595 1753 dicuntur,
643 1723 729 1755 quae
763 1723 797 1744 se
831 1716 904 1744 ante
938 1711 1162 1755 auspicantem
1196 1707 1349 1744 feruntffl.
1407 1710 1494 1742 Nam
1522 1712 1736 1754 praepetere
1767 1707 1925 1741 dicebant
1957 1716 2020 1750 pro

876 1656 900 1676 5³

185 1762 316 1796 anteire.

86 1898 145 1916 esse
157 1888 238 1926 vulg.
261 1903 301 1909 —
322 1888 370 1926 34)
392 1889 566 1928 amabatur]
588 1895 711 1918 amatur
725 1890 757 1918 L.
780 1905 821 1911 —
843 1887 892 1929 35)
914 1887 1032 1916 diceba·
1073 1889 1107 1916 Β.
1128 1888 1184 1917 Gu.
1197 1889 1225 1917 2.
1244 1896 1289 1924 pr.
1311 1901 1352 1907 -—-
1374 1886 1419 1923 48)
1443 1895 1502 1913 esse
1513 1885 1685 1925 putabant]
1709 1896 1765 1914 om.
1782 1895 1828 1924 pr.
1866 1882 2023 1921 putabant

85 1930 149 1969 tur]
172 1929 354 1967 vocabatur,
378 1930 413 1959 id
427 1937 469 1959 est
482 1933 512 1963 L,
549 1932 716 1960 vocabatur
731 1932 764 1961 B.
783 1932 874 1962 Gu.1.
891 1930 1032 1969 pr.'S.-—
1075 1940 1131 1959 om.
1150 1930 1181 1958 L.
1206 1929 1263 1956 Gu.
1279 1930 1304 1958 1.
1332 1943 1374 1949 —
1401 1929 1448 1968 49)
1471 1926 1515 1966 Si]
1539 1939 1607 1956 “um
1627 1939 1672 1967 ΡΥ·
1700 1944 1742 1950 “-
1771 1928 1816 1964 50)
1839 1924 1913 1964 Sin]
1937 1926 1970 1953 Si
1990 1925 2022 1953 L·

84 1972 131 2011 36)
163 1972 260 2010 Unde]
291 1983 347 2002 om.
369 1973 399 2002 L.
429 1990 466 1996 —
495 1975 543 2012 37)
570 1974 625 2015 Q]
650 1976 830 2003 Praenomen
854 1973 920 2002 add.
941 1973 973 2000 B.
993 1972 1032 2000 M.
1076 1972 1168 2003 Gu.1.
1194 1987 1228 1992 —
1254 1969 1301 2009 51)
1325 1970 1455 2009 omnino]
1471 1972 1573 1998 omnia
1589 1971 1621 2000 L.
1644 1986 1685 1992 —
1707 1967 1752 2009 52)
1770 1966 2022 2005 nominabantur]

87 2016 221 2047 Gu.1.2.
236 2025 283 2054 pr.
299 2016 326 2045 S.
371 2026 426 2044 om.
442 2017 523 2054 vulg.
545 2034 587 2039 —
607 2019 653 2054 38)
675 2016 813 2054 Eburno]
836 2016 884 2044 Sic
901 2016 932 2043 L.
946 2015 978 2042 B.
993 2014 1031 2044 M.
1076 2013 1310 2053 appellabantur
1326 2012 1381 2043 Gu,
1394 2015 1419 2043 1.
1457 2012 1688 2041 arbitrabantur
1700 2012 1732 2040 L.
1747 2011 1778 2040 B.
1799 2027 1841 2032 —
1863 2012 1908 2046 53)
1933 2010 2020 2048 quae]

88 2058 145 2087 Gu.
159 2061 185 2088 1.
199 2061 229 2089 2.
245 2068 291 2096 pr.
309 2059 337 2087 S.
380 2058 468 2086 Ebur
484 2060 562 2098 vulg.
584 2076 625 2082 —
647 2059 693 2097 39)
718 2069 879 2097 cognomen
893 2057 968 2094 erat]
988 2058 1036 2084 Sic
1078 2063 1104 2084 et
1130 2067 1206 2095 quae
1229 2056 1278 2091 L.‚
1314 2054 1421 2083 omisso
1443 2054 1609 2085 dabantur.
1633 2070 1676 2076 —
1703 2054 1748 2091 54)
1778 2053 1947 2092 effugisset]
1976 2051 2024 2079 Sic

86 2101 118 2130 L.
133 2100 167 2129 B.
183 2099 220 2129 M.
245 2100 300 2128 Gu.
319 2103 343 2130 1.
358 2102 387 2131 2.
410 2111 456 2139 pr.
479 2102 506 2130 S.
547 2103 619 2139 fuit
638 2112 721 2140 cogn.
739 2101 819 2139 vulg.
842 2117 881 2122 —-
905 2099 950 2137 40)
968 2100 1035 2137 pri·
1079 2099 1136 2129 Gu.
1151 2102 1179 2130 2.
1218 2098 1407 2137 profugisset
1426 2098 1506 2135 vulg.
1526 2113 1565 2120 —
1589 2100 1634 2132 55)
1651 2101 1771 2136 partem
1790 2094 1942 2134 corporis]
1967 2094 2024 2122 Pro

86 2142 179 2181 vata]
196 2144 291 2180 priva
308 2143 363 2171 Gu.
379 2145 407 2173 1.
435 2159 470 2164 —
495 2145 541 2181 41)
562 2144 735 2172 bominibus
749 2140 962 2181 fmndiisque]
988 2141 1036 2169 Sic
1072 2146 1194 2180 partem
1209 2139 1328 2169 exhibet
1343 2139 1547 2178 Monac.sul.‚
1574 2139 1655 2178 quod
1671 2150 1686 2167 a
1702 2138 1823 2168 secund.
1838 2148 1874 2167 m.
1892 2136 2025 2165 additum

88 2186 182 2217 Gu.2.
212 2184 290 2213 lzom.
304 2186 448 2222 alsamiI.
465 2186 497 2214 Β.
512 2187 539 2214 S.
570 2185 891 2221 bominibusfamiliis
906 2194 951 2222 pr.
979 2184 1036 2221 sa·
1078 2189 1122 2212 est
1137 2182 1283 2212 vocabulo
1300 2183 1442 2220 corpori-9.
1469 2200 1504 2204 —-
1529 2181 1574 2221 56)
1599 2181 1763 2217 cecidisset]
1787 2181 1835 2210 Sic
1850 2180 1945 2210 Gu.2.
1977 2177 2024 2224 df-

87 2228 151 2255 mil.
166 2233 190 2254 et
205 2227 283 2255 hom.
299 2227 331 2257 L.
347 2245 382 2249 —
397 2229 442 2264 42)
457 2228 514 2267 ait]
529 2229 578 2257 Sic
595 2229 687 2260 Gu.2.
703 2228 798 2264 solus,
822 2237 912 2265 quum
929 2225 1037 2264 reliqui
1079 2226 1138 2255 cid.
1153 2225 1230 2263 vulg.
1251 2240 1292 2246 —
1313 2227 1358 2261 57)
1382 2227 1491 2263 quum]
1516 2235 1605 2264 quom
1618 2225 1652 2254 B.
1679 2241 1715 2246 —
1739 2221 1786 2263 58)
1809 2220 1951 2258 iocinore]
1976 2220 2024 2246 Sic

89 2269 247 2300 exhibeant
260 2271 292 2298 it.
331 2270 387 2298 Sed
401 2270 462 2300 vid.
476 2281 498 2299 s.
514 2281 543 2299 v.
559 2270 665 2300 Prodit
679 2271 836 2298 memoriae
850 2268 912 2298 dat.
928 2279 956 2307 p.
966 2267 1035 2300 125.
1077 2269 1119 2298 M.
1135 2268 1191 2297 Gu.
1204 2271 1231 2301 2.
1252 2276 1297 2306 pr.
1340 2268 1479 2295 iecinoris
1491 2267 1522 2296 L.
1538 2277 1593 2306 pro
1612 2268 1642 2295 in
1658 2268 1799 2302 iecinme,
1827 2269 1860 2293 ut
1879 2268 1929 2309 est.
1944 2261 2022 2297 vulg.

90 2329 128 2335 -—
151 2311 197 2352 43)
220 2313 324 2351 quum]
341 2323 429 2351 quom
445 2313 475 2341 Β.
497 2331 535 2335 —-
559 2315 603 2349 44)
621 2312 722 2341 solida
737 2314 873 2351 corpora]
891 2321 968 2349 corp.
982 2310 1035 2338 sol.
1077 2327 1120 2333 —
1142 2310 1187 2350 59)
1209 2320 1238 2338 ee
1261 2314 1329 2338 ante
1349 2311 1555 2348 auspicantem
1569 2310 1699 2349 ferunt]
1723 2313 1792 2337 ante
1811 2306 1978 2343 auspicium
1993 2311 2022 2328 se

89 2355 122 2384 B.
166 2365 292 2393 corpora
306 2365 363 2384 om.
380 2356 411 2384 L.
435 2371 476 2376 —-
498 2354 544 2395 45)
568 2354 746 2393 ostendunt]
770 2353 927 2382 ostendant
942 2353 974 2381 Β.
995 2368 1036 2375 -
1079 2353 1225 2391 aufirunt
1239 2352 1271 2381 L.
1314 2353 1507 2391 auspicantes
1524 2363 1571 2392 pr.

90 2395 138 2437 46)
157 2397 366 2436 terripavium]
388 2399 587 2437 terripavium
602 2399 631 2427 S.
652 2414 694 2420 —-
715 2395 762 2437 47)
785 2396 907 2435 Puvire]
928 2393 1038 2424 Pavire

142 2456 305 2486 GMMMAT.
329 2467 393 2485 LAT.
416 2457 449 2485 ll.
1582 2445 1614 2477 R
