<?xml version="1.0" encoding="UTF-8"?>
<!DOCTYPE html PUBLIC "-//W3C//DTD XHTML 1.0 Transitional//EN"
    "http://www.w3.org/TR/xhtml1/DTD/xhtml1-transitional.dtd">
<html xmlns="http://www.w3.org/1999/xhtml" xml:lang="en" lang="en">
 <head>
  <title>
</title>
<meta http-equiv="Content-Type" content="text/html;charset=utf-8" />
  <meta name='ocr-system' content='tesseract 3.04.00' />
  <meta name='ocr-capabilities' content='ocr_page ocr_carea ocr_par ocr_line ocrx_word'/>
</head>
<body>
  <div class='ocr_page' id='page_1' title='image "./corpusgrammatico01linduoft_1161.png"; bbox 0 0 2263 2668; ppageno 0'>
   <div class='ocr_carea' id='block_1_1' title="bbox 497 143 2032 186">
    <p class='ocr_par' dir='ltr' id='par_1_1' title="bbox 497 143 2032 186">
     <span class='ocr_line' id='line_1_1' title="bbox 497 143 2032 186; baseline 0.006 -10"><span class='ocrx_word' id='word_1_1' title='bbox 497 145 560 178; x_wconf 85' lang='lat' dir='ltr'>DE</span> <span class='ocrx_word' id='word_1_2' title='bbox 587 143 976 178; x_wconf 86' lang='lat' dir='ltr'>SIGNIFICATIONE</span> <span class='ocrx_word' id='word_1_3' title='bbox 1006 145 1286 182; x_wconf 81' lang='lat' dir='ltr'>VERBORUM.</span> <span class='ocrx_word' id='word_1_4' title='bbox 1338 148 1483 182; x_wconf 85' lang='lat' dir='ltr'><strong>LIBER</strong></span> <span class='ocrx_word' id='word_1_5' title='bbox 1503 148 1627 182; x_wconf 84' lang='lat' dir='ltr'>XVIII.</span> <span class='ocrx_word' id='word_1_6' title='bbox 1961 153 2032 186; x_wconf 74' lang='lat'>733</span> 
     </span>
    </p>
   </div>
   <div class='ocr_carea' id='block_1_2' title="bbox 65 235 2034 2441">
    <p class='ocr_par' dir='ltr' id='par_1_2' title="bbox 83 235 2033 516">
     <span class='ocr_line' id='line_1_2' title="bbox 83 235 609 274; baseline 0.004 -10"><span class='ocrx_word' id='word_1_7' title='bbox 83 235 204 264; x_wconf 84' lang='lat' dir='ltr'>Plenius</span> <span class='ocrx_word' id='word_1_8' title='bbox 228 235 337 264; x_wconf 86' lang='lat' dir='ltr'>citatur</span> <span class='ocrx_word' id='word_1_9' title='bbox 360 236 440 274; x_wconf 80' lang='lat' dir='ltr'>apud</span> <span class='ocrx_word' id='word_1_10' title='bbox 465 237 609 266; x_wconf 87' lang='lat' dir='ltr'>Probum:</span> 
     </span>
     <span class='ocr_line' id='line_1_3' title="bbox 602 278 1351 322; baseline 0.003 -13"><span class='ocrx_word' id='word_1_11' title='bbox 602 278 729 319; x_wconf 85' lang='lat' dir='ltr'><strong><em>Corpore</em></strong></span> <span class='ocrx_word' id='word_1_12' title='bbox 758 279 912 307; x_wconf 74' lang='lat' dir='ltr'>Tartar-ino</span> <span class='ocrx_word' id='word_1_13' title='bbox 932 289 1080 318; x_wconf 75' lang='lat' dir='ltr'>prognata</span> <span class='ocrx_word' id='word_1_14' title='bbox 1101 280 1217 320; x_wconf 77' lang='lat' dir='ltr'>paluda</span> <span class='ocrx_word' id='word_1_15' title='bbox 1240 283 1351 322; x_wconf 73' lang='lat' dir='ltr'>virago,</span> 
     </span>
     <span class='ocr_line' id='line_1_4' title="bbox 601 320 1436 363; baseline 0.004 -13"><span class='ocrx_word' id='word_1_16' title='bbox 601 320 656 350; x_wconf 85' lang='lat' dir='ltr'>Cui</span> <span class='ocrx_word' id='word_1_17' title='bbox 675 333 733 360; x_wconf 87' lang='lat' dir='ltr'>par</span> <span class='ocrx_word' id='word_1_18' title='bbox 754 321 860 358; x_wconf 83' lang='lat' dir='ltr'><em>imber,</em></span> <span class='ocrx_word' id='word_1_19' title='bbox 884 329 910 349; x_wconf 80' lang='lat' dir='ltr'>et</span> <span class='ocrx_word' id='word_1_20' title='bbox 933 323 1009 360; x_wconf 71' lang='lat' dir='ltr'>ignis</span> <span class='ocrx_word' id='word_1_21' title='bbox 1031 324 1166 362; x_wconf 77' lang='lat' dir='ltr'>spiritus,</span> <span class='ocrx_word' id='word_1_22' title='bbox 1190 331 1216 352; x_wconf 79' lang='lat' dir='ltr'>et</span> <span class='ocrx_word' id='word_1_23' title='bbox 1235 327 1329 363; x_wconf 76' lang='lat' dir='ltr'>graui&#39;</span> <span class='ocrx_word' id='word_1_24' title='bbox 1353 333 1436 353; x_wconf 74' lang='lat' dir='ltr'>terra.</span> 
     </span>
     <span class='ocr_line' id='line_1_5' title="bbox 83 359 2033 407; baseline 0.004 -18"><span class='ocrx_word' id='word_1_25' title='bbox 83 360 168 400; x_wconf 78' lang='lat' dir='ltr'>Ignis</span> <span class='ocrx_word' id='word_1_26' title='bbox 189 362 308 401; x_wconf 79' lang='lat' dir='ltr'>spiritus</span> <span class='ocrx_word' id='word_1_27' title='bbox 337 359 434 399; x_wconf 79' lang='grc' dir='ltr'><em>πυρὸς</em></span> <span class='ocrx_word' id='word_1_28' title='bbox 463 362 567 399; x_wconf 84' lang='grc' dir='ltr'><em>μένος,</em></span> <span class='ocrx_word' id='word_1_29' title='bbox 605 369 633 392; x_wconf 88' lang='lat' dir='ltr'>et</span> <span class='ocrx_word' id='word_1_30' title='bbox 657 365 756 403; x_wconf 79' lang='lat' dir='ltr'>gravis</span> <span class='ocrx_word' id='word_1_31' title='bbox 779 371 854 392; x_wconf 72' lang='lat' dir='ltr'>terra</span> <span class='ocrx_word' id='word_1_32' title='bbox 877 363 1010 403; x_wconf 65' lang='grc' dir='ltr'>στυφελι)</span> <span class='ocrx_word' id='word_1_33' title='bbox 1033 363 1125 404; x_wconf 77' lang='grc' dir='ltr'><em>χθών.</em></span> <span class='ocrx_word' id='word_1_34' title='bbox 1170 368 1237 404; x_wconf 76' lang='lat' dir='ltr'>Est,</span> <span class='ocrx_word' id='word_1_35' title='bbox 1276 369 1305 395; x_wconf 86' lang='lat' dir='ltr'>ni</span> <span class='ocrx_word' id='word_1_36' title='bbox 1328 368 1432 404; x_wconf 88' lang='lat' dir='ltr'>sallor,</span> <span class='ocrx_word' id='word_1_37' title='bbox 1462 367 1529 402; x_wconf 76' lang='lat' dir='ltr'>illa,</span> <span class='ocrx_word' id='word_1_38' title='bbox 1562 377 1648 405; x_wconf 88' lang='lat' dir='ltr'>quam</span> <span class='ocrx_word' id='word_1_39' title='bbox 1673 367 1835 405; x_wconf 78' lang='lat' dir='ltr'>alloquitur</span> <span class='ocrx_word' id='word_1_40' title='bbox 1857 368 1930 397; x_wconf 88' lang='lat' dir='ltr'>Iuno</span> <span class='ocrx_word' id='word_1_41' title='bbox 1954 370 2033 407; x_wconf 78' lang='lat' dir='ltr'>apud</span> 
     </span>
     <span class='ocr_line' id='line_1_6' title="bbox 83 403 554 443; baseline 0.004 -12"><span class='ocrx_word' id='word_1_42' title='bbox 83 403 236 432; x_wconf 84' lang='lat' dir='ltr'>Maronem</span> <span class='ocrx_word' id='word_1_43' title='bbox 260 404 344 441; x_wconf 82' lang='lat' dir='ltr'>(Aen.</span> <span class='ocrx_word' id='word_1_44' title='bbox 363 403 430 440; x_wconf 83' lang='lat' dir='ltr'>VII,</span> <span class='ocrx_word' id='word_1_45' title='bbox 454 404 554 443; x_wconf 82' lang='lat'>331.):</span> 
     </span>
     <span class='ocr_line' id='line_1_7' title="bbox 83 446 1519 515; baseline 0.003 -41"><span class='ocrx_word' id='word_1_46' title='bbox 83 487 114 515; x_wconf 84' lang='lat' dir='ltr'><em>D</em></span> <span class='ocrx_word' id='word_1_47' title='bbox 599 447 690 477; x_wconf 88' lang='lat' dir='ltr'>Hunc</span> <span class='ocrx_word' id='word_1_48' title='bbox 713 447 785 476; x_wconf 67' lang='lat' dir='ltr'>mila·</span> <span class='ocrx_word' id='word_1_49' title='bbox 808 446 846 476; x_wconf 80' lang='lat' dir='ltr'>da</span> <span class='ocrx_word' id='word_1_50' title='bbox 864 449 1034 487; x_wconf 81' lang='lat' dir='ltr'>proprium,</span> <span class='ocrx_word' id='word_1_51' title='bbox 1062 450 1144 489; x_wconf 78' lang='lat' dir='ltr'>virgo</span> <span class='ocrx_word' id='word_1_52' title='bbox 1167 458 1232 479; x_wconf 80' lang='lat' dir='ltr'>sata</span> <span class='ocrx_word' id='word_1_53' title='bbox 1254 458 1353 488; x_wconf 78' lang='lat' dir='ltr'>nocie,</span> <span class='ocrx_word' id='word_1_54' title='bbox 1383 450 1519 480; x_wconf 79' lang='lat' dir='ltr'>laborem.</span> 
     </span>
     <span class='ocr_line' id='line_1_8' title="bbox 121 498 174 516; baseline 0.019 -1"><span class='ocrx_word' id='word_1_55' title='bbox 121 498 174 516; x_wconf 84' lang='lat' dir='ltr'>ac.</span> 
     </span>
    </p>

    <p class='ocr_par' dir='ltr' id='par_1_3' title="bbox 82 530 2033 657">
     <span class='ocr_line' id='line_1_9' title="bbox 249 530 2033 575; baseline 0.005 -17"><span class='ocrx_word' id='word_1_56' title='bbox 249 530 347 560; x_wconf 84' lang='lat' dir='ltr'>Tam.</span> <span class='ocrx_word' id='word_1_57' title='bbox 398 530 470 559; x_wconf 85' lang='lat' dir='ltr'>Tam</span> <span class='ocrx_word' id='word_1_58' title='bbox 492 536 521 560; x_wconf 88' lang='lat' dir='ltr'>et</span> <span class='ocrx_word' id='word_1_59' title='bbox 543 543 629 571; x_wconf 83' lang='lat' dir='ltr'>quam</span> <span class='ocrx_word' id='word_1_60' title='bbox 654 537 807 561; x_wconf 85' lang='lat' dir='ltr'>contracta</span> <span class='ocrx_word' id='word_1_61' title='bbox 833 543 868 561; x_wconf 77' lang='lat' dir='ltr'>ex</span> <span class='ocrx_word' id='word_1_62' title='bbox 890 540 1001 561; x_wconf 72' lang='lat' dir='ltr'>tantum</span> <span class='ocrx_word' id='word_1_63' title='bbox 1027 538 1054 561; x_wconf 86' lang='lat' dir='ltr'>et</span> <span class='ocrx_word' id='word_1_64' title='bbox 1077 542 1226 573; x_wconf 76' lang='lat' dir='ltr'>quantum.</span> <span class='ocrx_word' id='word_1_65' title='bbox 1248 535 1337 564; x_wconf 89' lang='lat' dir='ltr'>Dac.</span> <span class='ocrx_word' id='word_1_66' title='bbox 1375 535 1412 564; x_wconf 79' lang='lat' dir='ltr'>U!</span> <span class='ocrx_word' id='word_1_67' title='bbox 1430 533 1510 575; x_wconf 75' lang='lat' dir='ltr'>apud</span> <span class='ocrx_word' id='word_1_68' title='bbox 1529 533 1665 564; x_wconf 83' lang='lat' dir='ltr'>Graecos.</span> <span class='ocrx_word' id='word_1_69' title='bbox 1699 535 1810 563; x_wconf 84' lang='lat' dir='ltr'>Gloss.:</span> <span class='ocrx_word' id='word_1_70' title='bbox 1840 537 1911 564; x_wconf 88' lang='lat' dir='ltr'>Tam</span> <span class='ocrx_word' id='word_1_71' title='bbox 1930 534 2033 573; x_wconf 75' lang='grc' dir='ltr'><em>οὕτως.</em></span> 
     </span>
     <span class='ocr_line' id='line_1_10' title="bbox 87 570 2033 617; baseline 0.003 -17"><span class='ocrx_word' id='word_1_72' title='bbox 87 572 160 600; x_wconf 76' lang='lat' dir='ltr'>Tam</span> <span class='ocrx_word' id='word_1_73' title='bbox 181 571 328 610; x_wconf 75' lang='lat' dir='ltr'>perditus,</span> <span class='ocrx_word' id='word_1_74' title='bbox 354 570 450 608; x_wconf 73' lang='grc' dir='ltr'><strong><em>οὕτως</em></strong></span> <span class='ocrx_word' id='word_1_75' title='bbox 472 574 620 611; x_wconf 80' lang='grc' dir='ltr'><strong><em>πανώλης.</em></strong></span> <span class='ocrx_word' id='word_1_76' title='bbox 643 573 754 604; x_wconf 78' lang='lat' dir='ltr'>Idem.</span> <span class='ocrx_word' id='word_1_77' title='bbox 787 573 931 616; x_wconf 63' lang='lat' dir='ltr'>Cher-slus.</span> <span class='ocrx_word' id='word_1_78' title='bbox 955 575 1057 604; x_wconf 83' lang='lat' dir='ltr'><strong>Scribe</strong></span> <span class='ocrx_word' id='word_1_79' title='bbox 1077 576 1242 616; x_wconf 71' lang='lat' dir='ltr'>Cltoerylus.</span> <span class='ocrx_word' id='word_1_80' title='bbox 1275 578 1300 606; x_wconf 86' lang='lat' dir='ltr'>ls</span> <span class='ocrx_word' id='word_1_81' title='bbox 1323 583 1380 614; x_wconf 87' lang='lat' dir='ltr'>est,</span> <span class='ocrx_word' id='word_1_82' title='bbox 1406 588 1456 616; x_wconf 80' lang='lat' dir='ltr'>qui</span> <span class='ocrx_word' id='word_1_83' title='bbox 1479 578 1533 606; x_wconf 90' lang='lat' dir='ltr'>sub</span> <span class='ocrx_word' id='word_1_84' title='bbox 1554 577 1722 606; x_wconf 79' lang='lat' dir='ltr'>Alexandro</span> <span class='ocrx_word' id='word_1_85' title='bbox 1744 586 1812 615; x_wconf 87' lang='lat' dir='ltr'>rege</span> <span class='ocrx_word' id='word_1_86' title='bbox 1835 578 1911 607; x_wconf 79' lang='lat' dir='ltr'>vixit</span> <span class='ocrx_word' id='word_1_87' title='bbox 1930 579 2033 617; x_wconf 78' lang='lat' dir='ltr'>Olym-</span> 
     </span>
     <span class='ocr_line' id='line_1_11' title="bbox 82 613 973 657; baseline 0.004 -15"><span class='ocrx_word' id='word_1_88' title='bbox 82 613 164 653; x_wconf 84' lang='lat' dir='ltr'>piad.</span> <span class='ocrx_word' id='word_1_89' title='bbox 182 617 252 645; x_wconf 83' lang='lat'>113.</span> <span class='ocrx_word' id='word_1_90' title='bbox 298 615 340 644; x_wconf 92' lang='lat' dir='ltr'>De</span> <span class='ocrx_word' id='word_1_91' title='bbox 363 625 421 653; x_wconf 91' lang='lat' dir='ltr'>quo</span> <span class='ocrx_word' id='word_1_92' title='bbox 444 616 548 646; x_wconf 82' lang='lat' dir='ltr'><strong>Horat.</strong></span> <span class='ocrx_word' id='word_1_93' title='bbox 570 617 669 645; x_wconf 79' lang='lat' dir='ltr'>lib.ll.</span> <span class='ocrx_word' id='word_1_94' title='bbox 693 617 786 655; x_wconf 83' lang='lat' dir='ltr'><strong>Epist.</strong></span> <span class='ocrx_word' id='word_1_95' title='bbox 809 618 849 657; x_wconf 86' lang='lat' dir='ltr'>(l,</span> <span class='ocrx_word' id='word_1_96' title='bbox 872 617 973 655; x_wconf 81' lang='lat'>232.):</span> 
     </span>
    </p>

    <p class='ocr_par' dir='ltr' id='par_1_4' title="bbox 658 658 1353 702">
     <span class='ocr_line' id='line_1_12' title="bbox 658 658 1353 702; baseline 0.004 -15"><span class='ocrx_word' id='word_1_97' title='bbox 658 658 766 688; x_wconf 72' lang='lat' dir='ltr'>Gratus</span> <span class='ocrx_word' id='word_1_98' title='bbox 788 658 971 688; x_wconf 60' lang='lat' dir='ltr'>Alexandro</span> <span class='ocrx_word' id='word_1_99' title='bbox 995 662 1054 699; x_wconf 74' lang='lat' dir='ltr'>regi</span> <span class='ocrx_word' id='word_1_100' title='bbox 1079 661 1195 699; x_wconf 68' lang='lat' dir='ltr'>Illagno</span> <span class='ocrx_word' id='word_1_101' title='bbox 1210 661 1279 702; x_wconf 81' lang='lat' dir='ltr'>fuit</span> <span class='ocrx_word' id='word_1_102' title='bbox 1302 660 1353 690; x_wconf 81' lang='lat' dir='ltr'>ille</span> 
     </span>
    </p>

    <p class='ocr_par' dir='ltr' id='par_1_5' title="bbox 79 701 2034 1163">
     <span class='ocr_line' id='line_1_13' title="bbox 664 701 1451 742; baseline 0.004 -12"><span class='ocrx_word' id='word_1_103' title='bbox 664 701 838 740; x_wconf 79' lang='lat' dir='ltr'>Choerylus,</span> <span class='ocrx_word' id='word_1_104' title='bbox 866 701 984 731; x_wconf 80' lang='lat' dir='ltr'>incultis</span> <span class='ocrx_word' id='word_1_105' title='bbox 1006 704 1057 742; x_wconf 84' lang='lat' dir='ltr'>qui</span> <span class='ocrx_word' id='word_1_106' title='bbox 1079 703 1205 731; x_wconf 77' lang='lat' dir='ltr'>versibus</span> <span class='ocrx_word' id='word_1_107' title='bbox 1228 712 1253 732; x_wconf 80' lang='lat' dir='ltr'>et</span> <span class='ocrx_word' id='word_1_108' title='bbox 1275 703 1352 732; x_wconf 78' lang='lat' dir='ltr'>male</span> <span class='ocrx_word' id='word_1_109' title='bbox 1373 706 1451 734; x_wconf 75' lang='lat' dir='ltr'>natis</span> 
     </span>
     <span class='ocr_line' id='line_1_14' title="bbox 101 743 1416 786; baseline 0.004 -16"><span class='ocrx_word' id='word_1_110' title='bbox 101 781 103 783; x_wconf 17' lang='lat' dir='ltr'>q</span> <span class='ocrx_word' id='word_1_111' title='bbox 660 743 788 773; x_wconf 72' lang='lat' dir='ltr'>Rettulit</span> <span class='ocrx_word' id='word_1_112' title='bbox 811 751 947 783; x_wconf 78' lang='lat' dir='ltr'>acceptos</span> <span class='ocrx_word' id='word_1_113' title='bbox 969 744 1066 784; x_wconf 76' lang='lat' dir='ltr'>regale</span> <span class='ocrx_word' id='word_1_114' title='bbox 1089 747 1233 774; x_wconf 69' lang='lat' dir='ltr'>numisma</span> <span class='ocrx_word' id='word_1_115' title='bbox 1254 745 1416 786; x_wconf 74' lang='lat' dir='ltr'><em>Philippos.</em></span> 
     </span>
     <span class='ocr_line' id='line_1_15' title="bbox 81 781 2032 827; baseline 0.004 -17"><span class='ocrx_word' id='word_1_116' title='bbox 81 781 191 812; x_wconf 72' lang='lat' dir='ltr'>Idem.</span> <span class='ocrx_word' id='word_1_117' title='bbox 227 784 274 813; x_wconf 81' lang='lat' dir='ltr'>At</span> <span class='ocrx_word' id='word_1_118' title='bbox 302 785 417 826; x_wconf 78' lang='lat' dir='ltr'>antiqui</span> <span class='ocrx_word' id='word_1_119' title='bbox 445 793 506 815; x_wconf 76' lang='lat' dir='ltr'>iam</span> <span class='ocrx_word' id='word_1_120' title='bbox 536 786 622 814; x_wconf 81' lang='lat' dir='ltr'>etiam</span> <span class='ocrx_word' id='word_1_121' title='bbox 648 797 703 825; x_wconf 88' lang='lat' dir='ltr'>pro</span> <span class='ocrx_word' id='word_1_122' title='bbox 734 794 838 816; x_wconf 75' lang='lat' dir='ltr'>tamen.</span> <span class='ocrx_word' id='word_1_123' title='bbox 885 787 956 815; x_wconf 82' lang='lat' dir='ltr'>Nam</span> <span class='ocrx_word' id='word_1_124' title='bbox 987 793 1015 815; x_wconf 87' lang='lat' dir='ltr'>et</span> <span class='ocrx_word' id='word_1_125' title='bbox 1044 795 1139 815; x_wconf 73' lang='lat' dir='ltr'>tamen</span> <span class='ocrx_word' id='word_1_126' title='bbox 1172 788 1338 817; x_wconf 83' lang='lat' dir='ltr'>derivatum</span> <span class='ocrx_word' id='word_1_127' title='bbox 1361 799 1397 817; x_wconf 80' lang='lat' dir='ltr'>ex</span> <span class='ocrx_word' id='word_1_128' title='bbox 1420 797 1490 817; x_wconf 76' lang='lat' dir='ltr'>tam.</span> <span class='ocrx_word' id='word_1_129' title='bbox 1536 789 1629 817; x_wconf 79' lang='lat' dir='ltr'>Plaut.</span> <span class='ocrx_word' id='word_1_130' title='bbox 1653 788 1802 817; x_wconf 72' lang='lat' dir='ltr'>Menaech.</span> <span class='ocrx_word' id='word_1_131' title='bbox 1819 789 1861 826; x_wconf 88' lang='lat' dir='ltr'>II,</span> <span class='ocrx_word' id='word_1_132' title='bbox 1886 792 1918 825; x_wconf 81' lang='lat'>3,</span> <span class='ocrx_word' id='word_1_133' title='bbox 1943 791 2032 827; x_wconf 82' lang='lat'>(36.):</span> 
     </span>
     <span class='ocr_line' id='line_1_16' title="bbox 80 824 2033 867; baseline 0.004 -14"><span class='ocrx_word' id='word_1_134' title='bbox 80 825 129 854; x_wconf 87' lang='lat' dir='ltr'>Er.</span> <span class='ocrx_word' id='word_1_135' title='bbox 151 824 262 855; x_wconf 74' lang='lat' dir='ltr'>Eamus</span> <span class='ocrx_word' id='word_1_136' title='bbox 284 828 378 863; x_wconf 78' lang='lat' dir='ltr'>intro,</span> <span class='ocrx_word' id='word_1_137' title='bbox 406 835 438 856; x_wconf 85' lang='lat' dir='ltr'>ut</span> <span class='ocrx_word' id='word_1_138' title='bbox 456 827 662 867; x_wconf 75' lang='lat' dir='ltr'>prandeamus.</span> <span class='ocrx_word' id='word_1_139' title='bbox 707 829 762 859; x_wconf 81' lang='lat' dir='ltr'>Me.</span> <span class='ocrx_word' id='word_1_140' title='bbox 795 828 871 857; x_wconf 86' lang='lat' dir='ltr'>Bene</span> <span class='ocrx_word' id='word_1_141' title='bbox 892 839 997 859; x_wconf 79' lang='lat' dir='ltr'>vocas:</span> <span class='ocrx_word' id='word_1_142' title='bbox 1030 837 1087 857; x_wconf 77' lang='lat' dir='ltr'>tam</span> <span class='ocrx_word' id='word_1_143' title='bbox 1108 831 1208 867; x_wconf 73' lang='lat' dir='ltr'>gratia</span> <span class='ocrx_word' id='word_1_144' title='bbox 1231 838 1279 860; x_wconf 78' lang='lat' dir='ltr'>est.</span> <span class='ocrx_word' id='word_1_145' title='bbox 1321 831 1394 859; x_wconf 84' lang='lat' dir='ltr'>Item</span> <span class='ocrx_word' id='word_1_146' title='bbox 1419 831 1499 862; x_wconf 82' lang='lat' dir='ltr'>alibi.</span> <span class='ocrx_word' id='word_1_147' title='bbox 1524 830 1633 861; x_wconf 81' lang='lat' dir='ltr'>Idem.</span> <span class='ocrx_word' id='word_1_148' title='bbox 1679 831 1717 859; x_wconf 82' lang='lat' dir='ltr'>Ut</span> <span class='ocrx_word' id='word_1_149' title='bbox 1740 830 1863 861; x_wconf 79' lang='lat' dir='ltr'>Nonius.</span> <span class='ocrx_word' id='word_1_150' title='bbox 1905 831 2033 867; x_wconf 85' lang='lat' dir='ltr'><strong>Quidam</strong></span> 
     </span>
     <span class='ocr_line' id='line_1_17' title="bbox 79 866 2033 912; baseline 0.004 -16"><span class='ocrx_word' id='word_1_151' title='bbox 79 866 217 899; x_wconf 79' lang='lat' dir='ltr'>Naevius.</span> <span class='ocrx_word' id='word_1_152' title='bbox 248 869 398 898; x_wconf 87' lang='lat' dir='ltr'>Incertum</span> <span class='ocrx_word' id='word_1_153' title='bbox 417 876 467 899; x_wconf 88' lang='lat' dir='ltr'>est.</span> <span class='ocrx_word' id='word_1_154' title='bbox 491 870 602 899; x_wconf 86' lang='lat' dir='ltr'>Idem.</span> <span class='ocrx_word' id='word_1_155' title='bbox 636 870 714 899; x_wconf 80' lang='lat' dir='ltr'>Bene</span> <span class='ocrx_word' id='word_1_156' title='bbox 737 883 800 900; x_wconf 87' lang='lat' dir='ltr'>cum</span> <span class='ocrx_word' id='word_1_157' title='bbox 816 870 960 911; x_wconf 83' lang='lat' dir='ltr'>facimus.</span> <span class='ocrx_word' id='word_1_158' title='bbox 991 872 1078 900; x_wconf 87' lang='lat' dir='ltr'>Hunc</span> <span class='ocrx_word' id='word_1_159' title='bbox 1096 872 1215 900; x_wconf 81' lang='lat' dir='ltr'>&#39;I‘itiunii</span> <span class='ocrx_word' id='word_1_160' title='bbox 1239 883 1356 901; x_wconf 87' lang='lat' dir='ltr'>versum</span> <span class='ocrx_word' id='word_1_161' title='bbox 1381 874 1424 902; x_wconf 90' lang='lat' dir='ltr'>sic</span> <span class='ocrx_word' id='word_1_162' title='bbox 1446 874 1582 902; x_wconf 83' lang='lat' dir='ltr'>emendat</span> <span class='ocrx_word' id='word_1_163' title='bbox 1606 874 1720 912; x_wconf 84' lang='lat' dir='ltr'>Lipsius</span> <span class='ocrx_word' id='word_1_164' title='bbox 1745 874 1896 912; x_wconf 80' lang='lat' dir='ltr'>Epistolic.</span> <span class='ocrx_word' id='word_1_165' title='bbox 1920 880 2033 911; x_wconf 86' lang='lat' dir='ltr'>quaest.</span> 
     </span>
     <span class='ocr_line' id='line_1_18' title="bbox 80 910 2033 954; baseline 0.003 -16"><span class='ocrx_word' id='word_1_166' title='bbox 80 910 135 948; x_wconf 84' lang='lat' dir='ltr'>Ep.</span> <span class='ocrx_word' id='word_1_167' title='bbox 153 913 222 943; x_wconf 81' lang='lat'>20.:</span> <span class='ocrx_word' id='word_1_168' title='bbox 250 911 329 941; x_wconf 77' lang='lat' dir='ltr'>Bene</span> <span class='ocrx_word' id='word_1_169' title='bbox 352 923 416 941; x_wconf 82' lang='lat' dir='ltr'>cum</span> <span class='ocrx_word' id='word_1_170' title='bbox 430 913 571 954; x_wconf 82' lang='lat' dir='ltr'>facimus</span> <span class='ocrx_word' id='word_1_171' title='bbox 594 920 652 941; x_wconf 82' lang='lat' dir='ltr'>iam</span> <span class='ocrx_word' id='word_1_172' title='bbox 676 913 753 942; x_wconf 82' lang='lat' dir='ltr'>male</span> <span class='ocrx_word' id='word_1_173' title='bbox 775 913 926 950; x_wconf 76' lang='lat' dir='ltr'><strong><em>audimus,</em></strong></span> <span class='ocrx_word' id='word_1_174' title='bbox 949 922 980 942; x_wconf 81' lang='lat' dir='ltr'>ut</span> <span class='ocrx_word' id='word_1_175' title='bbox 1002 913 1122 954; x_wconf 74' lang='lat' dir='ltr'>quidam</span> <span class='ocrx_word' id='word_1_176' title='bbox 1143 914 1292 954; x_wconf 77' lang='lat' dir='ltr'>perhibent</span> <span class='ocrx_word' id='word_1_177' title='bbox 1314 916 1378 944; x_wconf 81' lang='lat' dir='ltr'>viri.</span> <span class='ocrx_word' id='word_1_178' title='bbox 1424 916 1551 952; x_wconf 77' lang='lat' dir='ltr'>Querela</span> <span class='ocrx_word' id='word_1_179' title='bbox 1576 920 1619 944; x_wconf 83' lang='lat' dir='ltr'>est</span> <span class='ocrx_word' id='word_1_180' title='bbox 1642 916 1831 945; x_wconf 74' lang='lat' dir='ltr'>mulierculae</span> <span class='ocrx_word' id='word_1_181' title='bbox 1854 917 1891 945; x_wconf 85' lang='lat' dir='ltr'>de</span> <span class='ocrx_word' id='word_1_182' title='bbox 1914 917 2033 952; x_wconf 82' lang='lat' dir='ltr'>iniuria,</span> 
     </span>
     <span class='ocr_line' id='line_1_19' title="bbox 80 955 2034 999; baseline 0.003 -18"><span class='ocrx_word' id='word_1_183' title='bbox 80 962 154 991; x_wconf 83' lang='lat' dir='ltr'>quae</span> <span class='ocrx_word' id='word_1_184' title='bbox 176 964 192 981; x_wconf 86' lang='lat' dir='ltr'>a</span> <span class='ocrx_word' id='word_1_185' title='bbox 214 955 285 983; x_wconf 83' lang='lat' dir='ltr'>viris</span> <span class='ocrx_word' id='word_1_186' title='bbox 307 955 418 984; x_wconf 75' lang='lat' dir='ltr'>Iactum</span> <span class='ocrx_word' id='word_1_187' title='bbox 440 957 503 984; x_wconf 88' lang='lat' dir='ltr'>itur</span> <span class='ocrx_word' id='word_1_188' title='bbox 527 957 611 984; x_wconf 70' lang='lat' dir='ltr'>sexui</span> <span class='ocrx_word' id='word_1_189' title='bbox 633 966 695 986; x_wconf 87' lang='lat' dir='ltr'>suo.</span> <span class='ocrx_word' id='word_1_190' title='bbox 740 957 819 984; x_wconf 82' lang='lat' dir='ltr'>Bene</span> <span class='ocrx_word' id='word_1_191' title='bbox 843 966 879 984; x_wconf 87' lang='lat' dir='ltr'>an</span> <span class='ocrx_word' id='word_1_192' title='bbox 905 957 979 984; x_wconf 72' lang='lat' dir='ltr'>:nale</span> <span class='ocrx_word' id='word_1_193' title='bbox 1009 957 1133 993; x_wconf 82' lang='lat' dir='ltr'>faciant,</span> <span class='ocrx_word' id='word_1_194' title='bbox 1172 962 1267 986; x_wconf 84' lang='lat' dir='ltr'>tamen</span> <span class='ocrx_word' id='word_1_195' title='bbox 1299 960 1373 987; x_wconf 82' lang='lat' dir='ltr'>male</span> <span class='ocrx_word' id='word_1_196' title='bbox 1403 959 1537 987; x_wconf 87' lang='lat' dir='ltr'>audiunt.</span> <span class='ocrx_word' id='word_1_197' title='bbox 1581 959 1658 995; x_wconf 82' lang='lat' dir='ltr'>Ego:</span> <span class='ocrx_word' id='word_1_198' title='bbox 1694 957 1773 987; x_wconf 78' lang='lat' dir='ltr'>Bene</span> <span class='ocrx_word' id='word_1_199' title='bbox 1801 970 1865 987; x_wconf 88' lang='lat' dir='ltr'>cum</span> <span class='ocrx_word' id='word_1_200' title='bbox 1884 958 2034 999; x_wconf 81' lang='lat' dir='ltr'>facimus,</span> 
     </span>
     <span class='ocr_line' id='line_1_20' title="bbox 79 995 2034 1040; baseline 0.003 -16"><span class='ocrx_word' id='word_1_201' title='bbox 79 1001 141 1023; x_wconf 73' lang='lat' dir='ltr'>tam</span> <span class='ocrx_word' id='word_1_202' title='bbox 164 995 262 1026; x_wconf 82' lang='lat' dir='ltr'>malae</span> <span class='ocrx_word' id='word_1_203' title='bbox 273 997 395 1037; x_wconf 84' lang='lat' dir='ltr'>fuimus</span> <span class='ocrx_word' id='word_1_204' title='bbox 418 1003 472 1029; x_wconf 81' lang='lat' dir='ltr'>etc.</span> <span class='ocrx_word' id='word_1_205' title='bbox 514 999 638 1037; x_wconf 80' lang='lat' dir='ltr'>Propius</span> <span class='ocrx_word' id='word_1_206' title='bbox 662 999 697 1026; x_wconf 85' lang='lat' dir='ltr'>ad</span> <span class='ocrx_word' id='word_1_207' title='bbox 722 999 910 1037; x_wconf 78' lang='lat' dir='ltr'>scripturam.</span> <span class='ocrx_word' id='word_1_208' title='bbox 956 999 992 1027; x_wconf 89' lang='lat' dir='ltr'>Et</span> <span class='ocrx_word' id='word_1_209' title='bbox 1014 1000 1107 1028; x_wconf 70' lang='lat' dir='ltr'>insi-a:</span> <span class='ocrx_word' id='word_1_210' title='bbox 1140 999 1325 1040; x_wconf 76' lang='lat' dir='ltr'><em>Quamquam</em></span> <span class='ocrx_word' id='word_1_211' title='bbox 1349 1002 1417 1030; x_wconf 77' lang='lat' dir='ltr'>estis</span> <span class='ocrx_word' id='word_1_212' title='bbox 1439 999 1541 1037; x_wconf 77' lang='lat' dir='ltr'>nihili,</span> <span class='ocrx_word' id='word_1_213' title='bbox 1576 1008 1635 1028; x_wconf 82' lang='lat' dir='ltr'>iam</span> <span class='ocrx_word' id='word_1_214' title='bbox 1659 999 1741 1029; x_wconf 83' lang='lat' dir='ltr'>vobis</span> <span class='ocrx_word' id='word_1_215' title='bbox 1764 1009 1877 1030; x_wconf 80' lang='lat' dir='ltr'><strong><em>ecastor</em></strong></span> <span class='ocrx_word' id='word_1_216' title='bbox 1901 999 2034 1030; x_wconf 84' lang='lat' dir='ltr'>consului</span> 
     </span>
     <span class='ocr_line' id='line_1_21' title="bbox 79 1037 2034 1082; baseline 0.003 -16"><span class='ocrx_word' id='word_1_217' title='bbox 79 1037 175 1070; x_wconf 81' lang='lat' dir='ltr'>simul.</span> <span class='ocrx_word' id='word_1_218' title='bbox 199 1037 312 1068; x_wconf 78' lang='lat' dir='ltr'>Idem.</span> <span class='ocrx_word' id='word_1_219' title='bbox 349 1041 435 1069; x_wconf 89' lang='lat' dir='ltr'>Ennii</span> <span class='ocrx_word' id='word_1_220' title='bbox 456 1041 556 1070; x_wconf 78' lang='lat' dir='ltr'>locuni</span> <span class='ocrx_word' id='word_1_221' title='bbox 582 1041 765 1069; x_wconf 86' lang='lat' dir='ltr'>Hermanuus</span> <span class='ocrx_word' id='word_1_222' title='bbox 789 1041 957 1070; x_wconf 69' lang='lat' dir='ltr'>emendavit</span> <span class='ocrx_word' id='word_1_223' title='bbox 979 1041 1016 1070; x_wconf 86' lang='lat' dir='ltr'>ad</span> <span class='ocrx_word' id='word_1_224' title='bbox 1039 1042 1140 1080; x_wconf 81' lang='lat' dir='ltr'>Eurip.</span> <span class='ocrx_word' id='word_1_225' title='bbox 1158 1042 1267 1071; x_wconf 78' lang='lat' dir='ltr'>Hecub.</span> <span class='ocrx_word' id='word_1_226' title='bbox 1284 1045 1372 1074; x_wconf 81' lang='lat'>277.:</span> <span class='ocrx_word' id='word_1_227' title='bbox 1395 1042 1455 1072; x_wconf 80' lang='lat' dir='ltr'>Illa</span> <span class='ocrx_word' id='word_1_228' title='bbox 1479 1055 1523 1071; x_wconf 88' lang='lat' dir='ltr'>me</span> <span class='ocrx_word' id='word_1_229' title='bbox 1548 1044 1620 1071; x_wconf 85' lang='lat' dir='ltr'>Tam</span> <span class='ocrx_word' id='word_1_230' title='bbox 1641 1043 1719 1082; x_wconf 79' lang='lat' dir='ltr'>potis</span> <span class='ocrx_word' id='word_1_231' title='bbox 1739 1044 1824 1081; x_wconf 85' lang='lat' dir='ltr'><em>pacis</em></span> <span class='ocrx_word' id='word_1_232' title='bbox 1844 1044 1952 1081; x_wconf 78' lang='lat' dir='ltr'>potire,</span> <span class='ocrx_word' id='word_1_233' title='bbox 1976 1043 2034 1072; x_wconf 87' lang='lat' dir='ltr'>hoc</span> 
     </span>
     <span class='ocr_line' id='line_1_22' title="bbox 79 1082 2034 1126; baseline 0.004 -18"><span class='ocrx_word' id='word_1_234' title='bbox 79 1089 182 1110; x_wconf 83' lang='lat' dir='ltr'>sensu:</span> <span class='ocrx_word' id='word_1_235' title='bbox 209 1082 233 1110; x_wconf 86' lang='lat' dir='ltr'>si</span> <span class='ocrx_word' id='word_1_236' title='bbox 255 1087 351 1112; x_wconf 87' lang='lat' dir='ltr'>cetera</span> <span class='ocrx_word' id='word_1_237' title='bbox 374 1084 450 1112; x_wconf 87' lang='lat' dir='ltr'>mala</span> <span class='ocrx_word' id='word_1_238' title='bbox 473 1094 519 1112; x_wconf 88' lang='lat' dir='ltr'>me</span> <span class='ocrx_word' id='word_1_239' title='bbox 542 1084 695 1122; x_wconf 83' lang='lat' dir='ltr'>affligunt,</span> <span class='ocrx_word' id='word_1_240' title='bbox 719 1084 869 1123; x_wconf 76' lang='lat' dir='ltr'>Polyxena</span> <span class='ocrx_word' id='word_1_241' title='bbox 891 1089 987 1113; x_wconf 83' lang='lat' dir='ltr'>tamen</span> <span class='ocrx_word' id='word_1_242' title='bbox 1011 1085 1149 1113; x_wconf 89' lang='lat' dir='ltr'>solatium</span> <span class='ocrx_word' id='word_1_243' title='bbox 1173 1084 1246 1113; x_wconf 81' lang='lat' dir='ltr'>mihi</span> <span class='ocrx_word' id='word_1_244' title='bbox 1268 1086 1362 1116; x_wconf 80' lang='lat' dir='ltr'>affert.</span> <span class='ocrx_word' id='word_1_245' title='bbox 1407 1087 1451 1114; x_wconf 79' lang='lat' dir='ltr'>Ex</span> <span class='ocrx_word' id='word_1_246' title='bbox 1472 1086 1634 1124; x_wconf 84' lang='lat' dir='ltr'>Euripideo</span> <span class='ocrx_word' id='word_1_247' title='bbox 1658 1095 1761 1113; x_wconf 72' lang='lat' dir='ltr'>versu2</span> <span class='ocrx_word' id='word_1_248' title='bbox 1798 1083 1897 1123; x_wconf 76' lang='grc' dir='ltr'><em>Ταύτῃ</em></span> <span class='ocrx_word' id='word_1_249' title='bbox 1920 1085 2034 1126; x_wconf 78' lang='grc' dir='ltr'><em>γέγηθα</em></span> 
     </span>
     <span class='ocr_line' id='line_1_23' title="bbox 80 1120 426 1163; baseline 0.009 -11"><span class='ocrx_word' id='word_1_250' title='bbox 80 1120 293 1163; x_wconf 72' lang='grc' dir='ltr'><em>κᾶπιλήθομαι</em></span> <span class='ocrx_word' id='word_1_251' title='bbox 316 1129 426 1157; x_wconf 75' lang='grc' dir='ltr'><strong><em>κακῶν.</em></strong></span> 
     </span>
    </p>

    <p class='ocr_par' dir='ltr' id='par_1_6' title="bbox 75 1167 2034 1453">
     <span class='ocr_line' id='line_1_24' title="bbox 246 1167 2034 1208; baseline 0.002 -13"><span class='ocrx_word' id='word_1_252' title='bbox 246 1167 371 1205; x_wconf 80' lang='lat' dir='ltr'>Tame,</span> <span class='ocrx_word' id='word_1_253' title='bbox 410 1170 440 1197; x_wconf 85' lang='lat' dir='ltr'>in</span> <span class='ocrx_word' id='word_1_254' title='bbox 470 1169 599 1197; x_wconf 84' lang='lat' dir='ltr'><strong><em>carmine</em></strong></span> <span class='ocrx_word' id='word_1_255' title='bbox 625 1169 752 1207; x_wconf 73' lang='lat' dir='ltr'>positum</span> <span class='ocrx_word' id='word_1_256' title='bbox 780 1176 820 1197; x_wconf 84' lang='lat' dir='ltr'>est</span> <span class='ocrx_word' id='word_1_257' title='bbox 846 1180 901 1208; x_wconf 84' lang='lat' dir='ltr'>pro</span> <span class='ocrx_word' id='word_1_258' title='bbox 925 1177 994 1197; x_wconf 81' lang='lat' dir='ltr'>iam.</span> <span class='ocrx_word' id='word_1_259' title='bbox 1039 1169 1119 1197; x_wconf 81' lang='lat' dir='ltr'>Haec</span> <span class='ocrx_word' id='word_1_260' title='bbox 1144 1170 1220 1197; x_wconf 79' lang='lat' dir='ltr'>enini</span> <span class='ocrx_word' id='word_1_261' title='bbox 1245 1170 1340 1207; x_wconf 79' lang='lat' dir='ltr'>glossa</span> <span class='ocrx_word' id='word_1_262' title='bbox 1364 1170 1392 1198; x_wconf 88' lang='lat' dir='ltr'>in</span> <span class='ocrx_word' id='word_1_263' title='bbox 1417 1169 1604 1198; x_wconf 76' lang='lat' dir='ltr'>Editionibus</span> <span class='ocrx_word' id='word_1_264' title='bbox 1627 1170 1696 1198; x_wconf 70' lang='lat' dir='ltr'>iuxle</span> <span class='ocrx_word' id='word_1_265' title='bbox 1719 1170 1754 1197; x_wconf 92' lang='lat' dir='ltr'>ab</span> <span class='ocrx_word' id='word_1_266' title='bbox 1776 1170 1905 1199; x_wconf 82' lang='lat' dir='ltr'>Antonio</span> <span class='ocrx_word' id='word_1_267' title='bbox 1928 1169 2034 1206; x_wconf 84' lang='lat' dir='ltr'>Augu-</span> 
     </span>
     <span class='ocr_line' id='line_1_25' title="bbox 78 1207 2032 1250; baseline 0.003 -15"><span class='ocrx_word' id='word_1_268' title='bbox 78 1207 157 1236; x_wconf 85' lang='lat' dir='ltr'>stino</span> <span class='ocrx_word' id='word_1_269' title='bbox 180 1207 352 1247; x_wconf 76' lang='lat' dir='ltr'><strong>exhibetur,</strong></span> <span class='ocrx_word' id='word_1_270' title='bbox 384 1221 460 1249; x_wconf 85' lang='lat' dir='ltr'>quae</span> <span class='ocrx_word' id='word_1_271' title='bbox 482 1212 512 1240; x_wconf 90' lang='lat' dir='ltr'>in</span> <span class='ocrx_word' id='word_1_272' title='bbox 536 1211 654 1240; x_wconf 85' lang='lat' dir='ltr'>schedis</span> <span class='ocrx_word' id='word_1_273' title='bbox 679 1211 772 1247; x_wconf 70' lang='lat' dir='ltr'>Festi,</span> <span class='ocrx_word' id='word_1_274' title='bbox 799 1212 901 1250; x_wconf 86' lang='lat' dir='ltr'>quales</span> <span class='ocrx_word' id='word_1_275' title='bbox 926 1212 960 1239; x_wconf 89' lang='lat' dir='ltr'>ab</span> <span class='ocrx_word' id='word_1_276' title='bbox 987 1212 1091 1240; x_wconf 81' lang='lat' dir='ltr'>Ursino</span> <span class='ocrx_word' id='word_1_277' title='bbox 1115 1212 1211 1240; x_wconf 83' lang='lat' dir='ltr'>editae</span> <span class='ocrx_word' id='word_1_278' title='bbox 1234 1218 1318 1249; x_wconf 84' lang='lat' dir='ltr'>sunt,</span> <span class='ocrx_word' id='word_1_279' title='bbox 1349 1213 1544 1241; x_wconf 79' lang='lat' dir='ltr'>desideratur.</span> <span class='ocrx_word' id='word_1_280' title='bbox 1590 1213 1675 1241; x_wconf 84' lang='lat' dir='ltr'>Haud</span> <span class='ocrx_word' id='word_1_281' title='bbox 1701 1212 1787 1241; x_wconf 85' lang='lat' dir='ltr'>dubie</span> <span class='ocrx_word' id='word_1_282' title='bbox 1810 1214 1888 1241; x_wconf 86' lang='lat' dir='ltr'>lecta</span> <span class='ocrx_word' id='word_1_283' title='bbox 1912 1217 1955 1241; x_wconf 87' lang='lat' dir='ltr'>est</span> <span class='ocrx_word' id='word_1_284' title='bbox 1975 1212 2032 1240; x_wconf 83' lang='lat' dir='ltr'>ista</span> 
     </span>
     <span class='ocr_line' id='line_1_26' title="bbox 77 1249 2031 1293; baseline 0.003 -15"><span class='ocrx_word' id='word_1_285' title='bbox 77 1249 176 1288; x_wconf 80' lang='lat' dir='ltr'>glossa</span> <span class='ocrx_word' id='word_1_286' title='bbox 201 1257 268 1281; x_wconf 86' lang='lat' dir='ltr'>ante</span> <span class='ocrx_word' id='word_1_287' title='bbox 290 1251 438 1290; x_wconf 78' lang='lat' dir='ltr'>Tandem,</span> <span class='ocrx_word' id='word_1_288' title='bbox 461 1254 512 1282; x_wconf 94' lang='lat' dir='ltr'>ubi</span> <span class='ocrx_word' id='word_1_289' title='bbox 536 1254 632 1282; x_wconf 86' lang='lat' dir='ltr'>varias</span> <span class='ocrx_word' id='word_1_290' title='bbox 656 1264 723 1282; x_wconf 88' lang='lat' dir='ltr'>voc.</span> <span class='ocrx_word' id='word_1_291' title='bbox 743 1261 801 1282; x_wconf 78' lang='lat' dir='ltr'>iam</span> <span class='ocrx_word' id='word_1_292' title='bbox 826 1255 961 1283; x_wconf 82' lang='lat' dir='ltr'>notiones</span> <span class='ocrx_word' id='word_1_293' title='bbox 985 1255 1122 1293; x_wconf 76' lang='lat' dir='ltr'>exponit,</span> <span class='ocrx_word' id='word_1_294' title='bbox 1147 1254 1182 1282; x_wconf 91' lang='lat' dir='ltr'>ab</span> <span class='ocrx_word' id='word_1_295' title='bbox 1200 1255 1305 1283; x_wconf 69' lang='lat' dir='ltr'>Ursino</span> <span class='ocrx_word' id='word_1_296' title='bbox 1330 1260 1427 1283; x_wconf 87' lang='lat' dir='ltr'>autem</span> <span class='ocrx_word' id='word_1_297' title='bbox 1451 1255 1573 1290; x_wconf 83' lang='lat' dir='ltr'>omissa,</span> <span class='ocrx_word' id='word_1_298' title='bbox 1598 1259 1648 1283; x_wconf 88' lang='lat' dir='ltr'>aut</span> <span class='ocrx_word' id='word_1_299' title='bbox 1671 1266 1730 1283; x_wconf 88' lang='lat' dir='ltr'>non</span> <span class='ocrx_word' id='word_1_300' title='bbox 1754 1255 1880 1293; x_wconf 81' lang='lat' dir='ltr'>amplius</span> <span class='ocrx_word' id='word_1_301' title='bbox 1902 1255 2031 1290; x_wconf 87' lang='lat' dir='ltr'>inventa,</span> 
     </span>
     <span class='ocr_line' id='line_1_27' title="bbox 76 1292 2031 1336; baseline 0.002 -16"><span class='ocrx_word' id='word_1_302' title='bbox 76 1292 130 1321; x_wconf 81' lang='lat' dir='ltr'>sed</span> <span class='ocrx_word' id='word_1_303' title='bbox 152 1293 268 1323; x_wconf 84' lang='lat' dir='ltr'>detrita.</span> <span class='ocrx_word' id='word_1_304' title='bbox 314 1296 445 1334; x_wconf 77' lang='lat' dir='ltr'>Scaliger</span> <span class='ocrx_word' id='word_1_305' title='bbox 466 1301 494 1325; x_wconf 88' lang='lat' dir='ltr'>et</span> <span class='ocrx_word' id='word_1_306' title='bbox 519 1297 659 1324; x_wconf 83' lang='lat' dir='ltr'>Dacerius</span> <span class='ocrx_word' id='word_1_307' title='bbox 682 1295 754 1323; x_wconf 81' lang='lat' dir='ltr'>haec</span> <span class='ocrx_word' id='word_1_308' title='bbox 777 1301 973 1331; x_wconf 85' lang='lat' dir='ltr'>notaverunt,</span> <span class='ocrx_word' id='word_1_309' title='bbox 1007 1307 1082 1334; x_wconf 78' lang='lat' dir='ltr'>quae</span> <span class='ocrx_word' id='word_1_310' title='bbox 1106 1298 1304 1336; x_wconf 78' lang='lat' dir='ltr'>apposuimus.</span> <span class='ocrx_word' id='word_1_311' title='bbox 1328 1296 1366 1326; x_wconf 87' lang='lat' dir='ltr'>L.</span> <span class='ocrx_word' id='word_1_312' title='bbox 1410 1299 1529 1336; x_wconf 79' lang='lat' dir='ltr'>Repone</span> <span class='ocrx_word' id='word_1_313' title='bbox 1552 1299 1582 1326; x_wconf 80' lang='lat' dir='ltr'>in</span> <span class='ocrx_word' id='word_1_314' title='bbox 1606 1298 1734 1326; x_wconf 80' lang='lat' dir='ltr'>carmine</span> <span class='ocrx_word' id='word_1_315' title='bbox 1757 1296 1885 1332; x_wconf 83' lang='lat' dir='ltr'>Saliari,</span> <span class='ocrx_word' id='word_1_316' title='bbox 1918 1297 1948 1325; x_wconf 88' lang='lat' dir='ltr'>in</span> <span class='ocrx_word' id='word_1_317' title='bbox 1972 1308 2031 1335; x_wconf 85' lang='lat' dir='ltr'>quo</span> 
     </span>
     <span class='ocr_line' id='line_1_28' title="bbox 77 1335 2031 1378; baseline 0.003 -15"><span class='ocrx_word' id='word_1_318' title='bbox 77 1335 112 1363; x_wconf 82' lang='lat' dir='ltr'>ad</span> <span class='ocrx_word' id='word_1_319' title='bbox 137 1335 168 1364; x_wconf 89' lang='lat' dir='ltr'>id</span> <span class='ocrx_word' id='word_1_320' title='bbox 192 1338 360 1375; x_wconf 83' lang='lat' dir='ltr'>exemplum</span> <span class='ocrx_word' id='word_1_321' title='bbox 386 1349 467 1367; x_wconf 85' lang='lat' dir='ltr'>cume</span> <span class='ocrx_word' id='word_1_322' title='bbox 488 1349 543 1377; x_wconf 86' lang='lat' dir='ltr'>pro</span> <span class='ocrx_word' id='word_1_323' title='bbox 567 1349 630 1367; x_wconf 87' lang='lat' dir='ltr'>cum</span> <span class='ocrx_word' id='word_1_324' title='bbox 656 1338 825 1375; x_wconf 81' lang='lat' dir='ltr'>legebatur,</span> <span class='ocrx_word' id='word_1_325' title='bbox 856 1344 888 1367; x_wconf 91' lang='lat' dir='ltr'>ut</span> <span class='ocrx_word' id='word_1_326' title='bbox 911 1339 951 1367; x_wconf 86' lang='lat' dir='ltr'>ait</span> <span class='ocrx_word' id='word_1_327' title='bbox 975 1340 1000 1374; x_wconf 83' lang='lat' dir='ltr'>Q</span> <span class='ocrx_word' id='word_1_328' title='bbox 1032 1341 1186 1368; x_wconf 86' lang='lat' dir='ltr'>Terentius</span> <span class='ocrx_word' id='word_1_329' title='bbox 1209 1341 1355 1375; x_wconf 83' lang='lat' dir='ltr'>Scaurus,</span> <span class='ocrx_word' id='word_1_330' title='bbox 1393 1345 1478 1369; x_wconf 84' lang='lat' dir='ltr'>vetus</span> <span class='ocrx_word' id='word_1_331' title='bbox 1504 1341 1739 1376; x_wconf 79' lang='lat' dir='ltr'>Grammaticus,</span> <span class='ocrx_word' id='word_1_332' title='bbox 1771 1340 1822 1378; x_wconf 89' lang='lat' dir='ltr'>qui</span> <span class='ocrx_word' id='word_1_333' title='bbox 1846 1340 1933 1368; x_wconf 86' lang='lat' dir='ltr'>etiam</span> <span class='ocrx_word' id='word_1_334' title='bbox 1956 1349 2031 1378; x_wconf 84' lang='lat' dir='ltr'>pro-</span> 
     </span>
     <span class='ocr_line' id='line_1_29' title="bbox 77 1378 2031 1422; baseline 0.002 -15"><span class='ocrx_word' id='word_1_335' title='bbox 77 1378 161 1407; x_wconf 91' lang='lat' dir='ltr'>ducit</span> <span class='ocrx_word' id='word_1_336' title='bbox 183 1390 303 1408; x_wconf 83' lang='lat' dir='ltr'>carmen</span> <span class='ocrx_word' id='word_1_337' title='bbox 325 1381 452 1417; x_wconf 83' lang='lat' dir='ltr'>Saliare,</span> <span class='ocrx_word' id='word_1_338' title='bbox 483 1380 535 1409; x_wconf 83' lang='lat' dir='ltr'>sed</span> <span class='ocrx_word' id='word_1_339' title='bbox 557 1381 824 1420; x_wconf 85' lang='lat' dir='ltr'>corruptissimum.</span> <span class='ocrx_word' id='word_1_340' title='bbox 855 1380 955 1411; x_wconf 82' lang='lat' dir='ltr'>Scal.</span> <span class='ocrx_word' id='word_1_341' title='bbox 998 1382 1116 1420; x_wconf 82' lang='lat' dir='ltr'>Lipsius</span> <span class='ocrx_word' id='word_1_342' title='bbox 1145 1381 1268 1418; x_wconf 83' lang='lat' dir='ltr'>Tamde‚</span> <span class='ocrx_word' id='word_1_343' title='bbox 1299 1387 1332 1410; x_wconf 81' lang='lat' dir='ltr'>ut</span> <span class='ocrx_word' id='word_1_344' title='bbox 1355 1381 1480 1422; x_wconf 77' lang='lat' dir='ltr'>quamde</span> <span class='ocrx_word' id='word_1_345' title='bbox 1502 1393 1558 1422; x_wconf 88' lang='lat' dir='ltr'>pro</span> <span class='ocrx_word' id='word_1_346' title='bbox 1582 1394 1678 1422; x_wconf 84' lang='lat' dir='ltr'>quam.</span> <span class='ocrx_word' id='word_1_347' title='bbox 1715 1382 1772 1411; x_wconf 80' lang='lat' dir='ltr'>Sed</span> <span class='ocrx_word' id='word_1_348' title='bbox 1796 1390 1871 1410; x_wconf 77' lang='lat' dir='ltr'>tame</span> <span class='ocrx_word' id='word_1_349' title='bbox 1894 1392 1963 1411; x_wconf 86' lang='lat' dir='ltr'>vera</span> <span class='ocrx_word' id='word_1_350' title='bbox 1986 1382 2031 1410; x_wconf 82' lang='lat' dir='ltr'>le-</span> 
     </span>
     <span class='ocr_line' id='line_1_30' title="bbox 75 1421 277 1453; baseline 0.015 -4"><span class='ocrx_word' id='word_1_351' title='bbox 75 1421 145 1450; x_wconf 88' lang='lat' dir='ltr'>ctio.</span> <span class='ocrx_word' id='word_1_352' title='bbox 189 1422 277 1453; x_wconf 78' lang='lat' dir='ltr'>Dae.</span> 
     </span>
    </p>

    <p class='ocr_par' dir='ltr' id='par_1_7' title="bbox 73 1463 2031 1631">
     <span class='ocr_line' id='line_1_31' title="bbox 244 1463 2031 1506; baseline 0.001 -13"><span class='ocrx_word' id='word_1_353' title='bbox 244 1463 419 1495; x_wconf 75' lang='lat' dir='ltr'>Tandem.</span> <span class='ocrx_word' id='word_1_354' title='bbox 466 1465 570 1494; x_wconf 82' lang='lat' dir='ltr'>Cicero</span> <span class='ocrx_word' id='word_1_355' title='bbox 601 1466 688 1495; x_wconf 83' lang='lat' dir='ltr'>initio</span> <span class='ocrx_word' id='word_1_356' title='bbox 719 1466 843 1496; x_wconf 53' lang='lat' dir='ltr'>umuli.</span> <span class='ocrx_word' id='word_1_357' title='bbox 868 1466 898 1494; x_wconf 90' lang='lat' dir='ltr'>in</span> <span class='ocrx_word' id='word_1_358' title='bbox 922 1467 1021 1495; x_wconf 85' lang='lat' dir='ltr'>Catil.:</span> <span class='ocrx_word' id='word_1_359' title='bbox 1065 1466 1200 1497; x_wconf 81' lang='lat' dir='ltr'>Tandem</span> <span class='ocrx_word' id='word_1_360' title='bbox 1230 1465 1410 1506; x_wconf 79' lang='lat' dir='ltr'>aliquando,</span> <span class='ocrx_word' id='word_1_361' title='bbox 1450 1466 1577 1505; x_wconf 79' lang='lat' dir='ltr'>Quirites</span> <span class='ocrx_word' id='word_1_362' title='bbox 1599 1473 1654 1497; x_wconf 82' lang='lat' dir='ltr'>etc.</span> <span class='ocrx_word' id='word_1_363' title='bbox 1685 1467 1774 1495; x_wconf 81' lang='lat' dir='ltr'>Ant.</span> <span class='ocrx_word' id='word_1_364' title='bbox 1798 1467 1890 1505; x_wconf 75' lang='lat' dir='ltr'>Aug.</span> <span class='ocrx_word' id='word_1_365' title='bbox 1935 1467 2031 1494; x_wconf 82' lang='lat' dir='ltr'>Locus</span> 
     </span>
     <span class='ocr_line' id='line_1_32' title="bbox 75 1505 2029 1549; baseline 0.002 -16"><span class='ocrx_word' id='word_1_366' title='bbox 75 1505 202 1535; x_wconf 76' lang='lat' dir='ltr'>Terentii</span> <span class='ocrx_word' id='word_1_367' title='bbox 225 1512 269 1536; x_wconf 87' lang='lat' dir='ltr'>est</span> <span class='ocrx_word' id='word_1_368' title='bbox 292 1518 327 1536; x_wconf 86' lang='lat' dir='ltr'>ex</span> <span class='ocrx_word' id='word_1_369' title='bbox 352 1508 416 1537; x_wconf 83' lang='lat' dir='ltr'>Act.</span> <span class='ocrx_word' id='word_1_370' title='bbox 433 1508 467 1538; x_wconf 75' lang='lat' dir='ltr'>ll.</span> <span class='ocrx_word' id='word_1_371' title='bbox 486 1512 570 1539; x_wconf 75' lang='lat' dir='ltr'>sc.1.</span> <span class='ocrx_word' id='word_1_372' title='bbox 596 1509 643 1545; x_wconf 83' lang='grc'>(4,</span> <span class='ocrx_word' id='word_1_373' title='bbox 666 1510 730 1545; x_wconf 90' lang='grc'>66.)</span> <span class='ocrx_word' id='word_1_374' title='bbox 756 1508 805 1536; x_wconf 89' lang='lat' dir='ltr'>ubi</span> <span class='ocrx_word' id='word_1_375' title='bbox 831 1509 952 1537; x_wconf 82' lang='lat' dir='ltr'>l)onat.:</span> <span class='ocrx_word' id='word_1_376' title='bbox 985 1508 1114 1538; x_wconf 75' lang='lat' dir='ltr'>Tandem</span> <span class='ocrx_word' id='word_1_377' title='bbox 1137 1509 1186 1538; x_wconf 83' lang='grc' dir='ltr'>Ιιίο</span> <span class='ocrx_word' id='word_1_378' title='bbox 1208 1509 1357 1548; x_wconf 81' lang='lat' dir='ltr'>impletiva</span> <span class='ocrx_word' id='word_1_379' title='bbox 1381 1510 1564 1545; x_wconf 78' lang='lat' dir='ltr'>coniunctio,</span> <span class='ocrx_word' id='word_1_380' title='bbox 1589 1517 1619 1537; x_wconf 79' lang='lat' dir='ltr'>ut</span> <span class='ocrx_word' id='word_1_381' title='bbox 1641 1508 1758 1538; x_wconf 84' lang='lat' dir='ltr'>Cicero:</span> <span class='ocrx_word' id='word_1_382' title='bbox 1785 1507 1940 1549; x_wconf 79' lang='lat' dir='ltr'>Quousque</span> <span class='ocrx_word' id='word_1_383' title='bbox 1962 1516 2029 1537; x_wconf 79' lang='lat' dir='ltr'>ian-</span> 
     </span>
     <span class='ocr_line' id='line_1_33' title="bbox 75 1546 2028 1590; baseline 0.002 -13"><span class='ocrx_word' id='word_1_384' title='bbox 75 1546 139 1576; x_wconf 73' lang='lat' dir='ltr'>dtm</span> <span class='ocrx_word' id='word_1_385' title='bbox 163 1548 294 1584; x_wconf 79' lang='lat' dir='ltr'>abutere,</span> <span class='ocrx_word' id='word_1_386' title='bbox 329 1549 473 1587; x_wconf 76' lang='lat' dir='ltr'>Catilina,</span> <span class='ocrx_word' id='word_1_387' title='bbox 500 1551 644 1590; x_wconf 76' lang='lat' dir='ltr'>patientia</span> <span class='ocrx_word' id='word_1_388' title='bbox 667 1549 793 1579; x_wconf 79' lang='lat' dir='ltr'>nostra?</span> <span class='ocrx_word' id='word_1_389' title='bbox 819 1551 871 1579; x_wconf 92' lang='lat' dir='ltr'>Da</span> <span class='ocrx_word' id='word_1_390' title='bbox 881 1562 904 1581; x_wconf 89' lang='lat' dir='ltr'>c.</span> <span class='ocrx_word' id='word_1_391' title='bbox 943 1551 987 1579; x_wconf 77' lang='lat' dir='ltr'>At</span> <span class='ocrx_word' id='word_1_392' title='bbox 1014 1550 1122 1580; x_wconf 84' lang='lat' dir='ltr'>Cicero.</span> <span class='ocrx_word' id='word_1_393' title='bbox 1162 1551 1274 1580; x_wconf 69' lang='lat' dir='ltr'>Nonius</span> <span class='ocrx_word' id='word_1_394' title='bbox 1297 1551 1378 1590; x_wconf 80' lang='lat' dir='ltr'>(pag.</span> <span class='ocrx_word' id='word_1_395' title='bbox 1391 1551 1463 1582; x_wconf 80' lang='lat'>405.</span> <span class='ocrx_word' id='word_1_396' title='bbox 1489 1552 1593 1589; x_wconf 71' lang='lat' dir='ltr'>Mese.)</span> <span class='ocrx_word' id='word_1_397' title='bbox 1617 1552 1657 1580; x_wconf 87' lang='lat' dir='ltr'>ait</span> <span class='ocrx_word' id='word_1_398' title='bbox 1680 1551 1728 1579; x_wconf 83' lang='lat' dir='ltr'>hic</span> <span class='ocrx_word' id='word_1_399' title='bbox 1752 1549 1867 1579; x_wconf 77' lang='lat' dir='ltr'>tandem</span> <span class='ocrx_word' id='word_1_400' title='bbox 1891 1561 1951 1580; x_wconf 83' lang='lat' dir='ltr'>esse</span> <span class='ocrx_word' id='word_1_401' title='bbox 1974 1561 2028 1589; x_wconf 72' lang='lat' dir='ltr'>pro</span> 
     </span>
     <span class='ocr_line' id='line_1_34' title="bbox 73 1591 892 1631; baseline 0.002 -12"><span class='ocrx_word' id='word_1_402' title='bbox 73 1592 145 1628; x_wconf 72' lang='lat' dir='ltr'>vix,</span> <span class='ocrx_word' id='word_1_403' title='bbox 169 1592 220 1621; x_wconf 83' lang='lat' dir='ltr'>sed</span> <span class='ocrx_word' id='word_1_404' title='bbox 243 1592 316 1620; x_wconf 82' lang='lat' dir='ltr'>mihi</span> <span class='ocrx_word' id='word_1_405' title='bbox 339 1592 416 1620; x_wconf 84' lang='lat' dir='ltr'>Festi</span> <span class='ocrx_word' id='word_1_406' title='bbox 441 1593 603 1621; x_wconf 71' lang='lat' dir='ltr'>auctoritas</span> <span class='ocrx_word' id='word_1_407' title='bbox 627 1593 736 1631; x_wconf 86' lang='lat' dir='ltr'>potior.</span> <span class='ocrx_word' id='word_1_408' title='bbox 781 1591 892 1622; x_wconf 80' lang='lat' dir='ltr'>Idem.</span> 
     </span>
    </p>

    <p class='ocr_par' dir='ltr' id='par_1_8' title="bbox 73 1634 2030 1927">
     <span class='ocr_line' id='line_1_35' title="bbox 244 1634 2029 1675; baseline 0.001 -13"><span class='ocrx_word' id='word_1_409' title='bbox 244 1634 366 1662; x_wconf 85' lang='lat' dir='ltr'>Tauri</span> <span class='ocrx_word' id='word_1_410' title='bbox 388 1634 645 1675; x_wconf 82' lang='lat' dir='ltr'>verbenaeque.</span> <span class='ocrx_word' id='word_1_411' title='bbox 670 1635 728 1673; x_wconf 75' lang='lat' dir='ltr'>(Ad</span> <span class='ocrx_word' id='word_1_412' title='bbox 756 1645 784 1673; x_wconf 87' lang='lat' dir='ltr'>p.</span> <span class='ocrx_word' id='word_1_413' title='bbox 796 1635 883 1672; x_wconf 78' lang='grc'>274.)</span> <span class='ocrx_word' id='word_1_414' title='bbox 909 1635 978 1663; x_wconf 78' lang='lat' dir='ltr'>liba</span> <span class='ocrx_word' id='word_1_415' title='bbox 1003 1635 1148 1664; x_wconf 78' lang='lat' dir='ltr'>farinacea</span> <span class='ocrx_word' id='word_1_416' title='bbox 1171 1636 1201 1663; x_wconf 86' lang='lat' dir='ltr'>in</span> <span class='ocrx_word' id='word_1_417' title='bbox 1227 1636 1440 1664; x_wconf 75' lang='lat' dir='ltr'>commentario</span> <span class='ocrx_word' id='word_1_418' title='bbox 1463 1646 1634 1673; x_wconf 87' lang='lat' dir='ltr'>sacrorum,</span> <span class='ocrx_word' id='word_1_419' title='bbox 1665 1637 1764 1665; x_wconf 80' lang='lat' dir='ltr'>forsan</span> <span class='ocrx_word' id='word_1_420' title='bbox 1788 1635 1824 1664; x_wconf 89' lang='lat' dir='ltr'>ob</span> <span class='ocrx_word' id='word_1_421' title='bbox 1848 1635 2029 1673; x_wconf 79' lang='lat' dir='ltr'>magnitudi-</span> 
     </span>
     <span class='ocr_line' id='line_1_36' title="bbox 75 1676 2029 1716; baseline 0.001 -12"><span class='ocrx_word' id='word_1_422' title='bbox 75 1686 141 1705; x_wconf 75' lang='lat' dir='ltr'>nem</span> <span class='ocrx_word' id='word_1_423' title='bbox 165 1676 208 1704; x_wconf 88' lang='lat' dir='ltr'>sic</span> <span class='ocrx_word' id='word_1_424' title='bbox 231 1676 312 1705; x_wconf 89' lang='lat' dir='ltr'>dicta</span> <span class='ocrx_word' id='word_1_425' title='bbox 336 1682 363 1705; x_wconf 88' lang='lat' dir='ltr'>et</span> <span class='ocrx_word' id='word_1_426' title='bbox 392 1677 472 1716; x_wconf 86' lang='lat' dir='ltr'>quod</span> <span class='ocrx_word' id='word_1_427' title='bbox 501 1677 638 1706; x_wconf 81' lang='lat' dir='ltr'>verbenis</span> <span class='ocrx_word' id='word_1_428' title='bbox 668 1682 818 1707; x_wconf 70' lang='lat' dir='ltr'>coronata.</span> <span class='ocrx_word' id='word_1_429' title='bbox 864 1680 939 1706; x_wconf 85' lang='lat' dir='ltr'>Sane</span> <span class='ocrx_word' id='word_1_430' title='bbox 970 1683 1082 1706; x_wconf 84' lang='lat' dir='ltr'>veteres</span> <span class='ocrx_word' id='word_1_431' title='bbox 1111 1678 1210 1706; x_wconf 83' lang='lat' dir='ltr'>onmia</span> <span class='ocrx_word' id='word_1_432' title='bbox 1240 1678 1434 1716; x_wconf 84' lang='lat' dir='ltr'>praegrandia</span> <span class='ocrx_word' id='word_1_433' title='bbox 1458 1679 1571 1707; x_wconf 86' lang='lat' dir='ltr'>Tauros</span> <span class='ocrx_word' id='word_1_434' title='bbox 1602 1679 1758 1707; x_wconf 85' lang='lat' dir='ltr'>vocabant.</span> <span class='ocrx_word' id='word_1_435' title='bbox 1803 1677 1970 1716; x_wconf 73' lang='lat' dir='ltr'>Stephanus</span> <span class='ocrx_word' id='word_1_436' title='bbox 1998 1678 2029 1705; x_wconf 92' lang='lat' dir='ltr'>in</span> 
     </span>
     <span class='ocr_line' id='line_1_37' title="bbox 73 1717 2030 1760; baseline -0.001 -11"><span class='ocrx_word' id='word_1_437' title='bbox 73 1721 194 1759; x_wconf 82' lang='grc' dir='ltr'><em>ταῦρος.</em></span> <span class='ocrx_word' id='word_1_438' title='bbox 247 1717 387 1758; x_wconf 65' lang='grc' dir='ltr'><em>Ταῖρους</em></span> <span class='ocrx_word' id='word_1_439' title='bbox 411 1720 442 1750; x_wconf 81' lang='grc' dir='ltr'>οἲ</span> <span class='ocrx_word' id='word_1_440' title='bbox 463 1720 583 1750; x_wconf 69' lang='grc' dir='ltr'><em>παλαιοὶ</em></span> <span class='ocrx_word' id='word_1_441' title='bbox 608 1717 706 1750; x_wconf 65' lang='grc' dir='ltr'><em>πάντα</em></span> <span class='ocrx_word' id='word_1_442' title='bbox 730 1717 784 1750; x_wconf 69' lang='grc' dir='ltr'>ὅσα</span> <span class='ocrx_word' id='word_1_443' title='bbox 809 1720 919 1759; x_wconf 65' lang='grc' dir='ltr'>με’)ναλα</span> <span class='ocrx_word' id='word_1_444' title='bbox 941 1721 988 1751; x_wconf 71' lang='lat' dir='ltr'>nal</span> <span class='ocrx_word' id='word_1_445' title='bbox 1011 1722 1094 1760; x_wconf 80' lang='grc' dir='ltr'>βίαια</span> <span class='ocrx_word' id='word_1_446' title='bbox 1117 1719 1322 1760; x_wconf 69' lang='grc' dir='ltr'>ἑπωνόμιιζον.</span> <span class='ocrx_word' id='word_1_447' title='bbox 1368 1721 1429 1748; x_wconf 80' lang='lat' dir='ltr'>[nio</span> <span class='ocrx_word' id='word_1_448' title='bbox 1460 1721 1561 1759; x_wconf 87' lang='lat' dir='ltr'>potius</span> <span class='ocrx_word' id='word_1_449' title='bbox 1591 1726 1664 1760; x_wconf 89' lang='lat' dir='ltr'>puto</span> <span class='ocrx_word' id='word_1_450' title='bbox 1688 1721 1806 1750; x_wconf 76' lang='lat' dir='ltr'>Festum</span> <span class='ocrx_word' id='word_1_451' title='bbox 1835 1720 1934 1749; x_wconf 82' lang='lat' dir='ltr'>dicere</span> <span class='ocrx_word' id='word_1_452' title='bbox 1965 1725 2030 1749; x_wconf 83' lang='lat' dir='ltr'>tau-</span> 
     </span>
     <span class='ocr_line' id='line_1_38' title="bbox 73 1761 2028 1801; baseline 0.001 -12"><span class='ocrx_word' id='word_1_453' title='bbox 73 1772 124 1790; x_wconf 87' lang='lat' dir='ltr'>ros</span> <span class='ocrx_word' id='word_1_454' title='bbox 147 1761 347 1801; x_wconf 70' lang='lat' dir='ltr'>verbenasque</span> <span class='ocrx_word' id='word_1_455' title='bbox 369 1763 400 1790; x_wconf 86' lang='lat' dir='ltr'>in</span> <span class='ocrx_word' id='word_1_456' title='bbox 425 1763 638 1792; x_wconf 86' lang='lat' dir='ltr'>commentario</span> <span class='ocrx_word' id='word_1_457' title='bbox 661 1773 815 1791; x_wconf 85' lang='lat' dir='ltr'>sacrorum</span> <span class='ocrx_word' id='word_1_458' title='bbox 838 1762 1017 1801; x_wconf 78' lang='lat' dir='ltr'>significasse</span> <span class='ocrx_word' id='word_1_459' title='bbox 1041 1763 1107 1792; x_wconf 85' lang='lat' dir='ltr'>ficta</span> <span class='ocrx_word' id='word_1_460' title='bbox 1130 1763 1294 1799; x_wconf 81' lang='lat' dir='ltr'>farinacea,</span> <span class='ocrx_word' id='word_1_461' title='bbox 1334 1774 1370 1791; x_wconf 83' lang='lat' dir='ltr'>ex</span> <span class='ocrx_word' id='word_1_462' title='bbox 1394 1773 1428 1791; x_wconf 85' lang='lat' dir='ltr'>eo</span> <span class='ocrx_word' id='word_1_463' title='bbox 1452 1774 1534 1792; x_wconf 87' lang='lat' dir='ltr'>more</span> <span class='ocrx_word' id='word_1_464' title='bbox 1558 1764 1686 1799; x_wconf 86' lang='lat' dir='ltr'>scilicet,</span> <span class='ocrx_word' id='word_1_465' title='bbox 1727 1773 1786 1801; x_wconf 90' lang='lat' dir='ltr'>quo</span> <span class='ocrx_word' id='word_1_466' title='bbox 1814 1763 1948 1791; x_wconf 82' lang='lat' dir='ltr'>simulata</span> <span class='ocrx_word' id='word_1_467' title='bbox 1973 1773 2028 1801; x_wconf 84' lang='lat' dir='ltr'>pro</span> 
     </span>
     <span class='ocr_line' id='line_1_39' title="bbox 73 1804 2028 1846; baseline -0.001 -13"><span class='ocrx_word' id='word_1_468' title='bbox 73 1804 152 1833; x_wconf 68' lang='lat' dir='ltr'>veris</span> <span class='ocrx_word' id='word_1_469' title='bbox 183 1805 375 1844; x_wconf 79' lang='lat' dir='ltr'>accipiebant.</span> <span class='ocrx_word' id='word_1_470' title='bbox 421 1805 514 1842; x_wconf 72' lang='lat' dir='ltr'>[gitur</span> <span class='ocrx_word' id='word_1_471' title='bbox 541 1805 610 1834; x_wconf 81' lang='lat' dir='ltr'>ficta</span> <span class='ocrx_word' id='word_1_472' title='bbox 640 1807 786 1834; x_wconf 79' lang='lat' dir='ltr'>farinacea</span> <span class='ocrx_word' id='word_1_473' title='bbox 814 1806 892 1834; x_wconf 75' lang='lat' dir='ltr'>tauri</span> <span class='ocrx_word' id='word_1_474' title='bbox 920 1805 1112 1846; x_wconf 79' lang='lat' dir='ltr'>verbenaeque</span> <span class='ocrx_word' id='word_1_475' title='bbox 1140 1806 1237 1842; x_wconf 85' lang='lat' dir='ltr'>dicta,</span> <span class='ocrx_word' id='word_1_476' title='bbox 1276 1806 1357 1844; x_wconf 85' lang='lat' dir='ltr'>quod</span> <span class='ocrx_word' id='word_1_477' title='bbox 1388 1816 1443 1844; x_wconf 84' lang='lat' dir='ltr'>pro</span> <span class='ocrx_word' id='word_1_478' title='bbox 1474 1806 1566 1834; x_wconf 82' lang='lat' dir='ltr'>tauris</span> <span class='ocrx_word' id='word_1_479' title='bbox 1596 1811 1625 1835; x_wconf 84' lang='lat' dir='ltr'>et</span> <span class='ocrx_word' id='word_1_480' title='bbox 1648 1805 1785 1834; x_wconf 79' lang='lat' dir='ltr'>verbenis</span> <span class='ocrx_word' id='word_1_481' title='bbox 1808 1804 2028 1841; x_wconf 82' lang='lat' dir='ltr'>adhiberentur,</span> 
     </span>
     <span class='ocr_line' id='line_1_40' title="bbox 74 1848 2027 1887; baseline 0 -12"><span class='ocrx_word' id='word_1_482' title='bbox 74 1848 224 1886; x_wconf 83' lang='lat' dir='ltr'>quomodo</span> <span class='ocrx_word' id='word_1_483' title='bbox 251 1848 376 1884; x_wconf 79' lang='lat' dir='ltr'>legimus</span> <span class='ocrx_word' id='word_1_484' title='bbox 400 1848 563 1887; x_wconf 63' lang='lat' dir='ltr'>Cjzicenos</span> <span class='ocrx_word' id='word_1_485' title='bbox 592 1849 783 1887; x_wconf 59' lang='lat' dir='ltr'>Proserpinae</span> <span class='ocrx_word' id='word_1_486' title='bbox 813 1849 971 1886; x_wconf 82' lang='lat' dir='ltr'>quotannis</span> <span class='ocrx_word' id='word_1_487' title='bbox 1000 1849 1104 1876; x_wconf 68' lang='lat' dir='ltr'>boxem</span> <span class='ocrx_word' id='word_1_488' title='bbox 1135 1849 1248 1887; x_wconf 71' lang='lat' dir='ltr'>nigram</span> <span class='ocrx_word' id='word_1_489' title='bbox 1281 1848 1483 1884; x_wconf 82' lang='lat' dir='ltr'>immolantes,</span> <span class='ocrx_word' id='word_1_490' title='bbox 1525 1859 1592 1877; x_wconf 85' lang='lat' dir='ltr'>cum</span> <span class='ocrx_word' id='word_1_491' title='bbox 1627 1849 1782 1877; x_wconf 86' lang='lat' dir='ltr'>obsidione</span> <span class='ocrx_word' id='word_1_492' title='bbox 1813 1851 2027 1887; x_wconf 80' lang='lat' dir='ltr'>premerentur,</span> 
     </span>
     <span class='ocr_line' id='line_1_41' title="bbox 73 1889 1406 1927; baseline 0.001 -9"><span class='ocrx_word' id='word_1_493' title='bbox 73 1900 127 1919; x_wconf 87' lang='lat' dir='ltr'>nec</span> <span class='ocrx_word' id='word_1_494' title='bbox 150 1891 254 1919; x_wconf 76' lang='lat' dir='ltr'>bovem</span> <span class='ocrx_word' id='word_1_495' title='bbox 279 1890 438 1927; x_wconf 78' lang='lat' dir='ltr'>haberent,</span> <span class='ocrx_word' id='word_1_496' title='bbox 472 1901 507 1919; x_wconf 82' lang='lat' dir='ltr'>ex</span> <span class='ocrx_word' id='word_1_497' title='bbox 532 1891 680 1920; x_wconf 84' lang='lat' dir='ltr'>frumento</span> <span class='ocrx_word' id='word_1_498' title='bbox 704 1890 830 1919; x_wconf 79' lang='lat' dir='ltr'>hostiam</span> <span class='ocrx_word' id='word_1_499' title='bbox 856 1890 982 1919; x_wconf 67' lang='lat' dir='ltr'>finxisse.</span> <span class='ocrx_word' id='word_1_500' title='bbox 1029 1891 1101 1919; x_wconf 87' lang='lat' dir='ltr'>Vide</span> <span class='ocrx_word' id='word_1_501' title='bbox 1127 1889 1273 1920; x_wconf 81' lang='lat' dir='ltr'>Cervaria.</span> <span class='ocrx_word' id='word_1_502' title='bbox 1321 1890 1406 1919; x_wconf 55' lang='lat' dir='ltr'>Dae.</span> 
     </span>
    </p>

    <p class='ocr_par' dir='ltr' id='par_1_9' title="bbox 239 1930 1888 1972">
     <span class='ocr_line' id='line_1_42' title="bbox 239 1930 1888 1972; baseline -0.001 -11"><span class='ocrx_word' id='word_1_503' title='bbox 239 1933 363 1961; x_wconf 87' lang='lat' dir='ltr'>Tama.</span> <span class='ocrx_word' id='word_1_504' title='bbox 410 1934 501 1969; x_wconf 72' lang='lat' dir='ltr'>Quasi</span> <span class='ocrx_word' id='word_1_505' title='bbox 525 1941 628 1962; x_wconf 71' lang='lat' dir='ltr'>tamea.</span> <span class='ocrx_word' id='word_1_506' title='bbox 656 1934 735 1962; x_wconf 80' lang='lat' dir='ltr'>Voss.</span> <span class='ocrx_word' id='word_1_507' title='bbox 770 1933 843 1961; x_wconf 87' lang='lat' dir='ltr'>Vide</span> <span class='ocrx_word' id='word_1_508' title='bbox 867 1932 939 1962; x_wconf 76' lang='lat' dir='ltr'>Boo.</span> <span class='ocrx_word' id='word_1_509' title='bbox 965 1933 1053 1964; x_wconf 84' lang='lat' dir='ltr'>Dac.</span> <span class='ocrx_word' id='word_1_510' title='bbox 1095 1932 1165 1961; x_wconf 86' lang='lat' dir='ltr'>Cum</span> <span class='ocrx_word' id='word_1_511' title='bbox 1189 1932 1296 1963; x_wconf 75' lang='lat' dir='ltr'>labore.</span> <span class='ocrx_word' id='word_1_512' title='bbox 1332 1933 1405 1961; x_wconf 80' lang='lat' dir='ltr'>Vide</span> <span class='ocrx_word' id='word_1_513' title='bbox 1428 1943 1518 1972; x_wconf 76' lang='lat' dir='ltr'>supra</span> <span class='ocrx_word' id='word_1_514' title='bbox 1543 1934 1570 1961; x_wconf 85' lang='lat' dir='ltr'>in</span> <span class='ocrx_word' id='word_1_515' title='bbox 1595 1932 1737 1962; x_wconf 81' lang='lat' dir='ltr'>Flemina.</span> <span class='ocrx_word' id='word_1_516' title='bbox 1785 1930 1888 1960; x_wconf 76' lang='lat' dir='ltr'>Goth.</span> 
     </span>
    </p>

    <p class='ocr_par' dir='ltr' id='par_1_10' title="bbox 65 1975 2026 2441">
     <span class='ocr_line' id='line_1_43' title="bbox 241 1975 2026 2015; baseline -0.001 -11"><span class='ocrx_word' id='word_1_517' title='bbox 241 1975 412 2005; x_wconf 76' lang='lat' dir='ltr'>Taenias.</span> <span class='ocrx_word' id='word_1_518' title='bbox 444 1977 502 2015; x_wconf 80' lang='lat' dir='ltr'>(Ad</span> <span class='ocrx_word' id='word_1_519' title='bbox 525 1987 553 2014; x_wconf 91' lang='lat' dir='ltr'>p.</span> <span class='ocrx_word' id='word_1_520' title='bbox 567 1977 652 2013; x_wconf 73' lang='lat'>274.)</span> <span class='ocrx_word' id='word_1_521' title='bbox 682 1977 813 2004; x_wconf 81' lang='lat' dir='ltr'>Coronae</span> <span class='ocrx_word' id='word_1_522' title='bbox 837 1976 1016 2013; x_wconf 79' lang='lat' dir='ltr'>sepulcrales</span> <span class='ocrx_word' id='word_1_523' title='bbox 1041 1975 1088 2004; x_wconf 92' lang='lat' dir='ltr'>hic</span> <span class='ocrx_word' id='word_1_524' title='bbox 1113 1976 1319 2013; x_wconf 73' lang='lat' dir='ltr'>intelliguntur</span> <span class='ocrx_word' id='word_1_525' title='bbox 1341 1976 1371 2004; x_wconf 89' lang='lat' dir='ltr'>in</span> <span class='ocrx_word' id='word_1_526' title='bbox 1396 1985 1483 2004; x_wconf 87' lang='lat' dir='ltr'>versu</span> <span class='ocrx_word' id='word_1_527' title='bbox 1508 1975 1644 2011; x_wconf 84' lang='lat' dir='ltr'>Caecilii,</span> <span class='ocrx_word' id='word_1_528' title='bbox 1670 1975 1694 2004; x_wconf 91' lang='lat' dir='ltr'>si</span> <span class='ocrx_word' id='word_1_529' title='bbox 1716 1976 1849 2004; x_wconf 79' lang='lat' dir='ltr'>Romano</span> <span class='ocrx_word' id='word_1_530' title='bbox 1873 1984 1955 2002; x_wconf 84' lang='lat' dir='ltr'>more</span> <span class='ocrx_word' id='word_1_531' title='bbox 1979 1975 2026 2002; x_wconf 84' lang='lat' dir='ltr'>in-</span> 
     </span>
     <span class='ocr_line' id='line_1_44' title="bbox 72 2016 2025 2057; baseline -0.001 -11"><span class='ocrx_word' id='word_1_532' title='bbox 72 2017 258 2056; x_wconf 64' lang='lat' dir='ltr'>terpreteris,</span> <span class='ocrx_word' id='word_1_533' title='bbox 295 2023 324 2046; x_wconf 90' lang='lat' dir='ltr'>et</span> <span class='ocrx_word' id='word_1_534' title='bbox 349 2019 387 2047; x_wconf 81' lang='lat' dir='ltr'>ita</span> <span class='ocrx_word' id='word_1_535' title='bbox 411 2019 509 2047; x_wconf 81' lang='lat' dir='ltr'>locun]</span> <span class='ocrx_word' id='word_1_536' title='bbox 535 2018 650 2046; x_wconf 83' lang='lat' dir='ltr'>babebit</span> <span class='ocrx_word' id='word_1_537' title='bbox 674 2019 818 2047; x_wconf 62' lang='lat' dir='ltr'>sententia</span> <span class='ocrx_word' id='word_1_538' title='bbox 843 2019 948 2047; x_wconf 67' lang='lat' dir='ltr'>Verrii.</span> <span class='ocrx_word' id='word_1_539' title='bbox 996 2018 1040 2046; x_wconf 90' lang='lat' dir='ltr'>Ad</span> <span class='ocrx_word' id='word_1_540' title='bbox 1063 2019 1198 2057; x_wconf 84' lang='lat' dir='ltr'>sepulcra</span> <span class='ocrx_word' id='word_1_541' title='bbox 1223 2019 1299 2046; x_wconf 72' lang='lat' dir='ltr'>euim</span> <span class='ocrx_word' id='word_1_542' title='bbox 1323 2018 1405 2046; x_wconf 82' lang='lat' dir='ltr'>lanae</span> <span class='ocrx_word' id='word_1_543' title='bbox 1429 2028 1496 2046; x_wconf 92' lang='lat' dir='ltr'>cum</span> <span class='ocrx_word' id='word_1_544' title='bbox 1519 2018 1677 2047; x_wconf 78' lang='lat' dir='ltr'>frondibus</span> <span class='ocrx_word' id='word_1_545' title='bbox 1700 2022 1787 2056; x_wconf 88' lang='lat' dir='ltr'>atque</span> <span class='ocrx_word' id='word_1_546' title='bbox 1809 2016 1932 2045; x_wconf 86' lang='lat' dir='ltr'>floribus</span> <span class='ocrx_word' id='word_1_547' title='bbox 1956 2016 2025 2045; x_wconf 77' lang='lat' dir='ltr'>affi-</span> 
     </span>
     <span class='ocr_line' id='line_1_45' title="bbox 70 2058 2023 2101; baseline -0.001 -12"><span class='ocrx_word' id='word_1_548' title='bbox 70 2061 222 2092; x_wconf 76' lang='lat' dir='ltr'>rebantur,</span> <span class='ocrx_word' id='word_1_549' title='bbox 268 2061 362 2089; x_wconf 81' lang='lat' dir='ltr'>Varro</span> <span class='ocrx_word' id='word_1_550' title='bbox 386 2060 550 2101; x_wconf 67' lang='lat' dir='ltr'>(pag-³310.</span> <span class='ocrx_word' id='word_1_551' title='bbox 574 2059 656 2100; x_wconf 89' lang='lat' dir='ltr'>Sp.):</span> <span class='ocrx_word' id='word_1_552' title='bbox 693 2060 811 2101; x_wconf 80' lang='lat' dir='ltr'>Insulas</span> <span class='ocrx_word' id='word_1_553' title='bbox 833 2059 931 2090; x_wconf 76' lang='lat' dir='ltr'>dicias</span> <span class='ocrx_word' id='word_1_554' title='bbox 954 2068 1075 2100; x_wconf 74' lang='lat' dir='ltr'>apparet</span> <span class='ocrx_word' id='word_1_555' title='bbox 1097 2062 1125 2089; x_wconf 83' lang='lat' dir='ltr'>in</span> <span class='ocrx_word' id='word_1_556' title='bbox 1150 2060 1266 2097; x_wconf 75' lang='lat' dir='ltr'>hostiis,</span> <span class='ocrx_word' id='word_1_557' title='bbox 1303 2059 1398 2100; x_wconf 80' lang='lat' dir='ltr'>quod,</span> <span class='ocrx_word' id='word_1_558' title='bbox 1430 2072 1444 2089; x_wconf 91' lang='lat' dir='ltr'>e</span> <span class='ocrx_word' id='word_1_559' title='bbox 1465 2059 1537 2089; x_wconf 79' lang='lat' dir='ltr'>lana</span> <span class='ocrx_word' id='word_1_560' title='bbox 1561 2072 1634 2101; x_wconf 86' lang='lat' dir='ltr'>quae</span> <span class='ocrx_word' id='word_1_561' title='bbox 1655 2058 1805 2089; x_wconf 76' lang='lat' dir='ltr'>adduntur</span> <span class='ocrx_word' id='word_1_562' title='bbox 1827 2058 1926 2099; x_wconf 82' lang='lat' dir='ltr'>[quod</span> <span class='ocrx_word' id='word_1_563' title='bbox 1946 2058 2023 2087; x_wconf 74' lang='lat' dir='ltr'>vela-</span> 
     </span>
     <span class='ocr_line' id='line_1_46' title="bbox 70 2100 2021 2145; baseline -0.002 -13"><span class='ocrx_word' id='word_1_564' title='bbox 70 2111 182 2139; x_wconf 73' lang='lat' dir='ltr'>meniu,</span> <span class='ocrx_word' id='word_1_565' title='bbox 205 2102 251 2131; x_wconf 77' lang='lat' dir='ltr'>his</span> <span class='ocrx_word' id='word_1_566' title='bbox 272 2115 286 2130; x_wconf 85' lang='lat' dir='ltr'>e</span> <span class='ocrx_word' id='word_1_567' title='bbox 308 2102 380 2131; x_wconf 80' lang='lat' dir='ltr'>lana</span> <span class='ocrx_word' id='word_1_568' title='bbox 402 2115 478 2144; x_wconf 80' lang='lat' dir='ltr'>quae</span> <span class='ocrx_word' id='word_1_569' title='bbox 499 2102 661 2142; x_wconf 80' lang='lat' dir='ltr'>adduntur]</span> <span class='ocrx_word' id='word_1_570' title='bbox 685 2103 801 2145; x_wconf 80' lang='lat' dir='ltr'>infulae</span> <span class='ocrx_word' id='word_1_571' title='bbox 823 2104 900 2131; x_wconf 74' lang='lat' dir='ltr'>intra</span> <span class='ocrx_word' id='word_1_572' title='bbox 923 2102 1085 2132; x_wconf 75' lang='lat' dir='ltr'>hostiarum</span> <span class='ocrx_word' id='word_1_573' title='bbox 1108 2114 1235 2138; x_wconf 84' lang='lat' dir='ltr'>cornua,</span> <span class='ocrx_word' id='word_1_574' title='bbox 1263 2102 1425 2132; x_wconf 80' lang='lat' dir='ltr'>velamenta</span> <span class='ocrx_word' id='word_1_575' title='bbox 1450 2110 1541 2133; x_wconf 79' lang='lat' dir='ltr'>erant.</span> <span class='ocrx_word' id='word_1_576' title='bbox 1585 2101 1690 2143; x_wconf 76' lang='lat' dir='ltr'>Iraque</span> <span class='ocrx_word' id='word_1_577' title='bbox 1711 2113 1775 2130; x_wconf 89' lang='lat' dir='ltr'>cum</span> <span class='ocrx_word' id='word_1_578' title='bbox 1798 2100 1839 2129; x_wconf 78' lang='lat' dir='ltr'>ad</span> <span class='ocrx_word' id='word_1_579' title='bbox 1859 2100 2021 2140; x_wconf 75' lang='lat' dir='ltr'>sepulcrum</span> 
     </span>
     <span class='ocr_line' id='line_1_47' title="bbox 65 2141 2021 2186; baseline -0.002 -13"><span class='ocrx_word' id='word_1_580' title='bbox 65 2145 168 2186; x_wconf 77' lang='lat' dir='ltr'>ferunt</span> <span class='ocrx_word' id='word_1_581' title='bbox 181 2144 313 2186; x_wconf 70' lang='lat' dir='ltr'>frondes</span> <span class='ocrx_word' id='word_1_582' title='bbox 335 2153 422 2186; x_wconf 80' lang='lat' dir='ltr'>atque</span> <span class='ocrx_word' id='word_1_583' title='bbox 433 2147 545 2186; x_wconf 82' lang='lat' dir='ltr'>flores,</span> <span class='ocrx_word' id='word_1_584' title='bbox 570 2144 684 2174; x_wconf 76' lang='lat' dir='ltr'>addunt</span> <span class='ocrx_word' id='word_1_585' title='bbox 708 2157 785 2175; x_wconf 77' lang='lat' dir='ltr'>nunc</span> <span class='ocrx_word' id='word_1_586' title='bbox 808 2145 900 2174; x_wconf 80' lang='lat' dir='ltr'>lanas.</span> <span class='ocrx_word' id='word_1_587' title='bbox 925 2144 1046 2185; x_wconf 78' lang='lat' dir='ltr'>[Itaque</span> <span class='ocrx_word' id='word_1_588' title='bbox 1068 2153 1127 2174; x_wconf 79' lang='lat' dir='ltr'>ium</span> <span class='ocrx_word' id='word_1_589' title='bbox 1152 2145 1231 2185; x_wconf 84' lang='lat' dir='ltr'>quod</span> <span class='ocrx_word' id='word_1_590' title='bbox 1255 2144 1295 2173; x_wconf 76' lang='lat' dir='ltr'>ad</span> <span class='ocrx_word' id='word_1_591' title='bbox 1316 2144 1498 2184; x_wconf 76' lang='lat' dir='ltr'>sepulchrum</span> <span class='ocrx_word' id='word_1_592' title='bbox 1513 2145 1621 2186; x_wconf 78' lang='lat' dir='ltr'>jerunt</span> <span class='ocrx_word' id='word_1_593' title='bbox 1633 2143 1780 2186; x_wconf 77' lang='lat' dir='ltr'>frondem</span> <span class='ocrx_word' id='word_1_594' title='bbox 1803 2145 1945 2182; x_wconf 83' lang='lat' dir='ltr'>acflores</span> <span class='ocrx_word' id='word_1_595' title='bbox 1965 2141 2021 2170; x_wconf 78' lang='lat' dir='ltr'>ad-</span> 
     </span>
     <span class='ocr_line' id='line_1_48' title="bbox 70 2184 2020 2230; baseline -0.002 -15"><span class='ocrx_word' id='word_1_596' title='bbox 70 2186 165 2223; x_wconf 75' lang='lat' dir='ltr'>didit,</span> <span class='ocrx_word' id='word_1_597' title='bbox 197 2187 265 2216; x_wconf 84' lang='lat' dir='ltr'>Non</span> <span class='ocrx_word' id='word_1_598' title='bbox 288 2187 390 2220; x_wconf 79' lang='lat' dir='ltr'>lanas,</span> <span class='ocrx_word' id='word_1_599' title='bbox 420 2187 471 2217; x_wconf 80' lang='lat' dir='ltr'>secl</span> <span class='ocrx_word' id='word_1_600' title='bbox 492 2187 604 2217; x_wconf 82' lang='lat' dir='ltr'>velatas</span> <span class='ocrx_word' id='word_1_601' title='bbox 616 2187 793 2230; x_wconf 70' lang='lat' dir='ltr'>frondentis·</span> <span class='ocrx_word' id='word_1_602' title='bbox 816 2187 942 2226; x_wconf 80' lang='lat' dir='ltr'>comas]</span> <span class='ocrx_word' id='word_1_603' title='bbox 966 2189 1022 2215; x_wconf 74' lang='lat' dir='ltr'>Sed</span> <span class='ocrx_word' id='word_1_604' title='bbox 1047 2198 1113 2216; x_wconf 86' lang='lat' dir='ltr'>cum</span> <span class='ocrx_word' id='word_1_605' title='bbox 1137 2188 1281 2216; x_wconf 78' lang='lat' dir='ltr'>Caecilius</span> <span class='ocrx_word' id='word_1_606' title='bbox 1305 2188 1455 2226; x_wconf 84' lang='lat' dir='ltr'>palliatam</span> <span class='ocrx_word' id='word_1_607' title='bbox 1480 2187 1684 2223; x_wconf 84' lang='lat' dir='ltr'>Comoediam,</span> <span class='ocrx_word' id='word_1_608' title='bbox 1716 2197 1774 2215; x_wconf 89' lang='lat' dir='ltr'>non</span> <span class='ocrx_word' id='word_1_609' title='bbox 1797 2191 1921 2222; x_wconf 78' lang='lat' dir='ltr'>togatam</span> <span class='ocrx_word' id='word_1_610' title='bbox 1944 2184 2020 2212; x_wconf 85' lang='lat' dir='ltr'>scri—</span> 
     </span>
     <span class='ocr_line' id='line_1_49' title="bbox 69 2227 2020 2269; baseline -0.003 -11"><span class='ocrx_word' id='word_1_611' title='bbox 69 2230 179 2268; x_wconf 84' lang='lat' dir='ltr'>pserit,</span> <span class='ocrx_word' id='word_1_612' title='bbox 215 2236 345 2268; x_wconf 83' lang='lat' dir='ltr'>praestat</span> <span class='ocrx_word' id='word_1_613' title='bbox 368 2232 482 2259; x_wconf 74' lang='lat' dir='ltr'>Graeco</span> <span class='ocrx_word' id='word_1_614' title='bbox 505 2231 606 2269; x_wconf 86' lang='lat' dir='ltr'>potius</span> <span class='ocrx_word' id='word_1_615' title='bbox 630 2241 716 2269; x_wconf 83' lang='lat' dir='ltr'>quani</span> <span class='ocrx_word' id='word_1_616' title='bbox 742 2232 873 2259; x_wconf 75' lang='lat' dir='ltr'>Romano</span> <span class='ocrx_word' id='word_1_617' title='bbox 897 2240 977 2259; x_wconf 82' lang='lat' dir='ltr'>more</span> <span class='ocrx_word' id='word_1_618' title='bbox 999 2230 1199 2268; x_wconf 72' lang='lat' dir='ltr'>interpretari.</span> <span class='ocrx_word' id='word_1_619' title='bbox 1244 2233 1317 2258; x_wconf 82' lang='lat' dir='ltr'>Sunt</span> <span class='ocrx_word' id='word_1_620' title='bbox 1346 2231 1438 2268; x_wconf 82' lang='lat' dir='ltr'>igitur</span> <span class='ocrx_word' id='word_1_621' title='bbox 1466 2230 1596 2266; x_wconf 74' lang='lat' dir='ltr'>taeniae,</span> <span class='ocrx_word' id='word_1_622' title='bbox 1634 2230 1741 2268; x_wconf 83' lang='lat' dir='ltr'>quibus</span> <span class='ocrx_word' id='word_1_623' title='bbox 1765 2228 1862 2256; x_wconf 76' lang='lat' dir='ltr'>fasciis</span> <span class='ocrx_word' id='word_1_624' title='bbox 1884 2227 2020 2255; x_wconf 83' lang='lat' dir='ltr'>involve-</span> 
     </span>
     <span class='ocr_line' id='line_1_50' title="bbox 68 2268 2020 2312; baseline -0.001 -12"><span class='ocrx_word' id='word_1_625' title='bbox 68 2272 179 2301; x_wconf 84' lang='lat' dir='ltr'>bantur</span> <span class='ocrx_word' id='word_1_626' title='bbox 200 2273 328 2308; x_wconf 77' lang='lat' dir='ltr'>mortui,</span> <span class='ocrx_word' id='word_1_627' title='bbox 353 2283 428 2311; x_wconf 88' lang='lat' dir='ltr'>quas</span> <span class='ocrx_word' id='word_1_628' title='bbox 450 2275 563 2312; x_wconf 69' lang='grc' dir='ltr'>κειρίιις</span> <span class='ocrx_word' id='word_1_629' title='bbox 586 2274 741 2302; x_wconf 73' lang='lat' dir='ltr'>vocabant.</span> <span class='ocrx_word' id='word_1_630' title='bbox 786 2273 903 2308; x_wconf 88' lang='lat' dir='ltr'>Quibus</span> <span class='ocrx_word' id='word_1_631' title='bbox 928 2274 1051 2301; x_wconf 82' lang='lat' dir='ltr'>Romani</span> <span class='ocrx_word' id='word_1_632' title='bbox 1073 2283 1133 2302; x_wconf 89' lang='lat' dir='ltr'>non</span> <span class='ocrx_word' id='word_1_633' title='bbox 1156 2273 1333 2310; x_wconf 83' lang='lat' dir='ltr'>utebantur,</span> <span class='ocrx_word' id='word_1_634' title='bbox 1363 2272 1445 2311; x_wconf 87' lang='lat' dir='ltr'>quod</span> <span class='ocrx_word' id='word_1_635' title='bbox 1469 2272 1612 2301; x_wconf 76' lang='lat' dir='ltr'>cadavera</span> <span class='ocrx_word' id='word_1_636' title='bbox 1636 2272 1850 2300; x_wconf 82' lang='lat' dir='ltr'>comburerent.</span> <span class='ocrx_word' id='word_1_637' title='bbox 1896 2269 1936 2296; x_wconf 74' lang='lat' dir='ltr'>Ile</span> <span class='ocrx_word' id='word_1_638' title='bbox 1958 2268 2020 2297; x_wconf 82' lang='lat' dir='ltr'>illis</span> 
     </span>
     <span class='ocr_line' id='line_1_51' title="bbox 69 2309 2018 2355; baseline 0.001 -12"><span class='ocrx_word' id='word_1_639' title='bbox 69 2315 173 2343; x_wconf 88' lang='lat' dir='ltr'>taeniis</span> <span class='ocrx_word' id='word_1_640' title='bbox 196 2315 333 2352; x_wconf 76' lang='lat' dir='ltr'>intelligit</span> <span class='ocrx_word' id='word_1_641' title='bbox 354 2316 576 2352; x_wconf 78' lang='lat' dir='ltr'>Artemidorus,</span> <span class='ocrx_word' id='word_1_642' title='bbox 613 2326 678 2344; x_wconf 81' lang='lat' dir='ltr'>cuin</span> <span class='ocrx_word' id='word_1_643' title='bbox 703 2315 822 2344; x_wconf 76' lang='lat' dir='ltr'>scribit:</span> <span class='ocrx_word' id='word_1_644' title='bbox 863 2317 893 2345; x_wconf 80' lang='grc' dir='ltr'>οἱ</span> <span class='ocrx_word' id='word_1_645' title='bbox 912 2313 1122 2352; x_wconf 64' lang='grc' dir='ltr'>ἀποθανόντες</span> <span class='ocrx_word' id='word_1_646' title='bbox 1145 2316 1324 2355; x_wconf 80' lang='grc' dir='ltr'>ἐσχισμένοις</span> <span class='ocrx_word' id='word_1_647' title='bbox 1348 2315 1530 2346; x_wconf 73' lang='grc' dir='ltr'><strong><em>ἐνειλοῦνται</em></strong></span> <span class='ocrx_word' id='word_1_648' title='bbox 1552 2313 1689 2354; x_wconf 74' lang='grc' dir='ltr'>ῥάκεσιν,</span> <span class='ocrx_word' id='word_1_649' title='bbox 1729 2311 1768 2348; x_wconf 70' lang='grc' dir='ltr'>οἷς</span> <span class='ocrx_word' id='word_1_650' title='bbox 1790 2309 1824 2341; x_wconf 69' lang='grc' dir='ltr'>τὰ</span> <span class='ocrx_word' id='word_1_651' title='bbox 1847 2310 1943 2350; x_wconf 74' lang='grc' dir='ltr'><em>βρέφη</em></span> <span class='ocrx_word' id='word_1_652' title='bbox 1967 2312 2018 2340; x_wconf 70' lang='grc' dir='ltr'>καὶ</span> 
     </span>
     <span class='ocr_line' id='line_1_52' title="bbox 68 2353 2017 2396; baseline -0.003 -9"><span class='ocrx_word' id='word_1_653' title='bbox 68 2359 156 2396; x_wconf 80' lang='grc' dir='ltr'><strong><em>χαμαὶ</em></strong></span> <span class='ocrx_word' id='word_1_654' title='bbox 181 2358 324 2388; x_wconf 71' lang='grc' dir='ltr'><em>τίθενται.</em></span> <span class='ocrx_word' id='word_1_655' title='bbox 358 2357 459 2388; x_wconf 80' lang='lat' dir='ltr'>Scal.</span> <span class='ocrx_word' id='word_1_656' title='bbox 511 2359 625 2388; x_wconf 71' lang='grc' dir='ltr'>Ταινίαι</span> <span class='ocrx_word' id='word_1_657' title='bbox 649 2358 800 2395; x_wconf 88' lang='lat' dir='ltr'>lemnisci,</span> <span class='ocrx_word' id='word_1_658' title='bbox 825 2358 979 2394; x_wconf 74' lang='lat' dir='ltr'>fasciolae,</span> <span class='ocrx_word' id='word_1_659' title='bbox 1005 2359 1112 2396; x_wconf 81' lang='lat' dir='ltr'>quibus</span> <span class='ocrx_word' id='word_1_660' title='bbox 1137 2359 1323 2395; x_wconf 83' lang='lat' dir='ltr'>sacerdotes,</span> <span class='ocrx_word' id='word_1_661' title='bbox 1346 2357 1495 2386; x_wconf 83' lang='lat' dir='ltr'>interdum</span> <span class='ocrx_word' id='word_1_662' title='bbox 1519 2358 1604 2386; x_wconf 81' lang='lat' dir='ltr'>etiam</span> <span class='ocrx_word' id='word_1_663' title='bbox 1630 2362 1658 2385; x_wconf 83' lang='lat' dir='ltr'>et</span> <span class='ocrx_word' id='word_1_664' title='bbox 1681 2356 1808 2383; x_wconf 72' lang='lat' dir='ltr'>victores</span> <span class='ocrx_word' id='word_1_665' title='bbox 1833 2353 2017 2382; x_wconf 81' lang='lat' dir='ltr'>coronaban-</span> 
     </span>
     <span class='ocr_line' id='line_1_53' title="bbox 69 2395 2015 2441; baseline -0.003 -11"><span class='ocrx_word' id='word_1_666' title='bbox 69 2405 128 2430; x_wconf 86' lang='lat' dir='ltr'>tur.</span> <span class='ocrx_word' id='word_1_667' title='bbox 162 2400 242 2439; x_wconf 83' lang='lat' dir='ltr'>Virg.</span> <span class='ocrx_word' id='word_1_668' title='bbox 261 2399 345 2439; x_wconf 76' lang='lat' dir='ltr'>(Aen.</span> <span class='ocrx_word' id='word_1_669' title='bbox 365 2400 398 2438; x_wconf 85' lang='lat' dir='ltr'>V,</span> <span class='ocrx_word' id='word_1_670' title='bbox 422 2400 524 2441; x_wconf 82' lang='lat'>269.),</span> <span class='ocrx_word' id='word_1_671' title='bbox 547 2401 626 2430; x_wconf 91' lang='lat' dir='ltr'>unde</span> <span class='ocrx_word' id='word_1_672' title='bbox 645 2401 780 2430; x_wconf 82' lang='lat' dir='ltr'>Verrius:</span> <span class='ocrx_word' id='word_1_673' title='bbox 807 2399 1014 2430; x_wconf 79' lang='lat' dir='ltr'>Ornamentum</span> <span class='ocrx_word' id='word_1_674' title='bbox 1039 2402 1145 2440; x_wconf 79' lang='lat' dir='ltr'>capitis</span> <span class='ocrx_word' id='word_1_675' title='bbox 1166 2400 1310 2430; x_wconf 76' lang='lat' dir='ltr'>honorati.</span> <span class='ocrx_word' id='word_1_676' title='bbox 1339 2399 1482 2440; x_wconf 83' lang='lat' dir='ltr'>Hesych.:</span> <span class='ocrx_word' id='word_1_677' title='bbox 1510 2401 1628 2436; x_wconf 82' lang='grc' dir='ltr'><em>Ταινία,</em></span> <span class='ocrx_word' id='word_1_678' title='bbox 1654 2398 1798 2436; x_wconf 79' lang='grc' dir='ltr'>στέμματα</span> <span class='ocrx_word' id='word_1_679' title='bbox 1820 2398 1878 2425; x_wconf 75' lang='grc' dir='ltr'>τῶν</span> <span class='ocrx_word' id='word_1_680' title='bbox 1903 2395 2015 2436; x_wconf 67' lang='grc' dir='ltr'><em>ἱερέων,</em></span> 
     </span>
    </p>
   </div>
  </div>
 </body>
</html>
