<?xml version="1.0" encoding="UTF-8"?>
<!DOCTYPE html PUBLIC "-//W3C//DTD XHTML 1.0 Transitional//EN"
    "http://www.w3.org/TR/xhtml1/DTD/xhtml1-transitional.dtd">
<html xmlns="http://www.w3.org/1999/xhtml" xml:lang="en" lang="en">
 <head>
  <title>
</title>
<meta http-equiv="Content-Type" content="text/html;charset=utf-8" />
  <meta name='ocr-system' content='tesseract 3.04.00' />
  <meta name='ocr-capabilities' content='ocr_page ocr_carea ocr_par ocr_line ocrx_word'/>
</head>
<body>
  <div class='ocr_page' id='page_1' title='image "./corpusgrammatico01linduoft_0597.png"; bbox 0 0 2263 2668; ppageno 0'>
   <div class='ocr_carea' id='block_1_1' title="bbox 390 171 1849 210">
    <p class='ocr_par' dir='ltr' id='par_1_1' title="bbox 390 171 1849 210">
     <span class='ocr_line' id='line_1_1' title="bbox 390 171 1849 210; baseline -0.002 -2"><span class='ocrx_word' id='word_1_1' title='bbox 390 175 455 208; x_wconf 91' lang='lat' dir='ltr'><strong>DE</strong></span> <span class='ocrx_word' id='word_1_2' title='bbox 484 175 759 210; x_wconf 88' lang='lat' dir='ltr'>VERBORUM</span> <span class='ocrx_word' id='word_1_3' title='bbox 785 172 1172 209; x_wconf 79' lang='lat' dir='ltr'><strong>SIGNIFICATIONE</strong></span> <span class='ocrx_word' id='word_1_4' title='bbox 1199 173 1514 210; x_wconf 84' lang='lat' dir='ltr'><strong>FRAGMENTA.</strong></span> <span class='ocrx_word' id='word_1_5' title='bbox 1771 171 1849 206; x_wconf 77' lang='lat'><strong>175</strong></span> 
     </span>
    </p>
   </div>
   <div class='ocr_carea' id='block_1_2' title="bbox 59 266 2019 1967">
    <p class='ocr_par' dir='ltr' id='par_1_2' title="bbox 59 266 1843 416">
     <span class='ocr_line' id='line_1_2' title="bbox 60 266 1842 314; baseline -0.004 -8"><span class='ocrx_word' id='word_1_6' title='bbox 60 272 141 306; x_wconf 86' lang='lat' dir='ltr'><strong>ficiis</strong></span> <span class='ocrx_word' id='word_1_7' title='bbox 164 274 308 304; x_wconf 91' lang='lat' dir='ltr'><strong>utuntur.</strong></span> <span class='ocrx_word' id='word_1_8' title='bbox 362 268 564 303; x_wconf 74' lang='lat' dir='ltr'><strong>Mortuae</strong></span> <span class='ocrx_word' id='word_1_9' title='bbox 590 271 731 314; x_wconf 87' lang='lat' dir='ltr'><strong>pecudis</strong></span> <span class='ocrx_word' id='word_1_10' title='bbox 759 271 852 304; x_wconf 89' lang='lat' dir='ltr'><strong>corio</strong></span> <span class='ocrx_word' id='word_1_11' title='bbox 880 270 1029 309; x_wconf 85' lang='lat' dir='ltr'><strong>calceos,</strong></span> <span class='ocrx_word' id='word_1_12' title='bbox 1072 271 1128 300; x_wconf 90' lang='lat' dir='ltr'><strong>aut</strong></span> <span class='ocrx_word' id='word_1_13' title='bbox 1156 267 1263 299; x_wconf 83' lang='lat' dir='ltr'><strong>soleas</strong></span> <span class='ocrx_word' id='word_1_14' title='bbox 1291 268 1362 300; x_wconf 83' lang='lat' dir='ltr'><strong>fieri</strong></span> <span class='ocrx_word' id='word_1_15' title='bbox 1396 268 1587 304; x_wconf 76' lang='lat' dir='ltr'><strong>Flaminicis</strong></span> <span class='ocrx_word' id='word_1_16' title='bbox 1618 268 1709 301; x_wconf 82' lang='lat' dir='ltr'><strong>nefas</strong></span> <span class='ocrx_word' id='word_1_17' title='bbox 1735 266 1842 299; x_wconf 88' lang='lat' dir='ltr'><strong>habe—</strong></span> 
     </span>
     <span class='ocr_line' id='line_1_3' title="bbox 59 318 1843 366; baseline -0.004 -8"><span class='ocrx_word' id='word_1_18' title='bbox 59 329 114 358; x_wconf 77' lang='lat' dir='ltr'><strong>tur</strong></span> <span class='ocrx_word' id='word_1_19' title='bbox 165 348 172 355; x_wconf 90' lang='lat'><em>.</em></span> <span class='ocrx_word' id='word_1_20' title='bbox 291 319 328 353; x_wconf 84' lang='lat'><strong>.⁷</strong></span> <span class='ocrx_word' id='word_1_21' title='bbox 357 321 418 354; x_wconf 83' lang='lat' dir='ltr'><strong>sed</strong></span> <span class='ocrx_word' id='word_1_22' title='bbox 446 326 503 354; x_wconf 87' lang='lat' dir='ltr'><strong>aut</strong></span> <span class='ocrx_word' id='word_1_23' title='bbox 529 322 660 355; x_wconf 88' lang='lat' dir='ltr'><strong>occisae</strong></span> <span class='ocrx_word' id='word_1_24' title='bbox 687 323 829 366; x_wconf 83' lang='lat' dir='ltr'><strong>alioqui,</strong></span> <span class='ocrx_word' id='word_1_25' title='bbox 852 326 907 354; x_wconf 89' lang='lat' dir='ltr'><strong>aut</strong></span> <span class='ocrx_word' id='word_1_26' title='bbox 932 319 1142 360; x_wconf 75' lang='lat' dir='ltr'><strong>immolatae,</strong></span> <span class='ocrx_word' id='word_1_27' title='bbox 1170 319 1327 362; x_wconf 90' lang='lat' dir='ltr'><strong>quoniam</strong></span> <span class='ocrx_word' id='word_1_28' title='bbox 1349 331 1405 352; x_wconf 88' lang='lat' dir='ltr'><strong>sua</strong></span> <span class='ocrx_word' id='word_1_29' title='bbox 1427 328 1535 355; x_wconf 88' lang='lat' dir='ltr'><strong>morte</strong></span> <span class='ocrx_word' id='word_1_30' title='bbox 1562 321 1704 355; x_wconf 85' lang='lat' dir='ltr'><strong>extincta</strong></span> <span class='ocrx_word' id='word_1_31' title='bbox 1732 318 1843 352; x_wconf 85' lang='lat' dir='ltr'><strong>omnia</strong></span> 
     </span>
     <span class='ocr_line' id='line_1_4' title="bbox 60 371 1511 416; baseline -0.002 -7"><span class='ocrx_word' id='word_1_32' title='bbox 60 375 191 409; x_wconf 76' lang='lat' dir='ltr'><strong>funesta</strong></span> <span class='ocrx_word' id='word_1_33' title='bbox 217 378 300 406; x_wconf 82' lang='lat' dir='ltr'><strong>sunt.</strong></span> <span class='ocrx_word' id='word_1_34' title='bbox 352 372 441 416; x_wconf 87' lang='lat' dir='ltr'><strong>Me,</strong></span> <span class='ocrx_word' id='word_1_35' title='bbox 467 384 532 416; x_wconf 88' lang='lat' dir='ltr'><strong>pro</strong></span> <span class='ocrx_word' id='word_1_36' title='bbox 554 373 634 406; x_wconf 81' lang='lat' dir='ltr'><strong>inihi</strong></span> <span class='ocrx_word' id='word_1_37' title='bbox 663 374 819 407; x_wconf 87' lang='lat' dir='ltr'><strong>dicebant</strong></span> <span class='ocrx_word' id='word_1_38' title='bbox 840 373 980 416; x_wconf 79' lang='lat' dir='ltr'><strong>antiqui,</strong></span> <span class='ocrx_word' id='word_1_39' title='bbox 1009 376 1044 405; x_wconf 89' lang='lat' dir='ltr'><strong>ut</strong></span> <span class='ocrx_word' id='word_1_40' title='bbox 1071 371 1211 412; x_wconf 87' lang='lat' dir='ltr'><strong>Ennius,</strong></span> <span class='ocrx_word' id='word_1_41' title='bbox 1240 382 1317 404; x_wconf 90' lang='lat' dir='ltr'><strong>cum</strong></span> <span class='ocrx_word' id='word_1_42' title='bbox 1341 372 1386 404; x_wconf 90' lang='lat' dir='ltr'><strong>ait</strong></span> <span class='ocrx_word' id='word_1_43' title='bbox 1407 372 1447 404; x_wconf 92' lang='lat' dir='ltr'><strong>L.</strong></span> <span class='ocrx_word' id='word_1_44' title='bbox 1469 373 1511 407; x_wconf 90' lang='lat' dir='ltr'><strong>ll.</strong></span> 
     </span>
    </p>

    <p class='ocr_par' dir='ltr' id='par_1_3' title="bbox 63 422 1166 512">
     <span class='ocr_line' id='line_1_5' title="bbox 162 422 1166 468; baseline -0.004 -10"><span class='ocrx_word' id='word_1_45' title='bbox 162 426 196 458; x_wconf 91' lang='lat' dir='ltr'><strong>si</strong></span> <span class='ocrx_word' id='word_1_46' title='bbox 222 424 329 468; x_wconf 86' lang='lat' dir='ltr'><strong>quid</strong></span> <span class='ocrx_word' id='word_1_47' title='bbox 357 436 418 458; x_wconf 86' lang='lat' dir='ltr'><strong>me</strong></span> <span class='ocrx_word' id='word_1_48' title='bbox 444 424 577 457; x_wconf 86' lang='lat' dir='ltr'><strong>fuerit</strong></span> <span class='ocrx_word' id='word_1_49' title='bbox 604 425 873 467; x_wconf 84' lang='lat' dir='ltr'><strong>humanitus,</strong></span> <span class='ocrx_word' id='word_1_50' title='bbox 904 430 945 457; x_wconf 90' lang='lat' dir='ltr'><strong>ut</strong></span> <span class='ocrx_word' id='word_1_51' title='bbox 971 422 1166 457; x_wconf 84' lang='lat' dir='ltr'><strong>teneatis.</strong></span> 
     </span>
     <span class='ocr_line' id='line_1_6' title="bbox 63 477 293 512; baseline -0.017 0"><span class='ocrx_word' id='word_1_52' title='bbox 63 483 96 512; x_wconf 88' lang='lat' dir='ltr'><strong>et</strong></span> <span class='ocrx_word' id='word_1_53' title='bbox 128 477 293 510; x_wconf 81' lang='lat' dir='ltr'><strong>Lucilius:</strong></span> 
     </span>
    </p>

    <p class='ocr_par' dir='ltr' id='par_1_4' title="bbox 62 523 2019 1653">
     <span class='ocr_line' id='line_1_7' title="bbox 164 523 1450 570; baseline -0.004 -9"><span class='ocrx_word' id='word_1_54' title='bbox 164 529 282 561; x_wconf 93' lang='lat' dir='ltr'><strong>Nunc</strong></span> <span class='ocrx_word' id='word_1_55' title='bbox 307 525 355 558; x_wconf 88' lang='lat' dir='ltr'><strong>ad</strong></span> <span class='ocrx_word' id='word_1_56' title='bbox 383 530 424 558; x_wconf 90' lang='lat' dir='ltr'><strong>te</strong></span> <span class='ocrx_word' id='word_1_57' title='bbox 450 527 601 568; x_wconf 90' lang='lat' dir='ltr'><strong>redeo,</strong></span> <span class='ocrx_word' id='word_1_58' title='bbox 629 532 672 560; x_wconf 89' lang='lat' dir='ltr'><strong>ut</strong></span> <span class='ocrx_word' id='word_1_59' title='bbox 699 539 809 570; x_wconf 88' lang='lat' dir='ltr'><strong>quae</strong></span> <span class='ocrx_word' id='word_1_60' title='bbox 836 538 903 560; x_wconf 85' lang='lat' dir='ltr'><strong>res</strong></span> <span class='ocrx_word' id='word_1_61' title='bbox 924 537 986 558; x_wconf 87' lang='lat' dir='ltr'><strong>me</strong></span> <span class='ocrx_word' id='word_1_62' title='bbox 1012 523 1258 569; x_wconf 88' lang='lat' dir='ltr'><strong>impendet,</strong></span> <span class='ocrx_word' id='word_1_63' title='bbox 1285 529 1450 568; x_wconf 84' lang='lat' dir='ltr'><strong>agatur.</strong></span> 
     </span>
     <span class='ocr_line' id='line_1_8' title="bbox 62 574 1842 621; baseline -0.004 -7"><span class='ocrx_word' id='word_1_64' title='bbox 62 580 277 614; x_wconf 89' lang='lat' dir='ltr'><strong>Minorum</strong></span> <span class='ocrx_word' id='word_1_65' title='bbox 298 577 566 611; x_wconf 79' lang='lat' dir='ltr'><strong>Pontificum</strong></span> <span class='ocrx_word' id='word_1_66' title='bbox 596 579 757 612; x_wconf 84' lang='lat' dir='ltr'><strong>maximus</strong></span> <span class='ocrx_word' id='word_1_67' title='bbox 784 579 923 619; x_wconf 87' lang='lat' dir='ltr'><strong>dicitur,</strong></span> <span class='ocrx_word' id='word_1_68' title='bbox 951 577 1007 620; x_wconf 88' lang='lat' dir='ltr'><strong>qui</strong></span> <span class='ocrx_word' id='word_1_69' title='bbox 1031 577 1157 621; x_wconf 84' lang='lat' dir='ltr'><strong>primus</strong></span> <span class='ocrx_word' id='word_1_70' title='bbox 1184 576 1216 608; x_wconf 89' lang='lat' dir='ltr'><strong>in</strong></span> <span class='ocrx_word' id='word_1_71' title='bbox 1243 575 1277 607; x_wconf 92' lang='lat' dir='ltr'><strong>id</strong></span> <span class='ocrx_word' id='word_1_72' title='bbox 1300 576 1484 621; x_wconf 76' lang='lat' dir='ltr'><strong>collegium</strong></span> <span class='ocrx_word' id='word_1_73' title='bbox 1510 576 1615 613; x_wconf 72' lang='lat' dir='ltr'><strong>venit;</strong></span> <span class='ocrx_word' id='word_1_74' title='bbox 1641 575 1720 608; x_wconf 84' lang='lat' dir='ltr'><strong>item</strong></span> <span class='ocrx_word' id='word_1_75' title='bbox 1746 574 1842 607; x_wconf 90' lang='lat' dir='ltr'><strong>mini-</strong></span> 
     </span>
     <span class='ocr_line' id='line_1_9' title="bbox 63 626 1843 675; baseline -0.004 -10"><span class='ocrx_word' id='word_1_76' title='bbox 63 644 154 673; x_wconf 87' lang='lat' dir='ltr'><strong>mus,</strong></span> <span class='ocrx_word' id='word_1_77' title='bbox 196 632 253 675; x_wconf 90' lang='lat' dir='ltr'><strong>qui</strong></span> <span class='ocrx_word' id='word_1_78' title='bbox 285 629 487 662; x_wconf 75' lang='lat' dir='ltr'><strong>novissimus.</strong></span> <span class='ocrx_word' id='word_1_79' title='bbox 548 629 764 663; x_wconf 83' lang='lat' dir='ltr'><strong>Malevoli</strong></span> <span class='ocrx_word' id='word_1_80' title='bbox 797 629 1010 663; x_wconf 82' lang='lat' dir='ltr'><strong>Mercurii</strong></span> <span class='ocrx_word' id='word_1_81' title='bbox 1043 629 1173 672; x_wconf 79' lang='lat' dir='ltr'><strong>signum</strong></span> <span class='ocrx_word' id='word_1_82' title='bbox 1211 632 1281 660; x_wconf 87' lang='lat' dir='ltr'><strong>erat</strong></span> <span class='ocrx_word' id='word_1_83' title='bbox 1315 629 1467 671; x_wconf 81' lang='lat' dir='ltr'><strong>proxime</strong></span> <span class='ocrx_word' id='word_1_84' title='bbox 1501 628 1631 666; x_wconf 74' lang='lat' dir='ltr'><strong>lanum3</strong></span> <span class='ocrx_word' id='word_1_85' title='bbox 1675 626 1731 670; x_wconf 90' lang='lat' dir='ltr'><strong>qui</strong></span> <span class='ocrx_word' id='word_1_86' title='bbox 1764 626 1843 658; x_wconf 88' lang='lat' dir='ltr'><strong>item</strong></span> 
     </span>
     <span class='ocr_line' id='line_1_10' title="bbox 65 677 1843 724; baseline -0.004 -7"><span class='ocrx_word' id='word_1_87' title='bbox 65 688 134 717; x_wconf 85' lang='lat' dir='ltr'><strong>erat</strong></span> <span class='ocrx_word' id='word_1_88' title='bbox 165 683 198 715; x_wconf 89' lang='lat' dir='ltr'><strong>in</strong></span> <span class='ocrx_word' id='word_1_89' title='bbox 232 681 404 715; x_wconf 82' lang='lat' dir='ltr'><strong>Turdellis</strong></span> <span class='ocrx_word' id='word_1_90' title='bbox 437 679 478 712; x_wconf 88' lang='lat' dir='ltr'>M</span> <span class='ocrx_word' id='word_1_91' title='bbox 663 681 746 723; x_wconf 71' lang='lat' dir='ltr'><strong>osss,</strong></span> <span class='ocrx_word' id='word_1_92' title='bbox 788 681 952 715; x_wconf 80' lang='lat' dir='ltr'><strong>malevoli</strong></span> <span class='ocrx_word' id='word_1_93' title='bbox 993 680 1098 713; x_wconf 84' lang='lat' dir='ltr'><strong>etiam</strong></span> <span class='ocrx_word' id='word_1_94' title='bbox 1132 679 1340 724; x_wconf 82' lang='lat' dir='ltr'><strong>cognomine</strong></span> <span class='ocrx_word' id='word_1_95' title='bbox 1372 679 1626 724; x_wconf 75' lang='lat' dir='ltr'><strong>appellabatur:</strong></span> <span class='ocrx_word' id='word_1_96' title='bbox 1680 677 1843 710; x_wconf 88' lang='lat' dir='ltr'><strong>Malevoli</strong></span> 
     </span>
     <span class='ocr_line' id='line_1_11' title="bbox 64 723 2018 782; baseline -0.004 -14"><span class='ocrx_word' id='word_1_97' title='bbox 64 739 196 776; x_wconf 86' lang='lat' dir='ltr'><strong>autem,</strong></span> <span class='ocrx_word' id='word_1_98' title='bbox 237 732 331 777; x_wconf 90' lang='lat' dir='ltr'><strong>quod</strong></span> <span class='ocrx_word' id='word_1_99' title='bbox 365 733 398 764; x_wconf 90' lang='lat' dir='ltr'><strong>in</strong></span> <span class='ocrx_word' id='word_1_100' title='bbox 434 732 556 766; x_wconf 83' lang='lat' dir='ltr'><strong>nullius</strong></span> <span class='ocrx_word' id='word_1_101' title='bbox 592 735 763 766; x_wconf 78' lang='lat' dir='ltr'><strong>tabernam</strong></span> <span class='ocrx_word' id='word_1_102' title='bbox 802 733 984 778; x_wconf 80' lang='lat' dir='ltr'><strong>spectabat.</strong></span> <span class='ocrx_word' id='word_1_103' title='bbox 1060 731 1318 764; x_wconf 77' lang='lat' dir='ltr'><strong>Malluviuni</strong></span> <span class='ocrx_word' id='word_1_104' title='bbox 1359 730 1519 764; x_wconf 84' lang='lat' dir='ltr'><strong>latum*</strong></span> <span class='ocrx_word' id='word_1_105' title='bbox 1563 731 1596 763; x_wconf 89' lang='lat' dir='ltr'><strong>in</strong></span> <span class='ocrx_word' id='word_1_106' title='bbox 1637 723 1977 782; x_wconf 55' lang='lat' dir='ltr'><strong>commenta-&#39;Magum</strong></span> <span class='ocrx_word' id='word_1_107' title='bbox 1991 731 2018 750; x_wconf 84' lang='lat' dir='ltr'><strong>v.</strong></span> 
     </span>
     <span class='ocr_line' id='line_1_12' title="bbox 63 777 1999 829; baseline -0.006 -9"><span class='ocrx_word' id='word_1_108' title='bbox 63 786 180 820; x_wconf 87' lang='lat' dir='ltr'><strong>rium*</strong></span> <span class='ocrx_word' id='word_1_109' title='bbox 207 796 399 826; x_wconf 85' lang='lat' dir='ltr'><strong>sacrorum,</strong></span> <span class='ocrx_word' id='word_1_110' title='bbox 427 784 591 829; x_wconf 83' lang='lat' dir='ltr'><strong>significat</strong></span> <span class='ocrx_word' id='word_1_111' title='bbox 618 797 733 819; x_wconf 88' lang='lat' dir='ltr'><strong>manus</strong></span> <span class='ocrx_word' id='word_1_112' title='bbox 760 786 818 829; x_wconf 85' lang='lat' dir='ltr'><strong>qui</strong></span> <span class='ocrx_word' id='word_1_113' title='bbox 832 786 867 806; x_wconf 82' lang='lat'><strong>**</strong></span> <span class='ocrx_word' id='word_1_114' title='bbox 894 785 998 826; x_wconf 82' lang='lat' dir='ltr'><strong>lavet,</strong></span> <span class='ocrx_word' id='word_1_115' title='bbox 1032 796 1051 817; x_wconf 85' lang='lat' dir='ltr'><strong>a</strong></span> <span class='ocrx_word' id='word_1_116' title='bbox 1076 795 1143 827; x_wconf 92' lang='lat' dir='ltr'><strong>quo</strong></span> <span class='ocrx_word' id='word_1_117' title='bbox 1173 783 1347 815; x_wconf 83' lang='lat' dir='ltr'><strong>malluviae</strong></span> <span class='ocrx_word' id='word_1_118' title='bbox 1375 783 1545 824; x_wconf 76' lang='lat' dir='ltr'><strong>dicuntur,</strong></span> <span class='ocrx_word' id='word_1_119' title='bbox 1581 782 1699 825; x_wconf 89' lang='lat' dir='ltr'><strong>quibus</strong></span> <span class='ocrx_word' id='word_1_120' title='bbox 1726 792 1842 813; x_wconf 86' lang='lat' dir='ltr'><strong>manus</strong></span> <span class='ocrx_word' id='word_1_121' title='bbox 1869 793 1903 817; x_wconf 77' lang='grc' dir='ltr'><strong>-Γ,</strong></span> <span class='ocrx_word' id='word_1_122' title='bbox 1924 777 1999 817; x_wconf 67' lang='lat' dir='ltr'><strong>dom-</strong></span> 
     </span>
     <span class='ocr_line' id='line_1_13' title="bbox 65 826 1991 885; baseline -0.003 -14"><span class='ocrx_word' id='word_1_123' title='bbox 65 842 138 871; x_wconf 88' lang='lat' dir='ltr'><strong>sunt</strong></span> <span class='ocrx_word' id='word_1_124' title='bbox 169 837 280 870; x_wconf 85' lang='lat' dir='ltr'><strong>lautae</strong></span> <span class='ocrx_word' id='word_1_125' title='bbox 307 835 463 880; x_wconf 88' lang='lat' dir='ltr'><strong>perinde,</strong></span> <span class='ocrx_word' id='word_1_126' title='bbox 503 841 537 868; x_wconf 89' lang='lat' dir='ltr'><strong>ut</strong></span> <span class='ocrx_word' id='word_1_127' title='bbox 564 838 683 880; x_wconf 82' lang='lat' dir='ltr'><strong>quibus</strong></span> <span class='ocrx_word' id='word_1_128' title='bbox 711 838 836 881; x_wconf 85' lang='lat' dir='ltr'><strong>pedes,</strong></span> <span class='ocrx_word' id='word_1_129' title='bbox 870 837 1045 880; x_wconf 79' lang='lat' dir='ltr'><strong>pelluviae.</strong></span> <span class='ocrx_word' id='word_1_130' title='bbox 1097 832 1360 868; x_wconf 80' lang='lat' dir='ltr'><strong>Maximum⁹</strong></span> <span class='ocrx_word' id='word_1_131' title='bbox 1397 835 1647 867; x_wconf 82' lang='lat' dir='ltr'><strong>Praetorem</strong></span> <span class='ocrx_word' id='word_1_132' title='bbox 1683 833 1749 866; x_wconf 90' lang='lat' dir='ltr'><strong>dici</strong></span> <span class='ocrx_word' id='word_1_133' title='bbox 1775 844 1843 876; x_wconf 90' lang='lat' dir='ltr'><strong>pu-</strong></span> <span class='ocrx_word' id='word_1_134' title='bbox 1868 826 1991 885; x_wconf 38' lang='lat' dir='ltr'><strong>mutar-io</strong></span> 
     </span>
     <span class='ocr_line' id='line_1_14' title="bbox 65 870 1991 933; baseline -0.004 -10"><span class='ocrx_word' id='word_1_135' title='bbox 65 894 135 923; x_wconf 89' lang='lat' dir='ltr'><strong>tant</strong></span> <span class='ocrx_word' id='word_1_136' title='bbox 162 889 218 921; x_wconf 89' lang='lat' dir='ltr'><strong>alii</strong></span> <span class='ocrx_word' id='word_1_137' title='bbox 245 900 340 930; x_wconf 87' lang='lat' dir='ltr'><strong>eum,</strong></span> <span class='ocrx_word' id='word_1_138' title='bbox 368 887 424 930; x_wconf 88' lang='lat' dir='ltr'><strong>qui</strong></span> <span class='ocrx_word' id='word_1_139' title='bbox 451 888 585 920; x_wconf 77' lang='lat' dir='ltr'><strong>maximi</strong></span> <span class='ocrx_word' id='word_1_140' title='bbox 611 889 731 933; x_wconf 90' lang='lat' dir='ltr'><strong>imperi</strong></span> <span class='ocrx_word' id='word_1_141' title='bbox 758 889 813 927; x_wconf 81' lang='lat' dir='ltr'><strong>sit3</strong></span> <span class='ocrx_word' id='word_1_142' title='bbox 846 889 919 929; x_wconf 89' lang='lat' dir='ltr'><strong>alii,</strong></span> <span class='ocrx_word' id='word_1_143' title='bbox 953 889 1058 931; x_wconf 82' lang='lat' dir='ltr'><strong>quia*</strong></span> <span class='ocrx_word' id='word_1_144' title='bbox 1086 886 1198 920; x_wconf 88' lang='lat' dir='ltr'><strong>aetatis</strong></span> <span class='ocrx_word' id='word_1_145' title='bbox 1225 887 1398 921; x_wconf 86' lang='lat' dir='ltr'><strong>maximae.</strong></span> <span class='ocrx_word' id='word_1_146' title='bbox 1436 897 1499 930; x_wconf 89' lang='lat' dir='ltr'><strong>pro</strong></span> <span class='ocrx_word' id='word_1_147' title='bbox 1533 885 1680 929; x_wconf 81' lang='lat' dir='ltr'><strong>collegio</strong></span> <span class='ocrx_word' id='word_1_148' title='bbox 1707 884 1843 927; x_wconf 89' lang='lat' dir='ltr'><strong>quidem</strong></span> <span class='ocrx_word' id='word_1_149' title='bbox 1887 870 1991 928; x_wconf 47' lang='grc' dir='ltr'>-ΓᾙΓἸ</span> 
     </span>
     <span class='ocr_line' id='line_1_15' title="bbox 65 936 1844 985; baseline -0.004 -10"><span class='ocrx_word' id='word_1_150' title='bbox 65 942 243 985; x_wconf 83' lang='lat' dir='ltr'><strong>Augurum</strong></span> <span class='ocrx_word' id='word_1_151' title='bbox 271 940 443 973; x_wconf 81' lang='lat' dir='ltr'><strong>decretum</strong></span> <span class='ocrx_word' id='word_1_152' title='bbox 471 944 535 982; x_wconf 87' lang='lat' dir='ltr'><strong>est,</strong></span> <span class='ocrx_word' id='word_1_153' title='bbox 570 941 662 984; x_wconf 90' lang='lat' dir='ltr'><strong>quod</strong></span> <span class='ocrx_word' id='word_1_154' title='bbox 691 941 723 973; x_wconf 88' lang='lat' dir='ltr'><strong>in</strong></span> <span class='ocrx_word' id='word_1_155' title='bbox 750 941 872 973; x_wconf 86' lang='lat' dir='ltr'><strong>Salutis</strong></span> <span class='ocrx_word' id='word_1_156' title='bbox 899 940 1039 984; x_wconf 85' lang='lat' dir='ltr'><strong>augurio</strong></span> <span class='ocrx_word' id='word_1_157' title='bbox 1069 940 1244 972; x_wconf 82' lang='lat' dir='ltr'><strong>Praetores</strong></span> <span class='ocrx_word' id='word_1_158' title='bbox 1277 938 1419 971; x_wconf 88' lang='lat' dir='ltr'><strong>maiores</strong></span> <span class='ocrx_word' id='word_1_159' title='bbox 1443 943 1476 969; x_wconf 88' lang='lat' dir='ltr'><strong>et</strong></span> <span class='ocrx_word' id='word_1_160' title='bbox 1503 937 1644 970; x_wconf 87' lang='lat' dir='ltr'><strong>minores</strong></span> <span class='ocrx_word' id='word_1_161' title='bbox 1668 936 1844 980; x_wconf 85' lang='lat' dir='ltr'><strong>appellan-</strong></span> 
     </span>
     <span class='ocr_line' id='line_1_16' title="bbox 66 986 1844 1036; baseline -0.004 -10"><span class='ocrx_word' id='word_1_162' title='bbox 66 998 134 1026; x_wconf 82' lang='lat' dir='ltr'><strong>tur:</strong></span> <span class='ocrx_word' id='word_1_163' title='bbox 161 1003 228 1024; x_wconf 90' lang='lat' dir='ltr'><strong>non</strong></span> <span class='ocrx_word' id='word_1_164' title='bbox 255 991 297 1024; x_wconf 90' lang='lat' dir='ltr'><strong>ad</strong></span> <span class='ocrx_word' id='word_1_165' title='bbox 326 996 486 1031; x_wconf 89' lang='lat' dir='ltr'><strong>aetatem,</strong></span> <span class='ocrx_word' id='word_1_166' title='bbox 513 991 570 1023; x_wconf 87' lang='lat' dir='ltr'><strong>sed</strong></span> <span class='ocrx_word' id='word_1_167' title='bbox 599 992 642 1025; x_wconf 84' lang='lat' dir='ltr'><strong>ad</strong></span> <span class='ocrx_word' id='word_1_168' title='bbox 669 993 735 1024; x_wconf 89' lang='lat' dir='ltr'><strong>vim</strong></span> <span class='ocrx_word' id='word_1_169' title='bbox 758 992 888 1036; x_wconf 87' lang='lat' dir='ltr'><strong>imperii</strong></span> <span class='ocrx_word' id='word_1_170' title='bbox 916 991 1090 1036; x_wconf 83' lang='lat' dir='ltr'><strong>pertinere.</strong></span> <span class='ocrx_word' id='word_1_171' title='bbox 1143 990 1295 1022; x_wconf 80' lang='lat' dir='ltr'><strong>Mortis</strong></span> <span class='ocrx_word' id='word_1_172' title='bbox 1322 1001 1452 1023; x_wconf 81' lang='lat' dir='ltr'><strong>causa</strong></span> <span class='ocrx_word' id='word_1_173' title='bbox 1479 988 1706 1033; x_wconf 78' lang='lat' dir='ltr'><strong>stipulatio</strong></span> <span class='ocrx_word' id='word_1_174' title='bbox 1735 986 1844 1020; x_wconf 85' lang='lat' dir='ltr'><strong>existi-</strong></span> 
     </span>
     <span class='ocr_line' id='line_1_17' title="bbox 67 1040 1847 1086; baseline -0.004 -9"><span class='ocrx_word' id='word_1_175' title='bbox 67 1049 176 1078; x_wconf 84' lang='lat' dir='ltr'><strong>matur</strong></span> <span class='ocrx_word' id='word_1_176' title='bbox 200 1044 289 1084; x_wconf 80' lang='lat' dir='ltr'><strong>fieri,</strong></span> <span class='ocrx_word' id='word_1_177' title='bbox 317 1048 352 1075; x_wconf 88' lang='lat' dir='ltr'><strong>ut</strong></span> <span class='ocrx_word' id='word_1_178' title='bbox 375 1043 419 1074; x_wconf 88' lang='lat' dir='ltr'><strong>ait</strong></span> <span class='ocrx_word' id='word_1_179' title='bbox 443 1043 597 1075; x_wconf 80' lang='lat' dir='ltr'><strong>Antistius</strong></span> <span class='ocrx_word' id='word_1_180' title='bbox 625 1044 759 1084; x_wconf 87' lang='lat' dir='ltr'><strong>Labe0,</strong></span> <span class='ocrx_word' id='word_1_181' title='bbox 804 1055 890 1086; x_wconf 89' lang='lat' dir='ltr'><strong>quae</strong></span> <span class='ocrx_word' id='word_1_182' title='bbox 921 1045 965 1076; x_wconf 90' lang='lat' dir='ltr'><strong>ita</strong></span> <span class='ocrx_word' id='word_1_183' title='bbox 993 1043 1047 1083; x_wconf 85' lang='lat' dir='ltr'><strong>fit,</strong></span> <span class='ocrx_word' id='word_1_184' title='bbox 1088 1047 1123 1074; x_wconf 90' lang='lat' dir='ltr'><strong>ut</strong></span> <span class='ocrx_word' id='word_1_185' title='bbox 1150 1047 1257 1074; x_wconf 81' lang='lat' dir='ltr'><strong>morte</strong></span> <span class='ocrx_word' id='word_1_186' title='bbox 1284 1041 1492 1086; x_wconf 81' lang='lat' dir='ltr'><strong>promissoris</strong></span> <span class='ocrx_word' id='word_1_187' title='bbox 1522 1040 1753 1079; x_wconf 81' lang='lat' dir='ltr'><strong>confirmetur,</strong></span> <span class='ocrx_word' id='word_1_188' title='bbox 1781 1043 1847 1077; x_wconf 88' lang='lat' dir='ltr'><strong>aut,</strong></span> 
     </span>
     <span class='ocr_line' id='line_1_18' title="bbox 68 1090 1847 1139; baseline -0.004 -11"><span class='ocrx_word' id='word_1_189' title='bbox 68 1101 103 1128; x_wconf 89' lang='lat' dir='ltr'><strong>ut</strong></span> <span class='ocrx_word' id='word_1_190' title='bbox 129 1095 268 1139; x_wconf 87' lang='lat' dir='ltr'><strong>quidam</strong></span> <span class='ocrx_word' id='word_1_191' title='bbox 295 1094 466 1136; x_wconf 87' lang='lat' dir='ltr'><strong>dixerunt,</strong></span> <span class='ocrx_word' id='word_1_192' title='bbox 509 1095 603 1128; x_wconf 90' lang='lat' dir='ltr'><strong>cuius</strong></span> <span class='ocrx_word' id='word_1_193' title='bbox 631 1095 850 1139; x_wconf 85' lang='lat' dir='ltr'><strong>stipulationis</strong></span> <span class='ocrx_word' id='word_1_194' title='bbox 878 1107 967 1128; x_wconf 87' lang='lat' dir='ltr'><strong>mors</strong></span> <span class='ocrx_word' id='word_1_195' title='bbox 995 1095 1059 1127; x_wconf 87' lang='lat' dir='ltr'><strong>fuit</strong></span> <span class='ocrx_word' id='word_1_196' title='bbox 1086 1105 1192 1127; x_wconf 85' lang='lat' dir='ltr'><strong>causa.</strong></span> <span class='ocrx_word' id='word_1_197' title='bbox 1252 1092 1518 1138; x_wconf 83' lang='lat' dir='ltr'><strong>Marspedis,</strong></span> <span class='ocrx_word' id='word_1_198' title='bbox 1553 1092 1619 1124; x_wconf 87' lang='lat' dir='ltr'><strong>sive</strong></span> <span class='ocrx_word' id='word_1_199' title='bbox 1656 1091 1724 1123; x_wconf 84' lang='lat' dir='ltr'><strong>sine</strong></span> <span class='ocrx_word' id='word_1_200' title='bbox 1750 1101 1766 1122; x_wconf 89' lang='lat' dir='ltr'><strong>r</strong></span> <span class='ocrx_word' id='word_1_201' title='bbox 1793 1090 1847 1121; x_wconf 90' lang='lat' dir='ltr'><strong>lit—</strong></span> 
     </span>
     <span class='ocr_line' id='line_1_19' title="bbox 67 1141 2009 1190; baseline -0.004 -11"><span class='ocrx_word' id='word_1_202' title='bbox 67 1153 137 1180; x_wconf 88' lang='lat' dir='ltr'><strong>tera</strong></span> <span class='ocrx_word' id='word_1_203' title='bbox 164 1145 332 1190; x_wconf 85' lang='lat' dir='ltr'><strong>maspedis</strong></span> <span class='ocrx_word' id='word_1_204' title='bbox 363 1146 588 1190; x_wconf 87' lang='lat' dir='ltr'><strong>imprecaticie</strong></span> <span class='ocrx_word' id='word_1_205' title='bbox 615 1148 714 1179; x_wconf 85' lang='lat' dir='ltr'><strong>solita</strong></span> <span class='ocrx_word' id='word_1_206' title='bbox 738 1147 901 1180; x_wconf 80' lang='lat' dir='ltr'><strong>vallium*</strong></span> <span class='ocrx_word' id='word_1_207' title='bbox 936 1146 1017 1190; x_wconf 91' lang='lat' dir='ltr'><strong>quid</strong></span> <span class='ocrx_word' id='word_1_208' title='bbox 1044 1146 1226 1190; x_wconf 85' lang='lat' dir='ltr'><strong>significet,</strong></span> <span class='ocrx_word' id='word_1_209' title='bbox 1262 1157 1304 1178; x_wconf 90' lang='lat' dir='ltr'><strong>ne</strong></span> <span class='ocrx_word' id='word_1_210' title='bbox 1328 1144 1474 1177; x_wconf 84' lang='lat' dir='ltr'><strong>Messala</strong></span> <span class='ocrx_word' id='word_1_211' title='bbox 1500 1143 1636 1187; x_wconf 89' lang='lat' dir='ltr'><strong>quidem</strong></span> <span class='ocrx_word' id='word_1_212' title='bbox 1669 1143 1788 1186; x_wconf 88' lang='lat' dir='ltr'><strong>Augur</strong></span> <span class='ocrx_word' id='word_1_213' title='bbox 1814 1141 1932 1189; x_wconf 38' lang='lat' dir='ltr'><strong>inm-in</strong></span> <span class='ocrx_word' id='word_1_214' title='bbox 1950 1156 2009 1188; x_wconf 53' lang='lat' dir='ltr'><strong>pres</strong></span> 
     </span>
     <span class='ocr_line' id='line_1_20' title="bbox 69 1183 2019 1243; baseline -0.005 -11"><span class='ocrx_word' id='word_1_215' title='bbox 69 1199 302 1243; x_wconf 84' lang='lat' dir='ltr'><strong>explanatione</strong></span> <span class='ocrx_word' id='word_1_216' title='bbox 328 1198 542 1242; x_wconf 81' lang='lat' dir='ltr'><strong>auguriorum</strong></span> <span class='ocrx_word' id='word_1_217' title='bbox 570 1199 717 1242; x_wconf 85' lang='lat' dir='ltr'><strong>reperire</strong></span> <span class='ocrx_word' id='word_1_218' title='bbox 743 1210 776 1232; x_wconf 84' lang='lat' dir='ltr'><strong>se</strong></span> <span class='ocrx_word' id='word_1_219' title='bbox 802 1198 947 1243; x_wconf 84' lang='lat' dir='ltr'><strong>potuisse</strong></span> <span class='ocrx_word' id='word_1_220' title='bbox 974 1198 1027 1230; x_wconf 88' lang='lat' dir='ltr'><strong>ait.</strong></span> <span class='ocrx_word' id='word_1_221' title='bbox 1083 1197 1290 1230; x_wconf 85' lang='lat' dir='ltr'><strong>Maiorem</strong></span> <span class='ocrx_word' id='word_1_222' title='bbox 1318 1196 1537 1229; x_wconf 87' lang='lat' dir='ltr'><strong>consulem</strong></span> <span class='ocrx_word' id='word_1_223' title='bbox 1565 1195 1605 1228; x_wconf 91' lang='lat' dir='ltr'><strong>L.</strong></span> <span class='ocrx_word' id='word_1_224' title='bbox 1632 1194 1754 1228; x_wconf 88' lang='lat' dir='ltr'><strong>Caesar</strong></span> <span class='ocrx_word' id='word_1_225' title='bbox 1781 1203 1844 1236; x_wconf 88' lang='lat' dir='ltr'><strong>pu·</strong></span> <span class='ocrx_word' id='word_1_226' title='bbox 1855 1183 2019 1243; x_wconf 48' lang='lat' dir='ltr'><strong>cffigssiffisuss·</strong></span> 
     </span>
     <span class='ocr_line' id='line_1_21' title="bbox 69 1247 1845 1293; baseline -0.003 -11"><span class='ocrx_word' id='word_1_227' title='bbox 69 1256 116 1282; x_wconf 90' lang='lat' dir='ltr'><strong>tat</strong></span> <span class='ocrx_word' id='word_1_228' title='bbox 143 1250 230 1290; x_wconf 90' lang='lat' dir='ltr'><strong>dici,</strong></span> <span class='ocrx_word' id='word_1_229' title='bbox 257 1249 311 1282; x_wconf 81' lang='lat' dir='ltr'><strong>vel</strong></span> <span class='ocrx_word' id='word_1_230' title='bbox 339 1261 434 1290; x_wconf 90' lang='lat' dir='ltr'><strong>eum,</strong></span> <span class='ocrx_word' id='word_1_231' title='bbox 461 1260 564 1292; x_wconf 89' lang='lat' dir='ltr'><strong>penes</strong></span> <span class='ocrx_word' id='word_1_232' title='bbox 590 1262 689 1293; x_wconf 88' lang='lat' dir='ltr'><strong>quem</strong></span> <span class='ocrx_word' id='word_1_233' title='bbox 714 1250 819 1283; x_wconf 79' lang='lat' dir='ltr'><strong>fasces</strong></span> <span class='ocrx_word' id='word_1_234' title='bbox 841 1251 922 1290; x_wconf 84' lang='lat' dir='ltr'><strong>sint,</strong></span> <span class='ocrx_word' id='word_1_235' title='bbox 949 1250 1002 1282; x_wconf 84' lang='lat' dir='ltr'><strong>vel</strong></span> <span class='ocrx_word' id='word_1_236' title='bbox 1031 1261 1126 1291; x_wconf 91' lang='lat' dir='ltr'><strong>eum,</strong></span> <span class='ocrx_word' id='word_1_237' title='bbox 1153 1250 1210 1292; x_wconf 88' lang='lat' dir='ltr'><strong>qui</strong></span> <span class='ocrx_word' id='word_1_238' title='bbox 1226 1249 1317 1293; x_wconf 89' lang='lat' dir='ltr'><strong>prior</strong></span> <span class='ocrx_word' id='word_1_239' title='bbox 1340 1248 1446 1282; x_wconf 85' lang='lat' dir='ltr'><strong>factus</strong></span> <span class='ocrx_word' id='word_1_240' title='bbox 1468 1247 1516 1279; x_wconf 88' lang='lat' dir='ltr'><strong>sit.</strong></span> <span class='ocrx_word' id='word_1_241' title='bbox 1570 1247 1764 1279; x_wconf 84' lang='lat' dir='ltr'><strong>Praetorem</strong></span> <span class='ocrx_word' id='word_1_242' title='bbox 1785 1255 1845 1276; x_wconf 90' lang='lat' dir='ltr'><strong>au-</strong></span> 
     </span>
     <span class='ocr_line' id='line_1_22' title="bbox 68 1293 1843 1350; baseline -0.003 -16"><span class='ocrx_word' id='word_1_243' title='bbox 68 1308 136 1334; x_wconf 87' lang='lat' dir='ltr'><strong>tem</strong></span> <span class='ocrx_word' id='word_1_244' title='bbox 155 1301 326 1340; x_wconf 84' lang='lat' dir='ltr'><strong>maiorem,</strong></span> <span class='ocrx_word' id='word_1_245' title='bbox 341 1300 532 1334; x_wconf 89' lang='lat' dir='ltr'><strong>Urbanum:</strong></span> <span class='ocrx_word' id='word_1_246' title='bbox 562 1303 705 1335; x_wconf 81' lang='lat' dir='ltr'><strong>minores</strong></span> <span class='ocrx_word' id='word_1_247' title='bbox 722 1313 759 1335; x_wconf 87' lang='lat' dir='ltr'><strong>ce</strong></span> <span class='ocrx_word' id='word_1_248' title='bbox 776 1298 795 1350; x_wconf 78' lang='grc' dir='ltr'>Η</span> <span class='ocrx_word' id='word_1_249' title='bbox 813 1308 909 1334; x_wconf 87' lang='lat' dir='ltr'><strong>teros.</strong></span> <span class='ocrx_word' id='word_1_250' title='bbox 938 1301 1186 1334; x_wconf 87' lang='lat' dir='ltr'><strong>Mendicum</strong></span> <span class='ocrx_word' id='word_1_251' title='bbox 1216 1301 1287 1334; x_wconf 83' lang='lat' dir='ltr'><strong>dici</strong></span> <span class='ocrx_word' id='word_1_252' title='bbox 1301 1300 1444 1333; x_wconf 78' lang='lat' dir='ltr'><strong>Verrius</strong></span> <span class='ocrx_word' id='word_1_253' title='bbox 1460 1302 1565 1344; x_wconf 82' lang='lat' dir='ltr'><strong>putat</strong></span> <span class='ocrx_word' id='word_1_254' title='bbox 1587 1309 1611 1331; x_wconf 86' lang='lat' dir='ltr'><strong>a</strong></span> <span class='ocrx_word' id='word_1_255' title='bbox 1632 1301 1746 1330; x_wconf 79' lang='lat' dir='ltr'><strong>mente</strong></span> <span class='ocrx_word' id='word_1_256' title='bbox 1764 1293 1843 1342; x_wconf 78' lang='lat'><strong>[1⁰]</strong></span> 
     </span>
     <span class='ocr_line' id='line_1_23' title="bbox 69 1346 1845 1399; baseline -0.003 -13"><span class='ocrx_word' id='word_1_257' title='bbox 69 1354 155 1392; x_wconf 76' lang='lat' dir='ltr'><strong>eius,</strong></span> <span class='ocrx_word' id='word_1_258' title='bbox 183 1364 282 1396; x_wconf 88' lang='lat' dir='ltr'><strong>quam</strong></span> <span class='ocrx_word' id='word_1_259' title='bbox 312 1351 435 1384; x_wconf 86' lang='lat' dir='ltr'><strong>fefellit</strong></span> <span class='ocrx_word' id='word_1_260' title='bbox 460 1351 633 1397; x_wconf 78' lang='lat' dir='ltr'><strong>fortuna,</strong></span> <span class='ocrx_word' id='word_1_261' title='bbox 668 1354 724 1386; x_wconf 83' lang='lat' dir='ltr'><strong>vel</strong></span> <span class='ocrx_word' id='word_1_262' title='bbox 751 1354 845 1399; x_wconf 82' lang='lat' dir='ltr'><strong>quod</strong></span> <span class='ocrx_word' id='word_1_263' title='bbox 867 1357 1038 1398; x_wconf 75' lang='lat' dir='ltr'><strong>precetur</strong></span> <span class='ocrx_word' id='word_1_264' title='bbox 1064 1364 1233 1398; x_wconf 78' lang='lat' dir='ltr'><strong>quemque</strong></span> <span class='ocrx_word' id='word_1_265' title='bbox 1259 1357 1295 1385; x_wconf 92' lang='lat' dir='ltr'><strong>ut</strong></span> <span class='ocrx_word' id='word_1_266' title='bbox 1325 1353 1412 1384; x_wconf 84' lang='lat' dir='ltr'><strong>vitae</strong></span> <span class='ocrx_word' id='word_1_267' title='bbox 1439 1362 1521 1383; x_wconf 86' lang='lat' dir='ltr'><strong>suae</strong></span> <span class='ocrx_word' id='word_1_268' title='bbox 1547 1350 1734 1383; x_wconf 79' lang='lat' dir='ltr'><strong>medeatur</strong></span> <span class='ocrx_word' id='word_1_269' title='bbox 1760 1346 1845 1380; x_wconf 80' lang='lat' dir='ltr'><strong>cibo.</strong></span> 
     </span>
     <span class='ocr_line' id='line_1_24' title="bbox 71 1399 1846 1450; baseline -0.003 -13"><span class='ocrx_word' id='word_1_270' title='bbox 71 1404 221 1437; x_wconf 66' lang='lat' dir='ltr'><strong>Blater</strong></span> <span class='ocrx_word' id='word_1_271' title='bbox 247 1403 446 1445; x_wconf 76' lang='lat' dir='ltr'><strong>Matuta,</strong></span> <span class='ocrx_word' id='word_1_272' title='bbox 475 1405 597 1448; x_wconf 86' lang='lat' dir='ltr'><strong>manis,</strong></span> <span class='ocrx_word' id='word_1_273' title='bbox 623 1417 744 1446; x_wconf 74' lang='lat' dir='ltr'><strong>mane,</strong></span> <span class='ocrx_word' id='word_1_274' title='bbox 776 1405 1052 1445; x_wconf 80' lang='lat' dir='ltr'><strong>matrimonium,</strong></span> <span class='ocrx_word' id='word_1_275' title='bbox 1090 1408 1204 1437; x_wconf 87' lang='lat' dir='ltr'><strong>mater</strong></span> <span class='ocrx_word' id='word_1_276' title='bbox 1227 1403 1418 1450; x_wconf 77' lang='lat' dir='ltr'><strong>familiae,</strong></span> <span class='ocrx_word' id='word_1_277' title='bbox 1450 1407 1643 1442; x_wconf 85' lang='lat' dir='ltr'><strong>matertera,</strong></span> <span class='ocrx_word' id='word_1_278' title='bbox 1670 1399 1846 1437; x_wconf 78' lang='lat' dir='ltr'><strong>matrices,</strong></span> 
     </span>
     <span class='ocr_line' id='line_1_25' title="bbox 71 1453 1847 1501; baseline -0.002 -12"><span class='ocrx_word' id='word_1_279' title='bbox 71 1456 244 1490; x_wconf 79' lang='lat' dir='ltr'><strong>materiae</strong></span> <span class='ocrx_word' id='word_1_280' title='bbox 271 1455 390 1488; x_wconf 80' lang='lat' dir='ltr'><strong>dictae</strong></span> <span class='ocrx_word' id='word_1_281' title='bbox 415 1455 595 1497; x_wconf 81' lang='lat' dir='ltr'><strong>videntur,</strong></span> <span class='ocrx_word' id='word_1_282' title='bbox 637 1463 672 1489; x_wconf 93' lang='lat' dir='ltr'><strong>ut</strong></span> <span class='ocrx_word' id='word_1_283' title='bbox 698 1458 741 1490; x_wconf 89' lang='lat' dir='ltr'><strong>ait</strong></span> <span class='ocrx_word' id='word_1_284' title='bbox 770 1457 931 1496; x_wconf 83' lang='lat' dir='ltr'><strong>Verrius,</strong></span> <span class='ocrx_word' id='word_1_285' title='bbox 977 1457 1060 1501; x_wconf 79' lang='lat' dir='ltr'><strong>quia</strong></span> <span class='ocrx_word' id='word_1_286' title='bbox 1086 1457 1154 1489; x_wconf 78' lang='lat' dir='ltr'><strong>sint</strong></span> <span class='ocrx_word' id='word_1_287' title='bbox 1181 1456 1289 1489; x_wconf 81' lang='lat' dir='ltr'><strong>bona.-</strong></span> <span class='ocrx_word' id='word_1_288' title='bbox 1331 1455 1454 1501; x_wconf 82' lang='lat' dir='ltr'><strong>qualia</strong></span> <span class='ocrx_word' id='word_1_289' title='bbox 1484 1454 1613 1487; x_wconf 79' lang='lat' dir='ltr'><strong>scilicet</strong></span> <span class='ocrx_word' id='word_1_290' title='bbox 1640 1453 1719 1493; x_wconf 87' lang='lat' dir='ltr'><strong>sint,</strong></span> <span class='ocrx_word' id='word_1_291' title='bbox 1762 1461 1847 1494; x_wconf 81' lang='lat' dir='ltr'><strong>quae</strong></span> 
     </span>
     <span class='ocr_line' id='line_1_26' title="bbox 71 1503 1846 1553; baseline -0.002 -13"><span class='ocrx_word' id='word_1_292' title='bbox 71 1511 149 1540; x_wconf 83' lang='lat' dir='ltr'><strong>sunt</strong></span> <span class='ocrx_word' id='word_1_293' title='bbox 176 1511 329 1540; x_wconf 87' lang='lat' dir='ltr'><strong>matura.</strong></span> <span class='ocrx_word' id='word_1_294' title='bbox 357 1506 412 1540; x_wconf 88' lang='lat' dir='ltr'><strong>vel</strong></span> <span class='ocrx_word' id='word_1_295' title='bbox 434 1508 553 1552; x_wconf 79' lang='lat' dir='ltr'><strong>potius</strong></span> <span class='ocrx_word' id='word_1_296' title='bbox 580 1520 603 1541; x_wconf 84' lang='lat' dir='ltr'><strong>a</strong></span> <span class='ocrx_word' id='word_1_297' title='bbox 630 1513 756 1549; x_wconf 80' lang='lat' dir='ltr'><strong>matre,</strong></span> <span class='ocrx_word' id='word_1_298' title='bbox 783 1520 870 1552; x_wconf 86' lang='lat' dir='ltr'><strong>quae</strong></span> <span class='ocrx_word' id='word_1_299' title='bbox 891 1514 939 1541; x_wconf 90' lang='lat' dir='ltr'><strong>est</strong></span> <span class='ocrx_word' id='word_1_300' title='bbox 966 1508 1112 1553; x_wconf 78' lang='lat' dir='ltr'><strong>originis</strong></span> <span class='ocrx_word' id='word_1_301' title='bbox 1143 1507 1325 1547; x_wconf 75' lang='lat' dir='ltr'><strong>Graecae,</strong></span> <span class='ocrx_word' id='word_1_302' title='bbox 1352 1503 1468 1553; x_wconf 74' lang='grc' dir='ltr'><em>μήτηρ</em></span> <span class='ocrx_word' id='word_1_303' title='bbox 1483 1504 1527 1539; x_wconf 77' lang='lat'><strong>¹⁰.</strong></span> <span class='ocrx_word' id='word_1_304' title='bbox 1580 1505 1714 1538; x_wconf 80' lang='lat' dir='ltr'><strong>Modo</strong></span> <span class='ocrx_word' id='word_1_305' title='bbox 1740 1514 1846 1545; x_wconf 76' lang='lat' dir='ltr'><strong>quo-</strong></span> 
     </span>
     <span class='ocr_line' id='line_1_27' title="bbox 73 1554 1846 1599; baseline -0.001 -9"><span class='ocrx_word' id='word_1_306' title='bbox 73 1559 164 1591; x_wconf 88' lang='lat' dir='ltr'><strong>dam</strong></span> <span class='ocrx_word' id='word_1_307' title='bbox 202 1558 237 1590; x_wconf 87' lang='lat' dir='ltr'><strong>id</strong></span> <span class='ocrx_word' id='word_1_308' title='bbox 277 1562 326 1591; x_wconf 88' lang='lat' dir='ltr'><strong>est</strong></span> <span class='ocrx_word' id='word_1_309' title='bbox 360 1559 514 1599; x_wconf 79' lang='lat' dir='ltr'><strong>ratione,</strong></span> <span class='ocrx_word' id='word_1_310' title='bbox 560 1561 724 1593; x_wconf 73' lang='lat' dir='ltr'><strong>(licuntur</strong></span> <span class='ocrx_word' id='word_1_311' title='bbox 757 1561 825 1593; x_wconf 76' lang='lat' dir='ltr'><strong>ista</strong></span> <span class='ocrx_word' id='word_1_312' title='bbox 862 1560 997 1593; x_wconf 80' lang='lat' dir='ltr'><strong>omm‘a:</strong></span> <span class='ocrx_word' id='word_1_313' title='bbox 1042 1571 1065 1592; x_wconf 90' lang='lat' dir='ltr'><strong>a</strong></span> <span class='ocrx_word' id='word_1_314' title='bbox 1099 1561 1204 1593; x_wconf 80' lang='lat' dir='ltr'><strong>modo</strong></span> <span class='ocrx_word' id='word_1_315' title='bbox 1248 1560 1286 1591; x_wconf 88' lang='lat' dir='ltr'><strong>fit</strong></span> <span class='ocrx_word' id='word_1_316' title='bbox 1333 1558 1582 1598; x_wconf 80' lang='lat' dir='ltr'><strong>commoditas,</strong></span> <span class='ocrx_word' id='word_1_317' title='bbox 1635 1554 1846 1589; x_wconf 69' lang='lat' dir='ltr'><strong>commodus.</strong></span> 
     </span>
     <span class='ocr_line' id='line_1_28' title="bbox 72 1609 1457 1653; baseline -0.001 -11"><span class='ocrx_word' id='word_1_318' title='bbox 72 1609 289 1649; x_wconf 79' lang='lat' dir='ltr'><strong>commodat,</strong></span> <span class='ocrx_word' id='word_1_319' title='bbox 317 1611 571 1652; x_wconf 79' lang='lat' dir='ltr'><strong>accommodat,</strong></span> <span class='ocrx_word' id='word_1_320' title='bbox 598 1612 752 1653; x_wconf 82' lang='lat' dir='ltr'><strong>modice,</strong></span> <span class='ocrx_word' id='word_1_321' title='bbox 779 1612 969 1651; x_wconf 78' lang='lat' dir='ltr'><strong>modestia,</strong></span> <span class='ocrx_word' id='word_1_322' title='bbox 997 1611 1209 1652; x_wconf 80' lang='lat' dir='ltr'><strong>moderatio,</strong></span> <span class='ocrx_word' id='word_1_323' title='bbox 1237 1610 1457 1644; x_wconf 78' lang='lat' dir='ltr'><strong>modificatio.</strong></span> 
     </span>
    </p>

    <p class='ocr_par' dir='ltr' id='par_1_5' title="bbox 74 1655 1996 1967">
     <span class='ocr_line' id='line_1_29' title="bbox 237 1655 1844 1708; baseline -0.006 -12"><span class='ocrx_word' id='word_1_324' title='bbox 237 1661 399 1693; x_wconf 78' lang='lat' dir='ltr'><strong>Naeuia</strong></span> <span class='ocrx_word' id='word_1_325' title='bbox 418 1659 447 1681; x_wconf 74' lang='grc' dir='ltr'><strong>Π</strong></span> <span class='ocrx_word' id='word_1_326' title='bbox 485 1668 533 1695; x_wconf 88' lang='lat' dir='ltr'><strong>est</strong></span> <span class='ocrx_word' id='word_1_327' title='bbox 563 1674 724 1703; x_wconf 83' lang='lat' dir='ltr'><strong>carmen,</strong></span> <span class='ocrx_word' id='word_1_328' title='bbox 759 1664 853 1708; x_wconf 82' lang='lat' dir='ltr'><strong>quod</strong></span> <span class='ocrx_word' id='word_1_329' title='bbox 879 1664 913 1696; x_wconf 82' lang='grc' dir='ltr'><strong>ἱη</strong></span> <span class='ocrx_word' id='word_1_330' title='bbox 939 1662 1073 1708; x_wconf 83' lang='lat' dir='ltr'><strong>sunere</strong></span> <span class='ocrx_word' id='word_1_331' title='bbox 1106 1663 1283 1695; x_wconf 81' lang='lat' dir='ltr'><strong>laudandi</strong></span> <span class='ocrx_word' id='word_1_332' title='bbox 1318 1662 1425 1706; x_wconf 85' lang='lat' dir='ltr'><strong>gratia</strong></span> <span class='ocrx_word' id='word_1_333' title='bbox 1452 1663 1612 1693; x_wconf 84' lang='lat' dir='ltr'><strong>cantatur</strong></span> <span class='ocrx_word' id='word_1_334' title='bbox 1639 1658 1690 1690; x_wconf 86' lang='lat' dir='ltr'><strong>ad</strong></span> <span class='ocrx_word' id='word_1_335' title='bbox 1714 1655 1844 1689; x_wconf 79' lang='lat' dir='ltr'><strong>tibiam.</strong></span> 
     </span>
     <span class='ocr_line' id='line_1_30' title="bbox 74 1707 1845 1759; baseline -0.002 -16"><span class='ocrx_word' id='word_1_336' title='bbox 74 1710 168 1754; x_wconf 85' lang='lat' dir='ltr'><strong>quod</strong></span> <span class='ocrx_word' id='word_1_337' title='bbox 187 1710 394 1744; x_wconf 77' lang='lat' dir='ltr'><strong>vocabulum</strong></span> <span class='ocrx_word' id='word_1_338' title='bbox 422 1711 591 1758; x_wconf 81' lang='lat' dir='ltr'><strong>Afranius</strong></span> <span class='ocrx_word' id='word_1_339' title='bbox 617 1715 650 1747; x_wconf 91' lang='lat' dir='ltr'><strong>in</strong></span> <span class='ocrx_word' id='word_1_340' title='bbox 677 1715 878 1748; x_wconf 82' lang='lat' dir='ltr'><strong>Materteris</strong></span> <span class='ocrx_word' id='word_1_341' title='bbox 899 1715 1026 1759; x_wconf 81' lang='lat' dir='ltr'><strong>posuit.</strong></span> <span class='ocrx_word' id='word_1_342' title='bbox 1081 1714 1258 1748; x_wconf 58' lang='lat' dir='ltr'><strong>Naeuium</strong></span> <span class='ocrx_word' id='word_1_343' title='bbox 1287 1717 1404 1746; x_wconf 81' lang='lat' dir='ltr'><strong>autem</strong></span> <span class='ocrx_word' id='word_1_344' title='bbox 1427 1712 1516 1744; x_wconf 83' lang='lat' dir='ltr'><strong>inter</strong></span> <span class='ocrx_word' id='word_1_345' title='bbox 1543 1709 1715 1753; x_wconf 72' lang='lat' dir='ltr'><strong>exsequias</strong></span> <span class='ocrx_word' id='word_1_346' title='bbox 1742 1707 1845 1741; x_wconf 85' lang='lat' dir='ltr'><strong>canti-</strong></span> 
     </span>
     <span class='ocr_line' id='line_1_31' title="bbox 74 1757 1848 1813; baseline 0 -19"><span class='ocrx_word' id='word_1_347' title='bbox 74 1761 207 1795; x_wconf 72' lang='lat' dir='ltr'><strong>tabam.</strong></span> <span class='ocrx_word' id='word_1_348' title='bbox 233 1766 310 1796; x_wconf 80' lang='lat' dir='ltr'><strong>sunt</strong></span> <span class='ocrx_word' id='word_1_349' title='bbox 329 1763 388 1807; x_wconf 81' lang='lat' dir='ltr'><strong>qm·</strong></span> <span class='ocrx_word' id='word_1_350' title='bbox 410 1775 449 1797; x_wconf 83' lang='lat' dir='ltr'><strong>eo</strong></span> <span class='ocrx_word' id='word_1_351' title='bbox 475 1765 581 1799; x_wconf 79' lang='lat' dir='ltr'><strong>verbo</strong></span> <span class='ocrx_word' id='word_1_352' title='bbox 592 1765 710 1813; x_wconf 81' lang='lat' dir='ltr'><strong>finem</strong></span> <span class='ocrx_word' id='word_1_353' title='bbox 736 1767 923 1812; x_wconf 78' lang='lat' dir='ltr'><strong>significari</strong></span> <span class='ocrx_word' id='word_1_354' title='bbox 947 1766 1180 1801; x_wconf 76' lang='lat' dir='ltr'><strong>crediderunt.</strong></span> <span class='ocrx_word' id='word_1_355' title='bbox 1236 1766 1388 1798; x_wconf 82' lang='lat' dir='ltr'><strong>Plautus</strong></span> <span class='ocrx_word' id='word_1_356' title='bbox 1403 1764 1437 1796; x_wconf 82' lang='lat' dir='ltr'><strong>in</strong></span> <span class='ocrx_word' id='word_1_357' title='bbox 1794 1757 1848 1790; x_wconf 70' lang='lat' dir='ltr'><strong>abl</strong></span> 
     </span>
     <span class='ocr_line' id='line_1_32' title="bbox 74 1811 1849 1858; baseline -0.009 0"><span class='ocrx_word' id='word_1_358' title='bbox 74 1825 157 1858; x_wconf 50' lang='lat' dir='ltr'><strong>‘&#39;fg‘&#39;</strong></span> <span class='ocrx_word' id='word_1_359' title='bbox 394 1842 401 1849; x_wconf 87' lang='lat'><em>·</em></span> <span class='ocrx_word' id='word_1_360' title='bbox 455 1840 462 1847; x_wconf 93' lang='lat'><strong>·</strong></span> <span class='ocrx_word' id='word_1_361' title='bbox 517 1842 525 1850; x_wconf 82' lang='lat'><strong>·</strong></span> <span class='ocrx_word' id='word_1_362' title='bbox 578 1844 586 1852; x_wconf 89' lang='lat'><strong>.</strong></span> <span class='ocrx_word' id='word_1_363' title='bbox 640 1843 647 1851; x_wconf 89' lang='lat'><strong>.</strong></span> <span class='ocrx_word' id='word_1_364' title='bbox 702 1844 708 1851; x_wconf 96' lang='lat'>.</span> <span class='ocrx_word' id='word_1_365' title='bbox 1010 1818 1103 1850; x_wconf 85' lang='lat' dir='ltr'><strong>Idem</strong></span> <span class='ocrx_word' id='word_1_366' title='bbox 1128 1817 1267 1850; x_wconf 87' lang='lat' dir='ltr'><strong>Trucul.</strong></span> <span class='ocrx_word' id='word_1_367' title='bbox 1322 1816 1412 1848; x_wconf 87' lang='lat' dir='ltr'><strong>Huic</strong></span> <span class='ocrx_word' id='word_1_368' title='bbox 1440 1814 1596 1846; x_wconf 78' lang='lat' dir='ltr'><strong>nomini*</strong></span> <span class='ocrx_word' id='word_1_369' title='bbox 1616 1811 1752 1845; x_wconf 76' lang='lat' dir='ltr'><strong>amanti</strong></span> <span class='ocrx_word' id='word_1_370' title='bbox 1769 1821 1849 1842; x_wconf 82' lang='lat' dir='ltr'><strong>mea</strong></span> 
     </span>
     <span class='ocr_line' id='line_1_33' title="bbox 74 1861 1996 1912; baseline -0.002 -15"><span class='ocrx_word' id='word_1_371' title='bbox 74 1864 164 1897; x_wconf 81' lang='lat' dir='ltr'><strong>hera</strong></span> <span class='ocrx_word' id='word_1_372' title='bbox 191 1864 271 1897; x_wconf 86' lang='lat' dir='ltr'><strong>dixit</strong></span> <span class='ocrx_word' id='word_1_373' title='bbox 298 1865 408 1906; x_wconf 86' lang='lat' dir='ltr'><strong>domi,</strong></span> <span class='ocrx_word' id='word_1_374' title='bbox 443 1874 476 1900; x_wconf 86' lang='lat' dir='ltr'><strong>et</strong></span> <span class='ocrx_word' id='word_1_375' title='bbox 501 1869 597 1912; x_wconf 85' lang='lat' dir='ltr'><strong>apud</strong></span> <span class='ocrx_word' id='word_1_376' title='bbox 622 1880 685 1903; x_wconf 75' lang='lat' dir='ltr'><strong>nos</strong></span> <span class='ocrx_word' id='word_1_377' title='bbox 710 1870 756 1903; x_wconf 84' lang='lat' dir='ltr'><strong>de</strong></span> <span class='ocrx_word' id='word_1_378' title='bbox 783 1869 879 1903; x_wconf 77' lang='lat' dir='ltr'><strong>bonis</strong></span> <span class='ocrx_word' id='word_1_379' title='bbox 910 1869 1066 1902; x_wconf 70' lang='lat' dir='ltr'><strong>naeniam</strong></span> <span class='ocrx_word' id='word_1_380' title='bbox 1080 1867 1113 1890; x_wconf 78' lang='lat'><strong>¹2</strong></span> <span class='ocrx_word' id='word_1_381' title='bbox 1142 1876 1210 1902; x_wconf 78' lang='lat' dir='ltr'><strong>esto</strong></span> <span class='ocrx_word' id='word_1_382' title='bbox 1222 1870 1249 1900; x_wconf 87' lang='lat'><strong>*.</strong></span> <span class='ocrx_word' id='word_1_383' title='bbox 1303 1866 1477 1907; x_wconf 86' lang='lat' dir='ltr'><strong>Quosdam</strong></span> <span class='ocrx_word' id='word_1_384' title='bbox 1505 1866 1625 1898; x_wconf 77' lang='lat' dir='ltr'><strong>dicunt</strong></span> <span class='ocrx_word' id='word_1_385' title='bbox 1654 1864 1744 1896; x_wconf 81' lang='lat' dir='ltr'><strong>velle</strong></span> <span class='ocrx_word' id='word_1_386' title='bbox 1771 1861 1850 1894; x_wconf 75' lang='lat' dir='ltr'><strong>ideo</strong></span> <span class='ocrx_word' id='word_1_387' title='bbox 1876 1862 1996 1888; x_wconf 72' lang='lat' dir='ltr'><strong>’f-mesw</strong></span> 
     </span>
     <span class='ocr_line' id='line_1_34' title="bbox 74 1912 1978 1967; baseline -0.004 -16"><span class='ocrx_word' id='word_1_388' title='bbox 74 1916 146 1949; x_wconf 74' lang='grc' dir='ltr'><strong>(Ιίσὶ</strong></span> <span class='ocrx_word' id='word_1_389' title='bbox 161 1917 325 1949; x_wconf 77' lang='lat' dir='ltr'><strong>naeniam</strong></span> <span class='ocrx_word' id='word_1_390' title='bbox 349 1918 441 1960; x_wconf 86' lang='lat' dir='ltr'><strong>quod</strong></span> <span class='ocrx_word' id='word_1_391' title='bbox 464 1921 520 1952; x_wconf 87' lang='lat' dir='ltr'><strong>et*</strong></span> <span class='ocrx_word' id='word_1_392' title='bbox 547 1921 620 1953; x_wconf 86' lang='lat' dir='ltr'><strong>voci</strong></span> <span class='ocrx_word' id='word_1_393' title='bbox 644 1921 785 1954; x_wconf 79' lang='lat' dir='ltr'><strong>similior</strong></span> <span class='ocrx_word' id='word_1_394' title='bbox 801 1921 1018 1966; x_wconf 81' lang='lat' dir='ltr'><strong>querimonia</strong></span> <span class='ocrx_word' id='word_1_395' title='bbox 1030 1920 1196 1967; x_wconf 81' lang='lat' dir='ltr'><strong>flentium</strong></span> <span class='ocrx_word' id='word_1_396' title='bbox 1211 1920 1260 1951; x_wconf 76' lang='lat' dir='ltr'><strong>sit.</strong></span> <span class='ocrx_word' id='word_1_397' title='bbox 1283 1918 1420 1961; x_wconf 85' lang='lat' dir='ltr'><strong>quidam</strong></span> <span class='ocrx_word' id='word_1_398' title='bbox 1441 1918 1531 1949; x_wconf 84' lang='lat' dir='ltr'><strong>aiunt</strong></span> <span class='ocrx_word' id='word_1_399' title='bbox 1548 1915 1691 1949; x_wconf 78' lang='lat' dir='ltr'><strong>naeniae</strong></span> <span class='ocrx_word' id='word_1_400' title='bbox 1706 1915 1850 1947; x_wconf 84' lang='lat' dir='ltr'><strong>ductum</strong></span> <span class='ocrx_word' id='word_1_401' title='bbox 1899 1913 1936 1937; x_wconf 74' lang='lat' dir='ltr'><strong>&#39;f·</strong></span> <span class='ocrx_word' id='word_1_402' title='bbox 1955 1912 1978 1937; x_wconf 80' lang='lat' dir='ltr'><strong>ei</strong></span> 
     </span>
    </p>
   </div>
   <div class='ocr_carea' id='block_1_3' title="bbox 73 1965 2009 2024">
    <p class='ocr_par' dir='ltr' id='par_1_6' title="bbox 73 1965 2009 2024">
     <span class='ocr_line' id='line_1_35' title="bbox 73 1965 2009 2024; baseline 0 -24"><span class='ocrx_word' id='word_1_403' title='bbox 73 1978 196 2000; x_wconf 77' lang='lat' dir='ltr'><strong>nomen</strong></span> <span class='ocrx_word' id='word_1_404' title='bbox 224 1967 270 2001; x_wconf 82' lang='lat' dir='ltr'><strong>ab</strong></span> <span class='ocrx_word' id='word_1_405' title='bbox 297 1969 441 2002; x_wconf 80' lang='lat' dir='ltr'><strong>extremi</strong></span> <span class='ocrx_word' id='word_1_406' title='bbox 467 1972 608 2004; x_wconf 76' lang='lat' dir='ltr'><strong>intestini</strong></span> <span class='ocrx_word' id='word_1_407' title='bbox 636 1973 820 2014; x_wconf 73' lang='lat' dir='ltr'><strong>vocabulo,</strong></span> <span class='ocrx_word' id='word_1_408' title='bbox 861 1972 912 2005; x_wconf 85' lang='lat' dir='ltr'><strong>ad</strong></span> <span class='ocrx_word' id='word_1_409' title='bbox 937 1973 1031 2017; x_wconf 80' lang='lat' dir='ltr'><strong>quod</strong></span> <span class='ocrx_word' id='word_1_410' title='bbox 1061 1971 1287 2017; x_wconf 79' lang='lat' dir='ltr'><strong>probandum</strong></span> <span class='ocrx_word' id='word_1_411' title='bbox 1315 1969 1506 2002; x_wconf 84' lang='lat' dir='ltr'><strong>testimonio</strong></span> <span class='ocrx_word' id='word_1_412' title='bbox 1531 1968 1658 2001; x_wconf 82' lang='lat' dir='ltr'><strong>utitur*</strong></span> <span class='ocrx_word' id='word_1_413' title='bbox 1686 1965 2009 2024; x_wconf 48' lang='lat' dir='ltr'><strong>Plautus*&#39;f·p¹¹¹{¹‡l¹g¹¹¹</strong></span> 
     </span>
    </p>
   </div>
   <div class='ocr_carea' id='block_1_4' title="bbox 1869 1810 2005 1836">
    <p class='ocr_par' dir='ltr' id='par_1_7' title="bbox 1869 1810 2005 1836">
     <span class='ocr_line' id='line_1_36' title="bbox 1869 1810 2005 1836; baseline -0.015 0"><span class='ocrx_word' id='word_1_414' title='bbox 1869 1812 1877 1821; x_wconf 82' lang='lat'>&#39;</span> <span class='ocrx_word' id='word_1_415' title='bbox 1886 1811 1901 1836; x_wconf 82' lang='lat' dir='ltr'><strong>s.</strong></span> <span class='ocrx_word' id='word_1_416' title='bbox 1913 1810 2005 1836; x_wconf 86' lang='lat' dir='ltr'><strong>homini</strong></span> 
     </span>
    </p>
   </div>
   <div class='ocr_carea' id='block_1_5' title="bbox 74 2109 1849 2154">
    <p class='ocr_par' dir='ltr' id='par_1_8' title="bbox 74 2109 1849 2154">
     <span class='ocr_line' id='line_1_37' title="bbox 74 2109 1849 2154; baseline -0.002 -15"><span class='ocrx_word' id='word_1_417' title='bbox 74 2111 173 2147; x_wconf 71' lang='lat' dir='ltr'><strong>Salis,</strong></span> <span class='ocrx_word' id='word_1_418' title='bbox 197 2110 408 2140; x_wconf 76' lang='lat' dir='ltr'><strong>emendandus.</strong></span> <span class='ocrx_word' id='word_1_419' title='bbox 455 2113 563 2143; x_wconf 89' lang='lat' dir='ltr'><strong>Muries</strong></span> <span class='ocrx_word' id='word_1_420' title='bbox 588 2114 619 2143; x_wconf 80' lang='lat' dir='ltr'><strong>lit</strong></span> <span class='ocrx_word' id='word_1_421' title='bbox 636 2125 673 2144; x_wconf 78' lang='lat' dir='ltr'><strong>ex</strong></span> <span class='ocrx_word' id='word_1_422' title='bbox 690 2116 770 2152; x_wconf 84' lang='lat' dir='ltr'><strong>sale,</strong></span> <span class='ocrx_word' id='word_1_423' title='bbox 794 2115 873 2154; x_wconf 83' lang='lat' dir='ltr'><strong>quod</strong></span> <span class='ocrx_word' id='word_1_424' title='bbox 897 2116 941 2144; x_wconf 85' lang='lat' dir='ltr'><strong>sal</strong></span> <span class='ocrx_word' id='word_1_425' title='bbox 983 2116 1014 2144; x_wconf 85' lang='lat' dir='ltr'><strong>in</strong></span> <span class='ocrx_word' id='word_1_426' title='bbox 1032 2115 1182 2152; x_wconf 71' lang='lat' dir='ltr'><strong>Augusto,</strong></span> <span class='ocrx_word' id='word_1_427' title='bbox 1207 2113 1243 2142; x_wconf 86' lang='lat' dir='ltr'><strong>de</strong></span> <span class='ocrx_word' id='word_1_428' title='bbox 1261 2113 1369 2142; x_wconf 82' lang='lat' dir='ltr'><strong>Salutis</strong></span> <span class='ocrx_word' id='word_1_429' title='bbox 1388 2113 1520 2152; x_wconf 77' lang='lat' dir='ltr'><strong>augurio.</strong></span> <span class='ocrx_word' id='word_1_430' title='bbox 1550 2114 1626 2142; x_wconf 77' lang='lat' dir='ltr'><strong>Urs.</strong></span> <span class='ocrx_word' id='word_1_431' title='bbox 1650 2129 1687 2134; x_wconf 92' lang='lat'><strong>--</strong></span> <span class='ocrx_word' id='word_1_432' title='bbox 1718 2110 1762 2147; x_wconf 90' lang='grc'><strong>10)</strong></span> <span class='ocrx_word' id='word_1_433' title='bbox 1781 2109 1849 2137; x_wconf 83' lang='lat' dir='ltr'><strong>Mo-</strong></span> 
     </span>
    </p>
   </div>
   <div class='ocr_carea' id='block_1_6' title="bbox 72 2153 940 2452">
    <p class='ocr_par' dir='ltr' id='par_1_9' title="bbox 72 2153 940 2452">
     <span class='ocr_line' id='line_1_38' title="bbox 73 2153 938 2200; baseline 0.007 -20"><span class='ocrx_word' id='word_1_434' title='bbox 73 2153 228 2200; x_wconf 63' lang='lat' dir='ltr'><strong>aordidum</strong></span> <span class='ocrx_word' id='word_1_435' title='bbox 252 2153 388 2192; x_wconf 86' lang='lat' dir='ltr'><strong>pinsum,</strong></span> <span class='ocrx_word' id='word_1_436' title='bbox 412 2161 440 2185; x_wconf 86' lang='lat' dir='ltr'><strong>et</strong></span> <span class='ocrx_word' id='word_1_437' title='bbox 458 2156 487 2184; x_wconf 87' lang='lat' dir='ltr'><strong>in</strong></span> <span class='ocrx_word' id='word_1_438' title='bbox 502 2157 588 2186; x_wconf 84' lang='lat' dir='ltr'><strong>ollam</strong></span> <span class='ocrx_word' id='word_1_439' title='bbox 607 2158 711 2187; x_wconf 84' lang='lat' dir='ltr'><strong>rudem</strong></span> <span class='ocrx_word' id='word_1_440' title='bbox 726 2158 845 2187; x_wconf 74' lang='lat' dir='ltr'><strong>fictilem</strong></span> <span class='ocrx_word' id='word_1_441' title='bbox 866 2169 938 2186; x_wconf 84' lang='lat' dir='ltr'><strong>con-</strong></span> 
     </span>
     <span class='ocr_line' id='line_1_39' title="bbox 72 2197 940 2237; baseline 0.006 -13"><span class='ocrx_word' id='word_1_442' title='bbox 72 2200 183 2224; x_wconf 75' lang='lat' dir='ltr'><strong>iectum</strong></span> <span class='ocrx_word' id='word_1_443' title='bbox 207 2200 263 2224; x_wconf 85' lang='lat' dir='ltr'><strong>etc.</strong></span> <span class='ocrx_word' id='word_1_444' title='bbox 303 2197 380 2226; x_wconf 74' lang='lat' dir='ltr'><strong>UrS.</strong></span> <span class='ocrx_word' id='word_1_445' title='bbox 410 2217 448 2222; x_wconf 87' lang='lat'><strong>-—</strong></span> <span class='ocrx_word' id='word_1_446' title='bbox 479 2200 507 2235; x_wconf 90' lang='lat'><strong>7)</strong></span> <span class='ocrx_word' id='word_1_447' title='bbox 530 2200 646 2228; x_wconf 80' lang='lat' dir='ltr'><strong>Lacuna</strong></span> <span class='ocrx_word' id='word_1_448' title='bbox 673 2202 754 2229; x_wconf 85' lang='lat' dir='ltr'><strong>nulla</strong></span> <span class='ocrx_word' id='word_1_449' title='bbox 776 2201 940 2237; x_wconf 65' lang='lat' dir='ltr'><strong>significata</strong></span> 
     </span>
     <span class='ocr_line' id='line_1_40' title="bbox 72 2238 940 2280; baseline 0.007 -15"><span class='ocrx_word' id='word_1_450' title='bbox 72 2238 102 2266; x_wconf 89' lang='lat' dir='ltr'><strong>in</strong></span> <span class='ocrx_word' id='word_1_451' title='bbox 120 2238 190 2266; x_wconf 84' lang='lat' dir='ltr'><strong>Ven.</strong></span> <span class='ocrx_word' id='word_1_452' title='bbox 205 2238 252 2266; x_wconf 77' lang='lat' dir='ltr'><strong>Sc·</strong></span> <span class='ocrx_word' id='word_1_453' title='bbox 276 2255 311 2260; x_wconf 88' lang='lat'><strong>-—</strong></span> <span class='ocrx_word' id='word_1_454' title='bbox 339 2242 366 2277; x_wconf 76' lang='lat'><strong>8)</strong></span> <span class='ocrx_word' id='word_1_455' title='bbox 389 2251 422 2268; x_wconf 70' lang='lat' dir='ltr'><strong>os</strong></span> <span class='ocrx_word' id='word_1_456' title='bbox 436 2240 510 2270; x_wconf 84' lang='lat' dir='ltr'><strong>haec</strong></span> <span class='ocrx_word' id='word_1_457' title='bbox 530 2243 644 2280; x_wconf 81' lang='lat' dir='ltr'><strong>syllaba</strong></span> <span class='ocrx_word' id='word_1_458' title='bbox 661 2244 742 2272; x_wconf 78' lang='lat' dir='ltr'><strong>abest</strong></span> <span class='ocrx_word' id='word_1_459' title='bbox 761 2243 791 2271; x_wconf 84' lang='lat' dir='ltr'><strong>in</strong></span> <span class='ocrx_word' id='word_1_460' title='bbox 808 2244 878 2273; x_wconf 77' lang='lat' dir='ltr'><strong>ven.</strong></span> <span class='ocrx_word' id='word_1_461' title='bbox 894 2245 940 2272; x_wconf 88' lang='lat' dir='ltr'><strong>Sc.</strong></span> 
     </span>
     <span class='ocr_line' id='line_1_41' title="bbox 75 2280 939 2324; baseline 0.009 -18"><span class='ocrx_word' id='word_1_462' title='bbox 75 2299 110 2302; x_wconf 88' lang='lat'>—</span> <span class='ocrx_word' id='word_1_463' title='bbox 140 2280 170 2319; x_wconf 83' lang='lat'><strong>9)</strong></span> <span class='ocrx_word' id='word_1_464' title='bbox 194 2280 365 2309; x_wconf 78' lang='lat' dir='ltr'><strong>Maximum</strong></span> <span class='ocrx_word' id='word_1_465' title='bbox 388 2284 579 2324; x_wconf 70' lang='lat' dir='ltr'><strong>Praetorem]</strong></span> <span class='ocrx_word' id='word_1_466' title='bbox 614 2286 716 2314; x_wconf 85' lang='lat' dir='ltr'><strong>Livius</strong></span> <span class='ocrx_word' id='word_1_467' title='bbox 738 2285 791 2316; x_wconf 79' lang='lat' dir='ltr'><strong>lib.</strong></span> <span class='ocrx_word' id='word_1_468' title='bbox 814 2289 841 2317; x_wconf 86' lang='lat'><strong>7.</strong></span> <span class='ocrx_word' id='word_1_469' title='bbox 880 2286 939 2314; x_wconf 85' lang='lat' dir='ltr'><strong>Lex</strong></span> 
     </span>
     <span class='ocr_line' id='line_1_42' title="bbox 72 2324 939 2370; baseline 0.008 -19"><span class='ocrx_word' id='word_1_470' title='bbox 72 2327 188 2370; x_wconf 62' lang='lat' dir='ltr'><strong>vetusta</strong></span> <span class='ocrx_word' id='word_1_471' title='bbox 209 2327 270 2356; x_wconf 87' lang='lat' dir='ltr'><strong>est,</strong></span> <span class='ocrx_word' id='word_1_472' title='bbox 300 2324 466 2364; x_wconf 83' lang='lat' dir='ltr'><strong>priscisque</strong></span> <span class='ocrx_word' id='word_1_473' title='bbox 490 2326 614 2362; x_wconf 76' lang='lat' dir='ltr'><strong>limeris,</strong></span> <span class='ocrx_word' id='word_1_474' title='bbox 637 2328 796 2367; x_wconf 87' lang='lat' dir='ltr'><strong>verbisque</strong></span> <span class='ocrx_word' id='word_1_475' title='bbox 818 2329 939 2368; x_wconf 82' lang='lat' dir='ltr'><strong>scripta,</strong></span> 
     </span>
     <span class='ocr_line' id='line_1_43' title="bbox 74 2365 940 2410; baseline 0.008 -18"><span class='ocrx_word' id='word_1_476' title='bbox 74 2369 106 2394; x_wconf 84' lang='lat' dir='ltr'><strong>ut</strong></span> <span class='ocrx_word' id='word_1_477' title='bbox 127 2375 178 2404; x_wconf 81' lang='lat' dir='ltr'><strong>qui</strong></span> <span class='ocrx_word' id='word_1_478' title='bbox 204 2365 328 2396; x_wconf 78' lang='lat' dir='ltr'><strong>Praetor</strong></span> <span class='ocrx_word' id='word_1_479' title='bbox 353 2369 498 2398; x_wconf 82' lang='lat' dir='ltr'><strong>maximus</strong></span> <span class='ocrx_word' id='word_1_480' title='bbox 520 2370 573 2407; x_wconf 76' lang='lat' dir='ltr'><strong>sit,</strong></span> <span class='ocrx_word' id='word_1_481' title='bbox 606 2370 679 2400; x_wconf 86' lang='lat' dir='ltr'><strong>ldib.</strong></span> <span class='ocrx_word' id='word_1_482' title='bbox 703 2371 853 2410; x_wconf 81' lang='lat' dir='ltr'><strong>Septemb.</strong></span> <span class='ocrx_word' id='word_1_483' title='bbox 879 2371 940 2400; x_wconf 82' lang='lat' dir='ltr'><strong>cla-</strong></span> 
     </span>
     <span class='ocr_line' id='line_1_44' title="bbox 76 2410 938 2452; baseline 0.01 -17"><span class='ocrx_word' id='word_1_484' title='bbox 76 2417 145 2436; x_wconf 71' lang='lat' dir='ltr'><strong>vum</strong></span> <span class='ocrx_word' id='word_1_485' title='bbox 162 2412 278 2448; x_wconf 85' lang='lat' dir='ltr'><strong>pangat.</strong></span> <span class='ocrx_word' id='word_1_486' title='bbox 326 2410 399 2440; x_wconf 84' lang='lat' dir='ltr'><strong>Vide</strong></span> <span class='ocrx_word' id='word_1_487' title='bbox 414 2411 489 2441; x_wconf 78' lang='lat' dir='ltr'><strong>infra</strong></span> <span class='ocrx_word' id='word_1_488' title='bbox 507 2412 535 2440; x_wconf 88' lang='lat' dir='ltr'><strong>in</strong></span> <span class='ocrx_word' id='word_1_489' title='bbox 552 2414 663 2452; x_wconf 80' lang='lat' dir='ltr'><strong>Magor</strong></span> <span class='ocrx_word' id='word_1_490' title='bbox 683 2424 741 2443; x_wconf 73' lang='lat' dir='ltr'><strong>cos.</strong></span> <span class='ocrx_word' id='word_1_491' title='bbox 765 2419 793 2443; x_wconf 85' lang='lat' dir='ltr'><strong>et</strong></span> <span class='ocrx_word' id='word_1_492' title='bbox 815 2415 938 2444; x_wconf 78' lang='lat' dir='ltr'><strong>Sueten.</strong></span> 
     </span>
    </p>
   </div>
   <div class='ocr_carea' id='block_1_7' title="bbox 982 2151 1849 2452">
    <p class='ocr_par' dir='ltr' id='par_1_10' title="bbox 982 2151 1849 2452">
     <span class='ocr_line' id='line_1_45' title="bbox 985 2151 1849 2196; baseline -0.008 -11"><span class='ocrx_word' id='word_1_493' title='bbox 985 2157 1044 2196; x_wconf 85' lang='lat' dir='ltr'><strong>do.]</strong></span> <span class='ocrx_word' id='word_1_494' title='bbox 1073 2156 1206 2185; x_wconf 84' lang='lat' dir='ltr'><strong>Amodo</strong></span> <span class='ocrx_word' id='word_1_495' title='bbox 1229 2155 1379 2195; x_wconf 75' lang='lat' dir='ltr'><strong>quodam,</strong></span> <span class='ocrx_word' id='word_1_496' title='bbox 1411 2156 1446 2184; x_wconf 85' lang='lat' dir='ltr'><strong>id</strong></span> <span class='ocrx_word' id='word_1_497' title='bbox 1473 2162 1529 2192; x_wconf 76' lang='lat' dir='ltr'><strong>est,</strong></span> <span class='ocrx_word' id='word_1_498' title='bbox 1565 2156 1682 2184; x_wconf 77' lang='lat' dir='ltr'><strong>ratione</strong></span> <span class='ocrx_word' id='word_1_499' title='bbox 1701 2151 1849 2180; x_wconf 77' lang='lat' dir='ltr'><strong>dicuntur</strong></span> 
     </span>
     <span class='ocr_line' id='line_1_46' title="bbox 985 2194 1849 2236; baseline -0.007 -8"><span class='ocrx_word' id='word_1_500' title='bbox 985 2202 1088 2228; x_wconf 73' lang='lat' dir='ltr'><strong>omnia</strong></span> <span class='ocrx_word' id='word_1_501' title='bbox 1110 2201 1187 2235; x_wconf 61' lang='lat' dir='ltr'><strong>ista,</strong></span> <span class='ocrx_word' id='word_1_502' title='bbox 1210 2198 1424 2235; x_wconf 75' lang='lat' dir='ltr'><strong>commoditas,</strong></span> <span class='ocrx_word' id='word_1_503' title='bbox 1444 2204 1499 2229; x_wconf 87' lang='lat' dir='ltr'><strong>etc.</strong></span> <span class='ocrx_word' id='word_1_504' title='bbox 1516 2199 1555 2228; x_wconf 81' lang='lat' dir='ltr'><strong>ita</strong></span> <span class='ocrx_word' id='word_1_505' title='bbox 1574 2202 1647 2236; x_wconf 88' lang='lat' dir='ltr'><strong>puto</strong></span> <span class='ocrx_word' id='word_1_506' title='bbox 1666 2195 1756 2224; x_wconf 76' lang='lat' dir='ltr'><strong>fuisse</strong></span> <span class='ocrx_word' id='word_1_507' title='bbox 1777 2194 1849 2223; x_wconf 81' lang='lat' dir='ltr'><strong>scri-</strong></span> 
     </span>
     <span class='ocr_line' id='line_1_47' title="bbox 985 2237 1846 2282; baseline -0.008 -11"><span class='ocrx_word' id='word_1_508' title='bbox 985 2248 1070 2282; x_wconf 87' lang='lat' dir='ltr'><strong>ptum</strong></span> <span class='ocrx_word' id='word_1_509' title='bbox 1097 2242 1126 2270; x_wconf 86' lang='lat' dir='ltr'><strong>in</strong></span> <span class='ocrx_word' id='word_1_510' title='bbox 1146 2241 1316 2280; x_wconf 78' lang='lat' dir='ltr'><strong>exemplari.</strong></span> <span class='ocrx_word' id='word_1_511' title='bbox 1346 2242 1424 2272; x_wconf 71' lang='lat' dir='ltr'><strong>Urs.</strong></span> <span class='ocrx_word' id='word_1_512' title='bbox 1447 2257 1489 2263; x_wconf 94' lang='lat'><strong>—</strong></span> <span class='ocrx_word' id='word_1_513' title='bbox 1522 2241 1566 2279; x_wconf 82' lang='lat'><strong>11)</strong></span> <span class='ocrx_word' id='word_1_514' title='bbox 1585 2238 1729 2277; x_wconf 51' lang='lat' dir='ltr'><strong>Numam]</strong></span> <span class='ocrx_word' id='word_1_515' title='bbox 1762 2237 1846 2265; x_wconf 88' lang='lat' dir='ltr'><strong>Glos-</strong></span> 
     </span>
     <span class='ocr_line' id='line_1_48' title="bbox 985 2280 1847 2322; baseline -0.009 -7"><span class='ocrx_word' id='word_1_516' title='bbox 985 2286 1106 2315; x_wconf 79' lang='lat' dir='ltr'><strong>sarium.</strong></span> <span class='ocrx_word' id='word_1_517' title='bbox 1129 2284 1238 2313; x_wconf 79' lang='lat' dir='ltr'><strong>Naeuia</strong></span> <span class='ocrx_word' id='word_1_518' title='bbox 1253 2281 1411 2321; x_wconf 78' lang='grc' dir='ltr'><em>ἐπιτάφιος</em></span> <span class='ocrx_word' id='word_1_519' title='bbox 1427 2280 1502 2322; x_wconf 76' lang='grc' dir='ltr'><strong>αἷὸή.</strong></span> <span class='ocrx_word' id='word_1_520' title='bbox 1527 2283 1648 2319; x_wconf 86' lang='lat' dir='ltr'><strong>Quaein</strong></span> <span class='ocrx_word' id='word_1_521' title='bbox 1664 2281 1847 2310; x_wconf 84' lang='lat' dir='ltr'><strong>fine-Graeca</strong></span> 
     </span>
     <span class='ocr_line' id='line_1_49' title="bbox 984 2323 1847 2365; baseline -0.007 -8"><span class='ocrx_word' id='word_1_522' title='bbox 984 2329 1074 2357; x_wconf 85' lang='lat' dir='ltr'><strong>verba</strong></span> <span class='ocrx_word' id='word_1_523' title='bbox 1095 2326 1200 2357; x_wconf 79' lang='grc' dir='ltr'><em>νέατον</em></span> <span class='ocrx_word' id='word_1_524' title='bbox 1221 2331 1250 2355; x_wconf 76' lang='lat' dir='ltr'><strong>et</strong></span> <span class='ocrx_word' id='word_1_525' title='bbox 1271 2323 1367 2365; x_wconf 82' lang='grc' dir='ltr'><strong><em>νήτη,</em></strong></span> <span class='ocrx_word' id='word_1_526' title='bbox 1395 2326 1497 2355; x_wconf 79' lang='lat' dir='ltr'><strong>addita</strong></span> <span class='ocrx_word' id='word_1_527' title='bbox 1519 2331 1606 2362; x_wconf 85' lang='lat' dir='ltr'><strong>sunt,</strong></span> <span class='ocrx_word' id='word_1_528' title='bbox 1638 2336 1671 2354; x_wconf 83' lang='lat' dir='ltr'><strong>ea</strong></span> <span class='ocrx_word' id='word_1_529' title='bbox 1695 2324 1727 2352; x_wconf 90' lang='lat' dir='ltr'><strong>in</strong></span> <span class='ocrx_word' id='word_1_530' title='bbox 1748 2332 1847 2352; x_wconf 81' lang='lat' dir='ltr'><strong>exem—</strong></span> 
     </span>
     <span class='ocr_line' id='line_1_50' title="bbox 982 2363 1847 2410; baseline -0.005 -10"><span class='ocrx_word' id='word_1_531' title='bbox 982 2371 1059 2410; x_wconf 83' lang='lat' dir='ltr'><strong>plari</strong></span> <span class='ocrx_word' id='word_1_532' title='bbox 1080 2371 1121 2399; x_wconf 82' lang='lat' dir='ltr'><strong>ita</strong></span> <span class='ocrx_word' id='word_1_533' title='bbox 1145 2370 1232 2409; x_wconf 86' lang='lat' dir='ltr'><strong>plane</strong></span> <span class='ocrx_word' id='word_1_534' title='bbox 1255 2369 1414 2408; x_wconf 83' lang='lat' dir='ltr'><strong>leguntur,</strong></span> <span class='ocrx_word' id='word_1_535' title='bbox 1436 2374 1539 2398; x_wconf 88' lang='lat' dir='ltr'><strong>notum</strong></span> <span class='ocrx_word' id='word_1_536' title='bbox 1560 2374 1659 2398; x_wconf 87' lang='lat' dir='ltr'><strong>autem</strong></span> <span class='ocrx_word' id='word_1_537' title='bbox 1680 2365 1755 2405; x_wconf 76' lang='grc' dir='ltr'><em>νήτη</em></span> <span class='ocrx_word' id='word_1_538' title='bbox 1776 2363 1847 2403; x_wconf 74' lang='lat' dir='ltr'><strong>quid</strong></span> 
     </span>
     <span class='ocr_line' id='line_1_51' title="bbox 983 2410 1464 2452; baseline -0.006 -8"><span class='ocrx_word' id='word_1_539' title='bbox 983 2414 1031 2444; x_wconf 81' lang='lat' dir='ltr'><strong>sit.</strong></span> <span class='ocrx_word' id='word_1_540' title='bbox 1061 2414 1137 2443; x_wconf 68' lang='lat' dir='ltr'><strong>Urs.</strong></span> <span class='ocrx_word' id='word_1_541' title='bbox 1160 2429 1204 2435; x_wconf 95' lang='lat'><em>-</em></span> <span class='ocrx_word' id='word_1_542' title='bbox 1225 2410 1270 2452; x_wconf 72' lang='lat'><strong>12)</strong></span> <span class='ocrx_word' id='word_1_543' title='bbox 1285 2414 1399 2441; x_wconf 82' lang='lat' dir='ltr'><strong>naenia</strong></span> <span class='ocrx_word' id='word_1_544' title='bbox 1416 2412 1464 2441; x_wconf 89' lang='lat' dir='ltr'><strong>Pr.</strong></span> 
     </span>
    </p>
   </div>
  </div>
 </body>
</html>
