2263 2668
488 118 551 152 DE
579 115 965 151 SlGNlFchTIONE
991 115 1275 150 VERBORUM.
1335 115 1480 149 LIBER
1506 116 1563 149 xl.

1952 120 2002 155 97

49 210 321 248 Μαηιίῑὶονιιηι31
345 212 471 246 familia
498 225 516 244 a
545 211 698 244 Mamilia
725 210 895 255 Telegoni
905 206 929 226 ³²
949 209 1036 251 filia,
1064 221 1163 253 quam
1193 209 1332 242 Tusculi
1360 215 1611 253 procreaverat,
1641 216 1690 244 est
1717 212 1898 257 appellata.

49 264 217 300 Alamilia
244 265 339 298 turris
366 265 449 297 intra
473 264 621 297 Saburae
648 263 821 307 regionem
851 274 869 293 a
896 261 1050 294 Mamilio
1078 273 1200 294 nomen
1228 262 1369 305 accepit,

50 316 248 361 Mamphur
280 317 472 361 appellatur
504 316 579 347 loro
614 314 739 348 circum
767 314 917 346 volutum
944 313 1121 347 mediocris
1147 312 1362 357 longitudinis
1390 310 1552 358 lignum³³
1573 315 1772 357 rotundum,
1816 315 1909 359 quod
1937 317 2003 349 cir-

152 374 334 412 cumagunt
360 368 447 400 fabri
474 367 506 398 in
534 366 690 410 operibus
716 365 895 398 tornandis.

50 420 276 453 Mansuetum
304 419 346 452 ad
371 429 504 451 manum
525 417 637 450 venire
660 423 798 450 suetum.

853 417 919 449 Alii
941 417 1031 449 aiunt
1040 412 1064 432 ³⁴
1089 419 1296 448 mansuetum
1319 415 1445 448 dictum
1466 428 1575 460 neque
1598 428 1638 450 ex
1661 417 1888 452 misericordia
1909 431 2003 453 mae-

153 477 255 510 stum„
293 482 401 513 neque
429 481 468 502 ex
495 469 692 503 crudelitate
720 480 873 510 saevum,
912 468 971 502 sed
998 467 1161 501 modestia
1188 473 1421 511 temperatum.

48 523 221 556 Mantare
231 519 256 539 ³⁵
275 533 376 566 saepe
403 533 546 553 manere.

49 573 284 608 Manticulari
293 569 317 589 ³⁵
338 573 491 607 dicuntur
502 569 537 611 ³⁷,

152 625 287 670 agendo
313 624 383 657 hoc
409 625 513 656 verbo
542 629 684 656 utuntur.
738 623 918 656 Pacuvius:

585 572 642 614 qui
670 572 863 605 manticulas
891 576 1081 612 attrectant,
1129 575 1165 603 ut
1192 570 1350 603 furentur.

1411 569 1510 603 Unde
1537 576 1660 614 poetae
1686 582 1748 615 pro
1777 571 1895 605 dolose
1922 574 2002 617 quid

422 675 484 708 Ad
510 675 814 708 manticulandum
842 678 920 707 astu
948 673 1178 719 adgreditur.

50 727 311 762 Mantieulmffa
336 728 491 761 dicuntur
520 740 558 760 ea
569 724 603 767 ³²⁴,
643 738 728 770 quae
756 727 947 769 frequenter
973 722 1040 758 in³⁹
1060 737 1121 758 usu
1151 724 1317 757 habentur
1344 729 1378 757 et
1403 725 1496 767 quasi
1523 735 1622 757 manu
1632 721 1657 741 ⁴³⁰
1677 729 1866 759 tractantur.

1920 726 2004 760 Fre-

152 791 256 822 quens
283 779 369 812 enim
397 780 538 822 antiquis
549 775 572 795 ⁴¹
596 778 640 810 ad
668 790 783 812 manus
809 778 987 824 tergendas
1014 789 1089 810 usus
1116 777 1178 810 fuit
1205 776 1427 809 mantelorum
1438 772 1473 817 ⁴²,
1521 776 1609 809 unde
1636 776 1722 810 haec
1748 777 1890 812 trahitur
1915 779 2004 812 simi-

152 831 269 865 litudo.

50 883 211 916 Mantisa
221 879 246 898 ⁴³
269 882 533 915 additamentum
562 881 681 915 dicitur
691 877 715 897 ⁴⁴
742 881 856 926 lingua
882 881 993 915 Tusca
1003 876 1038 921 ⁴⁵,
1088 879 1179 923 quod
1207 879 1351 924 ponderi
1378 875 1575 919 adiicitur⁴⁶‚
1615 876 1708 913 sedH
1734 880 1897 922 deterius,
1940 878 2006 915 et⁴⁸

152 933 244 977 quod
273 934 341 967 sine
368 934 438 966 ullo
466 945 525 966 usu
553 938 610 965 est.
664 933 830 966 Lucilius:

425 985 583 1018 lilantisa
609 984 785 1018 obsonium
796 981 820 1001 ⁴⁹
841 984 956 1018 vincit.

52 1036 217 1070 [Malleoli
243 1041 405 1070 vocantur
431 1048 498 1069 non
525 1037 632 1069 solum
659 1038 754 1081 parvi
782 1035 912 1073 mallei,
940 1034 999 1067 sed
1020 1034 1118 1066 etiam
1128 1030 1153 1050 ⁵⁰
1176 1029 1257 1073 hi⁵¹‚
1286 1033 1343 1076 qui
1364 1032 1408 1065 ad
1431 1032 1619 1066 incendium
1643 1034 1832 1067 faciendum
1842 1030 1867 1051 ⁵²
1888 1039 2006 1080 aptan-

155 1094 223 1129 tur,
264 1085 455 1122 videlicet⁵³
476 1088 518 1121 ad
547 1087 794 1121 similitudinem
805 1084 829 1104 ⁵*
853 1088 1002 1132 priorum
1031 1085 1121 1120 dicti.

52 1140 257 1174 BIolleslras
284 1140 441 1173 dicebant
466 1140 571 1185 pelles
598 1139 730 1180 ovillas,
771 1139 891 1183 quibus
918 1139 1032 1190 gal-eas
1059 1136 1285 1181 extergebam.

52 1192 174 1225 Malta
200 1192 320 1225 dicitur
347 1203 366 1223 a
392 1191 531 1224 Graecis
557 1191 615 1235 pix
641 1202 717 1224 cum
744 1202 822 1224 cera
849 1191 949 1223 mixta
959 1187 993 1222 ⁵³.

52 1239 211 1277 BIeson⁵⁸
229 1253 373 1287 persona
401 1243 531 1276 comica
557 1243 600 1275 ab
627 1243 798 1275 inventore
825 1242 925 1276 dicta.

52 1295 251 1329 Maeniana
262 1291 286 1310 ⁵⁷
310 1294 463 1328 aedificia
489 1306 508 1327 a
536 1294 673 1327 Maenio
706 1300 780 1327 sunt
815 1293 996 1339 appellata.

155 1357 222 1390 quo
250 1346 488 1390 ampliarentur
514 1347 694 1390 superiora.

52 1393 244 1432 Maesius⁵⁹
264 1397 380 1442 lingua
408 1397 498 1432 Osca
531 1399 651 1431 mensis
684 1398 796 1432 maius.

154 1450 264 1482 vocati
292 1454 374 1482 sunt.

52 1500 229 1534 Maiestas
256 1512 273 1532 a
302 1501 530 1546 magnitudine
559 1501 658 1535 dicta.

45 1594 181 1633 familia
203 1604 222 1621 a
244 1594 389 1622 Mamilia
403 1594 479 1632 filia
506 1595 655 1633 Telegoni.
685 1604 779 1633 quam
803 1594 925 1621 Tusculi
940 1604 1013 1632 pro-

56 1638 186 1673 creavit,
212 1642 254 1664 esc
272 1637 447 1675 appellata,
476 1637 599 1676 quando
620 1637 655 1665 id
670 1636 816 1675 oppidum
833 1638 896 1674 ipse
911 1635 1014 1664 condi-

56 1679 157 1708 disset.
201 1680 344 1717 Sequitur
364 1678 442 1707 hanc
464 1680 589 1716 glossam
607 1680 699 1716 Scal.,
726 1679 781 1707 nisi
797 1679 878 1717 quod
895 1678 1016 1707 exhibet

46 1722 185 1761 familia
201 1719 377 1763 (progenita
388 1721 478 1763 fuit)
495 1720 563 1763 (sic)
582 1727 612 1751 et
622 1727 843 1761 procreaverat.
889 1722 1016 1750 Videtur

56 1765 168 1804 glossa,
196 1770 231 1793 ut
254 1775 307 1793 nos
333 1764 484 1802 dedimus,
516 1765 598 1794 Pauli
621 1776 692 1794 esse.
717 1781 756 1785 —
780 1766 826 1800 3⁶2)
857 1763 1013 1802 'stlegoniJ

63 1808 209 1847 Telagoni
220 1808 251 1837 L.
263 1807 299 1837 M.
316 1808 373 1836 Gu,
384 1810 412 1839 1.
424 1810 452 1839 2.
468 1817 513 1847 pr.
552 1808 692 1847 Telogom'
706 1808 738 1836 B.
760 1824 802 1828 —
824 1810 869 1840 33)
886 1808 1014 1846 lignum]

58 1861 116 1880 om.
132 1851 171 1880 M.
196 1866 234 1871 —-
258 1848 305 1890 34)
329 1849 435 1888 aiunt]
459 1861 516 1881 om,
532 1851 563 1882 L,
582 1850 638 1880 Gn.
657 1854 683 1882 1.
702 1860 747 1889 pr,
792 1850 860 1877 Alii
877 1860 1016 1878 mansue-

58 1899 126 1922 tum
139 1892 381 1930 dictumputant
397 1893 428 1921 B.
452 1910 492 1914 —
515 1893 562 1933 35)
585 1892 737 1931 Manlare]
756 1892 835 1921 Haec
851 1897 893 1921 est
910 1893 1017 1930 glossa,

59 1942 94 1966 ut
109 1935 197 1965 codd.
214 1940 242 1964 et
259 1935 329 1964 edit.
346 1945 391 1974 pr.
409 1934 559 1967 exhibent.
605 1936 689 1974 Vulg.
708 1946 836 1974 quacum
854 1936 926 1964 sacit
941 1935 1017 1962 Scal.

60 1979 133 2010 add,
152 1978 307 2007 Caecilius
327 1979 359 2005 ίη
382 1979 525 2016 epistola:
556 1979 622 2007 Iam
641 1990 686 2007 me
703 1977 777 2007 culeo
792 1984 907 2007 manta.
954 1977 1020 2005 Iam

60 2021 118 2050 hoc
134 2020 203 2050 vide
220 2031 327 2048 caecus
344 2022 468 2048 animus
482 2021 631 2050 adventus
646 2023 743 2060 angit.
790 2021 847 2048 Sed
864 2020 937 2048 haec
952 2025 1022 2048 sunt

60 2074 76 2093 e
98 2063 215 2093 schedis
233 2063 311 2092 Festi
334 2063 459 2092 adiecta.
482 2080 523 2086 —
546 2063 594 2104 36)
618 2062 842 2102 manticulari]
867 2063 915 2091 Sic
937 2061 1021 2091 exhi-

60 2106 133 2135 bent
146 2105 222 2135 hanc
241 2106 365 2143 glossam
381 2106 467 2137 codd.
485 2111 513 2135 ot
529 2107 598 2135 edit.
615 2107 725 2145 princ.‚
754 2116 829 2144 quae
846 2109 916 2133 sunt
932 2104 1022 2133 verba

60 2149 163 2185 Pauli3
187 2148 307 2186 vulgata
324 2159 411 2187 quam
429 2149 550 2187 praebet
562 2150 638 2178 Scal.
654 2149 826 2187 suppeditat
839 2147 916 2175 Festi
930 2148 1022 2176 verba

62 2192 120 2228 ita,
145 2196 179 2219 ut
200 2196 269 2220 sunt
291 2191 321 2219 iu
346 2190 476 2228 schedis,
508 2192 557 2221 ubi
577 2192 652 2220 banc
677 2192 801 2229 glossam
819 2190 957 2229 reperies.
982 2207 1025 2212 —-

62 2236 107 2271 37)
133 2233 293 2272 dicuntur]
318 2244 374 2263 om.
396 2235 427 2264 L.
456 2251 497 2256 -—
525 2234 573 2273 38)
597 2235 646 2272 ea]
671 2240 696 2261 et
716 2234 772 2263 Gu.
790 2237 814 2264 1.
838 2250 877 2254 —
900 2233 948 2270 39)
972 2233 1023 2272 in]

64 2287 122 2306 om.
139 2277 168 2306 L.
193 2293 234 2297 —
256 2278 303 2313 40)
328 2282 353 2304 et
377 2279 468 2315 qua-si
489 2277 601 2316 muna]
625 2279 681 2305 etsi
700 2278 732 2304 in
747 2286 842 2304 manu
859 2276 889 2306 L.
913 2292 954 2296 —
976 2275 1025 2313 41)

65 2317 219 2358 antiquis]
243 2329 300 2347 om.
319 2319 350 2348 L.
366 2319 398 2347 B.
419 2320 476 2349 Gu.
497 2323 521 2350 1.
545 2337 585 2342 —
608 2319 653 2358 4⁶2)
676 2318 895 2357 mantelorum]
920 2318 968 2346 Sic
986 2318 1024 2347 M.

66 2362 123 2390 Gu.
140 2365 165 2394 1.
183 2364 214 2394 2.
261 2363 472 2390 mantellorum
489 2363 518 2391 L.
564 2363 777 2391 mantellorum
793 2362 823 2392 B.
870 2361 1024 2390 mantello-

117 2422 282 2450 Gauium.
305 2431 372 2449 Lar.
397 2421 429 2449 ll.

1056 1291 1087 1324 Is
1115 1290 1202 1323 enim
1234 1289 1362 1334 primus
1389 1290 1474 1323 ultra
1501 1289 1674 1324 columnas
1702 1290 1848 1323 extendit
1873 1286 2010 1335 tigna⁵⁸‚

860 1397 941 1431 Osci
968 1397 1056 1429 enim
1084 1391 1139 1428 a⁰⁰
1159 1394 1300 1440 regione
1327 1389 1578 1438 campaniaeffl,
1620 1404 1705 1437 quae
1738 1397 1786 1426 est
1812 1388 2012 1427 Oscorum⁶²

1057 1603 1127 1620 rum
1141 1602 1185 1630 pr.
1231 1591 1444 1618 mamiliorum
1462 1590 1540 1627 vulg.
1564 1605 1604 1611 —
1627 1589 1672 1627 43)
1696 1587 1847 1627 Mantisa]
1869 1587 1919 1616 Sic
1933 1586 1965 1617 B.
1976 1587 2014 1616 M.

1059 1636 1153 1665 Gu.2.
1170 1635 1198 1662 S.
1234 1635 1390 1662 Mannssa
1405 1633 1485 1670 vulg.
1518 1633 1668 1660 Mantusa
1685 1632 1714 1661 L.
1749 1632 1902 1659 Mantisia
1919 1630 1975 1660 Gu.
1989 1632 2015 1660 1.

1058 1677 1168 1706 Eadem
1191 1676 1342 1705 scribendi
1361 1676 1487 1704 varietas
1504 1676 1634 1703 recurrit
1649 1685 1728 1704 mox.
1753 1690 1789 1696 —
1813 1672 1859 1711 44)
1884 1671 2015 1710 dieitur]

1058 1730 1116 1749 om.
1137 1720 1169 1748 B.
1193 1735 1234 1741 --
1258 1717 1306 1756 45)
1336 1717 1449 1756 Tusca]
1477 1718 1556 1746 Osca
1578 1717 1633 1746 Gu.
1653 1721 1679 1748 1.
1711 1733 1748 1739 —
1779 1717 1826 1755 46)
1850 1714 2016 1754 adiicitur]

1059 1762 1197 1791 adicitur
1216 1761 1254 1790 M.
1273 1761 1327 1789 Gu.
1346 1763 1375 1791 2.
1420 1759 1551 1788 additur
1567 1760 1598 1788 L.
1622 1776 1663 1781 —
1688 1760 1734 1797 47)
1757 1758 1828 1798 sed]
1852 1764 1878 1786 et
1899 1757 1967 1787 add.
1984 1757 2016 1785 B.

1063 1823 1097 1827 —-
1122 1806 1171 1842 48)
1196 1802 1240 1842 et]
1263 1813 1321 1832 om.
1339 1803 1370 1832 L.
1394 1819 1435 1826 —-
1457 1805 1502 1841 49)
1526 1801 1705 1842 obsonium]
1729 1802 1854 1830 obsonia
1874 1801 1912 1831 M.
1926 1801 1954 1828 S.
1979 1815 2016 1821 —

1062 1847 1109 1885 50)
1134 1845 1243 1884 etiam]
1268 1857 1326 1875 om.
1350 1846 1381 1875 L.
1404 1862 1446 1867 —
1473 1848 1519 1883 51)
1540 1845 1592 1884 hi]
1616 1847 1640 1873 it·
1661 1845 1694 1875 Β.
1713 1845 1739 1875 S.
1763 1861 1805 1867 -—
1829 1842 1876 1883 52)
1890 1843 2019 1880 facien-

1062 1889 1148 1928 dum]
1162 1889 1357 1926 faciundum
1373 1889 1405 1918 B.
1429 1904 1471 1909 —
1492 1886 1539 1927 53)
1562 1887 1711 1926 videlicet]
1726 1887 1841 1915 scilicet
1852 1886 1884 1914 L.
1906 1901 1948 1908 -
1970 1885 2019 1923 54)

1062 1932 1106 1960 ad
1125 1930 1378 1970 similitudinem]
1401 1930 1605 1959 similitudine
1627 1931 1658 1961 Β.
1684 1947 1722 1952 --
1748 1930 1794 1967 55)
1817 1939 1885 1957 cera
1905 1927 2020 1966 mixta]

1064 1976 1161 2003 mixta
1175 1985 1242 2002 cera
1258 1975 1290 2004 B.
1314 1990 1357 1995 —
1380 1975 1423 2012 ⁵6)
1447 1975 1561 2013 Mesoa]
1586 1974 1634 2002 Sic
1649 1972 1758 2011 legitur
1773 1972 1869 2011 glossa
1885 1970 1916 1999 in
1932 1970 2019 2000 codd.

1066 2023 1093 2046 et
1107 2018 1177 2047 edit.
1194 2018 1286 2056 princ.
1302 2027 1378 2055 quae
1390 2017 1471 2045 Pauli
1488 2022 1540 2045 est.
1573 2016 1656 2054 Vulg.
1674 2020 1717 2044 est
1729 2014 1823 2051 Festi,
1848 2024 1937 2053 quam
1953 2013 2023 2042 vide

1065 2061 1096 2089 in
1114 2060 1241 2089 schedis.
1287 2060 1361 2088 Scal.
1379 2070 1441 2088 eam
1458 2058 1517 2088 hoc
1533 2060 1600 2088 loco
1615 2058 1756 2098 reposuit.
1799 2059 1924 2087 Mens-on
1938 2057 1970 2085 L.
1987 2056 2022 2085 B.

1067 2104 1123 2132 Gn.
1139 2106 1164 2134 1.
1180 2113 1225 2142 pr.
1250 2119 1285 2123 —
1312 2104 1355 2137 57)
1379 2103 1563 2138 ΛΙαεηίαηα]
1586 2101 1666 2131 Haec
1684 2106 1755 2130 sunt
1772 2105 1914 2140 excerpta
1931 2099 2023 2127 Pauli.

1068 2146 1222 2184 Vulgalam
1249 2144 1317 2174 vide
1345 2145 1375 2173 in
1400 2145 1519 2174 schedis
1539 2145 1627 2174 Festi.
1672 2146 1794 2173 Moenia
1814 2144 1848 2174 B.
1891 2143 2023 2171 Menana

1071 2190 1125 2218 Gu-
1138 2192 1163 2220 1.
1199 2189 1363 2217 Moenicma
1378 2189 1409 2218 L.
1426 2199 1493 2217 cum
1510 2188 1590 2226 vulg.
1615 2205 1653 2210 -
1677 2186 1723 2227 58)
1747 2186 1848 2226 tigna]
1873 2187 1978 2224 agnas
1990 2183 2022 2210 B·

1069 2242 1116 2271 pr.
1151 2232 1251 2270 tigno-5
1267 2231 1296 2259 L.
1314 2232 1369 2259 Gn.
1381 2235 1406 2263 1.
1429 2248 1464 2253 -—-
1486 2229 1533 2271 59)
1557 2229 1707 2269 ,Mae-sius]
1725 2230 1773 2259 Sic
1790 2229 1870 2258 B.M.
1888 2228 1944 2255 Gu.
1957 2228 1983 2256 1-
1994 2226 2021 2254 2·

1070 2276 1099 2304 S.
1143 2275 1276 2302 Moesias
1297 2274 1378 2311 vulg.
1404 2292 1443 2296 —
1466 2274 1515 2309 60)
1539 2273 1576 2312 a]
1601 2284 1657 2302 om.
1678 2273 1711 2302 B.
1735 2274 1792 2301 Gu.
1810 2276 1834 2303 1.
1880 2271 1910 2297 in
1927 2268 1959 2295 L.
1982 2280 2023 2287 -

1069 2319 1114 2351 61)
1142 2317 1339 2356 Campaniae]
1363 2323 1436 2345 sunt
1452 2316 1519 2346 add.
1535 2317 1582 2353 L.,
1606 2316 1736 2352 omissis,
1760 2323 1835 2353 quae
1851 2313 2022 2348 sequuntur.

1070 2377 1110 2381 —
1133 2361 1178 2398 62)
1205 2359 1363 2399 Oscorum]
1390 2361 1485 2389 Oscor
1502 2360 1534 2390 B.
1552 2360 1610 2390 Gu.
1623 2361 1687 2391 1.2.
1701 2367 1747 2397 pr.
1794 2356 1887 2384 Oscos
1901 2350 1979 2386 vulg.

1580 2411 1611 2444 N
