2263 2668
220 205 295 240 434
645 195 988 233 COMMENTARII
1013 195 1063 229 ΙΝ
1086 194 1229 230 PAULI
1254 196 1451 232 DIACONI
1475 196 1731 232 EXCERPTA

384 297 502 328 Fruar,
526 292 668 331 frugis.
713 291 786 318 Puto
810 289 853 317 ita
872 288 1114 325 distinguendum
1136 293 1166 318 et
1185 289 1400 328 supplendum:
1428 290 1518 318 Frux
1533 290 1635 330 frugis
1656 288 1793 319 dicebant
1815 290 1936 330 antiqui.
1982 294 2050 323 Mox
2072 305 2088 323 a
2111 304 2159 323 ca-

222 341 297 379 pite:
328 339 467 366 lv'mcmm
488 342 514 363 et
530 334 663 373 fructum
684 345 702 361 α
719 333 818 371 fruor.
860 332 941 359 Frux
964 331 1083 369 quidem
1106 331 1183 359 dixit
1205 332 1354 360 Ausonius
1377 332 1540 360 imitatione
1562 337 1713 361 veterum.-

708 375 790 404 Ante
811 372 957 414 equidem,
998 374 1110 412 campis
1130 384 1218 414 quam
1241 375 1337 413 spicea
1359 382 1516 413 suppeteret
1532 374 1619 413 frux.

222 422 345 451 Fructus
368 429 431 448 sum
455 423 484 446 et
502 417 666 457 perfructus
687 418 815 455 aliquam
838 427 900 444 rem
923 416 1069 444 dixerunt
1091 421 1217 452 veteres,
1255 417 1332 444 inter
1355 427 1428 454 quos
1452 418 1615 446 Lucretius.
1645 415 1746 446 Scal.
1790 416 1870 445 Nihil
1895 423 1985 446 muto.
2025 420 2095 448 Nam
2118 422 2163 449 sic

222 474 308 501 saepe
322 463 434 489 Festus.
469 460 624 488 Distinctio
649 465 763 488 tantum
787 464 853 498 post
876 458 990 498 antiqui
1013 459 1146 496 ponenda
1169 464 1221 487 est.
1255 459 1294 486 De
1316 464 1397 486 recto
1416 460 1497 497 fruct:
1520 460 1589 488 vide
1605 460 1767 489 Varronem
1789 459 1838 488 lib.
1852 460 2000 500 V111.(De
2015 462 2045 490 L.
2065 463 2093 491 L.
2110 463 2161 491 IX.

223 505 373 544 pag,487.
399 501 478 542 Sp.).
519 503 645 531 Fructus
666 507 762 530 autem
787 507 814 530 et
829 501 934 540 fructa
954 510 1011 539 pro
1026 501 1145 539 fruitus.
1178 502 1294 529 Lucret.
1316 501 1430 531 lib.1[I.
1454 501 1568 540 (953.):

712 543 765 573 Sin
789 555 837 581 ea,
870 553 944 584 quae
960 543 1080 581 fructus
1102 554 1222 583 cumque
1245 555 1288 576 es,
1316 544 1410 582 perire
1428 544 1564 584 profusa.

223 590 295 618 [tem
318 588 385 624 (Ill,
411 587 509 625 169.):

715 627 822 657 Omnia
842 627 1010 667 perfructus
1030 627 1103 656 vitai
1121 628 1267 666 praemia,
1306 636 1425 657 mar-ces.

224 673 277 702 Da
287 684 313 702 c.
358 671 443 700 Frusr
464 676 505 699 est
529 671 712 698 Sanscritum
735 669 880 706 blzudsch,
909 670 973 698 sine
995 681 1009 697 r
1031 669 1145 706 littera,
1170 675 1202 698 ut
1226 668 1377 698 bhandsclz
1399 670 1513 708 frango,
1559 670 1604 699 Cf.
1628 671 1734 700 Rosen.
1761 670 1887 699 Radices
1908 671 2024 702 Sanscr.
2049 681 2077 710 p.
2093 673 2163 704 119.

390 713 549 742 Ferocit.
593 712 746 751 Aser-ox,
778 713 857 751 quod
882 724 896 741 a
915 712 1006 750 serus.
1050 711 1142 741 Dac.

386 755 525 785 Fivere.
571 755 611 783 De
631 756 721 794 fivere
741 766 795 794 pro
818 757 909 794 figere
932 754 1020 783 valde
1041 755 1159 790 dubito,
1196 763 1292 791 neque
1316 754 1393 782 enim
1417 755 1534 793 reperio
1554 766 1575 793 g
1598 765 1726 793 unquam
1751 760 1896 784 mutatum
1919 756 1949 784 in
1971 768 1999 785 u.
2044 756 2101 785 Sed
2122 756 2166 784 le-

224 800 353 837 gendum
376 802 419 826 est
435 796 534 836 fiber-e.
567 798 639 825 Nam
654 797 719 836 fibo
743 798 880 826 dicebant
901 808 956 835 pro
972 798 1054 836 figo,
1080 796 1148 825 hinc
1162 795 1276 834 fibula,
1300 806 1375 834 quae
1398 808 1413 825 a
1429 798 1509 836 figo,
1525 796 1639 835 fioeula.
1664 797 1751 828 Dae.
1782 796 1882 826 Fihere
1904 797 2059 828 Meursius.
2090 797 2167 827 Vide

223 840 339 870 Fibula.
371 839 445 868 Vide
467 841 567 868 Senec.
585 840 645 870 Vll.
670 841 811 869 Controv.
829 842 856 870 6.
883 838 987 869 Goth.
1025 837 1125 877 Idem5
1146 839 1225 868 item.
1271 837 1384 867 Idem.

386 881 597 911 Fruniscor
617 890 651 910 et
666 883 860 920 frunitum.
892 882 979 918 Quod
1003 882 1043 910 ait
1065 882 1155 920 vulgo
1178 881 1237 909 dici
1261 881 1457 917 infrunitum,
1481 891 1553 909 usus
1575 887 1619 910 est
1640 883 1750 910 Seneca
1775 881 1810 910 de
1826 882 2166 922 Benef.11·b.1[1.(16.):

224 924 386 963 Infrunita,
409 925 522 962 iuquit,
545 932 570 953 et
593 926 761 965 antiquaria
784 932 839 959 est,
869 936 942 964 quae
964 925 1086 961 nesciat,
1114 924 1331 952 matrimonium
1353 925 1454 952 vocari
1477 935 1565 952 unum
1588 923 1762 952 adulterum.
1807 925 1846 952 Ut
1868 923 1929 953 Iter
1947 925 2048 962 itiner,
2075 926 2164 961 iecur,

224 968 340 1003 iecoris,
361 978 403 1001 se,
427 967 504 1001 sine,
530 967 572 995 sic
588 967 691 1005 fruor,
711 968 847 1005 fruinor·‚
864 967 1011 1005 fruiscor,
1029 967 1193 1005 fruiniscor
1218 970 1246 994 et
1263 965 1425 1003 fruniscor.
1449 964 1553 995 Scal.
1591 966 1704 995 Gellius
1726 966 1778 995 lib.
1790 966 1882 997 XVII.
1905 977 1968 1006 cap.
1981 970 2009 998 2.
2033 967 2069 996 ad
2091 967 2167 995 illud

225 1010 264 1045 Q.
286 1009 403 1038 Claudii
423 1009 519 1046 primo
543 1010 657 1038 annali:
695 1009 807 1038 Domus
833 1020 902 1038 suas
929 1020 1066 1049 qumque
1087 1010 1128 1037 ire
1150 1007 1227 1036 iubet
1249 1015 1275 1036 et
1296 1019 1351 1036 sua
1371 1009 1470 1037 omnia
1492 1008 1629 1046 frunisci.
1674 1007 1788 1037 Rarius
1809 1007 1940 1048 quidem,
1970 1010 2081 1048 inquit,
2105 1009 2168 1048 suit

225 1054 256 1081 in
278 1059 370 1080 aetate
393 1052 438 1081 M.
466 1049 571 1087 Tullii,
596 1063 633 1081 ac
657 1050 788 1090 deinceps
810 1052 890 1089 infra
911 1052 1107 1086 rarissimum,
1133 1050 1355 1090 dubitatumque
1376 1058 1416 1079 est
1439 1050 1476 1079 ab
1499 1051 1639 1089 imperitis
1660 1052 1862 1091 antiquitatis,
1890 1062 1928 1080 an
1950 1052 2092 1081 Latinum
2109 1052 2169 1090 fo·-

226 1102 274 1123 ret.
320 1093 388 1121 Non
411 1093 498 1122 modo
523 1102 616 1122 autem
639 1093 797 1127 Latinum,
835 1092 885 1122 sed
907 1092 1061 1122 iucundius
1086 1093 1290 1132 amoeniusque
1312 1093 1398 1121 etiam
1421 1092 1537 1121 verbum
1558 1093 1710 1131 fruniscor
1734 1093 1850 1131 sactum
1874 1101 1930 1129 est,
1966 1105 2054 1134 quam
2071 1095 2168 1133 fruor.

228 1136 263 1174 Q.
282 1134 421 1164 Metellus
444 1135 636 1172 Numidicus,
661 1137 712 1175 qui
734 1144 812 1164 caste
831 1147 956 1176 pureque
978 1134 1079 1174 lingua
1102 1146 1170 1164 usus
1191 1134 1306 1163 Latina
1328 1134 1441 1164 videtur
1463 1137 1493 1164 in
1517 1135 1655 1175 epistola,
1679 1147 1768 1175 quam
1791 1134 1864 1164 exul
1883 1135 1924 1164 ad
1949 1136 2093 1166 Domitios
2113 1137 2169 1165 mi-

225 1179 280 1214 sit,
314 1179 356 1206 ita
384 1178 517 1217 scripsit:
552 1178 616 1218 Ego
647 1189 736 1218 neque
764 1189 843 1218 aqua
872 1189 960 1218 neque
986 1179 1048 1217 igni
1075 1188 1160 1207 careo
1184 1184 1209 1205 et
1231 1188 1346 1205 summa
1364 1176 1465 1216 gloria
1488 1177 1650 1216 fruniscor.
1695 1177 1824 1207 Naevius
1845 1179 1877 1207 in
1898 1177 2058 1216 Atellano,
2095 1189 2170 1219 quae

227 1219 334 1249 Partus
356 1221 497 1259 inscripta
520 1228 576 1256 est,
600 1220 655 1249 lzoc
676 1219 761 1249 verbo
781 1222 823 1248 ita
846 1221 954 1248 utitur:

718 1261 807 1300 Quod
827 1273 998 1301 magnopere
1017 1263 1216 1302 quaes-ierunt,
1247 1261 1279 1290 id
1296 1262 1427 1300 frunisci
1449 1272 1507 1290 non
1530 1270 1645 1301 queunt,

721 1304 779 1342 Qui
801 1315 857 1333 non
878 1306 970 1343 parsit
995 1303 1074 1343 apud
1096 1316 1139 1341 se,
1163 1305 1294 1343 frunitus
1316 1311 1365 1332 est.

226 1346 306 1375 Haec
331 1346 454 1375 Gellius.
499 1346 538 1375 Ut
553 1346 640 1384 fruor
662 1346 807 1384 fruiscor,
846 1347 888 1374 sic
910 1358 926 1374 a
942 1347 1062 1384 fruinor
1085 1347 1251 1385 fruiniscor·
1273 1351 1302 1374 et
1323 1356 1376 1385 per
1399 1355 1552 1384 syncopen
1570 1347 1730 1384 fruniscor.
1778 1348 1800 1374 A
1818 1347 1972 1385 fruniscor·
1989 1346 2121 1385 frunitus
2143 1352 2170 1374 et

226 1388 384 1426 infrunitus
406 1389 527 1427 proprie
548 1389 645 1418 dictus
667 1389 773 1424 homo,
803 1388 854 1428 qui
877 1389 966 1418 rebus
989 1389 1114 1417 frunisci
1136 1390 1280 1423 nesciret,
1318 1388 1365 1416 vel
1388 1387 1476 1416 homo
1499 1388 1611 1416 nullius
1634 1389 1741 1426 frugis,
1772 1389 1824 1417 sed
1847 1394 1947 1427 postea
1971 1388 2060 1417 homo
2083 1398 2170 1426 agre-

226 1431 296 1466 stis,
318 1430 464 1465 insulsus,
489 1428 695 1470 ἀπειρόκαλος.
740 1431 803 1460 Nisi
826 1432 908 1459 malis
922 1432 1077 1469 fruniscor
1098 1433 1241 1469 geminam
1265 1431 1335 1458 olim
1357 1429 1495 1458 habuisse
1518 1431 1684 1467 notionem,
1708 1441 1797 1460 unam
1815 1430 1939 1468 fruendi
1958 1441 1973 1458 a
1996 1431 2099 1467 fruor,
2123 1431 2171 1459 al-

227 1479 318 1502 teram
341 1472 473 1513 sapiendi
496 1484 510 1501 a
535 1474 665 1512 φρονέω.
704 1474 787 1501 Unde
811 1474 967 1512 infrunitus
991 1471 1108 1512 ἄφρων.
1146 1474 1335 1512 Sipontiuus:
1362 1471 1500 1501 Frunitus
1522 1471 1631 1501 dicitur·
1650 1471 1794 1512 prudens,
1818 1472 1875 1501 ἧσο
1895 1480 1936 1501 est
1956 1473 1996 1510 is,
2020 1484 2078 1512 quo
2097 1484 2171 1512 per-

223 1516 288 1553 frui
311 1514 396 1544 licet.-
433 1516 508 1545 sicut
531 1527 548 1544 a
570 1516 717 1545 contrario
742 1516 904 1554 inst-unitus
925 1516 1063 1555 insipiens
1086 1527 1121 1544 ac
1144 1515 1287 1551 stolidus,
1324 1516 1375 1554 qui
1398 1513 1473 1543 nulli
1492 1516 1558 1543 usui
1581 1523 1630 1543 est.
1671 1514 1731 1543 Sed
1753 1526 1804 1544 nos
1821 1515 1968 1553 frunitum
1990 1523 2016 1543 et
2038 1514 2171 1553 infruni-

227 1565 285 1586 tum
309 1569 329 1585 a
352 1556 463 1586 Graeco
489 1558 589 1596 potius
616 1556 741 1586 deducta
763 1559 977 1586 existimamus.
1020 1558 1099 1586 Nam
1126 1556 1232 1586 Graeci
1258 1555 1450 1594 φρόνιμον
1473 1555 1659 1595 prudentem,
1694 1556 1849 1598 ἄφρονα
1877 1555 2034 1586 dementem
2059 1556 2168 1586 dicunt.

228 1599 314 1629 Dac.
358 1600 529 1638 Respondet
551 1600 703 1638 sruniscor
728 1601 875 1639 praesenti
899 1600 1118 1638 parasnmipadi
1141 1598 1355 1628 blzunadsclzmi
1375 1599 1405 1626 iu
1430 1599 1581 1627 Sanam-ito
1605 1610 1747 1628 sermone.
1793 1600 1890 1638 Atque
1911 1599 1990 1627 hanc
2012 1600 2130 1628 litterae
2151 1610 2171 1627 n

228 1642 482 1681 interpositionem
510 1652 547 1670 ex
575 1643 638 1680 lege
667 1642 748 1678 fieri,
784 1643 871 1671 docet
899 1642 993 1681 Bopp.
1021 1643 1051 1670 in
1082 1643 1213 1670 Gramm.
1244 1642 1362 1670 Sanscr.
1392 1641 1458 1670 crit.
1482 1651 1542 1678 reg.
1559 1642 1632 1672 384.
1677 1642 1720 1670 Cf.
1750 1642 1781 1670 in
1811 1641 2013 1682 paradigmate
2040 1641 2170 1671 radicem

229 1683 347 1721 iudsclz,
373 1684 410 1713 ad
432 1694 491 1721 reg.
509 1684 581 1716 324.

395 1725 546 1755 Felices.
592 1726 752 1755 Enumerat
768 1726 935 1754 Verannius
957 1726 1038 1765 apud
1056 1726 1188 1755 Maerob.
1208 1726 1258 1754 lib.
1273 1726 1320 1755 111.
1343 1726 1398 1761 (ΙΙ,
1423 1726 1478 1761 16,
1504 1725 1545 1764 2.)
1568 1726 1686 1754 arbores
1710 1726 1811 1754 felices
1834 1730 1864 1754 et
1884 1725 2032 1763 infelices,
2055 1726 2084 1753 in
2108 1725 2174 1763 qui-

230 1768 284 1796 bus
311 1774 353 1797 est
381 1768 454 1797 fieus
485 1773 556 1797 atra.
601 1769 675 1797 Vide
699 1769 769 1797 Ptin.
793 1769 844 1800 lib.
858 1769 936 1797 XVI.
959 1779 1023 1807 cap.
1038 1772 1088 1800 27.
1111 1768 1199 1797 Ant.
1222 1769 1316 1807 Aug.
1363 1768 1484 1796 Duobus
1509 1768 1604 1796 modis
1634 1769 1839 1806 intelliguntur
1864 1768 1966 1797 felices
1989 1773 2017 1797 et
2039 1767 2173 1796 infelices

231 1810 347 1839 arbores
371 1822 425 1849 pro
449 1811 596 1840 fertilibus
620 1816 648 1840 et
670 1811 820 1848 frugiferis
842 1812 906 1839 sive
925 1811 1088 1848 agrestibus
1112 1816 1140 1838 et
1162 1811 1246 1846 feris,
1271 1811 1313 1838 sic
1332 1809 1414 1848 felix
1436 1809 1502 1838 olea
1523 1810 1602 1849 apud
1620 1811 1723 1847 virgil.
1743 1811 1829 1849 (Aen.
1842 1810 1890 1846 VI,
1910 1813 1981 1841 230.
2005 1810 2067 1846 VH,
2089 1810 2173 1847 751.)

233 1857 261 1879 et
282 1852 386 1890 infelix
409 1852 530 1883 oleaster
552 1854 614 1889 (Ge.
633 1854 675 1889 ΙΙ,
698 1854 792 1891 314.).
833 1855 870 1882 At
894 1854 923 1881 in
946 1854 1031 1882 libris
1055 1853 1230 1892 pontificum
1255 1853 1354 1881 felices
1378 1857 1407 1881 et
1429 1853 1562 1881 infelices
1587 1855 1706 1882 arbores
1729 1853 1873 1881 dicuntur
1893 1853 2006 1882 faustae
2029 1857 2058 1881 et
2079 1853 2174 1881 infau-

235 1898 310 1928 stae,
332 1905 389 1923 non
412 1901 469 1923 tam
493 1896 654 1925 fertilitatis
677 1896 777 1924 habita
800 1896 927 1932 ratione,
953 1906 1039 1934 quam
1066 1897 1207 1931 Deorum,
1230 1899 1259 1924 in
1284 1905 1412 1933 quorum
1434 1900 1528 1923 essent
1550 1897 1649 1926 tutela.
1693 1896 1765 1924 Vide
1789 1895 1918 1925 Macrob.
1944 1895 1991 1923 lib.
2004 1895 2052 1925 ΠΙ.
2078 1905 2103 1925 c.
2121 1897 2172 1927 20.

237 1934 415 1973 Quamquam
439 1938 469 1965 id
493 1949 508 1966 a
530 1939 681 1967 veteribus
704 1949 763 1967 non
788 1939 878 1967 fuisse
902 1939 1086 1967 observatum
1109 1944 1236 1967 testatur
1256 1938 1305 1966 hie
1328 1938 1406 1966 Festi
1430 1938 1533 1974 locus,
1564 1938 1612 1965 cui
1635 1939 1814 1976 suffragatur
1835 1938 1910 1966 alter
1928 1938 2033 1966 Plinii:
2065 1935 2175 1976 Infeli-

238 1987 284 2003 ces
306 1979 508 2008 existimantur
530 1979 742 2021 damnataeque
764 1980 916 2020 religione,
951 1992 1025 2021 quae
1047 1992 1135 2021 neque
1157 1988 1289 2009 seruntur
1310 1991 1448 2020 usquam,
1478 1991 1566 2020 neque
1583 1981 1715 2018 fructum
1732 1981 1840 2019 ser-unt.
1884 1981 1956 2008 Item
1977 1980 2032 2009 iste
2055 1979 2173 2019 Apuleii

237 2018 267 2045 in
288 2018 441 2056 Apologia:
477 2022 580 2051 Arbor
607 2022 765 2061 infecunda.
790 2031 815 2052 et
841 2022 965 2061 infelix,
1003 2034 1077 2063 quae
1099 2022 1212 2052 nullum
1235 2023 1367 2061 fructum
1390 2033 1430 2051 ex
1453 2034 1482 2050 se
1500 2023 1612 2061 gignit,
1650 2024 1726 2051 tanti
1746 2030 1786 2051 est
1807 2023 1837 2051 in
1858 2023 1969 2062 pretio,
2007 2023 2109 2062 quanti
2130 2020 2173 2050 li—

235 2070 324 2097 gnum
353 2061 410 2088 eius
438 2068 547 2094 trunco.
592 2065 652 2094 Imo
682 2070 710 2094 et
733 2065 914 2104 Lycophron
943 2065 1077 2104 infelicia
1102 2064 1201 2105 ligna,
1242 2075 1318 2104 quae
1343 2065 1379 2093 ad
1401 2070 1609 2103 portentorum
1632 2065 1828 2104 expiationem
1851 2064 2046 2101 adhibebant,
2086 2067 2173 2092 vocat

239 2099 356 2140 ἄκαρπα
378 2100 474 2138 φυτάῖ

840 2147 937 2179 ’Ὅταν
959 2147 1107 2189 ἀκάρποις
1128 2152 1198 2189 γυῖα
1221 2148 1389 2188 συμφλέξας
1411 2153 1520 2186 φυτοῖς

240 2224 268 2252 D
837 2188 1007 2229 ‘'qutotog
1031 2193 1073 2228 εἰς
1094 2191 1251 2222 θάλασσαν
1275 2189 1404 2234 ἐκβράσῃ
1428 2189 1555 2222 σποδόν.

276 2235 326 2253 ac.

401 2265 450 2313 lfa
460 2265 553 2314 lsius
576 2276 607 2296 ct
623 2270 779 2306 falsior.
824 2274 890 2303 Vox
914 2275 1130 2305 rationabiliter
1152 2282 1195 2304 est
1217 2276 1314 2313 Pauli,
1340 2286 1397 2314 qua
1420 2278 1506 2305 etiam
1530 2276 1577 2304 alii
1601 2275 1750 2304 inferioris
1772 2279 1858 2303 Πῡῐθθ
1880 2273 2061 2312 gramm³²i⁰i
2084 2277 2171 2301 uum*

240 2314 306 2343 tur3
336 2309 431 2336 volmt
454 2309 551 2337 dlcere
574 2307 731 2349 ἀναλόγως.
777 2315 877 2345 Scal.

404 2349 451 2378 Fu
462 2350 561 2381 cilis.
606 2353 627 2380 Α
647 2354 734 2390 fuco,
758 2361 788 2383 ut
811 2357 846 2384 ab
869 2358 958 2387 herba
982 2358 1109 2389 lter-bilis.
1146 2360 1228 2389 Nihil
1251 2360 1432 2389 mutandum.
1455 2358 1553 2391 Scal.
1596 2359 1651 2388 Alii
1668 2358 1788 2397 sucilia.
1837 2357 1941 2388 Goth.

371 2433 376 2438 ¹
403 2391 536 2441 Feriae
564 2401 697 2423 statae.
739 2397 924 2428 Publicarum
949 2402 1087 2430 seriarum
1112 2413 1217 2439 genera
1241 2408 1309 2431 sunt
1332 2408 1477 2441 quatuor:
1512 2403 1650 2436 stativae,
1680 2411 1754 2439 quae
1777 2401 1864 2430 certis
1886 2399 1990 2428 diebufl
2011 2403 2040 2427 et
2062 2399 2172 2427 men-‘fi-

241 2431 295 2461 bus
319 2438 347 2461 et
369 2443 397 2461 m
422 2434 502 2463 sastls
525 2436 609 2465 stalis
633 2436 889 2468 observationibus
912 2443 1084 2478 adnotatae,
1108 2449 1141 2472 ut
1162 2444 1318 2482 agonalia,
1351 2443 1558 2480 carmentalia,
1581 2442 1742 2482 lupercalia
1765 2448 1820 2473 etc.
1867 2440 2072 2481 Οοηοερίίυαε,
2097 2451 2174 2481 quae
