2263 2668
535 145 599 178 DE
625 145 1016 182 SIGNIFICATIONE
1043 147 1328 183 VERBORUM.
1386 152 1532 188 LIBER
1558 154 1647 188 XVI.
1992 159 2065 193 137

111 238 255 272 ,Rimari
283 243 330 269 est
356 236 456 270 valde
481 249 661 282 quaerere,
699 245 735 273 ut
761 242 795 274 in
821 242 910 275 rimis
937 252 1082 285 quoque.

113 289 303 323 Remillum
332 288 452 321 (licitur
462 285 488 305 ²⁸
511 292 604 334 quasi
631 292 828 336 repandum.

113 339 366 374 Remorhescat
392 341 426 373 in
453 343 607 375 morbum
634 343 770 377 recidat.

112 391 291 437 Resutare
317 391 538 437 redarguere,
572 396 796 439 compositum
824 408 843 429 a
869 395 992 436 fando,
1025 406 1118 428 versa
1143 407 1167 428 α
1194 396 1287 429 litera
1313 399 1346 431 in
1374 411 1404 432 u.

112 439 366 477 Renavzcilur²⁹
388 444 552 489 significat
578 444 877 490 reprehenderit³⁰.
935 446 1037 480 Unde
1071 446 1185 482 adhuc
1218 459 1277 481 nos
1310 450 1449 484 dicimus
1482 449 1728 486 nanciscitur³¹
1756 460 1789 487 et
1814 451 1983 498 nactusffl,
2031 458 2065 490 id

217 501 264 528 est
292 495 442 539 adeptus.

114 547 211 580 Reor
238 547 385 580 existimo
396 543 430 589 ³³,
468 552 500 579 et
525 559 744 592 quaecunque
771 551 814 583 ab
842 560 882 583 eo
911 549 1128 583 declinantur.

114 599 285 632 Remulco
313 603 377 640 est,
419 610 521 642 quum
548 599 696 644 scaphae
723 602 820 634 remis
846 602 935 634 navis
962 597 1119 646 magna³⁴
1140 600 1290 636 trahitur.

115 650 291 695 Rigidum
320 655 352 682 et
379 656 512 694 praeter
539 652 679 685 modum
707 653 868 698 frigidum
896 653 1061 698 significat
1088 658 1121 686 et
1147 652 1278 686 durum.

115 701 356 747 Regifugium
382 713 510 735 sacrum
522 698 547 718 ³⁵
570 701 770 745 dicebantffl’,
811 717 891 749 quo·
907 705 962 738 die
988 716 1045 738 rex
1071 705 1273 748 Tarquinius
1300 705 1425 750 fugerit
1453 704 1505 739 e³⁷
1525 708 1645 741 Roma.

114 753 238 798 Regia
266 753 404 795 (lomus,
440 753 497 786 ubi
523 765 581 786 rex
609 754 749 788 habitat.

116 802 335 849 Reglescit³⁸
359 805 450 849 apud
477 805 633 839 Plautum
661 805 861 852 significat³⁹
883 808 1009 841 crescit.

116 856 258 901 Reapse
285 860 333 889 est
358 868 394 890 re
420 857 501 902 ipsa.
556 858 736 892 Pacuvius:

490 907 531 942 Si
555 921 623 943 non
650 914 701 943 est
727 911 913 955 ingratum
940 920 1085 955 reapse,
1128 906 1259 954 quod⁴⁰
1276 909 1365 955 feci.

116 959 270 1004 Repotia
297 959 457 1004 postridie
484 962 616 1004 nuptias
642 962 733 1006 apud
762 973 884 995 novum
912 962 1066 995 maritum
1093 959 1296 1003 coenatur⁴¹‚
1339 961 1417 1005 quia
1443 962 1537 1004 quasi
1563 962 1709 996 reficitur
1736 965 1873 1008 potatio.

118 1011 315 1057 Repagula
341 1017 431 1052 sunt,
459 1024 545 1055 quae
572 1014 797 1056 patefaciendi
823 1010 964 1058 gratia⁴²
985 1013 1029 1046 ita
1055 1013 1204 1058 figuntur
1214 1009 1250 1054 ⁴³,
1277 1018 1313 1046 ut
1338 1009 1391 1046 e⁴¹⁴
1411 1013 1577 1047 contrario
1605 1020 1842 1060 oppangantur
1852 1013 1884 1048 ⁴5.
1940 1017 2034 1051 Haec
2045 1014 2069 1036 ³⁶

219 1069 252 1096 et
276 1074 435 1109 repages
462 1064 624 1098 dicuntur.

118 1114 339 1159 Repudium,
378 1115 470 1158 quod
499 1115 537 1147 fit
564 1117 608 1148 ob
634 1127 705 1149 rem
731 1115 946 1160 pudendam,
980 1116 1199 1161 appellatum.

117 1165 312 1211 Repedare
337 1167 506 1201 recedere.

118 1218 350 1263 Repastinari
374 1230 457 1263 ager
483 1219 508 1250 is
536 1218 674 1258 dicitur,
721 1218 813 1251 ouius
841 1223 957 1251 natura
967 1214 993 1234 ⁴²
1015 1218 1179 1252 fodiendo
1206 1223 1360 1252 mutatur.

118 1269 270 1303 Reluere
295 1270 425 1303 solvere
434 1267 469 1313 ⁴¹⁸,
512 1270 729 1314 repignerare
738 1266 772 1302 4⁹.

117 1321 322 1367 Resignare
347 1322 471 1365 antiqui
498 1321 654 1355 dicebant
680 1333 743 1366 pro
770 1321 972 1362 rescribere,
1006 1326 1042 1354 ut
1069 1320 1183 1355 adhuc
1210 1321 1406 1367 subsignare
1434 1317 1609 1354 dicimus⁵⁰
1631 1333 1694 1367 pro
1723 1323 1938 1358 subscribere.

117 1370 338 1407 Resultare5¹
360 1385 461 1418 saepe
488 1373 622 1406 resilire.

117 1424 296 1459 Restibilis
322 1437 405 1470 ager
433 1425 489 1466 fit,
516 1425 572 1468 qui
599 1424 732 1458 biennio
759 1425 915 1458 continuo
943 1424 1059 1457 seritur
1085 1423 1197 1457 farreo
1224 1424 1337 1468 spico,
1364 1423 1398 1456 id
1422 1428 1470 1457 est
1493 1424 1644 1465 aristato,
1672 1424 1764 1468 quod
1789 1436 1829 1457 ne
1850 1425 1926 1465 fiat,
1954 1425 2072 1467 solent,

219 1478 276 1520 qui
305 1477 442 1521 praedia
468 1477 599 1517 locant,
641 1476 806 1521 excipere.

118 1529 228 1562 Reses
255 1529 409 1573 ignavus,
446 1529 523 1572 quia
533 1525 558 1545 ⁵²
578 1527 708 1560 residet.

123 1581 318 1613 Resecrare
350 1581 480 1613 solvere
511 1580 693 1624 religione,
742 1579 858 1621 utique
889 1590 993 1621 quum
1051 1574 1160 1610 reus⁵⁴
1181 1579 1350 1622 populum
1383 1577 1523 1611 comitiis
1555 1584 1707 1611 oraverat
1734 1589 1795 1622 per
1822 1578 1920 1619 deos,
1969 1585 2004 1612 ut
2031 1591 2071 1613 eo

221 1632 373 1675 periculo
399 1632 612 1672 liberaretur,
648 1631 784 1663 iubebat
809 1631 1018 1674 magistratus
1046 1640 1122 1662 eum
1148 1641 1326 1665 resecrare.
1378 1629 1534 1662 Plautus:

492 1678 748 1726 Resecroque⁵⁵
769 1685 901 1722 mater,
929 1681 1023 1726 qaod
1049 1681 1185 1714 dadum
1212 1681 1494 1715 obsecraveram.

123 1735 194 1768 Res
222 1733 536 1778 comperendinata
563 1734 729 1778 significat
753 1733 913 1767 iudicium
941 1734 975 1765 in
1000 1733 1132 1766 tertium
1161 1729 1285 1766 diem⁵⁶
1307 1733 1530 1767 constitutum.

122 1787 228 1820 Rava
256 1796 320 1817 vox
346 1795 446 1818 rauca
474 1790 506 1818 et
532 1796 652 1830 parum
677 1785 822 1829 liquida,
850 1785 1002 1830 proxime
1030 1795 1149 1818 canum
1176 1785 1332 1819 latratum
1359 1794 1495 1824 sonans,
1525 1781 1615 1815 unde
1642 1781 1739 1815 etiam

223 1836 373 1882 gnaciter
398 1837 536 1880 loquens
562 1833 723 1870 rabulaf‘fl.

1002 1574 1028 1594 5³

1750 1777 1775 1798 ⁵⁷
1797 1784 1981 1818 causidicus
2008 1797 2073 1830 pu-

121 1955 168 1997 31)
191 1953 399 1993 nanciscitur]
420 1955 627 1983 nanciscimur
648 1955 681 1983 B.
704 1972 744 1976 —
773 1952 822 1995 32)
844 1953 972 1992 nactus]
996 1964 1076 1981 nan·
1121 1959 1172 1980 tur
1188 1953 1219 1981 B.
1234 1962 1280 1991 pr.
1318 1957 1514 1990 ‹ippagantur
1529 1951 1587 1980 Gu.
1601 1954 1627 1983 1.
1650 1967 1692 1972 -
1713 1951 1761 1989 45)
1783 1952 1879 1987 Haec]
1902 1952 1974 1981 lzinc
1990 1955 2018 1983 L.
2034 1972 2072 1976 -—

121 2006 190 2027 ctus
205 1999 243 2027 M.
266 2013 308 2019 —-
329 1997 378 2034 33)
400 1999 497 2034 exist]
514 1996 548 2025 id
562 2003 604 2025 est
619 1998 701 2027 exist.
716 1998 749 2025 B.
772 2013 815 2019 ·-
837 1997 885 2034 34)
908 1998 999 2024 navis
1014 2006 1077 2023 ma-
1119 1994 1166 2033 47)
1188 1994 1322 2034 natura]
1346 1994 1394 2023 Sic
1411 1994 1449 2023 M.
1465 1995 1494 2023 S.
1512 1998 1541 2023 et
1561 1994 1640 2032 vulg.
1684 1999 1790 2022 natum
1808 1994 1839 2022 B.
1858 1994 1912 2023 Gu.
1930 1998 1958 2027 1.
1976 2000 2005 2029 2.
2024 2008 2071 2036 pr,

118 2041 196 2082 gna]
220 2050 334 2079 magna
347 2050 417 2068 nav.
432 2040 463 2070 L.
485 2056 529 2061 —
550 2043 596 2075 35)
615 2038 750 2079 sacrum]
767 2049 823 2068 om.
840 2039 873 2069 L.
895 2055 937 2060 —
959 2042 1004 2074 36)
1027 2037 1076 2066 di·
1120 2048 1193 2066 nam
1210 2038 1243 2066 1..
1286 2037 1451 2076 Utrumque
1465 2047 1479 2065 e
1494 2036 1671 2076 compendio
1688 2041 1785 2065 ortum
1802 2041 1855 2065 est.
1878 2053 1920 2058 —
1943 2039 1987 2071 48)
2010 2041 2073 2068 sol—

122 2083 239 2122 cebant]
261 2082 420 2111 dicebatur
434 2082 465 2112 L.
480 2082 512 2112 B.
538 2099 577 2103 -
598 2084 647 2119 37)
664 2084 784 2120 fugerit
800 2084 823 2117 e]
838 2082 930 2120 fugit
945 2092 964 2108 α
979 2081 1012 2109 Β.
1035 2097 1076 2102 --
1119 2078 1198 2120 vere]
1221 2080 1363 2108 resolvere
1377 2080 1409 2108 B.
1432 2097 1471 2101 -
1494 2077 1540 2120 49)
1562 2078 1765 2118 repignerare]
1788 2081 1981 2119 repignorare
1993 2083 2024 2112 L.
2040 2101 2074 2105 —

120 2127 166 2167 38)
191 2123 363 2165 Reglescit]
387 2124 434 2153 Sic
455 2125 561 2164 scripsi
578 2135 593 2153 e
610 2126 783 2153 coniectura
805 2124 881 2154 Scal.
926 2124 1078 2162 Regiescit
1120 2121 1167 2161 50)
1188 2122 1324 2161 subsign.
1339 2121 1409 2160 dia]
1434 2121 1491 2151 dic.
1506 2122 1586 2152 subs.
1601 2122 1633 2154 Β,
1659 2138 1695 2143 --
1719 2124 1765 2157 51)
1789 2122 1963 2163 Resultare]
1987 2126 2073 2154 Resi-

122 2172 151 2199 L.
168 2172 265 2201 Gu.2.
279 2178 325 2207 pr.
340 2168 369 2197 S.
414 2168 566 2205 Rigrescit
579 2168 612 2196 Β.
656 2168 813 2206 Regrescit
830 2167 885 2196 Gu.
902 2168 928 2196 1.
973 2166 1078 2203 Rigie-
1121 2165 1197 2193 liare
1211 2165 1243 2194 L.
1286 2164 1447 2194 Residiare
1461 2165 1493 2194 Β.
1509 2165 1565 2194 Gn.
1577 2167 1603 2195 1.
1620 2174 1664 2203 pr.
1679 2165 1708 2192 S.
1728 2180 1771 2186 —
1793 2165 1841 2203 52)
1863 2167 1949 2204 quia]
1972 2170 2026 2207 qui
2041 2169 2072 2197 L,

121 2215 179 2241 scit
195 2213 276 2250 vulg.
318 2210 469 2248 Reglescit.
486 2214 529 2238 est
545 2220 598 2248 pro
618 2211 754 2248 regliscit
770 2209 902 2245 dictum3
925 2208 981 2237 let
994 2209 1006 2235 i
1020 2208 1077 2237 fre·
1120 2207 1155 2237 Β.
1178 2224 1221 2229 -
1242 2205 1289 2249 53)
1312 2207 1419 2246 quum]
1443 2218 1534 2246 quom
1549 2207 1581 2236 Β.
1604 2223 1646 2229 ·—
1666 2209 1711 2244 54)
1735 2208 1812 2247 reus]
1836 2218 1893 2237 om.
1907 2209 1940 2238 B.
1962 2226 2004 2232 —
2024 2211 2072 2247 55)

122 2260 247 2296 quenter
270 2264 285 2282 a
309 2252 414 2282 scribis
446 2252 679 2281 confunduntur.
710 2268 747 2273 —
778 2250 828 2291 39)
857 2249 947 2289 apud
972 2251 1078 2279 Plaut.
1121 2250 1321 2289 Besa-mque]
1344 2251 1478 2279 Besae-ro
1499 2250 1531 2279 L.
1574 2250 1766 2289 Resacroque
1787 2251 1819 2279 B.
1842 2251 1899 2282 Gu.
1915 2254 1941 2283 1.
1959 2262 2005 2291 pr.
2031 2269 2072 2275 —

121 2298 212 2338 sign]
228 2299 306 2335 sign.
321 2294 409 2335 apud
421 2295 525 2323 Plaat.
539 2295 570 2324 B.
595 2311 636 2316 —
659 2293 704 2332 40)
726 2293 821 2332 quod]
842 2293 920 2332 quid
933 2294 962 2322 L.
979 2293 1035 2323 Gu.
1050 2296 1076 2324 1.
1121 2291 1170 2334 56)
1191 2294 1311 2321 tertium
1326 2292 1421 2329 diem]
1445 2293 1525 2321 diem
1539 2298 1603 2322 tert.
1621 2292 1678 2325 Gu.
1697 2295 1726 2324 1.
1742 2293 1770 2323 S.
1814 2292 1892 2322 diem
1909 2300 2022 2322 certam
2037 2295 2069 2324 B.

122 2344 149 2371 S.
175 2358 212 2363 --
235 2341 284 2376 41)
306 2337 462 2377 coenatur]
479 2348 570 2365 coena
588 2338 618 2365 Β.
642 2353 681 2358 —-
704 2337 752 2372 42)
771 2335 891 2375 gratia]
915 2346 971 2364 om.
987 2335 1077 2365 M.—-
1122 2337 1155 2364 in
1169 2334 1247 2364 diem
1268 2346 1325 2365 om.
1341 2336 1379 2366 M.
1402 2352 1444 2358 —
1465 2339 1511 2371 57)
1534 2334 1643 2374 etiam]
1666 2341 1693 2363 ec
1709 2336 1740 2364 1..
1757 2335 1788 2364 B.
1811 2353 1852 2358 —
1873 2337 1921 2373 58)
1942 2336 2067 2373 rabula]

122 2383 168 2424 43)
179 2383 337 2422 figuntur]
352 2381 520 2420 finguntur
532 2380 569 2408 M.
586 2381 642 2408 Gu.
655 2382 680 2409 1.
695 2389 741 2417 pr.
775 2380 967 2418 fringunmr
981 2378 1037 2408 Gu.
1049 2382 1078 2411 2.
1122 2379 1235 2408 νανίἰία
1249 2379 1280 2407 L.
1293 2379 1324 2409 B.
1338 2379 1377 2408 M.
1396 2379 1452 2409 Gu.
1465 2382 1493 2411 1.
1508 2382 1535 2411 2.
1550 2389 1595 2417 pr.

124 2443 163 2448 -.
186 2425 232 2465 44)
256 2424 280 2464 e]
305 2435 361 2453 om,
379 2424 474 2454 Gu,1.
488 2433 533 2462 pr,
557 2440 597 2444 —
620 2422 667 2458 45)
690 2421 916 2460 oppanguntur]
936 2431 1078 2460 pangan-

176 2487 342 2515 Gnnmxr.
366 2493 433 2512 LAT.
450 2482 483 2511 H.
1633 2472 1657 2504 S
