2263 2668
504 97 566 132 DE
593 98 981 133 SIGNIFICATIONE
1008 98 1291 134 VERBORUM.
1342 103 1487 137 LIBER
1512 104 1569 138 111.

74 189 299 224 Crocotillum
325 189 425 223 valde
451 191 546 225 exile.
600 194 752 227 Plautus:

1964 110 2010 143 41

438 241 599 277 Extortis
624 245 707 278 talis
733 255 813 278 cum
839 244 1025 278 crocotillis
1051 245 1221 278 crusculis
1229 241 1262 277 ⁵⁰.

75 290 284 325 crusculum
311 291 540 328 diminutivum
566 308 585 328 a
612 307 716 329 crure.

76 341 198 376 Crines
224 354 244 374 a
271 342 469 378 discretione
495 346 592 388 dicti,
634 359 735 391 quam
759 346 881 381 Graeci
906 345 1018 393 κρίσιν
1046 343 1262 391 ειΡΡθῙΙειῐιι51.

75 392 240 427 Crocatio
267 405 443 429 corvorum
470 395 593 430 vocis⁵³
619 399 815 443 appellatio.

76 444 258 486 Crucium,
286 446 379 489 quod
406 449 539 482 cruciat.

77 496 299 530 Crocotinum
309 495 334 515 ⁵⁵
356 510 462 542 genus
488 500 599 544 operis
625 502 763 545 pistorii.

1317 347 1402 380 Nam
1430 348 1530 383 iidem
1559 361 1615 383 eos
1643 351 1799 398 κρινίδας
1825 350 1987 386 vocant52.

593 449 691 483 Unde
713 444 894 483 Lucilius⁵⁴
917 448 1027 482 vinum
1053 448 1186 481 insuave
1214 447 1361 482 crucium
1390 448 1479 482 dixit.

78 545 318 581 Crustariae⁵⁶
339 551 498 584 tabernae
524 563 543 584 a
568 553 651 586 vasis
677 547 849 598 potoriis⁶⁷
869 549 1016 584 crustatis
1041 550 1150 584 dictae
1161 545 1195 581 ⁵⁵¹.

78 598 267 632 Cracentes
292 602 443 646 graciles.
496 603 638 638 Ennius:

443 653 621 688 Succincti
646 654 784 700 gladiis
809 653 928 686 media
953 652 1100 697 regione
1127 655 1315 685 cracentes.

79 700 183 734 Grevi
209 700 313 734 modo
339 702 505 747 significat
529 706 771 740 haereditatem
798 704 880 738 adii:

176 752 280 784 modo
309 753 411 787 divisi.

932 703 1036 736 modo
1070 704 1177 736 maior
1211 707 1317 736 aetate
1343 703 1397 736 vel
1424 714 1523 736 censu
1550 715 1621 736 sum
1632 701 1674 736 5²³:

464 757 561 798 Quae
588 758 699 791 omnia
709 754 734 774 ‘⁵⁰
753 769 771 790 a
794 756 925 789 duobus
950 755 1057 788 verbis
1083 766 1198 789 cresco
1226 760 1259 788 et
1284 766 1384 788 cerno
1413 751 1588 796 veniuntffl,
1616 756 1706 789 cuius
1732 756 1826 790 unius
1854 757 1951 802 origo
1977 769 2016 791 ex

1728 705 1831 738 modo
1859 705 2014 748 iudicavi,

177 803 310 837 Graeco
337 805 520 849 trahitur-⁶²,
549 810 641 853 quod
668 809 714 842 illi
740 808 898 856 κραίνειν
926 807 1040 842 dicunt
1064 807 1229 851 perficere
1241 802 1275 837 ⁶³.

80 852 305 888 Creterrae⁶⁴
330 859 531 892 vocabulum
558 861 699 894 trahitur
725 872 744 893 a
771 864 915 900 cratere,
951 859 1043 902 quod
1071 863 1120 891 est
1145 855 1235 891 vas⁶⁵
1255 856 1330 889 vini.

80 905 298 940 craticulam
325 920 344 941 a
367 909 501 944 Graeco
525 910 705 959 κρατεύτᾳ
716 908 740 929 ⁸⁶
767 910 952 944 deducitur.

81 957 249 990 Centuria
273 959 306 990 in
334 962 422 1005 agris
447 964 611 1008 significat
637 965 780 997 ducenta
806 964 942 1007 iugex·a;
980 961 1013 994 in
1039 973 1075 994 re
1102 960 1234 993 militari
1261 963 1395 992 centum
1422 957 1582 989 homines.

82 1008 305 1043 centuriatus
337 1024 419 1057 ager
444 1014 476 1047 in
504 1015 632 1050 ducena
642 1012 667 1032 ⁶⁷
692 1015 808 1059 iugera
835 1014 1007 1055 definitus,

177 1060 297 1094 tribuit.

1061 1013 1139 1056 quia
1164 1011 1330 1046 Romulus
1356 1008 1501 1044 centenis
1528 1008 1652 1042 civibus
1662 1004 1686 1024 ⁶⁸
1713 1008 1842 1042 ducena
1852 1005 1876 1024 ‘⁵⁹
1902 1008 2018 1054 iugera

83 1110 290 1145 Centuriam
317 1116 450 1148 comitia
475 1117 553 1150 item
580 1118 706 1150 curiata
733 1116 867 1150 comitia
877 1111 901 1131 ⁷⁰
927 1115 1137 1155 dicebantur,
1181 1113 1259 1157 quia
1285 1112 1433 1157 populus
1456 1112 1628 1144 Romanus
1654 1121 1717 1155 per
1743 1106 1925 1144 centenas-²¹
1949 1116 2019 1144 tur-

178 1174 247 1196 mas
269 1164 389 1199 divisus
411 1173 490 1200 erat.

84 1213 317 1249 Centenariae
349 1228 472 1251 coenae
505 1218 718 1260 dicebantur,
766 1219 799 1251 in
832 1229 913 1261 quas
946 1218 1025 1262 lege
1047 1216 1176 1250 Licinia
1200 1226 1268 1248 non
1293 1215 1370 1259 plus
1397 1214 1599 1248 centussibus
1624 1217 1757 1257 praeter
1782 1216 1888 1245 terrae
1914 1207 2022 1244 nata'‘²

178 1266 455 1311 impendebantur
464 1267 498 1313 ⁷³,
532 1270 568 1302 id
596 1276 642 1303 est
669 1275 801 1304 centum
830 1269 970 1311 assibus,
1003 1269 1061 1312 qui
1084 1272 1176 1302 erant
1201 1268 1319 1301 breves
1347 1267 1438 1299 numi
1464 1277 1505 1299 ex
1531 1277 1608 1299 aere
1617 1261 1651 1297 ⁷⁴.

85 1315 202 1350 Coena
229 1319 321 1363 apud
348 1322 498 1366 antiquos
524 1322 712 1365 dicebatur,
760 1321 852 1366 quod
879 1332 966 1355 nunc
992 1325 1041 1354 est
1067 1320 1256 1365 prandium.

177 1370 352 1413 pellamus.

1316 1318 1506 1363 vesperna,
1554 1328 1654 1361 quam
1682 1325 1769 1348 nunc
1796 1325 1933 1347 coenam
1960 1324 2023 1357 ap-

85 1418 285 1455 Censionem
313 1423 424 1457 facere
451 1423 622 1458 dicebatur
645 1435 779 1466 censor,
822 1425 924 1468 quum
935 1420 959 1440 ⁷⁵
982 1420 1153 1456 mliltam⁷⁶
1181 1422 1282 1466 equiti
1308 1421 1487 1466 irrogabat.

84 1555 259 1594 Gjnasonas
279 1561 359 1598 vulg.
381 1576 422 1581 —
445 1560 493 1601 45)
517 1568 605 1600 caput
623 1562 784 1601 scalpunt]
808 1563 857 1590 Sic
874 1563 904 1592 L.
922 1562 954 1592 Β.
974 1562 1031 1591 Gu-

84 1602 110 1630 1.
123 1603 152 1631 2.
171 1611 214 1639 pr.
260 1604 355 1641 scalp.
372 1614 438 1641 cap.
453 1604 536 1641 vulg.
581 1604 665 1632 addit
678 1605 709 1634 L.
727 1604 805 1633 unde
820 1605 923 1643 scalpo
942 1603 977 1632 id
991 1609 1032 1632 est

82 1643 213 1679 topi-ctio,
236 1661 277 1665 -—
298 1644 344 1684 46)
369 1643 572 1685 Crepc'culum]
595 1647 643 1675 Sic
660 1648 716 1676 Gu.
730 1652 758 1680 2.
773 1649 801 1678 S.
848 1645 1034 1685 Crepitulum

82 1684 164 1722 vulg.
188 1701 227 1706 —
251 1685 296 1726 47)
320 1687 456 1726 ornam.]
478 1694 522 1716 est
544 1700 659 1718 ornam.
676 1691 709 1718 B.
731 1707 773 1712 —
795 1690 843 1725 48)
866 1689 963 1728 idem]
987 1690 1033 1718 Sic

85 1726 142 1756 Gu.
159 1731 187 1759 2.
233 1728 269 1756 id
284 1731 360 1757 enim
376 1731 456 1769 vulg.
482 1748 518 1752 —
542 1734 589 1767 49)
613 1734 655 1771 in]
678 1744 698 1760 α
716 1733 748 1762 Β.
770 1750 812 1754 -
833 1735 879 1771 50)
903 1743 1033 1761 cruscu-

84 1768 141 1808 lis]
165 1772 296 1799 crusulis
313 1773 340 1801 Β.
366 1789 406 1794 -
428 1771 478 1814 51)
503 1775 613 1802 Graeci
630 1776 728 1815 κρίσιν
743 1774 917 1815 appellant]
941 1775 989 1803 Sic
1007 1776 1034 1803 S.

85 1811 180 1840 kri-sin
203 1814 258 1842 Gu.
275 1818 302 1847 2.
349 1816 460 1844 Graeci
477 1817 633 1855 appellant
648 1828 746 1858 κρισιν
759 1819 792 1847 Β.
837 1819 950 1847 Graece
970 1827 1035 1847 σισ-

86 1865 183 1893 κρισιν
199 1856 238 1884 Μ.
270 1858 379 1885 Graeci
392 1859 586 1897 appellabant
603 1861 650 1897 L.,
674 1865 814 1899 sequente
833 1861 963 1889 Graecae
981 1869 1036 1887 vo-

87 1897 130 1925 cis
146 1898 260 1927 lacuna.
305 1897 453 1939 διάκρισιν
469 1902 549 1940 vulg.
572 1919 614 1924 —-
637 1903 682 1940 δὲ)
701 1914 748 1931 eos
764 1904 900 1943 κρινίδας
914 1901 1036 1940 vocant]

87 1950 135 1967 1¹08
156 1946 262 1969 vocant
275 1941 325 1978 L.,
347 1948 487 1981 sequente
503 1945 610 1973 lacuna
627 1946 757 1975 Graecae
775 1947 866 1975 vocis.
901 1943 1038 1973 crinidas

88 1993 135 2010 eos
155 1983 188 2012 B.
238 1983 378 2012 krinidas
399 1985 454 2014 Gu.
472 1989 500 2018 2.
552 1988 704 2017 crinisdas
725 1989 764 2016 M.
809 1998 866 2016 om.
889 1989 1036 2017 Graecum

89 2025 144 2053 Gu-
158 2028 186 2057 1.
210 2043 252 2047 —
273 2026 319 2065 53)
334 2038 489 2056 corvorum
504 2030 596 2069 vocis]
613 2034 695 2059 vocis
710 2041 868 2058 corvorum
883 2031 916 2059 L.
934 2045 976 2051 —
991 2031 1036 2062 54)

88 2068 245 2108 Luciliu-5]
265 2069 383 2098 Lucius
399 2070 433 2099 B.
447 2071 477 2099 in
491 2081 582 2111 marg.
603 2090 646 2095 —
666 2073 716 2112 55)
742 2070 947 2110 Crocotinum]
967 2071 1038 2099 Cro-

88 2111 224 2139 cocinum
239 2111 271 2140 B.
317 2110 517 2141 Crocotirium
536 2125 580 2154 pr.
606 2133 640 2137 —
666 2116 712 2155 56)
739 2114 935 2152 Crustariae]
963 2113 1040 2142 Cru-

87 2155 199 2181 -rtatzssae
214 2154 243 2184 B.
267 2171 301 2176 -
322 2156 371 2193 57)
390 2158 532 2194 potoriis]
545 2159 680 2195 potariis
697 2159 728 2187 L.
744 2158 776 2185 B.
799 2174 837 2179 -—-
861 2160 910 2192 58)
928 2155 1039 2194 dictae]

89 2201 114 2222 et
132 2195 209 2224 dicti
233 2198 289 2226 Gu.
308 2200 335 2228 1.
379 2198 456 2227 Male
477 2199 540 2228 scil.
557 2210 624 2228 cum
643 2211 725 2238 seqq.
741 2198 814 2227 haec
833 2199 972 2236 coniungi
987 2208 1040 2227 vo-

89 2238 145 2266 luit
157 2238 263 2267 scriba.
286 2255 326 2260 —
350 2238 398 2280 59)
422 2251 510 2268 censu
526 2242 604 2281 sum]
621 2253 727 2270 census
739 2252 807 2269 sum
822 2252 866 2280 pr.
901 2251 970 2268 sum
984 2251 1038 2270 om.

89 2281 189 2313 Gu.2.
213 2298 249 2302 —
275 2283 320 2319 60)
344 2285 463 2318 omnia]
487 2294 542 2314 om.
559 2284 590 2313 B.
614 2301 652 2306 —-
682 2289 727 2319 61)
752 2283 893 2322 veniunt]
916 2284 1040 2312 trahun-

90 2329 139 2352 tur
154 2325 184 2354 L.
199 2324 230 2354 B.
246 2334 292 2363 pr.
320 2342 352 2345 —
379 2324 427 2365 62)
451 2328 541 2354 cuius
556 2343 598 2349 —-
614 2326 761 2365 trahitur]
785 2337 842 2356 om.
860 2327 890 2356 L.
900 2326 930 2354 B.
945 2327 1001 2355 Gu.
1013 2329 1040 2357 1.

142 2384 305 2412 GRAMMAT.
332 2395 394 2412 ι,Λτ.
418 2385 451 2413 ΙΙ.

1075 1577 1116 1582 -
1144 1562 1192 1599 66)
1216 1561 1350 1600 κραίνειν
1372 1559 1478 1587 dicunt
1493 1558 1651 1596 pctficere]
1676 1554 1734 1584 dic.
1746 1555 1827 1593 perf.
1842 1552 1976 1593 κραίνειν
1992 1552 2025 1581 Β.

1076 1604 1126 1631 illi
1146 1602 1255 1631 dicunt
1276 1603 1323 1639 L„
1355 1605 1495 1639 sequente
1516 1600 1622 1628 lacuna
1641 1598 1770 1626 Graecae
1792 1597 1881 1626 vocis.
1926 1596 2027 1623 cra-nin

1076 1646 1114 1677 M.
1131 1646 1188 1676 Gu.
1201 1649 1228 1677 2.
1275 1646 1389 1672 crenem
1404 1654 1449 1681 pr.
1495 1652 1553 1671 om.
1569 1642 1671 1669 Graec.
1692 1641 1747 1668 Gu.
1766 1641 1793 1669 1.
1817 1654 1859 1660 --
1880 1635 1927 1678 64)
1953 1636 2028 1665 Gre-

1076 1689 1185 1727 terrae]
1208 1688 1257 1716 Sic
1272 1688 1310 1717 M.
1328 1687 1383 1714 Gu.
1397 1689 1425 1717 2.
1442 1686 1470 1713 S.
1518 1682 1675 1713 Crater-are
1687 1683 1718 1713 L,
1765 1679 1876 1710 Cretere
1890 1680 1971 1718 vulg.
1991 1695 2026 1700 —

1077 1734 1122 1767 65)
1148 1738 1190 1759 est
1205 1729 1276 1768 vas]
1300 1729 1349 1756 Sic
1366 1729 1423 1756 Gu.
1438 1731 1465 1759 2.
1510 1737 1565 1754 vas
1585 1732 1628 1754 est
1649 1725 1729 1764 vulg.
1775 1730 1818 1752 est
1832 1733 1889 1754 om.
1905 1723 1955 1759 B„
1978 1721 2028 1768 sed

1080 1779 1123 1802 est
1138 1774 1169 1802 in
1192 1773 1295 1802 ultima
1312 1771 1404 1807 linea,
1433 1770 1464 1798 in
1485 1768 1543 1797 fine
1564 1768 1705 1808 paginae,
1733 1766 1814 1795 unde
1831 1766 1918 1795 facile
1935 1764 2030 1794 omitti

1079 1816 1185 1855 potuit.
1207 1831 1249 1836 —-
1271 1811 1320 1853 66)
1341 1810 1497 1853 κρατεύτᾳ]
1514 1812 1563 1840 Sic
1578 1811 1685 1850 scripsi
1701 1821 1737 1839 ex
1748 1809 1787 1839 M.
1804 1809 1861 1838 nisi
1875 1807 1955 1847 quod
1970 1807 2030 1835 iota

1079 1858 1281 1896 subscriptum
1303 1854 1414 1884 addidi.
1440 1888 1447 1896 ,
1459 1860 1596 1882 cratenta
1613 1854 1669 1888 Gn„
1685 1856 1713 1885 2.
1760 1857 1858 1880 craten
1875 1861 1921 1889 pr.
1965 1860 2031 1888 κρα-

1080 1901 1134 1930 τέω
1151 1902 1179 1929 S.
1224 1896 1335 1938 κρατήρ
1353 1897 1429 1935 vulg.
1475 1907 1533 1926 om.
1554 1897 1700 1926 Graecum
1721 1895 1778 1924 Gu.
1795 1898 1824 1926 1.
1845 1909 1888 1915 —-
1909 1890 1955 1930 67)
1979 1890 2032 1919 da-

1081 1942 1164 1980 cena]
1189 1941 1237 1970 Sic
1252 1942 1345 1972 Gu.2.
1361 1950 1407 1980 pr.
1450 1939 1582 1968 ducenta
1598 1939 1679 1977 vulg.
1701 1955 1742 1960 —-
1764 1934 1814 1976 68)
1836 1933 1967 1974 civibus]
1990 1945 2033 1962 se—

1081 1984 1241 2014 natoribus
1263 1984 1294 2012 B.
1325 2000 1362 2004 —
1391 1985 1435 2017 69)
1458 1981 1593 2021 ducena]
1618 1982 1666 2010 Sic
1688 1980 1746 2010 Gu.
1763 1982 1791 2011 2.
1812 1988 1858 2017 pr.
1904 1976 2034 2005 ducenta

1082 2024 1160 2065 vulg.
1185 2043 1226 2049 -
1248 2027 1295 2063 70)
1318 2025 1459 2064 comitia]
1484 2025 1542 2054 hoc
1563 2024 1665 2054 addidi
1684 2034 1719 2053 ex
1734 2022 1766 2050 L.
1781 2021 1813 2049 Β.
1830 2021 1885 2051 Gu.
1904 2022 1930 2052 1.
1942 2022 1971 2051 2.
1986 2029 2032 2058 pr.

1083 2071 1170 2108 Vulg.
1184 2069 1275 2098 abest.
1302 2085 1334 2089 -—
1361 2071 1406 2102 71)
1430 2067 1584 2106 centenas]
1600 2072 1719 2095 centum
1733 2065 1766 2094 L.
1788 2079 1828 2086 -
1850 2065 1895 2101 72)
1913 2067 2035 2101 praeter

1083 2119 1180 2141 terrae
1198 2110 1288 2150 nata]
1306 2116 1428 2149 praeter
1443 2111 1600 2139 natalibus
1620 2110 1652 2139 L.
1692 2112 1814 2147 praeter
1830 2112 1927 2134 terrae
1944 2111 2034 2133 nata-

1084 2155 1167 2183 libus
1179 2155 1213 2183 B.
1234 2154 1289 2183 Gu.
1306 2156 1331 2184 1.
1372 2164 1447 2192 prae
1467 2160 1562 2182 terrae
1585 2152 1745 2181 natalibus
1759 2161 1804 2190 pr.
1842 2154 1964 2187 praeter
1981 2153 2034 2175 ter-

1085 2209 1136 2226 rae
1156 2197 1287 2226 natabus
1311 2196 1366 2224 Gu-
1381 2199 1410 2227 2.
1451 2202 1572 2235 praeter
1592 2201 1674 2224 terra
1696 2200 1772 2222 nata
1793 2192 1822 2220 S.
1845 2207 1885 2212 —
1909 2189 1954 2229 73)
1977 2191 2034 2216 im-

1079 2238 1304 2279 pendebantur]
1326 2238 1553 2278 impendebatur
1576 2239 1607 2266 B.
1623 2238 1663 2268 M.
1684 2247 1730 2276 pr.
1775 2232 1982 2273 impendebant
2002 2230 2032 2259 L.

1084 2300 1124 2305 —-
1148 2284 1191 2317 74)
1214 2283 1300 2310 numi
1315 2293 1348 2309 ex
1363 2283 1445 2320 aere]
1470 2293 1503 2309 ex
1518 2293 1583 2310 aere
1597 2281 1716 2309 nummi
1734 2279 1764 2308 L.
1794 2294 1828 2299 ·—
1854 2278 1898 2308 75)
1921 2274 2032 2312 quam]

1084 2336 1173 2365 quom
1189 2335 1235 2364 pr.
1260 2342 1294 2346 —-
1320 2324 1369 2362 76)
1393 2324 1538 2363 multam]
1562 2324 1709 2352 mulctam
1726 2322 1755 2350 [A.
1770 2330 1816 2360 pr.

1593 2375 1622 2408 F
