2263 2668
945 124 1090 160 LIBER
1114 125 1157 160 Π.
1949 130 2023 166 181.

81 219 179 254 Idem
203 218 237 252 in
263 216 401 252 eodem:

307 287 359 294 —
385 267 466 301 hinc
491 265 590 299 densi
611 276 734 302 rursus
753 267 924 303 inundant
936 264 971 302 ²².

81 336 179 372 Idem
204 337 238 370 in
263 336 339 369 1111.
366 336 423 369 lib.
448 334 660 379 Georgicon:

307 403 414 449 Ergo
433 401 559 448 apibus
574 402 666 448 setis
691 403 785 437 idem
799 399 834 445 ²³,
861 407 965 449 atque
992 403 1152 437 examine
1176 405 1286 439 multo

305 455 449 489 Primus
471 453 674 497 abundare,
701 459 735 489 et
757 455 958 501 spumantia
983 466 1114 501 cogere
1133 457 1268 501 pressis

308 506 425 539 Mella
444 504 559 550 savis,

82 573 305 615 Foecundus,
329 573 529 619 foecunde,
556 585 606 607 as.
658 573 755 607 Idem
780 574 814 608 in
838 574 977 608 eodem=

306 641 357 675 Et
382 641 532 675 viridem
552 642 759 687 Aegyptum
773 639 799 660 ²⁴
825 643 935 688 nigra
949 641 1152 687 foecundat
1181 652 1303 676 arena.

606 710 702 743 Idem
728 711 896 744 Aeneidos
916 710 973 743 lib.
995 710 1055 742 111.
1071 706 1113 743 ²⁵:

308 777 392 811 Rite
410 779 622 812 secundaret
638 779 750 822 visus,
776 790 940 824 omenque
962 779 1105 812 levaret.

80 829 137 864 Ab
164 840 205 863 eo
230 840 365 873 quoque
381 826 417 871 ²⁶,
442 830 536 873 quod
563 834 610 862 est
634 831 765 863 menda
786 831 839 863 vel
861 830 1042 871 mendum,
1069 829 1202 862 nomine
1214 824 1240 846 ²⁷
1272 829 1470 874 (utramque
1501 829 1586 863 enim
1612 830 1872 863 terminationem
1896 833 2022 864 veteres

80 885 255 925 usurpant;
290 881 410 914 Cicero
438 882 472 914 in
501 882 660 915 Praetura
689 879 854 916 Siciliensi
870 878 910 915 ²⁸:
966 880 1071 928 Quod
1101 880 1267 914 mendum
1297 881 1366 915 ista
1396 882 1505 916 litura
1551 882 1709 915 correxit.
1773 881 1912 916 Ovidius
1945 882 2021 915 artis

81 932 262 966 amatoriae
281 932 338 966 lib.
364 932 409 965 1.:

308 982 422 1016 Nocte
443 983 552 1016 latent
573 982 723 1017 mendae
750 983 899 1029 vitioque
919 982 1114 1029 ignoscitur
1135 982 1227 1016 omni
1243 978 1277 1015 ²⁹.

80 1033 178 1068 Idem
204 1033 351 1068 eiusdem
366 1031 392 1051 ³⁰
417 1034 475 1069 lib.
498 1034 564 1066 11.:

307 1085 449 1119 Eximet
470 1086 549 1130 ipsa
572 1085 648 1118 dies
672 1095 789 1118 omnes
812 1096 856 1118 ex
876 1096 1027 1130 corpore
1052 1085 1238 1130 mendas),-

81 1136 220 1170 verbum
245 1136 283 1169 fit
296 1133 320 1155 ³¹
346 1136 509 1178 emendo,
536 1147 596 1177 as,-
620 1140 657 1170 ut
682 1136 844 1170 luvenalis
870 1137 925 1170 lib.
953 1137 1019 1170 V.:

854 1208 900 1213 —-
952 1188 1002 1220 Et
1023 1191 1141 1220 tamen
1168 1198 1236 1220 uno

309 1236 475 1271 semodio
500 1237 612 1272 scobis
635 1238 726 1271 haec
750 1239 914 1273 emendat
933 1239 1093 1273 servulus
1116 1249 1204 1273 unus
1218 1234 1255 1273 ³².

81 1292 114 1322 et
138 1287 260 1322 Statius
284 1288 454 1322 Thebaid.
479 1290 538 1323 lib.
563 1290 607 1323 l.:

82 708 282 752 Secundus,
308 710 476 752 secundo,
503 721 554 744 as.

692 1360 736 1365 —
766 1352 832 1386 quo
857 1345 1014 1386 tempore
1046 1341 1152 1374 tarde

311 1390 505 1424 Terrarum
521 1390 648 1437 sarias
673 1392 833 1434 abolere,
861 1397 893 1426 et
918 1393 1039 1426 secula
1065 1396 1162 1426 retro

306 1442 514 1476 Emendare
535 1447 592 1476 sat
619 1446 669 1476 est
694 1441 729 1477 ³³.

79 1490 150 1525 Sed
178 1491 276 1525 etiam
303 1494 512 1528 differentiae
538 1494 785 1540 significationis
812 1505 926 1529 caussa
951 1500 1018 1529 tam
1044 1495 1172 1540 primae
1198 1504 1299 1538 quam
1325 1491 1441 1526 tertiae
1467 1489 1633 1535 quaedam
1662 1500 1702 1522 ex
1728 1487 1779 1521 his
1805 1487 2021 1528 inveniuntur,

80 1610 170 1639 etiam
199 1610 280 1641 cam.
304 1612 335 1642 P.
372 1629 407 1634 —
454 1611 500 1652 20)
534 1615 727 1642 Βενίυαηιιιν
758 1613 829 1644 Cod.
858 1612 1032 1642 deriventur
1074 1613 1149 1641 male
1174 1613 1204 1641 P.
1226 1628 1267 1633 —-
1289 1609 1334 1648 27)
1359 1609 1495 1637 Nomine.
1519 1607 1563 1634 Ita
1584 1606 1655 1635 Cod.
1679 1611 1708 1635 ct
1723 1607 1800 1635 Cam.
1817 1617 1921 1634 nomen
1935 1605 1964 1633 P.
1982 1621 2017 1625 —-

81 1653 162 1682 Cam.
186 1653 217 1684 P.
246 1670 282 1675 -—
314 1656 358 1693 21)
385 1655 464 1693 Virg.
492 1656 562 1684 Aen.
587 1656 663 1690 XII,
686 1659 756 1688 673.
785 1656 833 1685 ubi
853 1657 1029 1695 plerumque
1073 1654 1119 1694 28)
1142 1655 1242 1683 Cicero
1267 1653 1330 1681 Act.
1354 1651 1389 1679 II.
1412 1651 1442 1677 in
1461 1650 1543 1678 verr.
1566 1649 1615 1677 lib.
1637 1649 1680 1685 II,
1710 1659 1774 1687 cap.
1797 1651 1846 1679 42.
1891 1647 1923 1675 In
1947 1647 2019 1694 Cod.

80 1695 180 1724 editur
205 1701 335 1726 vortex.
365 1714 406 1719 —
435 1696 481 1737 22)
506 1698 585 1735 Vin-g.
604 1700 675 1727 Aen.
696 1699 772 1735 XII,
799 1701 869 1731 280.
896 1699 930 1727 Iu
953 1700 1025 1727 Cod.
1072 1702 1114 1726 est
1138 1698 1260 1733 litora,
1283 1696 1339 1724 i.e.
1357 1693 1466 1729 litura,
1491 1691 1570 1729 quod
1595 1691 1672 1719 dedi.
1717 1692 1856 1718 Littera
1878 1689 1957 1717 Cam.
1980 1689 2020 1715 li-

80 1742 125 1767 est
147 1737 357 1776 inundabant,
379 1740 430 1768 sed
455 1746 630 1771 correctum.
659 1741 770 1770 Ibidem
792 1751 848 1779 pro
874 1741 1026 1780 interpre-

80 1783 211 1809 tan-,ento
229 1791 244 1809 a
258 1782 362 1811 seriori
384 1792 472 1811 manu
491 1794 581 1823 supra
597 1794 715 1813 versum
738 1784 884 1822 scriptum
898 1785 1032 1822 fluctus,

80 1821 205 1852 relatum
228 1823 266 1853 ad
289 1825 345 1853 adi.
364 1823 458 1853 densi.
480 1842 518 1848 —
546 1829 595 1865 23)
619 1826 692 1857 cod.
711 1826 746 1855 ab
774 1826 897 1865 antiqua
923 1837 1031 1855 manu:

80 1907 165 1945 Ergo
188 1886 295 1946 αἳπίιιιη
319 1914 408 1947 atque
430 1911 565 1938 examine
586 1914 643 1939 cet.
667 1911 718 1939 sed
743 1920 759 1938 a
782 1919 842 1939 rec.
870 1920 910 1940 m.
935 1909 987 1938 illa
1005 1920 1030 1947 p

81 1950 283 1988 suprascripta
307 1956 418 1988 puncto
440 1953 576 1992 apposito
601 1953 714 1991 deleta,
745 1957 773 1981 et
793 1952 866 1981 haec
890 1952 1031 1990 ascripta:

81 1991 193 2031 apibus
203 1993 284 2029 felis
303 1992 390 2022 idem.
414 1994 466 2022 Est
488 1995 570 2024 locus
598 1995 704 2034 Georg.
729 1995 776 2031 IV,
802 1996 870 2026 139.
886 2004 965 2031 seqq.
988 2009 1030 2014 —

80 2033 129 2074 24)
158 2034 230 2062 Cod.
259 2033 339 2062 Idem
365 2037 396 2063 in
427 2035 527 2064 eodem
555 2038 671 2065 flirilem
701 2043 766 2065 etus
795 2034 946 2064 secundus
972 2039 1027 2062 cet.

82 2076 130 2104 Sic
148 2077 183 2104 ab
207 2076 325 2114 antiqua
350 2087 454 2114 manu3
478 2079 529 2107 sed
553 2085 737 2108 correctum:
765 2080 805 2107 Et
829 2076 958 2105 viridem
979 2086 1028 2103 ae-

78 2125 205 2158 giptum
220 2120 311 2156 nigra
327 2119 477 2156 secundat
498 2121 623 2151 harena.
646 2122 698 2150 Est
720 2121 802 2148 locus
822 2119 901 2156 Virg.
920 2119 1026 2155 Georg.

80 2161 138 2197 lv>
170 2163 240 2194 293-
270 2177 311 2181 —
339 2159 386 2201 25)
416 2162 540 2193 Arm-id.
567 2163 619 2192 lib.
641 2164 696 2192 Ils.
721 2163 753 2192 P.
783 2159 921 2189 aeneidos
950 2159 1027 2188 libro

82 2203 153 2233 IIII.
178 2204 255 2233 Cam.
280 2204 369 2231 Recte
394 2204 510 2242 Codex,
541 2210 575 2234 ut
598 2206 741 2234 dedimus.
776 2204 851 2231 Tum
883 2201 1028 2230 secunda-

82 2251 167 2275 rent
192 2261 229 2266 —-
256 2245 405 2273 levarent
435 2246 513 2277 Cam.
534 2248 565 2277 P.
588 2245 835 2286 quemadmodum
858 2244 939 2284 apud
961 2244 1028 2273 Vir-

81 2288 186 2328 gilium
206 2288 323 2325 legitur.
365 2287 422 2315 Sed
448 2288 518 2316 cod.
546 2289 653 2318 diserte
674 2286 865 2315 sccmzdaret
887 2302 925 2309 ·—
943 2287 1028 2316 leva-

82 2336 141 2360 ret
163 2330 303 2368 singulari
327 2340 459 2358 numero.
482 2330 576 2359 Locus
598 2336 642 2360 est
666 2331 736 2360 Aen.
757 2329 817 2366 III,
839 2331 889 2361 36.
912 2344 953 2352 —
980 2328 1027 2368 26)

83 2373 132 2402 Ab
154 2384 185 2402 eo
208 2383 335 2412 quoqne.
362 2372 404 2401 Ita
426 2372 497 2401 Cod.
520 2373 600 2404 Cam.
624 2374 684 2409 Et,
712 2373 775 2401 sive
798 2371 837 2400 ab
859 2381 893 2400 eo
911 2381 1030 2411 quoque

1069 1745 1140 1767 tera
1164 1739 1193 1767 P.
1221 1753 1262 1759 —
1297 1736 1343 1770 29)
1368 1733 1454 1762 Ovid.
1477 1733 1510 1763 A.
1533 1733 1567 1761 A.
1594 1732 1620 1769 I,
1645 1734 1714 1764 249.
1743 1748 1785 1754 —
1813 1731 1861 1768 30)
1885 1730 1966 1759 Idem
1987 1731 2020 1758 in

1076 1781 1173 1809 eodem
1189 1779 1263 1807 male
1279 1777 1349 1805 Cod.
1374 1774 1520 1804 Eiusdem
1535 1775 1613 1802 Cam.
1639 1774 1669 1802 P.
1684 1773 1764 1811 quod
1783 1773 1901 1802 retinui.
1922 1774 2018 1801 Locus

1075 1828 1118 1851 est
1141 1820 1228 1850 Ovid.
1252 1820 1286 1848 A.
1308 1819 1341 1848 Α.
1360 1819 1396 1855 II,
1417 1819 1487 1850 653.
1510 1818 1558 1845 Et
1580 1817 1683 1844 eximet
1705 1815 1775 1844 Cod.
1799 1831 1839 1837 —
1869 1815 1916 1853 31)
1944 1816 2019 1843 Ver-

1074 1866 1143 1893 bum
1167 1873 1207 1890 ex
1236 1872 1273 1890 eo
1295 1862 1338 1899 fit
1363 1861 1434 1889 cod.
1457 1875 1499 1881 —
1531 1858 1579 1897 32)
1603 1858 1734 1887 Iuvenal.
1766 1859 1826 1886 Sat.
1854 1857 1942 1893 XIV,
1969 1860 2018 1889 66.

1074 1917 1134 1944 seq.
1166 1904 1264 1933 Lectio
1291 1903 1367 1943 apud
1392 1901 1559 1931 Iuvenalem
1588 1900 1715 1930 fluctuat
1746 1900 1823 1929 inter
1851 1899 1966 1927 scrobis
1990 1904 2020 1928 et

1074 1947 1180 1976 scobis.
1204 1946 1274 1976 cod.
1291 1951 1391 1974 noster
1404 1944 1501 1972 scobis
1519 1948 1607 1982 atque
1628 1943 1669 1971 ita
1690 1943 1777 1971 etiam
1793 1943 1871 1971 Cam.
1885 1942 1917 1970 P.
1941 1942 2019 1978 „Iu-

1072 1990 1185 2019 venalis
1208 1989 1311 2017 satirae
1333 1987 1461 2016 sedecim
1485 1987 1515 2015 in
1538 1985 1640 2014 multis
1667 1985 1777 2020 Codd.‚
1813 1990 1872 2013 tam
1898 1984 2017 2023 scriptis

1072 2042 1161 2071 quam
1183 2031 1285 2067 editis,
1309 2030 1530 2059 distribuuntur
1552 2028 1583 2056 in
1605 2028 1737 2066 quinque
1760 2027 1866 2063 libros,
1890 2037 2015 2064 quorum

1069 2076 1182 2113 primus
1199 2073 1327 2111 quinque
1339 2072 1465 2112 priores,
1488 2070 1637 2100 secundus
1655 2075 1777 2105 sextam,
1800 2070 1906 2098 tertius
1927 2069 2017 2107 septi-

1069 2127 1162 2153 mam,
1186 2120 1319 2144 octavam
1338 2119 1366 2143 et
1387 2125 1510 2151 nonam,
1541 2117 1663 2152 quartus
1695 2112 1855 2148 decimam,
1888 2110 2016 2139 undeci-

1068 2169 1146 2187 mam
1169 2163 1198 2186 et
1218 2158 1438 2194 duodecimam,
1468 2156 1588 2195 quintus
1615 2160 1673 2183 tres
1704 2155 1820 2183 ultimas
1846 2153 2017 2192 complecti-

1070 2205 1126 2230 tur.
1169 2200 1208 2229 Hi
1232 2200 1302 2229 libri
1328 2199 1486 2228 laudantur
1513 2199 1570 2227 iam
1598 2208 1613 2225 a
1643 2197 1793 2226 Prisciano
1824 2201 1853 2225 et
1884 2206 1901 2224 a
1919 2200 2016 2224 vetere

1071 2243 1235 2272 Scholiasta
1252 2243 1287 2270 ad
1305 2243 1364 2271 Sat.
1386 2242 1444 2279 Ill,
1467 2242 1558 2274 240.“
1582 2240 1708 2278 Rupert.
1730 2241 1761 2268 in
1786 2239 1844 2268 Ed.
1869 2239 2011 2266 lmatom.

1071 2286 1095 2323 I,
1113 2297 1187 2325 pag.
1213 2284 1373 2314 CLXXV.
1395 2300 1437 2306 -—
1464 2282 1512 2323 33)
1529 2282 1639 2311 Statius
1661 2282 1751 2311 Theb.
1776 2282 1796 2317 l,
1820 2283 1890 2313 268.
1920 2277 2014 2307 Zia-{lc

1071 2329 1143 2357 Cod.
1164 2327 1286 2356 tandem
1307 2327 1385 2355 Cam.
1408 2326 1441 2356 Ρ.
1457 2330 1485 2354 et
1508 2326 1577 2354 libri
1597 2325 1677 2363 apud
1704 2324 1839 2352 Statium.
1883 2322 1957 2350 Tum
1982 2321 2010 2346 in

1070 2371 1143 2400 eod.
1163 2375 1220 2400 est:
1249 2368 1420 2400 Emendare
1440 2370 1534 2407 ficeta
1560 2377 1650 2406 supra
1672 2366 1791 2406 scriptis
1811 2364 1873 2393 his:
1900 2373 1933 2390 cn
1962 2364 2009 2387 sut
