2263 2668
235 121 309 157 248
1007 111 1231 148 ARUSLANI
1264 114 1406 149 MESSl

236 218 348 252 Mater
366 214 424 247 illi.
451 213 545 258 Virg.
567 211 650 246 Aen.
673 204 756 244 X.¹:
789 206 854 241 Cui
882 205 967 240 diva
1001 205 1137 241 senilia
1161 212 1285 242 mater.
1312 208 1446 242 Terent.
1474 206 1641 253 Adelph:
1668 207 1830 243 Primum
1854 210 1956 245 huius
1990 214 2093 248 uxori
2125 218 2176 248 est

338 269 461 300 mater.
484 264 596 297 Mater
615 260 711 294 illius.
737 257 809 293 Cio.
840 269 904 302 pro
930 257 1099 292 Cluentio:
1135 259 1231 292 Nam
1254 260 1284 293 si
1313 259 1400 293 Asia
1425 259 1527 292 huius
1549 264 1664 293 muter
1688 259 1809 296 hahiti.

238 318 403 353 Moderor
421 316 495 348 illis.
521 313 639 346 salust.
661 306 799 344 Catil.²:
830 309 934 343 Cuius
960 309 1068 342 libido
1093 311 1257 355 gentibus
1284 311 1500 344 moderatur.

238 371 353 404 Motus
374 369 459 400 loco.
495 364 564 398 cic,
588 363 621 395 in
649 361 746 395 Catil.
770 357 854 394 11.³:
887 361 981 394 Loco
1013 361 1072 394 ille
1105 366 1216 395 motus
1259 367 1326 401 est,
1364 373 1442 394 cum
1473 361 1561 394 haec
1594 373 1637 394 ex
1666 361 1753 395 urbe
1784 362 1960 407 depulsus.
1990 364 2104 399 Motus
2135 366 2178 400 ab

340 420 398 452 illo
422 418 509 450 loco.
536 414 604 447 Sal.
628 413 713 446 Hist.
744 409 812 444 1.4:
839 411 962 457 Neque
983 423 1039 445 me
1060 412 1202 446 divers-a
1219 425 1310 458 pars
1332 414 1367 446 ἱη
1393 412 1549 445 civilibus
1574 414 1682 446 armis
1709 415 1814 447 movit
1837 425 1861 447 u
1882 425 1974 448 vero.

239 489 389 522 Minister
414 484 467 517 his
477 479 499 519 ⁵,
525 482 646 515 salust.
673 481 758 515 Hist.
779 480 853 513 IV.:
880 479 1100 514 Multitudini
1122 482 1319 525 ostendens,
1348 492 1453 526 quam
1481 481 1594 513 colere
1616 482 1808 526 plurimum
1836 486 1873 515 ut
1899 493 1982 515 mox
2009 483 2122 528 cupit,
2149 484 2179 517 is

339 537 533 570 ministrum
564 532 696 567 habere
727 532 942 566 decreverat.
988 532 1141 566 Minister
1174 533 1281 566 huius.
1323 533 1418 577 virg.
1448 532 1532 568 Aen.
1571 532 1648 565 XL:
1682 533 1858 578 Pacisque
1892 533 1997 568 bonos
2032 533 2180 580 bellique

342 587 524 622 ministros.

239 641 339 675 Mille
363 640 520 672 librarum
546 639 661 669 mutuo
689 634 792 668 dedit.
831 634 965 667 Terent.
984 634 1121 668 Heautz
1152 634 1216 668 Cui
1243 634 1497 667 drachmarum
1524 634 1614 669 haec
1641 636 1783 680 argenti
1804 636 1899 670 mille
1924 636 2076 670 dederat
2101 647 2180 670 mu-

341 687 427 725 tuoss.
455 688 523 723 Cic.
541 687 584 722 de
603 688 751 721 Praetur.
773 686 906 720 urbam:
938 685 1057 719 Verris
1085 690 1117 719 et
1138 697 1203 719 uuo
1231 687 1341 719 miuus
1367 689 1452 719 teste
1479 685 1625 719 haberet
1651 686 1697 720 ab
1723 687 1833 720 homo.

1194 813 1235 845 N.

240 897 370 930 Nomen
398 892 446 925 illi
476 890 620 936 Virgilio
647 893 705 923 est.
741 889 836 934 Virg.
864 889 992 934 Georg.
1020 885 1131 923 1111.⁷:
1172 889 1236 923 Cui
1260 899 1381 921 nomen
1408 889 1546 924 amello.
1586 889 1641 923 Sic
1676 892 1708 922 et
1739 889 1822 924 Aen.
1850 889 1974 923 v1111.:
2016 889 2080 924 Cui
2105 889 2179 923 Re-

341 944 434 978 mulo
460 953 652 988 cognomen
679 945 765 975 erat.
817 942 948 973 Nomen
983 941 1029 972 illi
1064 940 1220 985 Virgilius
1257 946 1310 973 est.
1346 940 1441 973 Idem
1469 936 1600 973 vulfi:
1636 940 1833 973 Ianiculum
1861 941 1958 983 huic,
1985 940 2036 974 illi
2052 940 2181 986 suerat

344 995 515 1029 Saturnia
540 1004 672 1027 nomen.
725 992 804 1026 Ter.
834 988 958 1025 Hec.⁹:
993 991 1138 1035 Hecyra
1166 996 1215 1025 est
1241 991 1321 1024 hnic
1347 1002 1469 1024 nomen
1496 991 1662 1036 subulae.
1698 991 1817 1025 Salust.
1846 992 1929 1025 Hist.
1956 991 2015 1024 111.
2050 992 2093 1025 de
2118 992 2180 1025 flu-

343 1047 450 1088 mine,
475 1057 598 1091 genere
624 1048 758 1077 neutro:
784 1042 986 1088 Nomenque
1010 1043 1213 1076 Danubium
1240 1042 1355 1077 habet.
1390 1043 1521 1075 Nomen
1547 1043 1609 1075 illis
1636 1043 1794 1087 Virgilius
1820 1043 1940 1088 posuit.
1976 1043 2070 1087 Virg.
2097 1043 2181 1076 Aen.

342 1098 434 1131 VIL:
460 1098 721 1140 Laurentesque
747 1093 793 1128 ab
821 1105 865 1128 ea
890 1105 1013 1127 nomen
1032 1095 1191 1140 posuisse
1217 1095 1353 1128 colonis.
1388 1094 1484 1127 Idem
1511 1095 1593 1127 Aen.
1620 1095 1698 1127 111.:
1728 1095 1933 1140 Aeneusque
1958 1105 2033 1127 meo
2059 1105 2182 1128 nomen

342 1150 388 1182 de
413 1149 548 1182 nomine
561 1146 682 1195 fingo.

241 1219 378 1254 Nescius
403 1217 473 1251 hoc
498 1217 619 1250 facere.
645 1214 740 1258 Virg.
762 1213 891 1258 Georg.
918 1214 960 1246 11.
970 1210 1010 1246 ¹⁰:
1037 1212 1183 1247 Nescius
1206 1214 1272 1247 hoc
1293 1213 1386 1260 fieri.
1412 1214 1509 1246 Idem
1535 1214 1618 1247 Aen.
1636 1210 1758 1247 X11.¹¹:
1784 1213 1833 1246 Et
1853 1213 1971 1246 nescia
1996 1212 2087 1246 vinci
2112 1212 2183 1246 Pe-

343 1273 452 1302 ctora.
489 1268 585 1300 Idem
612 1266 739 1310 Georg.
765 1265 825 1297 11.:
858 1264 908 1297 At
932 1275 1057 1297 secura
1083 1266 1178 1310 quies
1205 1270 1237 1298 et
1262 1266 1380 1298 nescia
1405 1265 1535 1309 fallere
1561 1266 1644 1300 vita.
1684 1265 1822 1299 Nescius
1857 1264 1954 1297 huius
1986 1264 2045 1299 rei.
2087 1264 2181 1309 Virg.

342 1321 425 1354 Aen.
452 1319 493 1352 X.
503 1315 543 1351 ¹²:
569 1316 700 1351 Nescia
726 1326 823 1349 mens
849 1315 1023 1349 hominum
1041 1316 1118 1361 suli
1142 1318 1310 1362 sortisque
1325 1317 1488 1363 fitlurae.

243 1389 346 1423 Nixus
372 1387 438 1421 hac
463 1397 510 1419 re.
544 1384 639 1430 Virg.
667 1385 750 1418 Aen.
777 1384 819 1418 X.
832 1380 871 1416 ¹³:
905 1384 1023 1417 Posito
1049 1385 1146 1429 pede
1170 1385 1272 1418 uirus
1298 1389 1330 1417 et
1356 1385 1470 1417 hasta.
1498 1384 1599 1417 Nixus
1625 1383 1657 1417 in
1683 1383 1749 1418 hac
1775 1379 1852 1416 reu.
1887 1383 1957 1417 Cic.
1984 1393 2047 1427 pro
2076 1380 2180 1427 [534]

343 1439 519 1473 Deiotaro:
552 1436 643 1470 Dico
670 1439 772 1470 extra
798 1439 1000 1468 conventum
1027 1440 1059 1468 et
1087 1447 1166 1469 cum
1181 1436 1442 1482 frequentium,
1470 1436 1504 1469 ἰη
1531 1447 1601 1480 qua
1627 1439 1807 1469 oratorum
1832 1435 1951 1468 studia
1976 1434 2038 1467 niti
2064 1433 2181 1467 solent.

328 1574 357 1611 1)
380 1575 437 1604 Hic
459 1573 554 1603 omnis
573 1572 716 1601 articulus
739 1571 819 1600 deest
839 1570 869 1598 in
887 1570 960 1600 Cod.
992 1570 1024 1601 A.
1048 1571 1085 1601 Μ.
1110 1571 1191 1609 Virg.

247 1618 317 1646 Aen.
339 1619 377 1654 X,
401 1620 450 1649 76.
473 1617 540 1645 Ter.
557 1615 612 1644 Ad.
628 1615 664 1652 V,
684 1616 712 1651 8,
731 1616 778 1650 6.‚
801 1613 852 1641 ubi
867 1613 935 1641 vide
950 1614 1046 1641 Bentl.
1064 1613 1122 1643 Cic.
1137 1624 1192 1652 pro
1234 1582 1325 1611 pem]
1349 1583 1409 1600 mm
1432 1576 1539 1610 Pomm
1569 1587 1610 1592 -
1642 1569 1669 1612 Ι)
1697 1572 1782 1609 Jlrg·
1810 1571 1860 1598 (12³-
1886 1571 1960 1599 ΗΠ
1993 1571 2064 1600 271.
2087 1567 2122 1598 Δ.
2143 1567 2184 1600 M·

1234 1615 1363 1644 Αιηεῖίο.
1386 1616 1427 1642 Et
1449 1614 1524 1642 Am.
1552 1614 1653 1641 VIIII.
1678 1615 1747 1645 593.
1771 1613 1803 1641 A.
1825 1613 1860 1641 M.
1884 1614 1935 1640 Sic
1956 1611 2057 1640 addidi
2082 1610 2182 1641 eCod.

249 1661 362 1687 Cluent.
385 1670 410 1688 C.
436 1661 462 1690 5.
487 1658 539 1687 ubi
567 1658 689 1695 legitur:
724 1656 806 1684 IVum
830 1656 951 1691 Sassia,
975 1661 1070 1683 muter
1100 1655 1193 1683 huius

249 1701 352 1735 Aviti,
377 1711 449 1737 quae
471 1700 670 1729 Grammatico
690 1699 777 1726 etiam
794 1697 973 1726 restituenda
1000 1703 1076 1726 sunt.
1102 1715 1135 1719 —
1162 1696 1191 1737 Ξ)

250 1742 313 1771 Sul.
339 1742 403 1771 Cat.
427 1744 476 1774 50.
501 1742 534 1771 A.
556 1742 594 1770 M.
618 1742 688 1779 Cap.
717 1741 767 1772 51.
801 1739 867 1768 edd.
892 1740 972 1770 Cori.
1001 1741 1078 1769 Gerl.
1104 1757 1138 1761 -——
1164 1743 1191 1773 3)

251 1785 312 1813 Cic.
334 1783 366 1810 in
389 1784 450 1811 Cat.
468 1783 504 1819 II,
530 1786 556 1814 1.
577 1783 689 1811 Verba:
713 1788 771 1817 est,
795 1792 859 1809 cum
882 1781 955 1809 llaec
979 1783 1052 1820 (lege
1074 1781 1143 1821 huc)
1163 1793 1195 1809 ex

253 1826 324 1853 urbe
340 1824 486 1863 depulsus
501 1824 601 1853 addidi
616 1834 631 1852 e
647 1824 718 1851 Cod.
735 1824 790 1853 Gu.
813 1824 898 1862 Apud
921 1824 981 1853 Cic.
997 1829 1040 1852 est
1064 1835 1132 1852 eum
1152 1830 1194 1851 est

252 1879 285 1895 ex
306 1878 334 1894 ll.
360 1867 390 1895 d.
419 1884 459 1887 —
487 1866 518 1905 4)
541 1865 590 1894 Ab
615 1866 668 1893 illo
690 1866 773 1902 loco,
802 1866 907 1894 omissa
929 1877 957 1894 v.
981 1872 1097 1903 motus,
1121 1867 1192 1895 cod.

253 1910 287 1938 A.
309 1909 347 1937 M.
375 1909 438 1937 Sul.
462 1910 544 1937 Hist.
568 1908 592 1937 I.
618 1911 644 1939 1.
667 1907 701 1937 A.
722 1907 760 1936 Μ.
785 1907 930 1945 Fragmm.
953 1909 976 1945 I,
999 1909 1029 1940 4.
1054 1909 1133 1938 Gerl.
1154 1925 1195 1930 —

254 1950 284 1991 5)
301 1950 361 1986 Qui
383 1956 544 1988 sequuntur
567 1950 624 1979 duo
645 1949 762 1978 articuli
782 1950 919 1977 Minister
945 1956 972 1978 et
994 1952 1080 1979 Mille
1098 1951 1196 1979 libra-

255 2004 323 2021 rum
344 1993 421 2031 apud
444 1994 476 2020 A.
492 1993 530 2022 M.
554 1992 766 2021 desiderantur.
783 1991 902 2019 Salustii
926 1993 1008 2021 locus
1032 1994 1094 2022 eius
1115 1994 1195 2031 frng-

256 2036 361 2064 mentis
377 2045 478 2063 recens
492 2035 620 2071 accedit,
643 2034 692 2062 sed
708 2033 854 2072 quomodo
869 2035 1058 2071 corrigendus
1074 2036 1121 2071 sit,
1141 2036 1196 2063 du-

254 2077 330 2105 bito.
353 2077 435 2114 Virg.
457 2077 590 2113 Acn.X[,
613 2078 684 2108 658.
705 2077 756 2104 ubi
775 2075 897 2113 legitur:
920 2075 1066 2115 Pacis-que
1089 2079 1195 2106 bonas

257 2120 385 2157 bellique
400 2120 578 2146 ministras.
601 2134 641 2139 —-
664 2117 691 2156 6)
715 2119 809 2146 Locus
831 2118 897 2146 Ter.
918 2122 960 2145 est
981 2119 1074 2148 Heaut
1095 2121 1143 2155 III,
1167 2123 1195 2156 3,

257 2164 306 2193 40.
328 2161 385 2189 Ubi
407 2161 480 2188 lzm'c
502 2160 635 2190 ‹lraclmu
656 2160 712 2188 Sed
732 2160 762 2187 in
782 2159 852 2188 Cod.
876 2159 932 2187 Gu.
953 2170 1043 2197 porro
1063 2168 1104 2190 est
1123 2163 1197 2190 llaec

258 2205 375 2242 argenti
396 2205 496 2230 minus
511 2203 597 2230 habet
620 2212 695 2237 uno,
719 2212 792 2239 quae
808 2211 899 2239 quum
919 2207 1016 2239 aperie
1035 2210 1196 2242 repugnent

257 2245 401 2274 formulae
424 2246 454 2273 in
475 2244 664 2282 cloquutione
679 2244 848 2282 propositae
866 2248 894 2271 et
912 2243 1069 2273 videantur
1089 2257 1124 2274 ox
1147 2247 1197 2275 in—

258 2287 415 2316 ferioribus
435 2287 494 2315 hue
516 2287 669 2322 traducta,
697 2286 851 2314 emendare
875 2295 934 2313 non
964 2285 1103 2317 dubitavi.
1137 2290 1198 2318 Cic.

259 2330 295 2358 de
316 2334 451 2368 practura
471 2329 538 2358 Urb.
556 2329 638 2356 Iocus
661 2328 782 2356 mutilus
804 2332 869 2364 est,
891 2327 970 2364 quod
996 2328 1027 2355 in
1050 2329 1119 2357 Cod.
1143 2332 1198 2359 Gu.

260 2372 395 2401 asterisco
412 2371 531 2401 ultimae
546 2371 612 2401 voci
626 2371 713 2399 lzomo
736 2369 872 2409 apposito
886 2374 1015 2399 notatur.
1039 2372 1132 2400 Locus
1153 2383 1200 2401 re-

1237 1658 1294 1685 Gu.
1318 1673 1360 1679 —-
1389 1660 1414 1691 k)
1442 1655 1524 1684 Idem
1550 1655 1637 1684 VIII.
1655 1657 1724 1688 358.
1749 1655 1781 1683 A.
1806 1655 1844 1683 M.
1861 1656 2009 1683 Saturnia
2024 1654 2099 1682 luno
2114 1652 2184 1681 Cod.

1238 1701 1291 1728 Gu.
1313 1699 1363 1728 secl
1379 1700 1409 1726 in
1430 1699 1559 1735 margine
1577 1708 1653 1726 corr.
1672 1698 1754 1733 Quae
1773 1702 1841 1735 post
1859 1696 1916 1724 hoc
1940 1707 1986 1725 ex.
2007 1697 2039 1724 in
2056 1696 2113 1724 hoc
2129 1705 2184 1723 ar·—

1236 1742 1329 1769 1iculo
1344 1746 1517 1780 sequuntur,
1541 1745 1728 1768 accesserunt
1745 1750 1780 1767 ex
1798 1739 1868 1767 Cod.
1888 1740 1943 1767 Gu.
1961 1754 2004 1759 —-
2028 1736 2058 1778 9)
2076 1737 2184 1776 Hecyr.

1237 1784 1314 1813 Prol.
1330 1784 1364 1811 ab
1381 1783 1476 1812 initio.
1502 1784 1596 1810 Locus
1615 1782 1734 1810 Salustii
1749 1781 1856 1819 legitur
1872 1781 1949 1808 inter
1965 1781 2026 1808 eius
2046 1780 2184 1817 fragmm.

1236 1827 1340 1854 incert.
1358 1827 1406 1857 57.
1436 1825 1515 1853 Gerl.
1534 1835 1569 1852 ex
1589 1825 1728 1854 Acronio.
1750 1824 1829 1861 Virg.
1852 1824 1922 1851 Aen.
1938 1823 2006 1855 VH,
2030 1824 2081 1853 63.
2104 1821 2185 1850 ldem

1237 1869 1295 1904 Ill,
1320 1870 1369 1899 18.
1403 1867 1454 1896 ubi
1474 1867 1582 1904 legitur
1600 1866 1827 1904 Aeneadasque.
1858 1882 1900 1886 —
1931 1863 1973 1903 10)
1998 1864 2185 1892 Desideratur

1237 1910 1295 1939 hoc
1318 1910 1488 1949 exemplum
1509 1909 1588 1947 apud
1615 1910 1649 1939 A.
1669 1909 1707 1937 M.
1734 1909 1829 1936 Locus
1850 1917 1910 1935 non
1931 1907 2083 1935 invenitur
2104 1905 2186 1946 apud

1238 1953 1319 1990 Virg.
1350 1970 1385 1974 —
1418 1954 1461 1985 11)
1484 1950 1565 1980 Idem
1587 1949 1663 1979 XII.
1686 1952 1757 1982 527.
1783 1950 1816 1978 A.
1842 1950 1879 1977 Μ.
1905 1949 1987 1978 Idem
2015 1950 2122 1987 Georg.
2140 1945 2183 1976 II.

1238 1995 1309 2027 467.
1339 1994 1370 2022 A.
1394 1994 1432 2022 M.
1450 1994 1518 2021 Loci
1539 1993 1714 2031 significatio
1738 1993 1819 2020 deest
1837 1992 1868 2019 in
1892 1992 1962 2020 cod.
1987 1992 2044 2021 Gu.
2067 1991 2117 2019 sed
2139 1990 2185 2018 lo-

1239 2047 1290 2065 cus
1311 2037 1373 2076 ipse
1395 2036 1510 2073 1egitur.
1540 2052 1582 2057 ——
1612 2035 1655 2074 19)
1677 2035 1756 2063 Haec
1781 2034 1934 2072 eloquutio
1955 2044 2020 2062 cum
2048 2032 2183 2070 exemplo

1240 2080 1320 2108 deest
1339 2079 1419 2117 apud
1440 2078 1474 2108 A.
1499 2078 1537 2106 M.
1564 2078 1643 2115 Virg.
1659 2078 1721 2106 Aen
1741 2078 1777 2111 X,
1794 2078 1863 2107 501.
1885 2093 1927 2098 —
1949 2078 1991 2114 13)
2016 2075 2096 2104 Idem
2109 2075 2184 2104 Aen.

1240 2123 1280 2150 X.
1297 2124 1367 2153 736.
1387 2121 1419 2150 A.
1440 2121 1478 2149 M.
1498 2137 1536 2142 —
1560 2122 1603 2158 14)
1628 2121 1729 2148 M'xus
1748 2121 1778 2147 in
1795 2120 1867 2154 Ιιαε,
1891 2119 1995 2147 omissa
2011 2128 2088 2147 v.re.
2104 2116 2184 2147 ΑΜ.

1242 2163 1301 2193 Cic.
1315 2175 1369 2201 pro
1387 2165 1483 2190 Deiot.
1504 2166 1532 2194 2.
1549 2163 1583 2191 A.
1607 2162 1643 2190 Μ.
1665 2179 1707 2184 -
1738 2162 1783 2199 15)
1818 2162 1903 2199 l'lrg.
1926 2163 2000 2189 Aen.
2024 2159 2097 2189 XII.
2113 2160 2183 2190 398·

1240 2207 1274 2235 A.
1297 2207 1336 2234 M.
1361 2206 1444 2233 Hanc
1468 2205 1524 2232 loci
1547 2204 1790 2243 significationem
1811 2204 1841 2231 in
1863 2202 1934 2232 cod.
1964 2203 2019 2231 Gu.
2051 2201 2183 2240 sequitur

1241 2253 1405 2276 extremum
1431 2247 1461 2275 in
1498 2247 1555 2275 hoc
1582 2246 1709 2275 articulo
1733 2246 1913 2283 exemplum:
1942 2245 2084 2273 Alter-nos
2107 2246 2180 2276 cet.;

1243 2295 1337 2319 cetera
1363 2294 1492 2328 praestat
1517 2289 1587 2318 Cod.
1607 2289 1643 2319 A.
1662 2289 1699 2319 M.
1714 2305 1755 2310 —
1787 2287 1829 2326 16)
1848 2287 1928 2316 Idem
1946 2286 1985 2317 Il.
2007 2288 2076 2318 380.
2094 2285 2125 2313 Α.
2142 2282 2179 2310 Μ·

1244 2349 1280 2354 -
1307 2333 1352 2369 17)
1377 2331 1456 2360 Idem
1473 2332 1546 2360 XII.
1561 2333 1632 2363 386.
1655 2332 1687 2362 A.
1705 2331 1741 2360 M.
1765 2331 1878 2368 Longo
1897 2329 1968 2358 cod.
1991 2328 2024 2356 A.
2045 2326 2082 2354 Μ.
2099 2325 2180 2353 Lon—

1240 2385 1291 2413 ga
1311 2379 1390 2403 recte
1410 2373 1481 2404 cod.
1509 2375 1566 2403 Gu.
1588 2389 1630 2397 -
1653 2376 1695 2411 18)
1718 2374 1887 2411 Sequuntur
1907 2372 1939 2399 in
1955 2369 2024 2399 Cod.
2043 2367 2096 2396 Gu.
2119 2365 2179 2394 duo
