<?xml version="1.0" encoding="UTF-8"?>
<!DOCTYPE html PUBLIC "-//W3C//DTD XHTML 1.0 Transitional//EN"
    "http://www.w3.org/TR/xhtml1/DTD/xhtml1-transitional.dtd">
<html xmlns="http://www.w3.org/1999/xhtml" xml:lang="en" lang="en">
 <head>
  <title>
</title>
<meta http-equiv="Content-Type" content="text/html;charset=utf-8" />
  <meta name='ocr-system' content='tesseract 3.04.00' />
  <meta name='ocr-capabilities' content='ocr_page ocr_carea ocr_par ocr_line ocrx_word'/>
</head>
<body>
  <div class='ocr_page' id='page_1' title='image "./corpusgrammatico01linduoft_0630.png"; bbox 0 0 2263 2668; ppageno 0'>
   <div class='ocr_carea' id='block_1_1' title="bbox 370 153 1532 195">
    <p class='ocr_par' dir='ltr' id='par_1_1' title="bbox 370 153 1532 195">
     <span class='ocr_line' id='line_1_1' title="bbox 370 153 1532 195; baseline -0.004 -1"><span class='ocrx_word' id='word_1_1' title='bbox 370 161 445 195; x_wconf 78' lang='lat'><em>208</em></span> <span class='ocrx_word' id='word_1_2' title='bbox 988 153 1128 188; x_wconf 86' lang='lat' dir='ltr'><em>SEXTI</em></span> <span class='ocrx_word' id='word_1_3' title='bbox 1160 153 1359 188; x_wconf 81' lang='lat' dir='ltr'><em>POMPEn</em></span> <span class='ocrx_word' id='word_1_4' title='bbox 1394 154 1532 189; x_wconf 87' lang='lat' dir='ltr'><em>FESTI</em></span> 
     </span>
    </p>
   </div>
   <div class='ocr_carea' id='block_1_2' title="bbox 205 247 2172 2100">
    <p class='ocr_par' dir='ltr' id='par_1_2' title="bbox 371 247 2158 658">
     <span class='ocr_line' id='line_1_2' title="bbox 372 247 2151 300; baseline 0.001 -14"><span class='ocrx_word' id='word_1_5' title='bbox 372 260 428 288; x_wconf 83' lang='lat' dir='ltr'><em>tur</em></span> <span class='ocrx_word' id='word_1_6' title='bbox 454 250 656 291; x_wconf 83' lang='lat' dir='ltr'><em>Genitricis,</em></span> <span class='ocrx_word' id='word_1_7' title='bbox 703 260 809 294; x_wconf 80' lang='lat' dir='ltr'><em>qnam</em></span> <span class='ocrx_word' id='word_1_8' title='bbox 843 247 1043 291; x_wconf 81' lang='lat' dir='ltr'><em>dedicavit,</em></span> <span class='ocrx_word' id='word_1_9' title='bbox 1091 248 1150 282; x_wconf 85' lang='lat' dir='ltr'><em>ubi</em></span> <span class='ocrx_word' id='word_1_10' title='bbox 1172 249 1330 294; x_wconf 79' lang='lat' dir='ltr'><em>primum</em></span> <span class='ocrx_word' id='word_1_11' title='bbox 1358 249 1531 282; x_wconf 80' lang='lat' dir='ltr'><em>aemulam</em></span> <span class='ocrx_word' id='word_1_12' title='bbox 1558 248 1748 282; x_wconf 78' lang='lat' dir='ltr'><em>Romanae</em></span> <span class='ocrx_word' id='word_1_13' title='bbox 1774 249 1923 285; x_wconf 81' lang='lat' dir='ltr'><em>civitatis</em></span> <span class='ocrx_word' id='word_1_14' title='bbox 1953 252 2151 300; x_wconf 76' lang='lat' dir='ltr'><em>Carthagi-</em></span> 
     </span>
     <span class='ocr_line' id='line_1_3' title="bbox 372 301 2151 346; baseline 0 -7"><span class='ocrx_word' id='word_1_15' title='bbox 372 307 521 339; x_wconf 83' lang='lat' dir='ltr'><em>niensem</em></span> <span class='ocrx_word' id='word_1_16' title='bbox 548 302 665 334; x_wconf 88' lang='lat' dir='ltr'><em>urbem</em></span> <span class='ocrx_word' id='word_1_17' title='bbox 693 301 930 345; x_wconf 72' lang='lat' dir='ltr'><em>expugnavit:</em></span> <span class='ocrx_word' id='word_1_18' title='bbox 974 301 1134 345; x_wconf 83' lang='lat' dir='ltr'><em>quamvis</em></span> <span class='ocrx_word' id='word_1_19' title='bbox 1161 301 1224 334; x_wconf 84' lang='lat' dir='ltr'><em>alii</em></span> <span class='ocrx_word' id='word_1_20' title='bbox 1251 302 1390 342; x_wconf 79' lang='lat' dir='ltr'><em>dicant,</em></span> <span class='ocrx_word' id='word_1_21' title='bbox 1428 301 1559 346; x_wconf 84' lang='lat' dir='ltr'><em>aliquot</em></span> <span class='ocrx_word' id='word_1_22' title='bbox 1582 304 1664 346; x_wconf 81' lang='lat' dir='ltr'><em>post</em></span> <span class='ocrx_word' id='word_1_23' title='bbox 1691 301 1782 334; x_wconf 88' lang='lat' dir='ltr'><em>annis</em></span> <span class='ocrx_word' id='word_1_24' title='bbox 1809 301 2029 338; x_wconf 79' lang='lat' dir='ltr'><em>dedicavisse</em></span> <span class='ocrx_word' id='word_1_25' title='bbox 2080 331 2088 338; x_wconf 89' lang='lat'><em>.</em></span> <span class='ocrx_word' id='word_1_26' title='bbox 2143 332 2151 338; x_wconf 90' lang='lat'><em>.</em></span> 
     </span>
     <span class='ocr_line' id='line_1_4' title="bbox 374 352 2153 401; baseline 0.002 -13"><span class='ocrx_word' id='word_1_27' title='bbox 374 383 380 388; x_wconf 94' lang='lat'><em>.</em></span> <span class='ocrx_word' id='word_1_28' title='bbox 435 382 440 387; x_wconf 92' lang='lat'><em>.</em></span> <span class='ocrx_word' id='word_1_29' title='bbox 498 380 504 386; x_wconf 94' lang='lat'><em>.</em></span> <span class='ocrx_word' id='word_1_30' title='bbox 747 363 813 385; x_wconf 81' lang='lat' dir='ltr'><em>cos.</em></span> <span class='ocrx_word' id='word_1_31' title='bbox 841 363 947 395; x_wconf 89' lang='lat' dir='ltr'><em>quum</em></span> <span class='ocrx_word' id='word_1_32' title='bbox 968 352 1122 385; x_wconf 79' lang='lat' dir='ltr'><em>Punicae</em></span> <span class='ocrx_word' id='word_1_33' title='bbox 1145 352 1324 385; x_wconf 77' lang='lat' dir='ltr'><em>Fortunae</em></span> <span class='ocrx_word' id='word_1_34' title='bbox 1350 352 1495 395; x_wconf 79' lang='lat' dir='ltr'><em>aedem,</em></span> <span class='ocrx_word' id='word_1_35' title='bbox 1524 363 1630 396; x_wconf 81' lang='lat' dir='ltr'><em>quam</em></span> <span class='ocrx_word' id='word_1_36' title='bbox 1658 363 1702 385; x_wconf 79' lang='lat' dir='ltr'><em>ex</em></span> <span class='ocrx_word' id='word_1_37' title='bbox 1727 357 1806 386; x_wconf 77' lang='lat' dir='ltr'><em>voto</em></span> <span class='ocrx_word' id='word_1_38' title='bbox 1829 353 1974 388; x_wconf 87' lang='lat' dir='ltr'><em>debebat</em></span> <span class='ocrx_word' id='word_1_39' title='bbox 1994 357 2153 401; x_wconf 78' lang='lat' dir='ltr'><em>primam</em></span> 
     </span>
     <span class='ocr_line' id='line_1_5' title="bbox 373 403 2154 452; baseline 0.001 -13"><span class='ocrx_word' id='word_1_40' title='bbox 373 406 562 440; x_wconf 80' lang='lat' dir='ltr'><em>dedicare.</em></span> <span class='ocrx_word' id='word_1_41' title='bbox 590 403 780 437; x_wconf 78' lang='lat' dir='ltr'><em>locandam</em></span> <span class='ocrx_word' id='word_1_42' title='bbox 807 414 873 436; x_wconf 87' lang='lat' dir='ltr'><em>non</em></span> <span class='ocrx_word' id='word_1_43' title='bbox 901 407 1068 437; x_wconf 77' lang='lat' dir='ltr'><em>curasset.</em></span> <span class='ocrx_word' id='word_1_44' title='bbox 1122 404 1268 445; x_wconf 90' lang='lat' dir='ltr'><em>Pueri,</em></span> <span class='ocrx_word' id='word_1_45' title='bbox 1296 403 1479 449; x_wconf 79' lang='lat' dir='ltr'><strong><em>inpuberes</em></strong></span> <span class='ocrx_word' id='word_1_46' title='bbox 1506 404 1688 447; x_wconf 83' lang='lat' dir='ltr'><em>dicuntur,</em></span> <span class='ocrx_word' id='word_1_47' title='bbox 1716 404 1750 437; x_wconf 85' lang='lat' dir='ltr'><em>in</em></span> <span class='ocrx_word' id='word_1_48' title='bbox 1773 415 1839 449; x_wconf 79' lang='lat' dir='ltr'><em>quo</em></span> <span class='ocrx_word' id='word_1_49' title='bbox 1861 406 2067 452; x_wconf 82' lang='lat' dir='ltr'><em>significatu</em></span> <span class='ocrx_word' id='word_1_50' title='bbox 2089 408 2154 441; x_wconf 89' lang='lat' dir='ltr'><em>uti-</em></span> 
     </span>
     <span class='ocr_line' id='line_1_6' title="bbox 374 455 2154 503; baseline 0.002 -13"><span class='ocrx_word' id='word_1_51' title='bbox 374 465 425 490; x_wconf 86' lang='lat' dir='ltr'><em>tur</em></span> <span class='ocrx_word' id='word_1_52' title='bbox 451 457 530 489; x_wconf 77' lang='lat' dir='ltr'><em>Atta</em></span> <span class='ocrx_word' id='word_1_53' title='bbox 556 456 591 488; x_wconf 84' lang='lat' dir='ltr'><em>in</em></span> <span class='ocrx_word' id='word_1_54' title='bbox 645 480 652 487; x_wconf 92' lang='lat'><em>.</em></span> <span class='ocrx_word' id='word_1_55' title='bbox 708 482 713 487; x_wconf 95' lang='lat'><em>.</em></span> <span class='ocrx_word' id='word_1_56' title='bbox 770 481 777 487; x_wconf 87' lang='lat'><em>.</em></span> <span class='ocrx_word' id='word_1_57' title='bbox 831 481 838 487; x_wconf 93' lang='lat'><em>.</em></span> <span class='ocrx_word' id='word_1_58' title='bbox 893 479 900 486; x_wconf 90' lang='lat'><em>.</em></span> <span class='ocrx_word' id='word_1_59' title='bbox 955 480 962 487; x_wconf 94' lang='lat'><em>.</em></span> <span class='ocrx_word' id='word_1_60' title='bbox 1017 481 1024 488; x_wconf 96' lang='lat'><em>.</em></span> <span class='ocrx_word' id='word_1_61' title='bbox 1072 455 1236 500; x_wconf 79' lang='lat' dir='ltr'><em>pluribus</em></span> <span class='ocrx_word' id='word_1_62' title='bbox 1258 456 1404 488; x_wconf 77' lang='lat' dir='ltr'><em>versibus</em></span> <span class='ocrx_word' id='word_1_63' title='bbox 1428 455 1529 488; x_wconf 84' lang='lat' dir='ltr'><em>docet</em></span> <span class='ocrx_word' id='word_1_64' title='bbox 1582 480 1589 486; x_wconf 96' lang='lat'><em>.</em></span> <span class='ocrx_word' id='word_1_65' title='bbox 1644 481 1651 488; x_wconf 90' lang='lat'><em>.</em></span> <span class='ocrx_word' id='word_1_66' title='bbox 1707 481 1713 488; x_wconf 95' lang='lat'><em>.</em></span> <span class='ocrx_word' id='word_1_67' title='bbox 1767 456 1902 489; x_wconf 85' lang='lat' dir='ltr'><em>Pueri</em></span> <span class='ocrx_word' id='word_1_68' title='bbox 1928 457 2154 503; x_wconf 78' lang='lat' dir='ltr'><strong><em>inpuberis</em></strong></span> 
     </span>
     <span class='ocr_line' id='line_1_7' title="bbox 374 506 2154 552; baseline 0.001 -10"><span class='ocrx_word' id='word_1_69' title='bbox 374 519 520 542; x_wconf 87' lang='lat' dir='ltr'><em>aeneum</em></span> <span class='ocrx_word' id='word_1_70' title='bbox 547 507 678 551; x_wconf 82' lang='lat' dir='ltr'><em>signum</em></span> <span class='ocrx_word' id='word_1_71' title='bbox 707 506 748 539; x_wconf 87' lang='lat' dir='ltr'><em>ad</em></span> <span class='ocrx_word' id='word_1_72' title='bbox 777 506 894 539; x_wconf 85' lang='lat' dir='ltr'><em>salinas</em></span> <span class='ocrx_word' id='word_1_73' title='bbox 921 506 1004 539; x_wconf 87' lang='lat' dir='ltr'><em>olim</em></span> <span class='ocrx_word' id='word_1_74' title='bbox 1031 518 1054 539; x_wconf 90' lang='lat' dir='ltr'><em>a</em></span> <span class='ocrx_word' id='word_1_75' title='bbox 1108 533 1114 539; x_wconf 87' lang='lat'><em>.</em></span> <span class='ocrx_word' id='word_1_76' title='bbox 1172 533 1177 540; x_wconf 93' lang='lat'><em>.</em></span> <span class='ocrx_word' id='word_1_77' title='bbox 1234 532 1241 540; x_wconf 92' lang='lat'><em>.</em></span> <span class='ocrx_word' id='word_1_78' title='bbox 1290 507 1445 551; x_wconf 81' lang='lat' dir='ltr'><em>positum</em></span> <span class='ocrx_word' id='word_1_79' title='bbox 1461 506 1556 552; x_wconf 80' lang='lat' dir='ltr'><em>fuit,</em></span> <span class='ocrx_word' id='word_1_80' title='bbox 1585 507 1679 551; x_wconf 80' lang='lat' dir='ltr'><em>quod</em></span> <span class='ocrx_word' id='word_1_81' title='bbox 1701 507 1833 551; x_wconf 83' lang='lat' dir='ltr'><em>signum</em></span> <span class='ocrx_word' id='word_1_82' title='bbox 1857 509 1991 542; x_wconf 83' lang='lat' dir='ltr'><em>allatum</em></span> <span class='ocrx_word' id='word_1_83' title='bbox 2014 521 2033 543; x_wconf 87' lang='lat' dir='ltr'><em>e</em></span> <span class='ocrx_word' id='word_1_84' title='bbox 2084 537 2091 544; x_wconf 92' lang='lat'><em>.</em></span> <span class='ocrx_word' id='word_1_85' title='bbox 2147 537 2154 544; x_wconf 88' lang='lat'><em>.</em></span> 
     </span>
     <span class='ocr_line' id='line_1_8' title="bbox 375 557 2156 604; baseline 0.001 -11"><span class='ocrx_word' id='word_1_86' title='bbox 375 588 381 593; x_wconf 94' lang='lat'><em>.</em></span> <span class='ocrx_word' id='word_1_87' title='bbox 438 587 444 592; x_wconf 95' lang='lat'><em>.</em></span> <span class='ocrx_word' id='word_1_88' title='bbox 502 586 507 591; x_wconf 94' lang='lat'><em>.</em></span> <span class='ocrx_word' id='word_1_89' title='bbox 552 557 670 603; x_wconf 80' lang='lat' dir='ltr'><em>fuisse</em></span> <span class='ocrx_word' id='word_1_90' title='bbox 687 557 834 603; x_wconf 80' lang='lat' dir='ltr'><em>serunt,</em></span> <span class='ocrx_word' id='word_1_91' title='bbox 869 557 963 601; x_wconf 89' lang='lat' dir='ltr'><em>quod</em></span> <span class='ocrx_word' id='word_1_92' title='bbox 991 563 1064 591; x_wconf 85' lang='lat' dir='ltr'><em>sunt</em></span> <span class='ocrx_word' id='word_1_93' title='bbox 1091 558 1204 592; x_wconf 83' lang='grc' dir='ltr'>00113Ιί</span> <span class='ocrx_word' id='word_1_94' title='bbox 1231 558 1376 603; x_wconf 79' lang='lat' dir='ltr'><em>quidam</em></span> <span class='ocrx_word' id='word_1_95' title='bbox 1405 558 1569 604; x_wconf 77' lang='lat' dir='ltr'><em>auferre,</em></span> <span class='ocrx_word' id='word_1_96' title='bbox 1603 559 1668 591; x_wconf 83' lang='lat' dir='ltr'><em>sed</em></span> <span class='ocrx_word' id='word_1_97' title='bbox 1695 559 1844 592; x_wconf 86' lang='lat' dir='ltr'><em>avellere</em></span> <span class='ocrx_word' id='word_1_98' title='bbox 1871 571 1970 593; x_wconf 89' lang='lat' dir='ltr'><em>nemo</em></span> <span class='ocrx_word' id='word_1_99' title='bbox 1998 572 2156 604; x_wconf 89' lang='lat' dir='ltr'><em>umquam</em></span> 
     </span>
     <span class='ocr_line' id='line_1_9' title="bbox 371 609 2158 658; baseline 0.002 -14"><span class='ocrx_word' id='word_1_100' title='bbox 371 611 495 658; x_wconf 77' lang='lat' dir='ltr'><em>potuit.</em></span> <span class='ocrx_word' id='word_1_101' title='bbox 551 610 625 643; x_wconf 81' lang='lat' dir='ltr'><em>Alii</em></span> <span class='ocrx_word' id='word_1_102' title='bbox 651 609 772 643; x_wconf 81' lang='lat' dir='ltr'><em>dicunt</em></span> <span class='ocrx_word' id='word_1_103' title='bbox 799 609 960 642; x_wconf 80' lang='lat' dir='ltr'><em>avulsam</em></span> <span class='ocrx_word' id='word_1_104' title='bbox 988 609 1100 643; x_wconf 84' lang='lat' dir='ltr'><em>basim</em></span> <span class='ocrx_word' id='word_1_105' title='bbox 1127 614 1260 655; x_wconf 88' lang='lat' dir='ltr'><em>praeter</em></span> <span class='ocrx_word' id='word_1_106' title='bbox 1286 610 1395 654; x_wconf 83' lang='lat' dir='ltr'><em>ipsum</em></span> <span class='ocrx_word' id='word_1_107' title='bbox 1424 610 1555 655; x_wconf 84' lang='lat' dir='ltr'><em>signum</em></span> <span class='ocrx_word' id='word_1_108' title='bbox 1584 621 1607 642; x_wconf 87' lang='lat' dir='ltr'><em>a</em></span> <span class='ocrx_word' id='word_1_109' title='bbox 1634 609 1843 655; x_wconf 80' lang='lat' dir='ltr'><em>quibusdam</em></span> <span class='ocrx_word' id='word_1_110' title='bbox 1860 611 1996 657; x_wconf 66' lang='lat' dir='ltr'><em>fici-sse,</em></span> <span class='ocrx_word' id='word_1_111' title='bbox 2033 613 2158 658; x_wconf 80' lang='lat' dir='ltr'><em>quique</em></span> 
     </span>
    </p>

    <p class='ocr_par' dir='ltr' id='par_1_3' title="bbox 238 661 2157 710">
     <span class='ocr_line' id='line_1_10' title="bbox 238 661 2157 710; baseline 0.002 -15"><span class='ocrx_word' id='word_1_112' title='bbox 238 670 278 695; x_wconf 76' lang='lat' dir='ltr'><em>·f.</em></span> <span class='ocrx_word' id='word_1_113' title='bbox 296 668 351 694; x_wconf 82' lang='lat' dir='ltr'><em>sine</em></span> <span class='ocrx_word' id='word_1_114' title='bbox 377 661 599 704; x_wconf 80' lang='lat' dir='ltr'><em>abstulerint,</em></span> <span class='ocrx_word' id='word_1_115' title='bbox 626 661 712 695; x_wconf 84' lang='lat' dir='ltr'><em>sub*</em></span> <span class='ocrx_word' id='word_1_116' title='bbox 734 661 829 706; x_wconf 86' lang='lat' dir='ltr'><em>signo</em></span> <span class='ocrx_word' id='word_1_117' title='bbox 851 661 1021 702; x_wconf 81' lang='lat' dir='ltr'><em>abierunt,</em></span> <span class='ocrx_word' id='word_1_118' title='bbox 1049 661 1126 695; x_wconf 85' lang='lat' dir='ltr'><em>basi</em></span> <span class='ocrx_word' id='word_1_119' title='bbox 1147 662 1224 695; x_wconf 86' lang='lat' dir='ltr'><em>sola</em></span> <span class='ocrx_word' id='word_1_120' title='bbox 1245 662 1359 706; x_wconf 82' lang='lat' dir='ltr'><em>potiti.</em></span> <span class='ocrx_word' id='word_1_121' title='bbox 1414 662 1488 694; x_wconf 79' lang='lat' dir='ltr'><em>Alii</em></span> <span class='ocrx_word' id='word_1_122' title='bbox 1511 665 1629 694; x_wconf 83' lang='lat' dir='ltr'><em>tamen</em></span> <span class='ocrx_word' id='word_1_123' title='bbox 1652 662 1813 705; x_wconf 85' lang='lat' dir='ltr'><em>tradunt,</em></span> <span class='ocrx_word' id='word_1_124' title='bbox 1841 663 1937 696; x_wconf 88' lang='grc'>5111101</span> <span class='ocrx_word' id='word_1_125' title='bbox 1959 669 1995 697; x_wconf 89' lang='grc'><em>111</em></span> <span class='ocrx_word' id='word_1_126' title='bbox 2015 665 2157 710; x_wconf 79' lang='lat' dir='ltr'><em>signum</em></span> 
     </span>
    </p>

    <p class='ocr_par' dir='ltr' id='par_1_4' title="bbox 205 712 2160 1223">
     <span class='ocr_line' id='line_1_11' title="bbox 377 712 2158 761; baseline 0 -12"><span class='ocrx_word' id='word_1_127' title='bbox 377 716 491 761; x_wconf 81' lang='lat' dir='ltr'><em>ipsum</em></span> <span class='ocrx_word' id='word_1_128' title='bbox 518 712 746 758; x_wconf 69' lang='lat' dir='ltr'><em>abstulerint,</em></span> <span class='ocrx_word' id='word_1_129' title='bbox 801 713 835 745; x_wconf 88' lang='lat' dir='ltr'><em>in</em></span> <span class='ocrx_word' id='word_1_130' title='bbox 864 724 959 757; x_wconf 86' lang='lat' dir='ltr'><em>agro</em></span> <span class='ocrx_word' id='word_1_131' title='bbox 987 712 1117 746; x_wconf 77' lang='lat' dir='ltr'><em>Tiburti</em></span> <span class='ocrx_word' id='word_1_132' title='bbox 1145 724 1278 746; x_wconf 78' lang='lat' dir='ltr'><strong>erexere</strong></span> <span class='ocrx_word' id='word_1_133' title='bbox 1305 713 1348 745; x_wconf 88' lang='lat' dir='ltr'><em>ad</em></span> <span class='ocrx_word' id='word_1_134' title='bbox 1376 713 1530 756; x_wconf 85' lang='lat' dir='ltr'><em>quintum</em></span> <span class='ocrx_word' id='word_1_135' title='bbox 1564 712 1610 746; x_wconf 83' lang='lat' dir='ltr'><em>ab</em></span> <span class='ocrx_word' id='word_1_136' title='bbox 1643 712 1730 746; x_wconf 83' lang='lat' dir='ltr'><em>urbe</em></span> <span class='ocrx_word' id='word_1_137' title='bbox 1764 714 1965 748; x_wconf 84' lang='lat' dir='ltr'><em>miliarium.</em></span> <span class='ocrx_word' id='word_1_138' title='bbox 2027 716 2158 750; x_wconf 87' lang='lat' dir='ltr'><em>Plena</em></span> 
     </span>
     <span class='ocr_line' id='line_1_12' title="bbox 205 763 2158 810; baseline 0.002 -13"><span class='ocrx_word' id='word_1_139' title='bbox 205 774 450 800; x_wconf 77' lang='lat' dir='ltr'><em>·s.censere-sue</em></span> <span class='ocrx_word' id='word_1_140' title='bbox 476 765 614 798; x_wconf 80' lang='lat' dir='ltr'><em>Telluri</em></span> <span class='ocrx_word' id='word_1_141' title='bbox 640 764 755 798; x_wconf 75' lang='lat' dir='ltr'><em>Matri</em></span> <span class='ocrx_word' id='word_1_142' title='bbox 780 763 1072 810; x_wconf 60' lang='lat' dir='ltr'><em>sacrificabatur,</em></span> <span class='ocrx_word' id='word_1_143' title='bbox 1100 765 1194 809; x_wconf 84' lang='lat' dir='ltr'><em>quod</em></span> <span class='ocrx_word' id='word_1_144' title='bbox 1216 765 1367 810; x_wconf 80' lang='lat' dir='ltr'><em>pecudis</em></span> <span class='ocrx_word' id='word_1_145' title='bbox 1393 764 1428 797; x_wconf 92' lang='lat' dir='ltr'><em>id</em></span> <span class='ocrx_word' id='word_1_146' title='bbox 1455 776 1560 809; x_wconf 87' lang='lat' dir='ltr'><em>genus</em></span> <span class='ocrx_word' id='word_1_147' title='bbox 1586 776 1662 798; x_wconf 91' lang='lat' dir='ltr'><em>cum</em></span> <span class='ocrx_word' id='word_1_148' title='bbox 1690 767 1840 798; x_wconf 82' lang='lat' dir='ltr'><em>seretur*</em></span> <span class='ocrx_word' id='word_1_149' title='bbox 1859 767 1946 800; x_wconf 82' lang='lat' dir='ltr'><em>satis</em></span> <span class='ocrx_word' id='word_1_150' title='bbox 1973 767 2158 807; x_wconf 79' lang='lat' dir='ltr'><em>inimicum,</em></span> 
     </span>
     <span class='ocr_line' id='line_1_13' title="bbox 270 812 2160 863; baseline 0.001 -13"><span class='ocrx_word' id='word_1_151' title='bbox 270 812 311 831; x_wconf 66' lang='grc' dir='ltr'><em>ω’</em></span> <span class='ocrx_word' id='word_1_152' title='bbox 379 818 462 863; x_wconf 79' lang='lat' dir='ltr'><em>quia</em></span> <span class='ocrx_word' id='word_1_153' title='bbox 488 820 603 850; x_wconf 86' lang='lat' dir='ltr'><em>rostro</em></span> <span class='ocrx_word' id='word_1_154' title='bbox 628 827 743 849; x_wconf 87' lang='lat' dir='ltr'><em>semen</em></span> <span class='ocrx_word' id='word_1_155' title='bbox 771 816 933 849; x_wconf 87' lang='lat' dir='ltr'><em>fodiendo</em></span> <span class='ocrx_word' id='word_1_156' title='bbox 961 820 1204 861; x_wconf 78' lang='lat' dir='ltr'><em>corrumperet.</em></span> <span class='ocrx_word' id='word_1_157' title='bbox 1258 816 1381 850; x_wconf 85' lang='lat' dir='ltr'><em>Ploti</em></span> <span class='ocrx_word' id='word_1_158' title='bbox 1408 817 1583 862; x_wconf 80' lang='lat' dir='ltr'><em>appellati</em></span> <span class='ocrx_word' id='word_1_159' title='bbox 1607 820 1686 849; x_wconf 78' lang='lat' dir='ltr'><em>sunt</em></span> <span class='ocrx_word' id='word_1_160' title='bbox 1710 816 1847 859; x_wconf 86' lang='lat' dir='ltr'><em>Umbri,</em></span> <span class='ocrx_word' id='word_1_161' title='bbox 1883 818 2026 862; x_wconf 86' lang='lat' dir='ltr'><em>pedibus</em></span> <span class='ocrx_word' id='word_1_162' title='bbox 2052 820 2160 863; x_wconf 87' lang='lat' dir='ltr'><em>planis</em></span> 
     </span>
     <span class='ocr_line' id='line_1_14' title="bbox 380 867 2160 916; baseline 0.002 -15"><span class='ocrx_word' id='word_1_163' title='bbox 380 868 472 914; x_wconf 87' lang='lat' dir='ltr'><em>quod</em></span> <span class='ocrx_word' id='word_1_164' title='bbox 501 871 630 901; x_wconf 82' lang='lat' dir='ltr'><em>essent:</em></span> <span class='ocrx_word' id='word_1_165' title='bbox 681 867 774 900; x_wconf 78' lang='lat' dir='ltr'><em>uncle</em></span> <span class='ocrx_word' id='word_1_166' title='bbox 799 868 915 901; x_wconf 85' lang='lat' dir='ltr'><em>soleas</em></span> <span class='ocrx_word' id='word_1_167' title='bbox 941 868 1150 901; x_wconf 81' lang='lat' dir='ltr'><em>dimidiatas</em></span> <span class='ocrx_word' id='word_1_168' title='bbox 1185 868 1305 913; x_wconf 83' lang='lat' dir='ltr'><em>quibus</em></span> <span class='ocrx_word' id='word_1_169' title='bbox 1332 872 1468 901; x_wconf 87' lang='lat' dir='ltr'><em>utuntur</em></span> <span class='ocrx_word' id='word_1_170' title='bbox 1493 868 1525 900; x_wconf 92' lang='lat' dir='ltr'><em>in</em></span> <span class='ocrx_word' id='word_1_171' title='bbox 1552 868 1724 908; x_wconf 81' lang='lat' dir='ltr'><em>venando,</em></span> <span class='ocrx_word' id='word_1_172' title='bbox 1775 880 1840 913; x_wconf 84' lang='lat' dir='ltr'><em>quo</em></span> <span class='ocrx_word' id='word_1_173' title='bbox 1861 870 2008 915; x_wconf 78' lang='lat' dir='ltr'><em>planius</em></span> <span class='ocrx_word' id='word_1_174' title='bbox 2028 871 2160 916; x_wconf 79' lang='lat' dir='ltr'><em>pedem</em></span> 
     </span>
     <span class='ocr_line' id='line_1_15' title="bbox 379 919 2146 971; baseline 0.002 -18"><span class='ocrx_word' id='word_1_175' title='bbox 379 923 565 967; x_wconf 79' lang='lat' dir='ltr'><em>ponerent,</em></span> <span class='ocrx_word' id='word_1_176' title='bbox 617 924 737 952; x_wconf 86' lang='lat' dir='ltr'><em>vocant</em></span> <span class='ocrx_word' id='word_1_177' title='bbox 769 919 976 964; x_wconf 76' lang='lat' dir='ltr'><em>semiplotia,</em></span> <span class='ocrx_word' id='word_1_178' title='bbox 1031 925 1063 952; x_wconf 90' lang='lat' dir='ltr'><em>et</em></span> <span class='ocrx_word' id='word_1_179' title='bbox 1090 919 1136 952; x_wconf 89' lang='lat' dir='ltr'><em>ab</em></span> <span class='ocrx_word' id='word_1_180' title='bbox 1164 920 1290 952; x_wconf 78' lang='lat' dir='ltr'><em>eadem</em></span> <span class='ocrx_word' id='word_1_181' title='bbox 1319 931 1430 953; x_wconf 86' lang='lat' dir='ltr'><em>causa</em></span> <span class='ocrx_word' id='word_1_182' title='bbox 1462 919 1514 952; x_wconf 90' lang='lat' dir='ltr'><em>M.</em></span> <span class='ocrx_word' id='word_1_183' title='bbox 1546 919 1671 953; x_wconf 79' lang='lat' dir='ltr'><em>Accius</em></span> <span class='ocrx_word' id='word_1_184' title='bbox 1705 926 1825 964; x_wconf 88' lang='lat' dir='ltr'><em>poeta,</em></span> <span class='ocrx_word' id='word_1_185' title='bbox 1878 921 1955 965; x_wconf 85' lang='lat' dir='ltr'><em>quia</em></span> <span class='ocrx_word' id='word_1_186' title='bbox 1981 919 2146 971; x_wconf 68' lang='lat' dir='ltr'><em>Umberl]</em></span> 
     </span>
     <span class='ocr_line' id='line_1_16' title="bbox 381 971 2159 1020; baseline 0.001 -15"><span class='ocrx_word' id='word_1_187' title='bbox 381 972 528 1006; x_wconf 87' lang='lat' dir='ltr'><em>Sarsinas</em></span> <span class='ocrx_word' id='word_1_188' title='bbox 555 976 645 1011; x_wconf 85' lang='lat' dir='ltr'><em>erat,</em></span> <span class='ocrx_word' id='word_1_189' title='bbox 674 983 692 1003; x_wconf 90' lang='lat' dir='ltr'><em>a</em></span> <span class='ocrx_word' id='word_1_190' title='bbox 719 971 847 1015; x_wconf 88' lang='lat' dir='ltr'><em>pedum</em></span> <span class='ocrx_word' id='word_1_191' title='bbox 873 971 1018 1015; x_wconf 83' lang='lat' dir='ltr'><em>planicie</em></span> <span class='ocrx_word' id='word_1_192' title='bbox 1044 972 1137 1004; x_wconf 88' lang='lat' dir='ltr'><em>initio</em></span> <span class='ocrx_word' id='word_1_193' title='bbox 1159 971 1293 1013; x_wconf 87' lang='lat' dir='ltr'><em>Plotus,</em></span> <span class='ocrx_word' id='word_1_194' title='bbox 1320 976 1437 1016; x_wconf 85' lang='lat' dir='ltr'><em>postea</em></span> <span class='ocrx_word' id='word_1_195' title='bbox 1456 972 1593 1004; x_wconf 86' lang='lat' dir='ltr'><em>Plautus</em></span> <span class='ocrx_word' id='word_1_196' title='bbox 1616 976 1755 1016; x_wconf 82' lang='lat' dir='ltr'><em>coeptus</em></span> <span class='ocrx_word' id='word_1_197' title='bbox 1776 977 1823 1005; x_wconf 90' lang='lat' dir='ltr'><em>est</em></span> <span class='ocrx_word' id='word_1_198' title='bbox 1846 973 1923 1008; x_wconf 87' lang='lat' dir='ltr'><em>dici.</em></span> <span class='ocrx_word' id='word_1_199' title='bbox 1967 975 2042 1007; x_wconf 84' lang='lat' dir='ltr'><em>Po·</em></span> <span class='ocrx_word' id='word_1_200' title='bbox 2078 973 2159 1020; x_wconf 72' lang='lat'>[48]</span> 
     </span>
     <span class='ocr_line' id='line_1_17' title="bbox 382 1023 1818 1067; baseline -0.001 -10"><span class='ocrx_word' id='word_1_201' title='bbox 382 1030 539 1058; x_wconf 87' lang='lat' dir='ltr'><em>stumus</em></span> <span class='ocrx_word' id='word_1_202' title='bbox 567 1023 824 1067; x_wconf 77' lang='lat' dir='ltr'><em>cog-nominatur</em></span> <span class='ocrx_word' id='word_1_203' title='bbox 851 1028 926 1066; x_wconf 86' lang='lat' dir='ltr'><em>post</em></span> <span class='ocrx_word' id='word_1_204' title='bbox 953 1023 1054 1067; x_wconf 90' lang='lat' dir='ltr'><em>patris</em></span> <span class='ocrx_word' id='word_1_205' title='bbox 1082 1028 1222 1055; x_wconf 81' lang='lat' dir='ltr'><em>mortem</em></span> <span class='ocrx_word' id='word_1_206' title='bbox 1249 1028 1354 1057; x_wconf 81' lang='lat' dir='ltr'><em>natus.</em></span> <span class='ocrx_word' id='word_1_207' title='bbox 1406 1023 1541 1056; x_wconf 83' lang='lat' dir='ltr'><em>Plautus</em></span> <span class='ocrx_word' id='word_1_208' title='bbox 1568 1024 1601 1055; x_wconf 91' lang='lat' dir='ltr'><em>in</em></span> <span class='ocrx_word' id='word_1_209' title='bbox 1627 1023 1818 1056; x_wconf 83' lang='lat' dir='ltr'><em>Aulularia:</em></span> 
     </span>
     <span class='ocr_line' id='line_1_18' title="bbox 484 1074 1836 1118; baseline 0.001 -11"><span class='ocrx_word' id='word_1_210' title='bbox 484 1075 583 1107; x_wconf 82' lang='lat' dir='ltr'><em>Post</em></span> <span class='ocrx_word' id='word_1_211' title='bbox 611 1074 789 1107; x_wconf 88' lang='lat' dir='ltr'><em>mediam</em></span> <span class='ocrx_word' id='word_1_212' title='bbox 816 1079 996 1107; x_wconf 88' lang='lat' dir='ltr'><em>aetatem</em></span> <span class='ocrx_word' id='word_1_213' title='bbox 1024 1075 1094 1118; x_wconf 90' lang='lat' dir='ltr'><em>qui</em></span> <span class='ocrx_word' id='word_1_214' title='bbox 1120 1075 1297 1107; x_wconf 89' lang='lat' dir='ltr'><em>mediam</em></span> <span class='ocrx_word' id='word_1_215' title='bbox 1325 1075 1444 1108; x_wconf 87' lang='lat' dir='ltr'><em>ducit</em></span> <span class='ocrx_word' id='word_1_216' title='bbox 1469 1086 1642 1108; x_wconf 85' lang='lat' dir='ltr'><em>uxorem</em></span> <span class='ocrx_word' id='word_1_217' title='bbox 1670 1074 1836 1108; x_wconf 88' lang='lat' dir='ltr'><em>‹lomum</em></span> 
     </span>
     <span class='ocr_line' id='line_1_19' title="bbox 486 1126 1684 1171; baseline 0 -13"><span class='ocrx_word' id='word_1_218' title='bbox 486 1126 634 1159; x_wconf 84' lang='lat' dir='ltr'><em>sicam</em></span> <span class='ocrx_word' id='word_1_219' title='bbox 662 1137 791 1159; x_wconf 78' lang='lat' dir='ltr'><em>senex</em></span> <span class='ocrx_word' id='word_1_220' title='bbox 818 1137 935 1159; x_wconf 89' lang='lat' dir='ltr'><em>anum</em></span> <span class='ocrx_word' id='word_1_221' title='bbox 963 1132 1275 1171; x_wconf 80' lang='lat' dir='ltr'><em>praegnantem</em></span> <span class='ocrx_word' id='word_1_222' title='bbox 1301 1127 1481 1159; x_wconf 89' lang='lat' dir='ltr'><em>fortuito</em></span> <span class='ocrx_word' id='word_1_223' title='bbox 1510 1126 1684 1165; x_wconf 82' lang='lat' dir='ltr'><em>fecerit3</em></span> 
     </span>
     <span class='ocr_line' id='line_1_20' title="bbox 488 1177 1942 1223; baseline 0.001 -14"><span class='ocrx_word' id='word_1_224' title='bbox 488 1177 589 1221; x_wconf 89' lang='lat' dir='ltr'><em>quid</em></span> <span class='ocrx_word' id='word_1_225' title='bbox 616 1177 811 1218; x_wconf 80' lang='lat' dir='ltr'><em>dubitas,</em></span> <span class='ocrx_word' id='word_1_226' title='bbox 850 1178 950 1221; x_wconf 88' lang='lat' dir='ltr'><em>quin</em></span> <span class='ocrx_word' id='word_1_227' title='bbox 978 1178 1032 1210; x_wconf 89' lang='lat' dir='ltr'><em>sit</em></span> <span class='ocrx_word' id='word_1_228' title='bbox 1057 1182 1257 1222; x_wconf 88' lang='lat' dir='ltr'><em>paratum</em></span> <span class='ocrx_word' id='word_1_229' title='bbox 1286 1177 1351 1210; x_wconf 89' lang='lat' dir='ltr'><em>his</em></span> <span class='ocrx_word' id='word_1_230' title='bbox 1378 1189 1526 1211; x_wconf 91' lang='lat' dir='ltr'><em>nomen</em></span> <span class='ocrx_word' id='word_1_231' title='bbox 1554 1179 1698 1223; x_wconf 89' lang='lat' dir='ltr'><em>pueris</em></span> <span class='ocrx_word' id='word_1_232' title='bbox 1725 1178 1942 1211; x_wconf 84' lang='lat' dir='ltr'><em>Postumi?</em></span> 
     </span>
    </p>

    <p class='ocr_par' dir='ltr' id='par_1_5' title="bbox 233 1227 2167 1481">
     <span class='ocr_line' id='line_1_21' title="bbox 233 1227 2163 1275; baseline 0 -14"><span class='ocrx_word' id='word_1_233' title='bbox 233 1232 272 1257; x_wconf 68' lang='lat' dir='ltr'><em>*f-</em></span> <span class='ocrx_word' id='word_1_234' title='bbox 294 1231 358 1256; x_wconf 81' lang='lat' dir='ltr'><em>duos</em></span> <span class='ocrx_word' id='word_1_235' title='bbox 386 1230 548 1262; x_wconf 89' lang='lat' dir='ltr'><em>Porcas</em></span> <span class='ocrx_word' id='word_1_236' title='bbox 564 1227 589 1269; x_wconf 80' lang='lat'><em>¹,</em></span> <span class='ocrx_word' id='word_1_237' title='bbox 617 1241 702 1273; x_wconf 89' lang='lat' dir='ltr'><em>quae</em></span> <span class='ocrx_word' id='word_1_238' title='bbox 728 1229 813 1261; x_wconf 87' lang='lat' dir='ltr'><em>inter</em></span> <span class='ocrx_word' id='word_1_239' title='bbox 840 1229 945 1263; x_wconf 80' lang='lat' dir='ltr'><em>duci*</em></span> <span class='ocrx_word' id='word_1_240' title='bbox 970 1229 1080 1262; x_wconf 87' lang='lat' dir='ltr'><em>sulcos</em></span> <span class='ocrx_word' id='word_1_241' title='bbox 1108 1230 1206 1271; x_wconf 86' lang='lat' dir='ltr'><em>fiunt,</em></span> <span class='ocrx_word' id='word_1_242' title='bbox 1236 1230 1280 1262; x_wconf 88' lang='lat' dir='ltr'><em>ait</em></span> <span class='ocrx_word' id='word_1_243' title='bbox 1299 1230 1406 1262; x_wconf 84' lang='lat' dir='ltr'><em>Varro</em></span> <span class='ocrx_word' id='word_1_244' title='bbox 1425 1230 1510 1272; x_wconf 88' lang='grc'>11101,</span> <span class='ocrx_word' id='word_1_245' title='bbox 1538 1230 1630 1273; x_wconf 83' lang='lat' dir='ltr'><em>quod</em></span> <span class='ocrx_word' id='word_1_246' title='bbox 1652 1230 1828 1275; x_wconf 79' lang='lat' dir='ltr'><em>porrigant</em></span> <span class='ocrx_word' id='word_1_247' title='bbox 1847 1230 2048 1263; x_wconf 85' lang='lat' dir='ltr'><em>frumentum</em></span> <span class='ocrx_word' id='word_1_248' title='bbox 2096 1256 2104 1263; x_wconf 91' lang='lat'><em>.</em></span> <span class='ocrx_word' id='word_1_249' title='bbox 2156 1254 2163 1261; x_wconf 93' lang='lat'><em>.</em></span> 
     </span>
     <span class='ocr_line' id='line_1_22' title="bbox 384 1280 2165 1325; baseline -0.001 -11"><span class='ocrx_word' id='word_1_250' title='bbox 384 1280 600 1314; x_wconf 88' lang='lat' dir='ltr'><em>Parmulis</em></span> <span class='ocrx_word' id='word_1_251' title='bbox 635 1292 788 1325; x_wconf 86' lang='lat' dir='ltr'><em>pugnare</em></span> <span class='ocrx_word' id='word_1_252' title='bbox 822 1281 941 1313; x_wconf 85' lang='lat' dir='ltr'><em>milites</em></span> <span class='ocrx_word' id='word_1_253' title='bbox 975 1281 1061 1313; x_wconf 88' lang='lat' dir='ltr'><em>soliti</em></span> <span class='ocrx_word' id='word_1_254' title='bbox 1095 1286 1177 1315; x_wconf 88' lang='lat' dir='ltr'><em>sunt.</em></span> <span class='ocrx_word' id='word_1_255' title='bbox 1214 1293 1354 1325; x_wconf 89' lang='lat' dir='ltr'><em>quarum</em></span> <span class='ocrx_word' id='word_1_256' title='bbox 1390 1293 1482 1314; x_wconf 88' lang='lat' dir='ltr'><em>usum</em></span> <span class='ocrx_word' id='word_1_257' title='bbox 1519 1282 1645 1314; x_wconf 79' lang='lat' dir='ltr'><em>sustulit</em></span> <span class='ocrx_word' id='word_1_258' title='bbox 1673 1281 1709 1315; x_wconf 89' lang='lat' dir='ltr'><em>C.</em></span> <span class='ocrx_word' id='word_1_259' title='bbox 1737 1281 1864 1314; x_wconf 87' lang='lat' dir='ltr'><em>Marius</em></span> <span class='ocrx_word' id='word_1_260' title='bbox 1891 1281 1974 1314; x_wconf 86' lang='lat' dir='ltr'><em>datis</em></span> <span class='ocrx_word' id='word_1_261' title='bbox 1999 1281 2032 1313; x_wconf 87' lang='grc'><em>111</em></span> <span class='ocrx_word' id='word_1_262' title='bbox 2058 1280 2165 1315; x_wconf 88' lang='lat' dir='ltr'><em>vicem</em></span> 
     </span>
     <span class='ocr_line' id='line_1_23' title="bbox 387 1332 2165 1378; baseline -0.001 -12"><span class='ocrx_word' id='word_1_263' title='bbox 387 1344 501 1366; x_wconf 86' lang='lat' dir='ltr'><em>earum</em></span> <span class='ocrx_word' id='word_1_264' title='bbox 528 1332 718 1366; x_wconf 79' lang='lat' dir='ltr'><em>Bruttianis,</em></span> <span class='ocrx_word' id='word_1_265' title='bbox 772 1333 948 1366; x_wconf 88' lang='lat' dir='ltr'><em>Porcam</em></span> <span class='ocrx_word' id='word_1_266' title='bbox 977 1344 1111 1365; x_wconf 82' lang='lat' dir='ltr'><em>auream</em></span> <span class='ocrx_word' id='word_1_267' title='bbox 1140 1338 1172 1366; x_wconf 90' lang='lat' dir='ltr'><em>et</em></span> <span class='ocrx_word' id='word_1_268' title='bbox 1199 1338 1392 1378; x_wconf 83' lang='lat' dir='ltr'><em>argenteam</em></span> <span class='ocrx_word' id='word_1_269' title='bbox 1421 1332 1488 1366; x_wconf 89' lang='lat' dir='ltr'><em>dici</em></span> <span class='ocrx_word' id='word_1_270' title='bbox 1515 1334 1559 1366; x_wconf 87' lang='grc'><em>311</em></span> <span class='ocrx_word' id='word_1_271' title='bbox 1586 1333 1707 1376; x_wconf 88' lang='lat' dir='ltr'><em>Capito</em></span> <span class='ocrx_word' id='word_1_272' title='bbox 1734 1334 1872 1374; x_wconf 86' lang='lat' dir='ltr'><em>Ateius,</em></span> <span class='ocrx_word' id='word_1_273' title='bbox 1905 1344 1992 1376; x_wconf 84' lang='lat' dir='ltr'><em>quae</em></span> <span class='ocrx_word' id='word_1_274' title='bbox 2018 1332 2078 1365; x_wconf 87' lang='lat' dir='ltr'><em>etsi</em></span> <span class='ocrx_word' id='word_1_275' title='bbox 2103 1343 2165 1365; x_wconf 91' lang='lat' dir='ltr'><em>nu—</em></span> 
     </span>
     <span class='ocr_line' id='line_1_24' title="bbox 386 1383 2167 1426; baseline -0.001 -9"><span class='ocrx_word' id='word_1_276' title='bbox 386 1395 479 1417; x_wconf 84' lang='lat' dir='ltr'><em>mero</em></span> <span class='ocrx_word' id='word_1_277' title='bbox 506 1383 690 1416; x_wconf 85' lang='lat' dir='ltr'><em>hostiarum</em></span> <span class='ocrx_word' id='word_1_278' title='bbox 718 1395 784 1416; x_wconf 89' lang='lat' dir='ltr'><em>non</em></span> <span class='ocrx_word' id='word_1_279' title='bbox 812 1385 894 1425; x_wconf 84' lang='lat' dir='ltr'><em>sint,</em></span> <span class='ocrx_word' id='word_1_280' title='bbox 944 1396 1068 1416; x_wconf 84' lang='lat' dir='ltr'><em>nomen</em></span> <span class='ocrx_word' id='word_1_281' title='bbox 1094 1390 1206 1417; x_wconf 88' lang='lat' dir='ltr'><em>tamen</em></span> <span class='ocrx_word' id='word_1_282' title='bbox 1234 1396 1347 1417; x_wconf 89' lang='lat' dir='ltr'><em>earum</em></span> <span class='ocrx_word' id='word_1_283' title='bbox 1380 1384 1527 1425; x_wconf 87' lang='lat' dir='ltr'><em>habere,</em></span> <span class='ocrx_word' id='word_1_284' title='bbox 1580 1385 1717 1417; x_wconf 88' lang='lat' dir='ltr'><em>alteram</em></span> <span class='ocrx_word' id='word_1_285' title='bbox 1746 1395 1785 1417; x_wconf 85' lang='lat' dir='ltr'><em>ex</em></span> <span class='ocrx_word' id='word_1_286' title='bbox 1812 1395 1913 1426; x_wconf 87' lang='grc'>31110,</span> <span class='ocrx_word' id='word_1_287' title='bbox 1960 1383 2099 1416; x_wconf 87' lang='lat' dir='ltr'><em>alteram</em></span> <span class='ocrx_word' id='word_1_288' title='bbox 2127 1394 2167 1417; x_wconf 88' lang='lat' dir='ltr'><em>ex</em></span> 
     </span>
     <span class='ocr_line' id='line_1_25' title="bbox 387 1435 2165 1481; baseline 0 -13"><span class='ocrx_word' id='word_1_289' title='bbox 387 1440 526 1481; x_wconf 84' lang='lat' dir='ltr'><em>argento</em></span> <span class='ocrx_word' id='word_1_290' title='bbox 561 1435 686 1469; x_wconf 87' lang='lat' dir='ltr'><em>factam</em></span> <span class='ocrx_word' id='word_1_291' title='bbox 722 1435 876 1469; x_wconf 85' lang='lat' dir='ltr'><em>adhiberi</em></span> <span class='ocrx_word' id='word_1_292' title='bbox 910 1436 1073 1469; x_wconf 81' lang='lat' dir='ltr'><em>sacrificio</em></span> <span class='ocrx_word' id='word_1_293' title='bbox 1101 1435 1233 1470; x_wconf 80' lang='lat' dir='ltr'><em>Ceriali.</em></span> <span class='ocrx_word' id='word_1_294' title='bbox 1295 1435 1484 1469; x_wconf 90' lang='lat' dir='ltr'><em>Pulcher</em></span> <span class='ocrx_word' id='word_1_295' title='bbox 1517 1436 1593 1469; x_wconf 90' lang='lat' dir='ltr'><em>bos</em></span> <span class='ocrx_word' id='word_1_296' title='bbox 1625 1436 1814 1481; x_wconf 82' lang='lat' dir='ltr'><em>appellatur</em></span> <span class='ocrx_word' id='word_1_297' title='bbox 1841 1435 1884 1469; x_wconf 90' lang='lat' dir='ltr'><em>ad</em></span> <span class='ocrx_word' id='word_1_298' title='bbox 1912 1435 2063 1469; x_wconf 87' lang='lat' dir='ltr'><em>eximiam</em></span> <span class='ocrx_word' id='word_1_299' title='bbox 2089 1435 2165 1480; x_wconf 88' lang='lat' dir='ltr'><em>pin-</em></span> 
     </span>
    </p>

    <p class='ocr_par' dir='ltr' id='par_1_6' title="bbox 215 1486 2166 1533">
     <span class='ocr_line' id='line_1_26' title="bbox 215 1486 2166 1533; baseline -0.002 -9"><span class='ocrx_word' id='word_1_300' title='bbox 215 1492 251 1516; x_wconf 69' lang='lat'><em>⁴5.</em></span> <span class='ocrx_word' id='word_1_301' title='bbox 269 1490 377 1530; x_wconf 30' lang='lat' dir='ltr'><em>‘Propu-</em></span> <span class='ocrx_word' id='word_1_302' title='bbox 387 1487 595 1533; x_wconf 88' lang='lat' dir='ltr'><em>guitudinem</em></span> <span class='ocrx_word' id='word_1_303' title='bbox 622 1487 813 1531; x_wconf 67' lang='lat' dir='ltr'><em>perductus</em></span> <span class='ocrx_word' id='word_1_304' title='bbox 866 1487 1018 1531; x_wconf 90' lang='lat' dir='ltr'><em>Propudi</em></span> <span class='ocrx_word' id='word_1_305' title='bbox 1046 1488 1113 1520; x_wconf 75' lang='lat' dir='ltr'><em>ait*</em></span> <span class='ocrx_word' id='word_1_306' title='bbox 1136 1499 1259 1532; x_wconf 89' lang='lat' dir='ltr'><em>porcus</em></span> <span class='ocrx_word' id='word_1_307' title='bbox 1286 1487 1391 1521; x_wconf 85' lang='lat' dir='ltr'><em>dictus</em></span> <span class='ocrx_word' id='word_1_308' title='bbox 1418 1493 1484 1527; x_wconf 84' lang='lat' dir='ltr'><em>est,</em></span> <span class='ocrx_word' id='word_1_309' title='bbox 1520 1492 1557 1521; x_wconf 89' lang='lat' dir='ltr'><em>ut</em></span> <span class='ocrx_word' id='word_1_310' title='bbox 1582 1488 1628 1520; x_wconf 86' lang='lat' dir='ltr'><em>ait</em></span> <span class='ocrx_word' id='word_1_311' title='bbox 1654 1488 1775 1532; x_wconf 88' lang='lat' dir='ltr'><em>Capito</em></span> <span class='ocrx_word' id='word_1_312' title='bbox 1803 1487 1935 1529; x_wconf 90' lang='lat' dir='ltr'><em>Ateius,</em></span> <span class='ocrx_word' id='word_1_313' title='bbox 1971 1487 2028 1531; x_wconf 90' lang='lat' dir='ltr'><em>qui</em></span> <span class='ocrx_word' id='word_1_314' title='bbox 2054 1486 2087 1520; x_wconf 90' lang='lat' dir='ltr'><em>in</em></span> <span class='ocrx_word' id='word_1_315' title='bbox 2113 1499 2166 1520; x_wconf 85' lang='grc'><em>53-</em></span> 
     </span>
    </p>

    <p class='ocr_par' dir='ltr' id='par_1_7' title="bbox 251 1524 2166 1584">
     <span class='ocr_line' id='line_1_27' title="bbox 251 1524 2166 1584; baseline -0.002 -11"><span class='ocrx_word' id='word_1_316' title='bbox 251 1524 343 1550; x_wconf 73' lang='lat' dir='ltr'>d¹³¹¹⁰³</span> <span class='ocrx_word' id='word_1_317' title='bbox 388 1538 514 1573; x_wconf 87' lang='lat' dir='ltr'><em>crificio</em></span> <span class='ocrx_word' id='word_1_318' title='bbox 541 1539 648 1584; x_wconf 86' lang='lat' dir='ltr'><em>gentis</em></span> <span class='ocrx_word' id='word_1_319' title='bbox 671 1538 835 1572; x_wconf 85' lang='lat' dir='ltr'><em>Claudiae</em></span> <span class='ocrx_word' id='word_1_320' title='bbox 861 1540 951 1571; x_wconf 78' lang='lat' dir='ltr'><em>velut</em></span> <span class='ocrx_word' id='word_1_321' title='bbox 977 1540 1183 1583; x_wconf 82' lang='lat' dir='ltr'><em>piamentum</em></span> <span class='ocrx_word' id='word_1_322' title='bbox 1213 1544 1245 1572; x_wconf 85' lang='lat' dir='ltr'><em>et</em></span> <span class='ocrx_word' id='word_1_323' title='bbox 1271 1539 1431 1572; x_wconf 81' lang='lat' dir='ltr'><em>exsolutio</em></span> <span class='ocrx_word' id='word_1_324' title='bbox 1459 1540 1564 1572; x_wconf 86' lang='lat' dir='ltr'><em>omnis</em></span> <span class='ocrx_word' id='word_1_325' title='bbox 1591 1544 1782 1573; x_wconf 85' lang='lat' dir='ltr'><em>contractae</em></span> <span class='ocrx_word' id='word_1_326' title='bbox 1808 1538 1977 1584; x_wconf 83' lang='lat' dir='ltr'><em>religionis</em></span> <span class='ocrx_word' id='word_1_327' title='bbox 2003 1542 2051 1571; x_wconf 86' lang='lat' dir='ltr'><em>est</em></span> <span class='ocrx_word' id='word_1_328' title='bbox 2085 1564 2092 1570; x_wconf 88' lang='lat'><em>.</em></span> <span class='ocrx_word' id='word_1_329' title='bbox 2121 1565 2129 1573; x_wconf 92' lang='lat'><em>.</em></span> <span class='ocrx_word' id='word_1_330' title='bbox 2158 1563 2166 1570; x_wconf 91' lang='lat'><em>.</em></span> 
     </span>
    </p>

    <p class='ocr_par' dir='ltr' id='par_1_8' title="bbox 234 1585 2167 1644">
     <span class='ocr_line' id='line_1_28' title="bbox 234 1585 2167 1644; baseline -0.001 -21"><span class='ocrx_word' id='word_1_331' title='bbox 234 1585 367 1644; x_wconf 31' lang='lat' dir='ltr'><em>&#39;aggf’</em></span> <span class='ocrx_word' id='word_1_332' title='bbox 387 1591 538 1624; x_wconf 89' lang='lat' dir='ltr'><em>Parum</em></span> <span class='ocrx_word' id='word_1_333' title='bbox 573 1590 765 1624; x_wconf 84' lang='lat' dir='ltr'><em>cavisse*</em></span> <span class='ocrx_word' id='word_1_334' title='bbox 790 1590 896 1623; x_wconf 72' lang='lat' dir='ltr'><em>videri</em></span> <span class='ocrx_word' id='word_1_335' title='bbox 922 1591 1114 1634; x_wconf 85' lang='lat' dir='ltr'><em>pronuntiat</em></span> <span class='ocrx_word' id='word_1_336' title='bbox 1139 1591 1369 1636; x_wconf 83' lang='lat' dir='ltr'><em>magistratus,</em></span> <span class='ocrx_word' id='word_1_337' title='bbox 1415 1602 1489 1624; x_wconf 90' lang='lat' dir='ltr'><em>cum</em></span> <span class='ocrx_word' id='word_1_338' title='bbox 1518 1591 1562 1624; x_wconf 91' lang='lat' dir='ltr'><em>de</em></span> <span class='ocrx_word' id='word_1_339' title='bbox 1589 1591 1716 1626; x_wconf 90' lang='lat' dir='ltr'><em>consilii</em></span> <span class='ocrx_word' id='word_1_340' title='bbox 1742 1591 1900 1623; x_wconf 87' lang='lat' dir='ltr'><em>sententia</em></span> <span class='ocrx_word' id='word_1_341' title='bbox 1926 1590 2043 1634; x_wconf 83' lang='lat' dir='ltr'><em>capitis</em></span> <span class='ocrx_word' id='word_1_342' title='bbox 2067 1601 2167 1633; x_wconf 88' lang='lat' dir='ltr'><em>quem</em></span> 
     </span>
    </p>

    <p class='ocr_par' dir='ltr' id='par_1_9' title="bbox 233 1641 2168 1687">
     <span class='ocr_line' id='line_1_29' title="bbox 233 1641 2168 1687; baseline -0.001 -11"><span class='ocrx_word' id='word_1_343' title='bbox 233 1653 359 1687; x_wconf 52' lang='lat' dir='ltr'><em>ffiquot-</em></span> <span class='ocrx_word' id='word_1_344' title='bbox 388 1642 668 1676; x_wconf 84' lang='lat' dir='ltr'><em>condemnaturus</em></span> <span class='ocrx_word' id='word_1_345' title='bbox 695 1646 754 1676; x_wconf 84' lang='lat' dir='ltr'><em>est.</em></span> <span class='ocrx_word' id='word_1_346' title='bbox 807 1642 1039 1675; x_wconf 87' lang='lat' dir='ltr'><em>Piscatorii</em></span> <span class='ocrx_word' id='word_1_347' title='bbox 1065 1642 1136 1674; x_wconf 92' lang='lat' dir='ltr'><em>ludi</em></span> <span class='ocrx_word' id='word_1_348' title='bbox 1163 1647 1323 1675; x_wconf 78' lang='lat' dir='ltr'><em>vocantur</em></span> <span class='ocrx_word' id='word_1_349' title='bbox 1349 1642 1405 1685; x_wconf 92' lang='lat' dir='ltr'><em>qui</em></span> <span class='ocrx_word' id='word_1_350' title='bbox 1432 1642 1524 1686; x_wconf 88' lang='lat' dir='ltr'><em>quod</em></span> <span class='ocrx_word' id='word_1_351' title='bbox 1553 1643 1665 1675; x_wconf 81' lang='lat' dir='ltr'><em>annis*</em></span> <span class='ocrx_word' id='word_1_352' title='bbox 1692 1653 1804 1675; x_wconf 89' lang='lat' dir='ltr'><em>mense</em></span> <span class='ocrx_word' id='word_1_353' title='bbox 1830 1643 1925 1674; x_wconf 90' lang='lat' dir='ltr'><em>lunio</em></span> <span class='ocrx_word' id='word_1_354' title='bbox 1951 1647 2039 1674; x_wconf 84' lang='lat' dir='ltr'><em>trans</em></span> <span class='ocrx_word' id='word_1_355' title='bbox 2060 1641 2168 1674; x_wconf 89' lang='lat' dir='ltr'><em>Tibe-</em></span> 
     </span>
    </p>

    <p class='ocr_par' dir='ltr' id='par_1_10' title="bbox 264 1688 2170 1791">
     <span class='ocr_line' id='line_1_30' title="bbox 264 1688 2168 1738; baseline -0.001 -12"><span class='ocrx_word' id='word_1_356' title='bbox 264 1688 335 1713; x_wconf 75' lang='lat' dir='ltr'><em>annis</em></span> <span class='ocrx_word' id='word_1_357' title='bbox 387 1694 449 1726; x_wconf 87' lang='lat' dir='ltr'><em>rim</em></span> <span class='ocrx_word' id='word_1_358' title='bbox 475 1693 548 1726; x_wconf 88' lang='lat' dir='ltr'><em>fieri</em></span> <span class='ocrx_word' id='word_1_359' title='bbox 575 1693 681 1726; x_wconf 87' lang='lat' dir='ltr'><em>solent</em></span> <span class='ocrx_word' id='word_1_360' title='bbox 714 1705 733 1726; x_wconf 91' lang='lat' dir='ltr'><em>a</em></span> <span class='ocrx_word' id='word_1_361' title='bbox 768 1694 839 1725; x_wconf 85' lang='lat' dir='ltr'><em>PR.</em></span> <span class='ocrx_word' id='word_1_362' title='bbox 867 1693 1008 1726; x_wconf 88' lang='lat' dir='ltr'><em>Urbano</em></span> <span class='ocrx_word' id='word_1_363' title='bbox 1036 1705 1098 1738; x_wconf 91' lang='lat' dir='ltr'><em>pro</em></span> <span class='ocrx_word' id='word_1_364' title='bbox 1125 1694 1347 1738; x_wconf 84' lang='lat' dir='ltr'><em>piscatoribus</em></span> <span class='ocrx_word' id='word_1_365' title='bbox 1371 1693 1556 1735; x_wconf 84' lang='lat' dir='ltr'><em>Tiberinis,</em></span> <span class='ocrx_word' id='word_1_366' title='bbox 1593 1706 1734 1738; x_wconf 88' lang='lat' dir='ltr'><em>quorum</em></span> <span class='ocrx_word' id='word_1_367' title='bbox 1762 1698 1917 1737; x_wconf 85' lang='lat' dir='ltr'><em>quaestus</em></span> <span class='ocrx_word' id='word_1_368' title='bbox 1943 1704 2010 1725; x_wconf 91' lang='lat' dir='ltr'><em>non</em></span> <span class='ocrx_word' id='word_1_369' title='bbox 2035 1693 2068 1726; x_wconf 90' lang='lat' dir='ltr'><em>iu</em></span> <span class='ocrx_word' id='word_1_370' title='bbox 2088 1692 2168 1725; x_wconf 88' lang='grc' dir='ltr'><em>Μ3-</em></span> 
     </span>
     <span class='ocr_line' id='line_1_31' title="bbox 388 1744 2170 1791; baseline -0.001 -12"><span class='ocrx_word' id='word_1_371' title='bbox 388 1745 512 1780; x_wconf 87' lang='lat' dir='ltr'><em>cellum</em></span> <span class='ocrx_word' id='word_1_372' title='bbox 541 1745 709 1789; x_wconf 85' lang='lat' dir='ltr'><em>pervenit,</em></span> <span class='ocrx_word' id='word_1_373' title='bbox 739 1745 797 1777; x_wconf 82' lang='lat' dir='ltr'><em>sed</em></span> <span class='ocrx_word' id='word_1_374' title='bbox 824 1745 895 1777; x_wconf 88' lang='lat' dir='ltr'><em>fere</em></span> <span class='ocrx_word' id='word_1_375' title='bbox 922 1745 955 1777; x_wconf 93' lang='lat' dir='ltr'><em>in</em></span> <span class='ocrx_word' id='word_1_376' title='bbox 982 1757 1094 1778; x_wconf 86' lang='lat' dir='ltr'><em>aream</em></span> <span class='ocrx_word' id='word_1_377' title='bbox 1122 1746 1281 1785; x_wconf 79' lang='lat' dir='ltr'><em>Volcani,</em></span> <span class='ocrx_word' id='word_1_378' title='bbox 1319 1745 1410 1789; x_wconf 90' lang='lat' dir='ltr'><em>quod</em></span> <span class='ocrx_word' id='word_1_379' title='bbox 1439 1746 1473 1778; x_wconf 91' lang='lat' dir='ltr'><em>id</em></span> <span class='ocrx_word' id='word_1_380' title='bbox 1501 1757 1607 1791; x_wconf 84' lang='lat' dir='ltr'><em>genus</em></span> <span class='ocrx_word' id='word_1_381' title='bbox 1633 1746 1870 1791; x_wconf 87' lang='lat' dir='ltr'><em>pisciculorum</em></span> <span class='ocrx_word' id='word_1_382' title='bbox 1897 1745 2046 1778; x_wconf 85' lang='lat' dir='ltr'><em>vivorum</em></span> <span class='ocrx_word' id='word_1_383' title='bbox 2074 1744 2170 1777; x_wconf 88' lang='lat' dir='ltr'><em>datur</em></span> 
     </span>
    </p>

    <p class='ocr_par' dir='ltr' id='par_1_11' title="bbox 223 1795 2172 1945">
     <span class='ocr_line' id='line_1_32' title="bbox 390 1795 2169 1842; baseline 0.001 -13"><span class='ocrx_word' id='word_1_384' title='bbox 390 1798 419 1829; x_wconf 90' lang='lat' dir='ltr'><em>ei</em></span> <span class='ocrx_word' id='word_1_385' title='bbox 446 1796 521 1829; x_wconf 83' lang='lat' dir='ltr'><em>Deo</em></span> <span class='ocrx_word' id='word_1_386' title='bbox 548 1807 613 1840; x_wconf 90' lang='lat' dir='ltr'><em>pro</em></span> <span class='ocrx_word' id='word_1_387' title='bbox 640 1796 756 1829; x_wconf 83' lang='lat' dir='ltr'><em>animis</em></span> <span class='ocrx_word' id='word_1_388' title='bbox 783 1796 946 1829; x_wconf 89' lang='lat' dir='ltr'><em>humanis.</em></span> <span class='ocrx_word' id='word_1_389' title='bbox 1008 1797 1231 1831; x_wconf 81' lang='lat' dir='ltr'><em>Publicius</em></span> <span class='ocrx_word' id='word_1_390' title='bbox 1268 1797 1404 1831; x_wconf 87' lang='lat' dir='ltr'><em>clivus</em></span> <span class='ocrx_word' id='word_1_391' title='bbox 1442 1798 1633 1842; x_wconf 87' lang='lat' dir='ltr'><em>appellatur</em></span> <span class='ocrx_word' id='word_1_392' title='bbox 1669 1809 1768 1841; x_wconf 88' lang='lat' dir='ltr'><em>quem</em></span> <span class='ocrx_word' id='word_1_393' title='bbox 1805 1797 1874 1830; x_wconf 90' lang='lat' dir='ltr'><em>duo</em></span> <span class='ocrx_word' id='word_1_394' title='bbox 1907 1797 2024 1829; x_wconf 87' lang='lat' dir='ltr'><em>fratres</em></span> <span class='ocrx_word' id='word_1_395' title='bbox 2051 1796 2089 1829; x_wconf 90' lang='lat' dir='ltr'><em>L.</em></span> <span class='ocrx_word' id='word_1_396' title='bbox 2117 1795 2169 1830; x_wconf 85' lang='lat' dir='ltr'><em>M.</em></span> 
     </span>
     <span class='ocr_line' id='line_1_33' title="bbox 223 1847 2170 1905; baseline 0 -25"><span class='ocrx_word' id='word_1_397' title='bbox 223 1847 522 1905; x_wconf 50' lang='lat' dir='ltr'><em>:f·s›⁸¹2312015Publici</em></span> <span class='ocrx_word' id='word_1_398' title='bbox 550 1848 728 1881; x_wconf 84' lang='lat' dir='ltr'><em>Malteoli*</em></span> <span class='ocrx_word' id='word_1_399' title='bbox 755 1848 893 1881; x_wconf 88' lang='lat' dir='ltr'><em>Aediles</em></span> <span class='ocrx_word' id='word_1_400' title='bbox 919 1848 1017 1887; x_wconf 89' lang='lat' dir='ltr'><em>Cur.,</em></span> <span class='ocrx_word' id='word_1_401' title='bbox 1062 1849 1226 1893; x_wconf 87' lang='lat' dir='ltr'><em>pecuariis</em></span> <span class='ocrx_word' id='word_1_402' title='bbox 1259 1849 1506 1890; x_wconf 85' lang='lat' dir='ltr'><em>condemnatis,</em></span> <span class='ocrx_word' id='word_1_403' title='bbox 1554 1860 1595 1882; x_wconf 82' lang='lat' dir='ltr'><em>ex</em></span> <span class='ocrx_word' id='word_1_404' title='bbox 1627 1850 1790 1893; x_wconf 87' lang='lat' dir='ltr'><em>pecunia,</em></span> <span class='ocrx_word' id='word_1_405' title='bbox 1835 1860 1937 1892; x_wconf 85' lang='lat' dir='ltr'><em>quam</em></span> <span class='ocrx_word' id='word_1_406' title='bbox 1964 1848 2170 1892; x_wconf 73' lang='lat' dir='ltr'><em>coeperat*⁸,</em></span> 
     </span>
     <span class='ocr_line' id='line_1_34' title="bbox 276 1891 2172 1945; baseline 0.001 -14"><span class='ocrx_word' id='word_1_407' title='bbox 276 1891 381 1940; x_wconf 41' lang='lat' dir='ltr'><em>&#39;faxim‘</em></span> <span class='ocrx_word' id='word_1_408' title='bbox 392 1900 595 1940; x_wconf 87' lang='lat' dir='ltr'><em>munierunt,</em></span> <span class='ocrx_word' id='word_1_409' title='bbox 623 1905 659 1932; x_wconf 89' lang='lat' dir='ltr'><em>ut</em></span> <span class='ocrx_word' id='word_1_410' title='bbox 684 1899 717 1931; x_wconf 89' lang='lat' dir='ltr'><em>in</em></span> <span class='ocrx_word' id='word_1_411' title='bbox 744 1899 949 1941; x_wconf 82' lang='lat' dir='ltr'><em>Quentinum</em></span> <span class='ocrx_word' id='word_1_412' title='bbox 977 1900 1172 1940; x_wconf 64' lang='lat' dir='ltr'><em>x&#39;elliculi†,</em></span> <span class='ocrx_word' id='word_1_413' title='bbox 1201 1900 1263 1933; x_wconf 89' lang='lat' dir='ltr'><em>Vel</em></span> <span class='ocrx_word' id='word_1_414' title='bbox 1275 1903 1318 1939; x_wconf 84' lang='lat'><em>††</em></span> <span class='ocrx_word' id='word_1_415' title='bbox 1343 1901 1455 1934; x_wconf 87' lang='lat' dir='ltr'><em>venire</em></span> <span class='ocrx_word' id='word_1_416' title='bbox 1479 1899 1646 1945; x_wconf 75' lang='lat' dir='ltr'><em>possit*2.</em></span> <span class='ocrx_word' id='word_1_417' title='bbox 1700 1900 1926 1935; x_wconf 72' lang='lat' dir='ltr'><em>Praedia**</em></span> <span class='ocrx_word' id='word_1_418' title='bbox 1950 1911 2060 1933; x_wconf 84' lang='lat' dir='ltr'><em>rursus</em></span> <span class='ocrx_word' id='word_1_419' title='bbox 2087 1899 2172 1932; x_wconf 72' lang='lat' dir='ltr'><em>Ver-</em></span> 
     </span>
    </p>

    <p class='ocr_par' dir='ltr' id='par_1_12' title="bbox 223 1946 2157 2007">
     <span class='ocr_line' id='line_1_35' title="bbox 223 1946 2157 2007; baseline 0.002 -27"><span class='ocrx_word' id='word_1_420' title='bbox 223 1949 458 2007; x_wconf 46' lang='lat' dir='ltr'><em>[sfffhicglisrius</em></span> <span class='ocrx_word' id='word_1_421' title='bbox 489 1951 602 1984; x_wconf 84' lang='lat' dir='ltr'><em>vocari</em></span> <span class='ocrx_word' id='word_1_422' title='bbox 637 1952 680 1983; x_wconf 90' lang='lat' dir='ltr'><em>ait</em></span> <span class='ocrx_word' id='word_1_423' title='bbox 714 1963 753 1984; x_wconf 87' lang='lat' dir='ltr'><em>ea</em></span> <span class='ocrx_word' id='word_1_424' title='bbox 789 1951 958 1993; x_wconf 85' lang='lat' dir='ltr'><em>remedia,</em></span> <span class='ocrx_word' id='word_1_425' title='bbox 1005 1963 1092 1995; x_wconf 88' lang='lat' dir='ltr'><em>quae</em></span> <span class='ocrx_word' id='word_1_426' title='bbox 1128 1952 1237 1991; x_wconf 86' lang='lat' dir='ltr'><em>data†</em></span> <span class='ocrx_word' id='word_1_427' title='bbox 1266 1952 1412 1986; x_wconf 83' lang='lat' dir='ltr'><em>Caecilia</em></span> <span class='ocrx_word' id='word_1_428' title='bbox 1445 1963 1528 1985; x_wconf 89' lang='lat' dir='ltr'><em>uxor</em></span> <span class='ocrx_word' id='word_1_429' title='bbox 1554 1952 1716 1996; x_wconf 86' lang='lat' dir='ltr'><em>Tarquini</em></span> <span class='ocrx_word' id='word_1_430' title='bbox 1742 1953 1845 1985; x_wconf 90' lang='lat' dir='ltr'><em>Prisci</em></span> <span class='ocrx_word' id='word_1_431' title='bbox 1879 1951 2039 1985; x_wconf 86' lang='lat' dir='ltr'><em>invenisse</em></span> <span class='ocrx_word' id='word_1_432' title='bbox 2064 1946 2157 1997; x_wconf 59' lang='grc' dir='ltr'>(ὲκ-Η</span> 
     </span>
    </p>

    <p class='ocr_par' dir='ltr' id='par_1_13' title="bbox 226 1991 2169 2049">
     <span class='ocr_line' id='line_1_36' title="bbox 226 1991 2169 2049; baseline 0.002 -18"><span class='ocrx_word' id='word_1_433' title='bbox 226 1991 571 2049; x_wconf 55' lang='lat' dir='ltr'><em>·&#39;t².{‚i›}s¹iar1tlsfimatu¹&#39;‚</em></span> <span class='ocrx_word' id='word_1_434' title='bbox 615 2007 647 2035; x_wconf 86' lang='grc'><em>01</em></span> <span class='ocrx_word' id='word_1_435' title='bbox 674 2002 888 2036; x_wconf 77' lang='lat' dir='ltr'><em>immiscuisse</em></span> <span class='ocrx_word' id='word_1_436' title='bbox 914 2014 958 2035; x_wconf 90' lang='lat' dir='ltr'><em>on</em></span> <span class='ocrx_word' id='word_1_437' title='bbox 970 2005 1012 2042; x_wconf 76' lang='grc' dir='ltr'><em>-Η-</em></span> <span class='ocrx_word' id='word_1_438' title='bbox 1039 2015 1136 2046; x_wconf 86' lang='lat' dir='ltr'><em>suae,</em></span> <span class='ocrx_word' id='word_1_439' title='bbox 1179 2015 1245 2048; x_wconf 90' lang='lat' dir='ltr'><em>qua</em></span> <span class='ocrx_word' id='word_1_440' title='bbox 1271 2005 1463 2048; x_wconf 87' lang='lat' dir='ltr'><em>praecincta</em></span> <span class='ocrx_word' id='word_1_441' title='bbox 1488 2009 1595 2036; x_wconf 87' lang='lat' dir='ltr'><em>statua</em></span> <span class='ocrx_word' id='word_1_442' title='bbox 1622 2005 1690 2037; x_wconf 87' lang='lat' dir='ltr'><em>eius</em></span> <span class='ocrx_word' id='word_1_443' title='bbox 1716 2010 1764 2037; x_wconf 86' lang='lat' dir='ltr'><em>est</em></span> <span class='ocrx_word' id='word_1_444' title='bbox 1789 2004 1822 2036; x_wconf 90' lang='lat' dir='ltr'><em>in</em></span> <span class='ocrx_word' id='word_1_445' title='bbox 1849 2003 1934 2036; x_wconf 84' lang='lat' dir='ltr'><em>aede</em></span> <span class='ocrx_word' id='word_1_446' title='bbox 1961 2014 2036 2035; x_wconf 89' lang='lat' dir='ltr'><em>san-</em></span> <span class='ocrx_word' id='word_1_447' title='bbox 2089 2000 2169 2048; x_wconf 76' lang='lat'>[49]</span> 
     </span>
    </p>

    <p class='ocr_par' dir='ltr' id='par_1_14' title="bbox 227 2050 2171 2100">
     <span class='ocr_line' id='line_1_37' title="bbox 227 2050 2171 2100; baseline 0.001 -16"><span class='ocrx_word' id='word_1_448' title='bbox 227 2052 272 2075; x_wconf 78' lang='lat' dir='ltr'><em>‘&#39;f·</em></span> <span class='ocrx_word' id='word_1_449' title='bbox 284 2050 389 2084; x_wconf 73' lang='lat' dir='ltr'><em>praebia</em></span> <span class='ocrx_word' id='word_1_450' title='bbox 399 2050 517 2083; x_wconf 79' lang='lat' dir='ltr'><em>ctus*3</em></span> <span class='ocrx_word' id='word_1_451' title='bbox 544 2053 601 2095; x_wconf 90' lang='lat' dir='ltr'><em>qui</em></span> <span class='ocrx_word' id='word_1_452' title='bbox 627 2054 727 2095; x_wconf 83' lang='lat' dir='ltr'><em>deus,</em></span> <span class='ocrx_word' id='word_1_453' title='bbox 772 2054 845 2087; x_wconf 83' lang='lat' dir='ltr'><em>dius</em></span> <span class='ocrx_word' id='word_1_454' title='bbox 871 2055 970 2088; x_wconf 81' lang='lat' dir='ltr'><em>fidius</em></span> <span class='ocrx_word' id='word_1_455' title='bbox 996 2060 1143 2088; x_wconf 86' lang='lat' dir='ltr'><em>vocatur.</em></span> <span class='ocrx_word' id='word_1_456' title='bbox 1180 2067 1220 2088; x_wconf 87' lang='lat' dir='ltr'><em>ex</em></span> <span class='ocrx_word' id='word_1_457' title='bbox 1246 2067 1311 2098; x_wconf 91' lang='lat' dir='ltr'><em>qua</em></span> <span class='ocrx_word' id='word_1_458' title='bbox 1338 2066 1422 2088; x_wconf 88' lang='lat' dir='ltr'><em>zona</em></span> <span class='ocrx_word' id='word_1_459' title='bbox 1447 2055 1670 2100; x_wconf 88' lang='lat' dir='ltr'><em>periclitantes</em></span> <span class='ocrx_word' id='word_1_460' title='bbox 1695 2059 1844 2089; x_wconf 89' lang='lat' dir='ltr'><em>ramenta</em></span> <span class='ocrx_word' id='word_1_461' title='bbox 1869 2060 2010 2088; x_wconf 86' lang='lat' dir='ltr'><em>sumunt.</em></span> <span class='ocrx_word' id='word_1_462' title='bbox 2045 2065 2084 2087; x_wconf 91' lang='lat' dir='ltr'><em>ea</em></span> <span class='ocrx_word' id='word_1_463' title='bbox 2110 2063 2171 2085; x_wconf 86' lang='lat' dir='ltr'><em>vo-</em></span> 
     </span>
    </p>
   </div>
   <div class='ocr_carea' id='block_1_3' title="bbox 226 2085 389 2118">
    <p class='ocr_par' dir='ltr' id='par_1_15' title="bbox 226 2085 389 2118">
     <span class='ocr_line' id='line_1_38' title="bbox 226 2085 389 2118; baseline -0.012 -8"><span class='ocrx_word' id='word_1_464' title='bbox 226 2086 265 2110; x_wconf 86' lang='lat' dir='ltr'><em>uel</em></span> <span class='ocrx_word' id='word_1_465' title='bbox 275 2085 389 2118; x_wconf 84' lang='lat' dir='ltr'><em>proebia,</em></span> 
     </span>
    </p>
   </div>
   <div class='ocr_carea' id='block_1_4' title="bbox 243 2100 2171 2152">
    <p class='ocr_par' dir='ltr' id='par_1_16' title="bbox 243 2100 2171 2152">
     <span class='ocr_line' id='line_1_39' title="bbox 243 2100 2171 2152; baseline 0.002 -19"><span class='ocrx_word' id='word_1_466' title='bbox 243 2119 289 2150; x_wconf 76' lang='lat' dir='ltr'><em>÷s-</em></span> <span class='ocrx_word' id='word_1_467' title='bbox 310 2119 374 2143; x_wconf 70' lang='lat' dir='ltr'><em>eain</em></span> <span class='ocrx_word' id='word_1_468' title='bbox 399 2100 466 2133; x_wconf 87' lang='lat' dir='ltr'><em>cari</em></span> <span class='ocrx_word' id='word_1_469' title='bbox 499 2102 543 2134; x_wconf 87' lang='lat' dir='ltr'><em>ait</em></span> <span class='ocrx_word' id='word_1_470' title='bbox 575 2105 765 2147; x_wconf 82' lang='lat' dir='ltr'><em>praedia**,</em></span> <span class='ocrx_word' id='word_1_471' title='bbox 814 2107 906 2150; x_wconf 90' lang='lat' dir='ltr'><em>quod</em></span> <span class='ocrx_word' id='word_1_472' title='bbox 942 2107 1032 2139; x_wconf 90' lang='lat' dir='ltr'><em>mala</em></span> <span class='ocrx_word' id='word_1_473' title='bbox 1066 2106 1278 2152; x_wconf 86' lang='lat' dir='ltr'><em>prohibeant.</em></span> <span class='ocrx_word' id='word_1_474' title='bbox 1331 2107 1506 2141; x_wconf 85' lang='lat' dir='ltr'><em>Priscae</em></span> <span class='ocrx_word' id='word_1_475' title='bbox 1532 2108 1714 2141; x_wconf 84' lang='lat' dir='ltr'><em>Latinae</em></span> <span class='ocrx_word' id='word_1_476' title='bbox 1749 2107 1948 2140; x_wconf 87' lang='lat' dir='ltr'><em>coloniae</em></span> <span class='ocrx_word' id='word_1_477' title='bbox 1981 2105 2171 2150; x_wconf 85' lang='lat' dir='ltr'><em>appellatae</em></span> 
     </span>
    </p>
   </div>
   <div class='ocr_carea' id='block_1_5' title="bbox 227 2154 2171 2220">
    <p class='ocr_par' dir='ltr' id='par_1_17' title="bbox 227 2154 2171 2220">
     <span class='ocr_line' id='line_1_40' title="bbox 227 2154 2171 2220; baseline -0.004 -24"><span class='ocrx_word' id='word_1_478' title='bbox 227 2155 391 2220; x_wconf 36' lang='lat' dir='ltr'><em>&amp;gaggam</em></span> <span class='ocrx_word' id='word_1_479' title='bbox 400 2156 493 2192; x_wconf 68' lang='lat' dir='ltr'><strong>sunta</strong></span> <span class='ocrx_word' id='word_1_480' title='bbox 519 2157 556 2184; x_wconf 70' lang='lat'><em>¹12</em></span> <span class='ocrx_word' id='word_1_481' title='bbox 577 2154 816 2200; x_wconf 75' lang='lat' dir='ltr'><em>distinguerent</em></span> <span class='ocrx_word' id='word_1_482' title='bbox 835 2170 854 2190; x_wconf 88' lang='lat' dir='ltr'><em>a</em></span> <span class='ocrx_word' id='word_1_483' title='bbox 874 2158 966 2191; x_wconf 88' lang='lat' dir='ltr'><em>novis</em></span> <span class='ocrx_word' id='word_1_484' title='bbox 989 2170 1076 2203; x_wconf 87' lang='lat' dir='ltr'><em>quae</em></span> <span class='ocrx_word' id='word_1_485' title='bbox 1097 2164 1214 2204; x_wconf 88' lang='lat' dir='ltr'><em>postea</em></span> <span class='ocrx_word' id='word_1_486' title='bbox 1235 2171 1255 2192; x_wconf 87' lang='lat' dir='ltr'><em>a</em></span> <span class='ocrx_word' id='word_1_487' title='bbox 1274 2159 1407 2204; x_wconf 90' lang='lat' dir='ltr'><em>populo</em></span> <span class='ocrx_word' id='word_1_488' title='bbox 1431 2159 1606 2196; x_wconf 83' lang='lat' dir='ltr'><em>dabantur.</em></span> <span class='ocrx_word' id='word_1_489' title='bbox 1660 2161 1836 2193; x_wconf 88' lang='lat' dir='ltr'><em>Praetor</em></span> <span class='ocrx_word' id='word_1_490' title='bbox 1862 2159 1905 2191; x_wconf 88' lang='lat' dir='ltr'><em>ad</em></span> <span class='ocrx_word' id='word_1_491' title='bbox 1933 2163 2062 2203; x_wconf 84' lang='lat' dir='ltr'><em>portam</em></span> <span class='ocrx_word' id='word_1_492' title='bbox 2085 2165 2171 2189; x_wconf 89' lang='lat' dir='ltr'><em>nunc</em></span> 
     </span>
    </p>
   </div>
   <div class='ocr_carea' id='block_1_6' title="bbox 229 2221 374 2247">
    <p class='ocr_par' dir='ltr' id='par_1_18' title="bbox 229 2221 374 2247">
     <span class='ocr_line' id='line_1_41' title="bbox 229 2221 374 2247; baseline -0.007 0"><span class='ocrx_word' id='word_1_493' title='bbox 229 2228 239 2238; x_wconf 73' lang='lat'>⁸</span> <span class='ocrx_word' id='word_1_494' title='bbox 251 2223 269 2247; x_wconf 81' lang='lat' dir='ltr'><em>f.</em></span> <span class='ocrx_word' id='word_1_495' title='bbox 284 2221 374 2247; x_wconf 79' lang='lat' dir='ltr'><em>Sancti</em></span> 
     </span>
    </p>
   </div>
   <div class='ocr_carea' id='block_1_7' title="bbox 230 2256 2171 2476">
    <p class='ocr_par' dir='ltr' id='par_1_19' title="bbox 230 2256 2171 2476">
     <span class='ocr_line' id='line_1_42' title="bbox 230 2256 2170 2316; baseline 0.001 -26"><span class='ocrx_word' id='word_1_496' title='bbox 230 2256 391 2316; x_wconf 45' lang='lat' dir='ltr'><em>’‘g-l&#39;faessia</em></span> <span class='ocrx_word' id='word_1_497' title='bbox 401 2267 457 2297; x_wconf 83' lang='lat' dir='ltr'><em>pro</em></span> <span class='ocrx_word' id='word_1_498' title='bbox 474 2261 684 2298; x_wconf 77' lang='lat' dir='ltr'><em>antiquitatem</em></span> <span class='ocrx_word' id='word_1_499' title='bbox 701 2264 857 2301; x_wconf 85' lang='lat' dir='ltr'><em>legendum</em></span> <span class='ocrx_word' id='word_1_500' title='bbox 873 2277 952 2303; x_wconf 85' lang='lat' dir='ltr'><em>esse,</em></span> <span class='ocrx_word' id='word_1_501' title='bbox 968 2269 1049 2297; x_wconf 85' lang='lat' dir='ltr'><em>volui</em></span> <span class='ocrx_word' id='word_1_502' title='bbox 1065 2268 1264 2298; x_wconf 78' lang='lat' dir='ltr'><em>admonuisse.</em></span> <span class='ocrx_word' id='word_1_503' title='bbox 1317 2269 1398 2298; x_wconf 79' lang='lat' dir='ltr'><em>Urs.</em></span> <span class='ocrx_word' id='word_1_504' title='bbox 1420 2285 1464 2292; x_wconf 89' lang='lat'>—</span> <span class='ocrx_word' id='word_1_505' title='bbox 1485 2269 1516 2307; x_wconf 70' lang='lat'><em>2)</em></span> <span class='ocrx_word' id='word_1_506' title='bbox 1540 2268 1660 2298; x_wconf 84' lang='lat' dir='ltr'><em>Scribe:</em></span> <span class='ocrx_word' id='word_1_507' title='bbox 1683 2268 1831 2297; x_wconf 65' lang='lat' dir='ltr'><em>vehiculis</em></span> <span class='ocrx_word' id='word_1_508' title='bbox 1857 2268 1946 2296; x_wconf 67' lang='lat' dir='ltr'><em>Velia</em></span> <span class='ocrx_word' id='word_1_509' title='bbox 1968 2266 2075 2295; x_wconf 70' lang='lat' dir='ltr'><em>veniri</em></span> <span class='ocrx_word' id='word_1_510' title='bbox 2096 2273 2170 2302; x_wconf 69' lang='lat' dir='ltr'><em>pos-</em></span> 
     </span>
     <span class='ocr_line' id='line_1_43' title="bbox 230 2298 2171 2352; baseline 0.005 -25"><span class='ocrx_word' id='word_1_511' title='bbox 230 2301 254 2316; x_wconf 59' lang='grc' dir='ltr'><strong><em>Μ</em></strong></span> <span class='ocrx_word' id='word_1_512' title='bbox 279 2299 340 2324; x_wconf 62' lang='lat'><em>9¹⁰⁸</em></span> <span class='ocrx_word' id='word_1_513' title='bbox 358 2298 392 2322; x_wconf 55' lang='grc' dir='ltr'><em>ιδ’</em></span> <span class='ocrx_word' id='word_1_514' title='bbox 408 2301 486 2330; x_wconf 85' lang='lat' dir='ltr'><em>Urs.</em></span> <span class='ocrx_word' id='word_1_515' title='bbox 511 2319 550 2324; x_wconf 85' lang='lat'><em>-</em></span> <span class='ocrx_word' id='word_1_516' title='bbox 576 2301 606 2343; x_wconf 83' lang='lat'><em>¹)</em></span> <span class='ocrx_word' id='word_1_517' title='bbox 628 2305 768 2344; x_wconf 60' lang='lat' dir='ltr'><em>Pomm]</em></span> <span class='ocrx_word' id='word_1_518' title='bbox 791 2307 885 2337; x_wconf 83' lang='lat' dir='ltr'><em>Varro</em></span> <span class='ocrx_word' id='word_1_519' title='bbox 908 2309 959 2337; x_wconf 90' lang='lat' dir='ltr'><em>lib.</em></span> <span class='ocrx_word' id='word_1_520' title='bbox 982 2313 1009 2340; x_wconf 88' lang='lat'><em>1.</em></span> <span class='ocrx_word' id='word_1_521' title='bbox 1041 2311 1077 2340; x_wconf 84' lang='lat' dir='ltr'><em>de</em></span> <span class='ocrx_word' id='word_1_522' title='bbox 1099 2321 1132 2340; x_wconf 87' lang='lat' dir='ltr'><em>re</em></span> <span class='ocrx_word' id='word_1_523' title='bbox 1152 2311 1266 2340; x_wconf 85' lang='lat' dir='ltr'><em>rustica</em></span> <span class='ocrx_word' id='word_1_524' title='bbox 1310 2313 1360 2341; x_wconf 82' lang='lat' dir='ltr'><em>sit.</em></span> <span class='ocrx_word' id='word_1_525' title='bbox 1383 2327 1425 2334; x_wconf 93' lang='lat'>—</span> <span class='ocrx_word' id='word_1_526' title='bbox 1450 2309 1480 2352; x_wconf 88' lang='grc'>3)</span> <span class='ocrx_word' id='word_1_527' title='bbox 1503 2312 1597 2350; x_wconf 85' lang='lat' dir='ltr'><em>Lege:</em></span> <span class='ocrx_word' id='word_1_528' title='bbox 1629 2312 1661 2339; x_wconf 84' lang='lat' dir='ltr'><em>in</em></span> <span class='ocrx_word' id='word_1_529' title='bbox 1683 2311 1755 2339; x_wconf 78' lang='lat' dir='ltr'><em>aede</em></span> <span class='ocrx_word' id='word_1_530' title='bbox 1777 2312 1883 2348; x_wconf 82' lang='lat' dir='ltr'><em>Sanci,</em></span> <span class='ocrx_word' id='word_1_531' title='bbox 1913 2319 1972 2339; x_wconf 89' lang='lat' dir='ltr'><em>non</em></span> <span class='ocrx_word' id='word_1_532' title='bbox 1995 2307 2108 2336; x_wconf 81' lang='lat' dir='ltr'><em>Sancti.</em></span> <span class='ocrx_word' id='word_1_533' title='bbox 2129 2320 2171 2326; x_wconf 91' lang='lat'>—</span> 
     </span>
     <span class='ocr_line' id='line_1_44' title="bbox 402 2344 2171 2394; baseline 0.003 -19"><span class='ocrx_word' id='word_1_534' title='bbox 402 2353 465 2383; x_wconf 77' lang='lat' dir='ltr'><em>cap.</em></span> <span class='ocrx_word' id='word_1_535' title='bbox 476 2345 526 2376; x_wconf 79' lang='grc'><em>29.</em></span> <span class='ocrx_word' id='word_1_536' title='bbox 543 2344 633 2380; x_wconf 82' lang='lat' dir='ltr'><em>Quod</em></span> <span class='ocrx_word' id='word_1_537' title='bbox 647 2350 691 2374; x_wconf 79' lang='lat' dir='ltr'><em>est</em></span> <span class='ocrx_word' id='word_1_538' title='bbox 704 2347 781 2375; x_wconf 82' lang='lat' dir='ltr'><em>inter</em></span> <span class='ocrx_word' id='word_1_539' title='bbox 797 2349 869 2378; x_wconf 84' lang='lat' dir='ltr'><em>duos</em></span> <span class='ocrx_word' id='word_1_540' title='bbox 885 2352 984 2380; x_wconf 81' lang='lat' dir='ltr'><em>sulcos</em></span> <span class='ocrx_word' id='word_1_541' title='bbox 994 2352 1069 2381; x_wconf 82' lang='lat' dir='ltr'><em>elata</em></span> <span class='ocrx_word' id='word_1_542' title='bbox 1083 2358 1172 2389; x_wconf 85' lang='lat' dir='ltr'><em>terra,</em></span> <span class='ocrx_word' id='word_1_543' title='bbox 1190 2353 1267 2382; x_wconf 80' lang='lat' dir='ltr'><em>dici-</em></span> <span class='ocrx_word' id='word_1_544' title='bbox 1309 2354 1338 2394; x_wconf 76' lang='lat'><em>4)</em></span> <span class='ocrx_word' id='word_1_545' title='bbox 1361 2353 1599 2393; x_wconf 64' lang='lat' dir='ltr'><em>Possessiones]</em></span> <span class='ocrx_word' id='word_1_546' title='bbox 1629 2353 1699 2384; x_wconf 81' lang='lat' dir='ltr'><em>Ant.</em></span> <span class='ocrx_word' id='word_1_547' title='bbox 1726 2353 1909 2392; x_wconf 79' lang='lat' dir='ltr'><em>Augustinus</em></span> <span class='ocrx_word' id='word_1_548' title='bbox 1935 2361 1990 2391; x_wconf 87' lang='lat' dir='ltr'><em>pro</em></span> <span class='ocrx_word' id='word_1_549' title='bbox 2013 2346 2171 2377; x_wconf 74' lang='lat' dir='ltr'><em>collidebat</em></span> 
     </span>
     <span class='ocr_line' id='line_1_45' title="bbox 401 2387 2170 2436; baseline 0.001 -21"><span class='ocrx_word' id='word_1_550' title='bbox 401 2391 452 2414; x_wconf 87' lang='lat' dir='ltr'><em>tur</em></span> <span class='ocrx_word' id='word_1_551' title='bbox 473 2397 581 2426; x_wconf 79' lang='lat' dir='ltr'><em>porca,</em></span> <span class='ocrx_word' id='word_1_552' title='bbox 606 2387 687 2436; x_wconf 76' lang='lat' dir='ltr'><em>quod</em></span> <span class='ocrx_word' id='word_1_553' title='bbox 707 2398 738 2416; x_wconf 89' lang='lat' dir='ltr'><em>ea</em></span> <span class='ocrx_word' id='word_1_554' title='bbox 761 2400 840 2427; x_wconf 84' lang='lat' dir='ltr'><em>seges</em></span> <span class='ocrx_word' id='word_1_555' title='bbox 855 2392 1035 2422; x_wconf 76' lang='lat' dir='ltr'><em>frumentum</em></span> <span class='ocrx_word' id='word_1_556' title='bbox 1052 2397 1188 2434; x_wconf 75' lang='lat' dir='ltr'><em>porr-icit.</em></span> <span class='ocrx_word' id='word_1_557' title='bbox 1217 2396 1266 2425; x_wconf 92' lang='lat' dir='ltr'><em>Sic</em></span> <span class='ocrx_word' id='word_1_558' title='bbox 1311 2402 1455 2436; x_wconf 84' lang='lat' dir='ltr'><em>corrupto</em></span> <span class='ocrx_word' id='word_1_559' title='bbox 1480 2397 1586 2434; x_wconf 81' lang='lat' dir='ltr'><em>verbo,</em></span> <span class='ocrx_word' id='word_1_560' title='bbox 1622 2396 1757 2435; x_wconf 78' lang='lat' dir='ltr'><em>reposuit</em></span> <span class='ocrx_word' id='word_1_561' title='bbox 1782 2395 1904 2424; x_wconf 79' lang='lat' dir='ltr'><em>colebat.</em></span> <span class='ocrx_word' id='word_1_562' title='bbox 1928 2393 2072 2433; x_wconf 81' lang='lat' dir='ltr'><em>placeret,</em></span> <span class='ocrx_word' id='word_1_563' title='bbox 2097 2400 2170 2428; x_wconf 69' lang='lat' dir='ltr'><em>pos-</em></span> 
     </span>
     <span class='ocr_line' id='line_1_46' title="bbox 403 2430 2170 2476; baseline 0.004 -19"><span class='ocrx_word' id='word_1_564' title='bbox 403 2438 521 2467; x_wconf 83' lang='lat' dir='ltr'><em>quoque</em></span> <span class='ocrx_word' id='word_1_565' title='bbox 543 2434 610 2459; x_wconf 84' lang='lat' dir='ltr'><em>exta</em></span> <span class='ocrx_word' id='word_1_566' title='bbox 633 2430 697 2459; x_wconf 69' lang='lat' dir='ltr'><em>deis</em></span> <span class='ocrx_word' id='word_1_567' title='bbox 721 2440 787 2460; x_wconf 87' lang='lat' dir='ltr'><em>cum</em></span> <span class='ocrx_word' id='word_1_568' title='bbox 812 2432 921 2463; x_wconf 82' lang='lat' dir='ltr'><em>dabant</em></span> <span class='ocrx_word' id='word_1_569' title='bbox 946 2437 1097 2474; x_wconf 79' lang='lat' dir='ltr'><em>porricere</em></span> <span class='ocrx_word' id='word_1_570' title='bbox 1120 2437 1267 2468; x_wconf 86' lang='lat' dir='ltr'><em>dicebaut.</em></span> <span class='ocrx_word' id='word_1_571' title='bbox 1310 2438 1437 2467; x_wconf 77' lang='lat' dir='ltr'><em>sidebat.</em></span> <span class='ocrx_word' id='word_1_572' title='bbox 1490 2439 1621 2468; x_wconf 87' lang='lat' dir='ltr'><em>Isidorus</em></span> <span class='ocrx_word' id='word_1_573' title='bbox 1649 2439 1699 2466; x_wconf 88' lang='lat' dir='ltr'><em>lib.</em></span> <span class='ocrx_word' id='word_1_574' title='bbox 1723 2439 1771 2469; x_wconf 87' lang='lat'><em>15.</em></span> <span class='ocrx_word' id='word_1_575' title='bbox 1800 2447 1864 2476; x_wconf 81' lang='lat' dir='ltr'><em>cap.</em></span> <span class='ocrx_word' id='word_1_576' title='bbox 1892 2438 1938 2467; x_wconf 88' lang='lat'><em>13.</em></span> <span class='ocrx_word' id='word_1_577' title='bbox 1973 2434 2048 2462; x_wconf 70' lang='lat' dir='ltr'><em>Urs.</em></span> <span class='ocrx_word' id='word_1_578' title='bbox 2072 2448 2113 2454; x_wconf 89' lang='grc'><em>--</em></span> <span class='ocrx_word' id='word_1_579' title='bbox 2140 2430 2170 2472; x_wconf 87' lang='grc'><em>5)</em></span> 
     </span>
    </p>
   </div>
  </div>
 </body>
</html>
