2263 2668
248 147 323 182 244
1019 147 1244 182 ARUSIANI
1270 149 1412 184 MESSI

249 240 401 275 Klaudus
430 240 495 274 hac
522 252 566 275 re.
598 240 693 272 Idem
723 240 806 272 Aen.
834 236 915 274 V.¹:
952 239 1046 274 Pars
1071 242 1212 276 vulnere
1237 242 1371 276 ltlauda
1396 247 1556 278 retentat.

250 293 372 326 Kalleo
404 292 489 325 illud
503 290 524 325 ².
559 291 692 323 Terent.
717 290 887 334 Adelpl1‚:
914 291 1000 336 Ego
1021 292 1114 326 illius
1137 305 1274 327 sensum
1295 295 1447 340 pulchre
1474 295 1595 329 ltalleo.
2065 299 2187 348 [531]

250 343 366 427 Kaloe]
387 343 474 426 lzuic.
511 341 602 386 virg.
636 341 765 387 Georg.
791 339 862 378 1.³:
894 342 989 377 Huic
1015 354 1107 389 ager
1133 345 1192 379 ille
1225 347 1341 380 malus
1367 347 1553 392 dulcesque
1579 348 1614 381 in
1642 347 1804 394 sontibus
1830 348 1948 383 undae
1973 350 2024 384 ad
2043 353 2189 397 plenum

363 406 397 427 :a
413 396 540 426 centur.

251 448 414 481 Kausatus
440 444 529 477 hanc
554 454 634 476 rem.
670 442 738 476 Sal.
765 444 851 477 Hist.
879 442 959 479 V.⁴¹:
988 445 1062 480 Sed
1088 445 1147 480 ubi
1172 447 1231 481 ille
1257 449 1404 482 militum
1429 449 1642 483 voluntatem
1668 449 1844 484 haasatus.

252 498 353 531 Klam
386 495 450 528 illis
483 499 572 528 tenet
597 491 708 533 usus53
740 495 800 528 sed
822 496 952 535 vitiose;
987 497 1176 531 klanculum
1210 499 1293 535 illos,
1320 500 1456 537 Terent.
1482 501 1650 546 Adelph:
1684 501 1865 535 Postremo
1901 502 1963 536 atii
1993 502 2190 538 clanculum

354 546 482 581 Patres
508 557 598 593 quae
613 545 776 592 faciunt,
810 559 901 593 quae
916 547 995 595 sert
1023 549 1269 585 adolescentia.

1201 653 1242 687 L.

253 727 354 762 Ludo
380 725 471 758 illam
496 736 575 758 rem.
611 726 704 771 Virg.
732 725 890 761 Bucol.⁶:
921 728 1063 762 Ludere
1086 739 1177 774 quae
1202 729 1334 764 vellem.
1376 728 1472 761 Idem
1505 729 1592 764 Aen.
1621 726 1768 765 V1ss1.⁷:
1814 730 1888 764 Illa
1921 742 2010 776 quae
2030 731 2190 776 plurima

354 781 453 810 nocte
478 777 638 811 Luserat.
675 778 811 814 Terent.
835 776 960 813 Eun.⁵³:
997 780 1046 812 Et
1079 781 1161 825 quia
1189 780 1397 813 consimilem
1424 781 1557 813 luserat
1588 780 1667 813 Iam
1703 782 1783 814 olim
1816 783 1874 815 ille
1907 783 2038 815 ludum.
2089 783 2190 816 Ludo

355 829 413 861 illa
434 839 479 860 re.
513 828 607 873 Virg.
643 829 769 875 Georg.
798 827 877 863 ll.⁹:
916 830 1078 865 Versibus
1110 832 1291 877 incomptis
1324 831 1448 864 ludunt
1481 832 1621 876 risuque
1654 833 1772 866 soluto.
1803 833 1921 867 Cicero
1954 834 2104 879 Philipp.
2130 834 2191 868 11.:

360 879 430 925 Qui
455 890 522 912 non
548 880 725 914 dubitaret
751 882 806 914 vel
825 881 913 927 soro
941 883 1023 916 ulea
1047 883 1176 916 ludere.

254 932 434 965 Lacessunt
459 930 517 963 illa
549 927 626 964 re¹⁰.
661 932 754 977 Virg.
776 934 859 966 Aen.
887 933 981 967 Vll.:
1027 934 1204 979 Cursuque
1237 933 1373 977 ictuque
1407 933 1589 968 lacessunt.
1641 933 1823 967 Lacessunt
1854 933 1947 967 illam
1981 945 2060 968 rem.
2095 935 2189 981 Virg.

354 982 437 1015 Aen.
460 977 549 1016 V.¹¹:
575 982 840 1028 Immiscenlque
865 996 989 1018 vilanus
1007 985 1184 1026 nautibus,
1212 995 1444 1029 pugnamque
1468 985 1650 1018 lacessunt.

255 1033 436 1066 Litandum
462 1033 520 1066 illa
540 1030 616 1067 re¹².
644 1035 739 1079 virg.
766 1037 847 1068 Aen.
874 1033 959 1069 11.¹³:
986 1036 1183 1081 Animaque
1209 1036 1382 1070 litandum
1409 1036 1595 1081 Argolica.

255 1085 376 1118 Laetus
401 1084 467 1117 hac
492 1081 571 1118 reu.
607 1085 700 1130 Virg.
729 1086 811 1119 Aen.
839 1087 913 1122 VL:
950 1087 1061 1121 Laeta
1094 1088 1210 1121 Deum
1232 1091 1345 1132 partu
1370 1091 1504 1120 centum
1539 1086 1724 1131 complexa
1755 1090 1904 1132 nepotes.
1939 1086 2061 1120 Laetus
2094 1086 2192 1120 huius

356 1137 415 1169 rei.
442 1135 537 1180 Virg.
565 1133 673 1170 Xl.¹5:
705 1136 804 1183 Quas
828 1138 880 1170 illi
905 1139 1001 1172 laetu
1028 1138 1196 1172 laborum.
1224 1139 1291 1173 Sal.
1317 1139 1402 1172 Hist.
1429 1135 1520 1173 11.¹⁶:
1549 1138 1711 1183 Frugum
1733 1139 1924 1183 pabulique
1951 1139 2064 1172 laetus
2090 1148 2192 1184 ager.

357 1187 482 1221 Laetor
497 1187 591 1222 illius.
619 1188 712 1232 Virg.
733 1190 816 1222 Aen.
840 1187 944 1224 X1.¹⁷:
973 1190 1048 1224 Nec
1073 1202 1192 1224 verum
1215 1190 1353 1223 memini
1379 1190 1534 1222 laetorve
1551 1190 1733 1222 malorum.
1760 1190 1884 1223 Laetor
1910 1190 2001 1223 illam
2022 1201 2103 1224 rem.
2123 1189 2192 1225 Sal.

360 1238 476 1271 Catil:
502 1238 562 1271 Ea
582 1240 736 1284 populus
748 1240 850 1273 Rom.
879 1241 1008 1275 laetari
1035 1245 1067 1275 et
1091 1242 1213 1275 merito
1228 1242 1346 1275 dicere
1359 1240 1459 1288 fieri.
1486 1242 1610 1274 Laetor
1625 1241 1681 1273 illa
1697 1252 1742 1274 re.
1769 1241 1864 1287 Virg.
1881 1242 1965 1275 Aen.
1982 1241 2041 1274 X.:
2066 1241 2194 1283 Arma,

358 1288 480 1333 quibus
506 1290 670 1333 laetalus,
698 1290 789 1324 habe
808 1295 879 1324 tua.

258 1341 361 1374 Liber
382 1340 466 1373 illius
493 1341 549 1374 rei.
571 1342 665 1386 Virg.
688 1344 769 1375 Aen.
787 1340 878 1377 X.¹⁸:
909 1343 996 1376 Tum
1022 1343 1135 1377 libera
1151 1343 1229 1389 jati
1258 1342 1414 1377 Classem
1441 1343 1638 1377 conscendit
1670 1343 1770 1376 iussis
1794 1354 1884 1389 gens
1909 1342 2027 1387 Lydia
2053 1341 2193 1376 Divum.

361 1392 464 1424 Liber
490 1393 531 1425 ab
553 1393 611 1425 illa
638 1405 682 1426 re.
713 1394 830 1427 Salust.
859 1392 1002 1427 Catum:
1029 1395 1065 1428 A
1089 1406 1170 1439 spe,
1197 1398 1300 1435 metu,
1326 1395 1487 1439 partibus
1512 1396 1614 1440 Reip.
1642 1395 1777 1427 [mimus
1803 1395 1891 1428 liber
1917 1397 2005 1429 erat.

261 1444 396 1477 Laboro
420 1443 486 1476 hac
512 1441 588 1477 re²⁰.
617 1444 735 1477 Cicero
758 1450 872 1478 contra
900 1446 1022 1479 caecil.
1049 1447 1080 1478 in
1108 1446 1266 1478 l)ivinat.:
1305 1445 1350 1478 Ut
1378 1448 1406 1479 is
1433 1446 1636 1480 absolvatur
1670 1447 1766 1479 cuius
1799 1457 1867 1491 ego
1901 1456 2030 1479 caussa
2061 1443 2194 1478 laboro.

362 1495 498 1528 Laboro
526 1506 566 1529 ex
591 1495 658 1530 hac
683 1508 728 1530 re.
753 1496 821 1531 Cic.
846 1508 910 1542 pro
940 1494 1144 1532 Cluentio²¹:
1171 1497 1269 1533 Satis
1294 1498 1419 1532 multos
1446 1509 1554 1533 annos
1581 1509 1624 1531 ex
1644 1497 1778 1531 invidia
1804 1497 1987 1531 laboravit.

348 1638 377 1679 1)
400 1639 481 1669 Idem
507 1640 542 1671 V,
565 1643 635 1673 273.
660 1640 692 1671 A.
714 1641 751 1669 M.
768 1640 842 1670 Par
866 1642 986 1670 vulnere
1000 1642 1071 1671 Cod.
1098 1642 1208 1671 Gu.—

265 1680 293 1717 2)
315 1681 385 1709 Tres
402 1683 530 1720 proximi
545 1684 663 1711 articuli
678 1684 774 1711 kalleo
795 1683 890 1720 Illud,
913 1685 997 1712 kalco
1020 1686 1109 1721 huic,
1132 1685 1208 1713 kau-

267 1728 353 1749 salus
376 1723 452 1751 lame
474 1735 534 1751 rem.
556 1726 662 1753 desunt
683 1726 761 1764 apud
779 1727 813 1754 A.
832 1726 870 1757 M.
886 1726 949 1755 Ter.
966 1727 1019 1757 Ad.
1036 1727 1084 1764 lV,
1109 1730 1137 1764 1,
1162 1731 1208 1758 17.

267 1781 308 1786 —
330 1767 357 1797 3)
383 1765 460 1802 Virg.
485 1767 536 1793 Ge.
561 1766 598 1800 Il,
619 1768 690 1798 243.
718 1768 766 1795 ubi
786 1769 908 1805 legitur.-
938 1770 1011 1797 IIuc
1033 1780 1138 1807 ager—
1154 1788 1176 1793 -
1191 1780 1210 1797 a

260 1806 413 1843 sontibus.
438 1823 478 1827 —
499 1809 526 1841 4)
553 1808 646 1836 Locus
666 1809 786 1837 salustii
807 1811 843 1838 ad
860 1812 1020 1848 fragmenta
1034 1822 1136 1840 recens
1159 1822 1209 1839 ac—

270 1848 358 1876 cedit.
385 1864 427 1869 —
448 1851 479 1883 5)
499 1849 618 1877 Mutilus
633 1850 680 1877 hie
700 1852 839 1880 articulus
862 1854 940 1891 apud
967 1854 1000 1882 Α.
1019 1853 1056 1883 M.
1078 1854 1128 1882 ubi
1149 1854 1213 1882 edi-

272 1895 335 1919 tum
352 1895 408 1917 est:
435 1891 619 1919 Klanculum
635 1893 714 1919 illos.
736 1894 890 1924 Te1·.A‹lel.
910 1899 1031 1928 1.1,27.
1045 1896 1114 1924 Alii
1128 1897 1214 1924 clan—

274 1933 377 1960 culam
392 1938 496 1970 patres
510 1934 656 1970 fitciunt3
692 1934 768 1963 nihil
798 1938 932 1975 amplius.
964 1938 1034 1966 cod.
1065 1940 1123 1967 Gu.
1154 1939 1214 1967 sic:

276 1975 367 2004 Klam.
386 1975 451 2001 illis
472 1981 546 2003 tenet
569 1982 595 2003 et
618 1987 693 2004 usas
714 1979 851 2013 servicio,
874 1979 926 2006 secl
947 1981 1123 2008 clanculum
1147 1981 1217 2008 illos

278 2018 390 2046 Terent.
410 2022 472 2054 cet,
497 2028 570 2055 quae
586 2018 648 2046 sine
666 2019 860 2048 haesitatione
881 2023 1052 2060 corrigenda
1069 2028 1162 2059 erant,
1185 2028 1219 2051 ut

278 2059 403 2089 correxi.
428 2060 558 2087 Facismt
574 2060 654 2089 deest
672 2061 703 2089 in
719 2062 789 2090 Cod.
809 2063 864 2090 Gu.
886 2074 962 2100 qaae
976 2070 1043 2093 ante
1056 2067 1220 2103 v.faciunt

280 2103 360 2130 deest
384 2101 415 2129 in
436 2106 562 2139 utroque
580 2103 649 2133 Cod.
673 2119 713 2124 —-
728 2108 755 2137 6)
784 2105 869 2142 Virg.
886 2106 949 2133 Ecl.
968 2109 987 2136 Ι,
1007 2110 1054 2138 10.
1071 2108 1105 2137 Α,
1123 2108 1161 2136 M.
1178 2124 1220 2129 ·—

280 2145 310 2181 7)
342 2141 426 2172 Idem
446 2144 521 2173 Aen.
548 2144 652 2174 VIIII.
675 2147 747 2177 335.
770 2147 803 2174 A.
819 2147 856 2176 M.
874 2147 919 2174 lbi
941 2147 1047 2185 legitur
1064 2151 1123 2178 Illa
1145 2151 1220 2189 qui.

283 2202 324 2207 —
346 2188 373 2223 8)
400 2185 465 2216 Ter.
485 2187 564 2214 Eun.
579 2188 609 2218 3.
627 2188 655 2217 5.
670 2189 719 2218 38.
738 2187 768 2217 A.
794 2189 831 2217 M.
855 2190 895 2216 Et
911 2190 985 2226 quia
1002 2191 1102 2219 addidi
1121 2203 1134 2220 e
1148 2193 1219 2222 Cod.

286 2228 343 2257 Gu.
367 2244 402 2249 —
435 2226 465 2269 9)
488 2228 579 2256 Ludo
605 2240 634 2256 re
658 2230 690 2256 A.
716 2230 753 2257 Μ.
784 2231 871 2268 Vlrg.
897 2232 948 2259 Ge.
971 2233 1012 2261 II.
1032 2235 1102 2265 386·
1129 2235 1162 2264 A.
1183 2235 1222 2263 M.

285 2271 343 2299 Pro
368 2271 491 2309 risuque
506 2271 576 2299 Cod.
599 2271 655 2299 Gu.
677 2272 804 2309 nisique.
828 2273 1002 2311 Exemplum
1027 2284 1040 2302 e
1062 2276 1120 2304 (tic.
1145 2276 1224 2314 quod

288 2312 420 2350 sequitur
435 2313 516 2341 deest
534 2313 615 2351 apud
637 2313 669 2341 A.
691 2313 729 2341 M.
755 2315 845 2342 Locus
867 2319 923 2343 est:
948 2315 1022 2343 Phil.
1043 2317 1079 2352 Il,
1101 2319 1149 2349 23.
1170 2320 1224 2347 Se-

290 2355 394 2393 quitur
415 2355 447 2383 in
470 2355 540 2384 Cod.
563 2356 619 2383 Gu.
648 2354 697 2382 hic
723 2356 877 2384 articulus:
908 2358 1042 2395 Largior
1060 2358 1139 2385 hanc
1154 2371 1224 2388 rem.

293 2397 489 2435 Qymmaclzus
509 2397 553 2426 ad
578 2397 772 2426 Theodosium
797 2399 868 2437 Imp.
890 2398 988 2427 Solo-e
1000 2401 1151 2438 principes
1171 2402 1224 2429 bo-

1250 1653 1291 1671 na
1306 1642 1394 1671 rerba
1415 1643 1542 1680 largiri,-
1567 1652 1653 1680 quem
1665 1641 1837 1671 additicium
1853 1646 1934 1681 puto.
1957 1658 1996 1663 --
2021 1643 2064 1675 10)
2086 1641 2197 1668 Laces-

1251 1690 1322 1712 sanl
1352 1686 1390 1713 iu
1419 1686 1475 1713 illa
1501 1696 1530 1713 re
1553 1684 1584 1713 A.
1611 1685 1648 1714 M.
1687 1685 1769 1713 Idem
1796 1685 1872 1713 Aen.
1907 1682 1979 1714 VII.
2007 1683 2076 1715 165.
2098 1683 2134 1711 A.
2156 1681 2195 1710 M.

1251 1728 1316 1756 Hoc
1333 1728 1499 1766 exemplum
1521 1737 1587 1755 cum
1608 1728 1741 1764 sequenti
1763 1726 1950 1765 eloquutione
1973 1726 2052 1754 deest
2071 1725 2103 1752 in
2123 1723 2196 1752 cod.

1254 1771 1310 1798 Gu.
1325 1786 1366 1791 —
1401 1770 1443 1807 11)
1467 1769 1548 1798 Idem
1575 1770 1608 1797 V.
1631 1771 1702 1801 429.
1727 1770 1759 1797 A.
1782 1770 1821 1798 M.
1844 1784 1886 1791 —
1914 1766 2146 1807 12)L1·tandum
2167 1776 2198 1794 re

1254 1812 1325 1842 cod.
1340 1812 1371 1840 A.
1386 1811 1427 1842 M.
1449 1829 1487 1832 —
1513 1811 1556 1850 13)
1581 1810 1662 1839 Idem
1679 1810 1721 1840 II.
1742 1815 1810 1843 118.
1834 1811 1868 1840 Α.
1885 1811 1923 1840 Μ.
1947 1809 2011 1838 Hoc
2028 1808 2198 1847 exemplum

1257 1864 1325 1882 cum
1346 1854 1481 1891 sequenti
1503 1853 1691 1891 eloquutione
1708 1855 1825 1881 Laetus
1839 1853 1897 1880 lzac
1913 1863 1943 1880 re
1959 1852 2143 1880 desideratur
2166 1850 2198 1879 in

1257 1896 1328 1926 cod.
1350 1897 1408 1926 Gu.
1435 1913 1477 1917 ψ
1501 1894 1545 1936 14)
1568 1897 1682 1923 Laetus
1703 1896 1797 1923 liuius
1812 1897 1855 1923 rel
1879 1900 1907 1922 et
1929 1894 1988 1922 lzac
2012 1894 2083 1923 cod.
2104 1893 2138 1923 A.
2158 1892 2198 1922 M.

1258 1938 1416 1974 Quomodo
1434 1938 1585 1976 eloquutio
1599 1937 1637 1966 sit
1653 1938 1823 1974 scribenda,
1847 1937 1995 1974 sequentia
2011 1936 2079 1965 satis
2102 1940 2198 1964 osten-

1259 1981 1343 2010 dnnt.
1367 1981 1461 2008 Locus
1479 1980 1558 2017 Virg.
1577 1985 1620 2008 est
1642 1980 1712 2009 Aen.
1730 1980 1779 2015 VI.
1794 1983 1866 2012 787.
1881 1980 1938 2009 Hie
1957 1979 2039 2007 locus
2054 1988 2121 2007 cum
2137 1988 2198 2016 seq.

1259 2023 1450 2061 eloquutione
1470 2023 1550 2051 deest
1569 2022 1599 2050 in
1623 2022 1692 2052 Cod.
1713 2023 1746 2051 A.
1771 2023 1806 2050 M.
1828 2039 1870 2044 —
1899 2020 1944 2061 15)
1968 2019 2050 2049 Idem
2066 2022 2124 2050 XI.
2146 2022 2198 2052 73.

1262 2067 1298 2095 A.
1320 2066 1358 2095 M.
1381 2081 1423 2086 -
1451 2064 1494 2104 15)
1518 2065 1581 2093 Sal.
1605 2065 1687 2092 Hist.
1708 2067 1747 2093 ΙΙ.
1762 2067 1790 2096 4.
1807 2064 1842 2094 Α.
1864 2064 1903 2093 Μ.
1926 2064 2069 2101 Fragmm.
2087 2063 2129 2100 ll,
2148 2064 2197 2094 24.

1262 2108 1341 2137 Idem
1357 2108 1437 2136 locus
1455 2107 1564 2135 citatur
1577 2117 1591 2134 a
1609 2107 1712 2135 Servio
1732 2107 1769 2136 ad
1785 2107 1856 2137 Aen.
1876 2106 1898 2142 I,
1918 2108 1988 2138 144.
2004 2111 2031 2134 et
2046 2105 2104 2142 XI,
2127 2107 2198 2137 338.

1263 2150 1313 2179 ubi
1329 2151 1489 2186 fructuum
1507 2149 1581 2178 male
1600 2149 1716 2186 legitur.
1746 2165 1787 2171 —
1814 2149 1859 2186 17)
1877 2150 1947 2177 Tres
1963 2148 2099 2186 proxime
2116 2157 2198 2184 seqq.

1264 2192 1470 2230 eloquutiones
1489 2202 1553 2220 cum
1576 2192 1718 2229 exemplis
1738 2192 1797 2220 suis
1818 2191 1922 2219 desunt
1939 2190 2017 2228 apud
2032 2190 2066 2219 A.
2082 2189 2120 2218 M.
2137 2189 2199 2218 Lo-
2253 2222 2254 2226 Ἰ

1265 2245 1317 2263 cus
1336 2234 1448 2273 primus
1478 2239 1522 2263 est
1540 2234 1619 2272 Virg.
1643 2234 1713 2263 Aen.
1738 2234 1793 2271 XI,
1816 2235 1889 2265 280.
1912 2233 2006 2261 Locus
2029 2232 2136 2260 Salust.
2155 2233 2198 2258 est

1267 2277 1328 2306 Cat.
1350 2277 1399 2308 51.
1421 2276 1485 2306 edd.
1508 2276 1587 2305 Cort.
1611 2276 1689 2307 Gerl.
1707 2276 1778 2307 Voc.
1799 2277 1889 2304 Rom.
1911 2273 2071 2303 certissime
2092 2271 2197 2301 delan-

1267 2319 1338 2347 dum
1355 2324 1415 2355 est,
1439 2318 1506 2358 quia
1522 2318 1602 2357 apud
1625 2319 1681 2349 Sal.
1704 2318 1740 2347 de
1764 2317 1875 2357 populo
1899 2316 2003 2346 Athen.
2028 2323 2123 2343 sermo
2143 2316 2197 2341 est.

1266 2360 1346 2399 Virg.
1362 2364 1433 2392 Aen.
1450 2361 1489 2396 X,
1505 2362 1575 2393 827.
1592 2361 1732 2389 ,Πιτύειαν
1752 2371 1806 2399 pro
1827 2359 1902 2388 habe
1922 2364 1977 2386 tua
1992 2355 2061 2385 cod.
2082 2355 2138 2385 Gu.
2154 2369 2198 2378 —·

1267 2405 1310 2439 18)
1341 2404 1426 2441 Virg.
1453 2404 1528 2433 Aen.
1550 2404 1590 2432 Χ.
1619 2404 1686 2436 154.
1708 2404 1741 2432 A.
1770 2403 1808 2433 M.
1830 2401 1919 2431 Facu·
1934 2399 2004 2428 eod.
2027 2398 2083 2426 Gu.
2102 2397 2198 2427 Verba
