2263 2668
501 157 565 190 DE
592 154 984 190 SIGNtFICATtONE
1012 155 1297 190 VERBORUM.
1357 157 1503 190 LIBER
1529 156 1619 190 XIV.
1961 160 2038 195 593

79 251 170 281 fidem
192 251 290 280 datam
313 250 401 279 semel
425 255 513 288 atque
536 251 643 278 iterum
668 250 850 284 fefellerant,
881 247 933 275 ubi
955 248 1082 286 primum
1106 249 1137 277 in
1160 255 1336 288 potestatem
1362 250 1563 289 ditionemque
1587 254 1669 279 erant
1692 249 1845 287 redactae,
1869 251 1899 280 in
1922 255 2039 292 praese-

81 300 184 324 cturae
207 294 363 322 formulam
386 293 597 322 referebantur.
645 293 726 321 Unde
748 293 857 330 liquet,
883 291 1135 328 praefecturarum
1160 293 1362 321 conditionem
1386 294 1516 322 omnium
1540 294 1631 322 fuisse
1655 293 1842 322 durissimam
1865 299 1893 323 et
1916 306 1931 323 a
1957 298 2039 325 colo-

80 338 199 366 niarum
223 342 250 365 et
274 336 501 375 municipiorum
526 337 643 364 fortuna
668 337 827 364 diversam.
859 334 1030 372 Aliquando
1054 339 1151 363 tamen
1174 336 1251 363 idem
1277 337 1420 374 oppidum
1445 341 1474 365 et
1496 337 1685 374 praefectura
1706 341 1735 364 et
1754 337 1948 375 municipium
1969 340 2037 376 fuit,

81 385 117 409 ut
131 380 245 416 Fundi,
269 379 418 415 Formiae,
444 379 566 415 Cumae,
590 379 732 413 Acerrae,
759 377 888 414 Anagnia
913 382 968 404 etc.
1000 377 1084 411 Quae
1107 379 1312 415 praefecturae
1338 385 1435 413 erant,
1461 383 1608 417 quatenus
1632 379 1660 406 in
1686 389 1733 406 eas
1757 380 1925 417 praefectus
1947 381 2038 410 iuris-

83 423 224 451 dictionis
247 432 335 450 causa
359 423 547 458 mittebatur,
570 432 623 449 nec
644 421 674 449 in
699 421 733 449 iis
756 420 943 458 magistratus
967 418 1005 446 ad
1027 419 1073 446 ius
1097 421 1256 449 dicendum
1280 422 1472 450 creabantur:
1504 421 1665 459 municipia
1690 431 1778 458 vero,
1804 428 1949 460 quatenus
1971 424 2038 454 iure

84 466 213 494 civitatis
237 465 284 493 vel
307 475 372 493 cum
397 464 538 501 suffragio
562 464 608 491 vel
633 464 696 491 sine
719 463 857 500 suffragio
881 462 1048 490 utebantur.
1080 462 1168 492 Duc.
1210 463 1244 491 In
1269 475 1341 503 quas
1364 463 1497 492 solebant
1516 465 1565 492 ire.
1608 466 1644 491 At
1668 464 1804 492 Cuiacius
1828 465 1960 495 lib.XlI.
1983 467 2038 495 ob-

84 513 191 537 servat.
216 518 279 546 cap.
293 508 359 538 24.:
392 506 427 535 In
450 517 524 546 quas
546 505 678 534 solebam
702 507 742 534 ire
761 504 906 546 praefecti
927 512 1052 545 quatuor
1074 516 1114 533 ex
1141 509 1185 536 16.
1211 507 1295 541 viris,
1325 508 1376 545 qui
1396 505 1500 545 populi
1521 506 1667 547 sqffi-agio
1690 507 1782 536 creati
1804 515 1896 536 erant.
1921 508 2036 538 Idem,

87 549 236 580 Calatiam
264 548 420 578 Calatiam.
442 565 484 570 --
505 548 626 587 Allifas
648 547 779 577 Allicas.
808 547 913 578 Goth..
959 547 1030 575 Vide
1055 548 1219 577 Casaubon.
1244 551 1280 576 ad
1305 551 1385 578 Suet.
1410 552 1482 586 Aug.
1507 552 1597 580 αδδ.

252 595 391 622 Parret.
417 591 474 630 (Ad
498 603 526 630 p.
540 592 623 629 204.)
649 591 721 618 Vide
747 593 838 619 Paret.

253 637 411 664 Portum.
435 634 494 673 (Ad
517 644 545 672 p,
560 635 642 670 204.)
667 634 742 661 Male
767 632 876 661 alicubi
898 631 971 660 llaec
994 632 1041 660 lex
1065 633 1174 670 scripta
1199 638 1256 661 est:
1292 632 1350 671 Qui
1373 635 1566 663 testimonium
1591 632 1745 675 defugerit.
1789 634 1831 662 De
1853 644 1927 663 voce
1951 634 2039 664 obva-

83 675 219 718 gulatum
241 677 310 705 vide
333 676 523 716 invogulatio.
569 677 610 704 lbi
635 677 720 704 etiam
744 675 821 704 lianc
844 676 936 713 legem
959 675 1097 713 reperies.
1147 675 1230 704 Dae.

252 721 490 749 patrocinia.
536 719 576 747 l)e
606 719 651 746 liis
677 720 795 757 Dionys.
820 719 866 746 lib.
881 718 914 746 ll.
939 718 986 756 (c.
999 719 1028 748 9.
1050 727 1115 755 pag.
1128 718 1209 756 84).
1250 718 1323 746 Vide
1348 720 1456 748 Pan-es.
1483 718 1573 748 Ani.
1597 718 1694 757 Aug.
1737 719 1763 746 A
1782 725 1909 757 patrono
1936 720 2038 758 potius

86 772 142 801 per
164 773 316 802 syncopen
337 763 545 801 patrocinium.
589 761 643 790 Da
654 773 678 790 c.

253 807 443 834 Posticam
467 803 615 834 lineam.
663 805 745 840 Quae
768 804 804 832 ab
829 803 943 832 oriente
966 803 1001 831 ad
1026 802 1227 839 occidentem,
1254 808 1287 831 ut
1309 803 1426 839 antica,
1453 813 1527 840 quae
1551 813 1566 830 a
1590 802 1713 830 meridie
1736 802 1774 831 ad
1796 804 2038 842 septentrionem.

89 847 187 876 Gloss.
210 848 310 876 antica
335 846 411 876 linea
436 846 609 886 ὅιάμςτρος,
634 857 739 885 nempe
764 857 837 884 quae
862 847 1002 885 posticam
1026 846 1131 874 lineam
1156 846 1282 874 mediam
1306 850 1395 875 secat.
1433 846 1515 880 Quae
1539 850 1706 882 sequuntur
1728 845 1862 874 divinare
1884 857 1944 875 non
1968 857 2039 885 pos-

87 900 171 926 sum,
199 890 340 919 videntur
363 895 476 918 tantum
500 900 561 918 esse
584 891 674 918 verba
698 890 791 917 Servii
816 890 950 928 Sulpicii.
994 889 1027 917 In
1051 888 1106 916 fine
1121 887 1309 929 frumentum
1334 887 1434 916 danto.
1480 887 1567 916 Dac.

256 934 428 962 Pontina.
474 933 566 961 Infra:
604 934 730 962 Pontina
753 931 845 960 tribus
868 943 885 960 α
909 933 1014 962 Pontia
1036 930 1106 959 urbe
1129 929 1208 959 dicta
1231 938 1287 965 est,
1317 941 1334 957 a
1358 941 1416 969 qua
1440 937 1465 958 et
1491 930 1616 960 Poniina
1635 928 1730 968 palus.
1754 929 1856 960 Scal.
1902 931 2039 969 Sigonius

87 975 244 1012 legendum
268 976 407 1014 putabat:
441 977 596 1014 Pomptina
619 975 711 1003 tribus
733 986 751 1003 a
776 976 905 1004 Pometia
927 974 1010 1011 urbe,
1041 985 1059 1002 α
1082 984 1141 1014 qua
1164 980 1190 1001 et
1215 974 1370 1012 Pomptina
1393 972 1493 1001 tribus.
1531 972 1588 1000 Sed
1612 972 1731 1004 frustra.
1769 973 1895 1002 Pontina
1923 974 2000 1003 enim
2024 986 2040 1003 a

87 1017 195 1045 Pontia
218 1018 291 1046 urbe
316 1018 490 1046 Volscorum
515 1029 608 1057 prope
631 1018 813 1046 Terracinas.
859 1017 913 1046 Da
923 1029 946 1047 c.

256 1070 422 1108 Papiria.
467 1070 660 1108 interpretem
685 1069 841 1098 desiderat.
865 1069 953 1099 Ant.
968 1069 1062 1109 Aug.
1101 1069 1234 1108 Papiriae
1258 1069 1352 1098 tribus
1376 1068 1508 1097 meminit
1530 1069 1593 1097 Liv.
1618 1073 1646 1097 et
1669 1068 1790 1107 Dionys.
1823 1068 1868 1097 Ab
1892 1078 1963 1107 agro
1985 1068 2040 1097 Pa-

89 1111 169 1150 pirio
193 1112 273 1140 circa
297 1112 459 1140 Tusculum
483 1114 525 1140 sic
549 1113 638 1141 dieta.
673 1113 713 1141 De
739 1113 862 1151 Papinio
885 1112 953 1140 vide
976 1123 1028 1141 suo
1052 1113 1126 1142 loco.
1155 1112 1242 1140 Dae.
1290 1113 1349 1140 Cfr.
1374 1112 1436 1139 Val.
1460 1111 1538 1140 Max.
1556 1112 1613 1148 IX,
1640 1114 1695 1147 10,
1722 1115 1749 1142 1.

257 1164 426 1203 Pupinia.
472 1164 555 1200 Quae
578 1164 654 1192 infra
677 1164 800 1200 desunt,
838 1163 972 1192 divinare
996 1173 1056 1191 non
1080 1173 1208 1201 possum.
1255 1163 1324 1200 Agri
1349 1162 1468 1201 Papinii
1492 1163 1553 1190 sive
1576 1162 1762 1200 Pupiniensis
1785 1161 1917 1190 meminit
1939 1161 2042 1190 Cicero

90 1210 195 1234 contra
216 1206 294 1235 Ruti.
318 1208 409 1243 (c.2,
434 1209 502 1243 95)
526 1211 554 1235 et
578 1207 640 1236 Liv.
662 1206 712 1234 lib.
727 1207 778 1234 IX.
802 1206 925 1242 (c.41.)
950 1211 977 1234 et
1000 1207 1050 1234 lib.
1063 1206 1171 1234 XXVI.
1196 1204 1311 1244 (092⁴).
1352 1206 1506 1245 Pupiniam
1529 1209 1617 1232 vocat
1642 1205 1734 1233 Varro
1757 1205 1807 1233 lib.
1820 1205 1840 1232 I.
1866 1205 1912 1243 (l,
1937 1204 1983 1243 9.)
2008 1205 2044 1232 de

91 1249 297 1285 Agricultura:
325 1247 360 1277 In
376 1250 498 1287 Pupinia
523 1260 611 1288 neque
634 1248 752 1277 arbores
772 1247 928 1287 prolixas,
953 1260 1042 1288 neque
1064 1250 1134 1276 vites
1147 1248 1278 1289 feraces,
1302 1260 1391 1287 neque
1412 1254 1571 1275 stramenta
1596 1258 1694 1275 crassa
1718 1245 1813 1275 videre
1832 1247 1949 1285 poteri-3.
1986 1249 2044 1275 Pu-

88 1292 190 1329 pinam
217 1292 278 1320 val.
300 1292 379 1320 Max.
404 1291 473 1330 (W,
497 1291 540 1330 4.)
565 1291 688 1329 eiusque
711 1292 808 1319 solum
830 1291 929 1318 sterile
953 1301 987 1319 ac
1011 1292 1262 1320 aestuosissimum
1287 1291 1366 1320 dicit,
1402 1290 1433 1318 ln
1458 1300 1491 1318 co
1515 1290 1598 1317 fuere
1622 1294 1706 1327 prata
1733 1290 1868 1325 Quintia,
1892 1294 1972 1317 trans
1994 1289 2044 1317 Ti-

92 1334 192 1362 berim.
233 1334 306 1363 Vide
331 1333 461 1371 Quintia.
487 1333 575 1363 Dac.
622 1335 709 1372 Apud
735 1334 896 1362 Varronem
919 1333 938 1361 l.
956 1345 980 1362 c.
1004 1334 1116 1372 pariter
1139 1339 1228 1372 atque
1251 1334 1329 1372 apud
1354 1333 1417 1361 Val.
1442 1333 1561 1360 Maxim.
1585 1342 1664 1360 nunc
1689 1332 1785 1360 editur
1807 1337 1886 1360 recte
1912 1332 2043 1371 Pupinia.

257 1382 439 1423 Popillia.
484 1384 513 1411 Si
538 1389 651 1413 extaret
675 1385 817 1413 Varronis
840 1384 916 1412 liber
939 1385 974 1417 de
998 1386 1151 1422 tribubus,
1190 1396 1249 1413 nnn
1274 1385 1511 1413 desideraremus
1536 1383 1613 1411 Festi
1638 1383 1917 1420 interpretationem.
1962 1382 2047 1410 Nunc

91 1427 163 1465 quid
185 1427 334 1466 reliquum
359 1426 424 1454 est‘?
456 1426 490 1455 A
511 1427 722 1466 progenitrice‚
753 1428 849 1466 inquit
875 1428 999 1463 Paulus,
1032 1429 1127 1457 traxit
1150 1426 1346 1465 vocabulum;
1379 1438 1415 1455 an
1439 1432 1498 1455 tota
1522 1426 1618 1454 tribus
1642 1426 1798 1464 progenita
1822 1431 1865 1453 est
1888 1425 1923 1453 ab
1947 1425 2045 1463 aliqua

92 1470 240 1509 Popillia'?
277 1471 340 1498 Hoc
362 1468 433 1497 mihi
458 1479 516 1497 non
541 1470 574 1498 fit
597 1470 768 1498 verisimile.
815 1470 967 1498 Libentius
992 1482 1006 1498 a
1032 1471 1139 1498 familia
1165 1471 1290 1498 dixerim
1313 1471 1490 1509 appellatam
1515 1469 1641 1503 tribum,
1673 1469 1718 1496 vel
1745 1468 1886 1496 familiam
1909 1469 2008 1506 potius
2032 1477 2048 1495 a

90 1514 180 1541 tribu.
220 1514 263 1541 Ex
287 1512 365 1541 Festi
389 1512 519 1547 vestigiis
543 1513 615 1549 quid
640 1513 845 1551 assequimur?
870 1513 1025 1551 Popilliam
1049 1524 1136 1541 unam
1161 1514 1250 1541 fuisse
1275 1524 1311 1541 ex
1331 1514 1381 1544 35.
1407 1512 1465 1551 (tot
1488 1512 1563 1540 enim
1588 1510 1681 1550 fuere)
1706 1511 1834 1539 foederis
1858 1510 1972 1549 publici
1995 1520 2050 1538 no-

91 1556 188 1592 mine,
225 1556 272 1584 vcl
301 1555 373 1594 quid
403 1555 506 1583 simile.
552 1555 593 1582 De
618 1556 733 1583 Pinaria
763 1566 864 1583 sorore
897 1566 951 1583 cur
980 1555 1122 1591 addatur,
1158 1556 1272 1592 ignoro.
1318 1555 1384 1582 Fuit
1414 1555 1533 1593 quidem
1557 1554 1671 1583 Pinaria
1702 1554 1810 1581 familia
1835 1553 2050 1591 antiquissima,

92 1609 167 1637 quae
191 1599 226 1626 ab
253 1601 317 1637 ipso
342 1597 470 1625 Hercule
502 1597 612 1625 dicitur
642 1597 840 1626 sacerdotium
872 1598 1036 1636 accepisse,
1074 1602 1106 1625 ut
1130 1597 1233 1625 Cicero
1258 1608 1312 1635 pro
1339 1598 1447 1634 Domo,
1486 1597 1606 1635 Dionys.
1632 1596 1681 1624 lib.
1697 1596 1727 1625 V.
1751 1596 1918 1635 (pag-32.)
1944 1595 2050 1633 Vergil.

90 1642 142 1670 lib.
157 1641 230 1671 tht.
249 1644 288 1677 (v.
301 1642 384 1676 270.)
405 1640 466 1668 Liv.
483 1639 535 1668 lib.
550 1640 570 1667 Ι.
585 1639 622 1678 (e.
636 1640 678 1678 7.)
699 1645 725 1668 et
750 1641 798 1668 alii
821 1640 962 1669 referunt.
994 1640 1053 1668 Sed
1074 1640 1209 1668 Pinariae
1234 1640 1329 1668 tribus
1353 1650 1461 1668 nomen
1485 1650 1631 1678 nusquam
1656 1640 1770 1676 reperi,
1794 1649 1891 1676 neque
1911 1638 1981 1676 quid
1999 1638 2050 1666 ha-

91 1685 160 1712 beat
191 1693 257 1711 cum
283 1682 408 1720 Popillia
438 1692 606 1711 commune.
651 1683 770 1721 Popillii
801 1688 997 1721 cognomento
1027 1683 1167 1711 Laenates
1198 1683 1269 1710 satis
1299 1682 1412 1710 nobiles
1442 1683 1564 1711 luerunt
1588 1682 1764 1709 Consulares
1796 1686 1824 1709 et
1855 1679 2052 1719 triumphales

92 1726 165 1762 viri,
188 1726 258 1754 licet
280 1724 400 1764 plebeii.
432 1725 542 1752 Pinarii
566 1725 685 1763 patricii
709 1727 873 1760 maiorum,
898 1730 930 1753 ut
953 1725 1135 1754 credendum
1158 1730 1218 1761 est,
1242 1725 1382 1762 gentium.
1413 1725 1486 1753 Vide
1512 1724 1659 1753 Potitium.
1683 1723 1773 1752 Ant.
1797 1724 1888 1762 Aug.
1929 1721 2053 1762 Popillia

93 1768 186 1797 tribus
209 1779 267 1796 una
292 1768 412 1806 triginta
436 1768 563 1807 quinque
586 1767 728 1802 tribuum,
752 1775 794 1796 101
817 1770 890 1796 enim
904 1767 1041 1808 fuerunt.
1090 1767 1181 1796 Dicta
1204 1779 1222 1795 a
1249 1766 1392 1806 Popilliae
1405 1766 1498 1806 felici
1522 1767 1650 1801 nomine,
1674 1777 1692 1794 a
1716 1777 1773 1804 quo
1795 1773 1821 1793 et
1844 1764 1937 1794 tribus
1961 1766 2054 1794 Pina-

93 1811 140 1839 ria
163 1821 182 1838 α
203 1810 311 1839 sororis
334 1810 393 1838 eius
416 1810 538 1838 nomine.
575 1810 639 1839 Non
663 1810 786 1838 dubium
811 1815 869 1845 est,
891 1811 931 1838 ita
955 1810 1118 1848 scripsisse.
1155 1810 1228 1838 Nam
1253 1810 1325 1848 quid
1348 1810 1550 1845 manifestius,
1576 1818 1663 1846 quam
1688 1820 1703 1836 a
1728 1808 1851 1846 Popillia
1874 1807 1980 1836 femina
2005 1807 2053 1835 di-

94 1858 171 1881 ctam
196 1853 323 1889 tribum,
358 1851 443 1880 cuius
468 1862 573 1881 nomen
599 1853 868 1892 auspicatissimum
892 1853 1060 1882 habebatur
1082 1863 1117 1880 ac
1138 1852 1233 1882 bonae
1257 1863 1396 1889 scaevae,
1430 1857 1464 1880 ut
1487 1856 1559 1879 tunc
1583 1850 1792 1888 loquebantur.
1819 1849 1920 1879 Scal.
1966 1851 2014 1878 Ait
2038 1861 2053 1877 a

95 1896 221 1934 Popillia
245 1895 352 1923 femina
376 1894 484 1922 dictam
508 1895 634 1933 tribum,
670 1896 755 1924 cuius
780 1906 885 1924 nomen
911 1895 1180 1934 auspicatissimum
1205 1895 1370 1924 habebatur
1395 1906 1428 1923 ac
1450 1895 1543 1923 bonae
1565 1903 1703 1928 scaevae,
1741 1898 1773 1921 ut
1798 1898 1867 1920 tunc
1890 1892 2053 1930 loqueban-

94 1943 153 1966 tur.
200 1937 308 1966 Verum
332 1937 470 1974 Sigonius
500 1938 618 1967 ‹lubitat
640 1949 654 1966 a
679 1939 799 1975 Iocone,
835 1949 872 1967 an
892 1950 906 1967 a
930 1939 995 1966 viro
1020 1938 1154 1974 dicatur⁷
1190 1944 1223 1966 ut
1246 1943 1274 1966 et
1298 1937 1490 1976 Onuplirius‚
1528 1937 1578 1975 qui
1603 1936 1718 1964 mavult
1741 1946 1756 1963 a
1781 1935 1879 1963 nescio
1904 1945 1962 1971 quo
1986 1935 2053 1963 loco

96 1980 222 2016 dictam,
246 1983 295 2018 qui
319 1981 348 2008 in
374 1980 487 2008 Volscis
510 1991 603 2019 prope
628 1982 781 2009 Pontinam
806 1981 905 2010 suerit.
937 1981 994 2009 Sed
1019 1981 1086 2008 vide
1110 1986 1176 2019 post
1199 1982 1299 2019 Pugio.
1327 1980 1413 2009 Duc.
1450 1979 1533 2007 Adde
1556 1979 1632 2007 insi-a
1659 1978 1807 2008 Potitium.
1833 1975 1939 2006 Goth.
1979 1978 2054 2014 Lege

96 2024 176 2062 apud
201 2023 335 2051 Festum:
377 2021 547 2061 Popillia
578 2023 670 2051 tribus
699 2035 757 2052 una
787 2025 914 2064 quinque
936 2031 961 2052 el
984 2023 1106 2062 triginta
1130 2022 1273 2059 tribuum,
1313 2030 1354 2051 iot
1377 2023 1450 2051 enim
1466 2021 1609 2063 fuerunt,
1647 2032 1664 2049 α
1690 2018 1834 2058 popilliae
1854 2021 1949 2058 gentis
1961 2019 2056 2061 felici

96 2067 212 2094 nomine
234 2064 402 2104 appellata,
429 2070 483 2095 cet.
528 2067 617 2104 Apud
642 2067 778 2095 Paullum
803 2077 874 2094 vero
898 2067 977 2104 legas
1000 2066 1056 2094 ita:
1095 2064 1268 2104 Popillia
1301 2064 1421 2094 tribus
1445 2077 1462 2093 α
1489 2063 1616 2103 Popillia
1641 2069 1724 2102 gente
1746 2062 1843 2090 traxit
1866 2061 2052 2090 vocabulum.

96 2109 213 2137 Accidit
238 2109 311 2136 enim
336 2107 416 2145 quod
439 2107 468 2135 in
492 2107 538 2136 liis
559 2110 637 2137 Festi
662 2109 880 2137 commentariis
903 2119 990 2147 saepe
1020 2108 1163 2136 accidisse
1190 2109 1290 2136 Paullo
1320 2108 1510 2146 epitomatori
1540 2107 1692 2140 videmus,
1730 2109 1764 2132 ut
1787 2104 1849 2142 ipse
1873 2105 2052 2143 exemplum,

97 2162 134 2180 ex
159 2162 217 2189 quo
241 2161 294 2179 sua
317 2150 571 2188 conscribillaret,
597 2141 720 2190 propter
744 2152 919 2190 compendia
943 2151 1110 2189 scripturae
1134 2161 1194 2178 non
1218 2151 1404 2188 intelligeret.
1438 2151 1630 2188 Quapropter
1653 2156 1745 2186 quum
1769 2147 1848 2185 apud
1870 2147 1987 2175 Festum
2011 2147 2052 2174 sic

97 2203 240 2241 scriptum
265 2207 353 2230 esset:
392 2200 520 2239 Popillia
543 2203 635 2231 {ribus
658 2213 717 2231 una
741 2204 861 2242 triginta
885 2203 1011 2241 quinque
1035 2201 1176 2238 tribuum,
1212 2209 1252 2230 tot
1276 2203 1349 2230 enim
1371 2200 1509 2241 fuerunt,
1541 2211 1559 2228 a
1585 2202 1667 2237 Pop.
1688 2210 1738 2237 ge.
1753 2196 1886 2238 felici
1908 2197 2052 2224 nomine

97 2251 169 2282 cet.;
200 2245 271 2273 l'ecit
295 2245 357 2273 ille:
387 2253 405 2270 a
426 2246 621 2281 progenitrice
642 2246 739 2274 traxit
760 2244 946 2274 vocabulum.
992 2244 1052 2272 Nisi
1076 2245 1152 2273 sorte
1176 2249 1301 2281 statuas,
1330 2244 1470 2272 librarios
1493 2242 1588 2270 Paulli
1610 2243 1729 2271 demum
1754 2251 1790 2268 ex
1814 2250 1872 2268 non
1896 2238 2051 2267 intellectis

97 2297 298 2336 compendiis:
335 2307 353 2323 a
380 2297 447 2334 Pop.
470 2307 514 2334 ge.
538 2297 641 2324 secisse
663 2307 680 2324 α
702 2296 903 2334 progenitrice.
948 2295 1051 2323 Cetera
1081 2304 1153 2323 vero
1184 2305 1258 2331 quae
1288 2295 1366 2333 apud
1391 2294 1508 2322 Festum
1538 2302 1642 2320 manca
1673 2298 1702 2320 et
1726 2292 1855 2320 lacerata
1878 2292 2050 2334 seq-uantur,

97 2351 219 2377 vereor,
251 2344 280 2367 ut
306 2343 383 2367 recte
405 2338 523 2377 expleta
546 2340 613 2368 sint.
660 2339 734 2374 Quis
758 2338 834 2366 enim
860 2348 990 2376 unquam
1015 2337 1050 2365 de
1073 2336 1150 2366 tribu
1176 2338 1295 2366 Pinaria
1316 2336 1453 2365 audivit'?
1489 2335 1532 2363 Ne
1556 2335 1687 2363 Pinariae
1712 2334 1829 2372 quidem
1852 2335 1946 2365 ⁴uentis
1968 2339 2050 2376 men-

96 2383 209 2413 tionem
231 2381 261 2412 h.
282 2382 299 2412 l.
326 2382 431 2409 saetam
455 2391 518 2410 esse
542 2387 632 2420 puto3
669 2382 721 2409 sed
746 2381 869 2409 sortasse
893 2381 1058 2409 subiecerat
1083 2379 1184 2409 Festus
1207 2380 1288 2409 aliud
1311 2379 1480 2418 exemplum
1502 2378 1592 2406 fausti
1615 2377 1742 2406 nominis
1765 2373 1933 2408 cuiusdam,
1964 2381 2050 2400 culus

97 2426 238 2464 reliquiae
261 2429 373 2453 tantum
398 2429 569 2462 comparent
593 2425 621 2452 in
647 2424 769 2452 litteris:
794 2424 915 2462 pinaria
937 2434 955 2452 a
978 2422 1081 2452 sorori.

147 2476 316 2505 GRAMMAT.
334 2485 400 2503 aar.
422 2474 457 2503 lt.
1528 2472 1558 2505 F
1573 2471 1645 2504 ffs
