2263 2668
366 144 437 178 163
980 137 1121 170 SEXTI
1153 137 1352 171 POMPEII
1385 137 1524 171 FESTI

364 240 500 274 Plautus
533 236 601 269 hoc
627 233 816 279 significare
837 231 987 273 videtur,
1014 231 1135 275 quibus
1162 232 1311 275 quotidie
1328 243 1452 276 parvae
1479 241 1586 264 noxae
1609 234 1849 276 extergeantur.
1873 231 2028 277 frequens
2055 234 2142 268 enim

366 288 503 332 antiquis
531 287 573 320 ad
602 297 715 318 manus
742 283 922 329 tergendas
949 295 1026 317 usus
1051 283 1114 316 fuit
1139 284 1372 318 mantelorum.
1424 282 1604 316 Moeson
1630 293 1775 326 persona
1797 283 1926 318 comica
1940 286 2144 331 appellatur,

366 346 422 374 aut
448 339 540 377 coci,
568 342 623 370 aut
649 341 785 377 nautae,
812 341 868 368 aut
893 335 960 369 eius
986 335 1125 380 generis.
1155 335 1220 370 dici
1248 337 1291 368 ab
1324 336 1495 368 inventore
1523 335 1590 367 eius
1617 334 1782 368 Moesone
1809 337 1975 370 comoedo
2004 338 2072 383 (ut)
2101 337 2145 371 ait

365 390 604 434 Aristophanes
632 388 885 421 Grammaticus,

540 441 767 473 Maeniana
812 439 985 484 appellata
1024 443 1097 471 sunt
1143 450 1163 470 a
1203 437 1341 470 Maenio
1379 447 1540 478 censore,
1598 438 1655 481 qui
1696 438 1821 482 primus
1853 438 1886 470 in
1925 438 2018 472 Foro
2060 440 2146 473 ultra

367 495 539 528 columnas
555 493 647 537 tigna
675 492 827 536 proiecit,
855 502 922 534 quo
941 491 1176 534 ampliarentur
1190 489 1362 533 superiora
1388 489 1591 533 spectacula.
1645 489 1785 522 Maior
1814 490 1957 523 Graecia
1984 490 2073 524 dicta
2099 496 2148 524 est

367 546 473 584 ltalia,
501 545 592 587 quod
618 555 690 576 eam
715 544 819 576 Siculi
840 542 1012 585 quondam
1040 542 1269 575 obtinuerunt:
1297 540 1351 573 vel
1378 541 1472 583 quod
1494 541 1619 574 multae
1642 552 1851 585 magnaeque
1878 542 2024 575 civitates
2049 542 2083 575 in
2109 555 2147 576 ea

367 598 501 630 fuerunt
528 607 567 628 ex
595 596 739 628 Graecia
765 596 950 639 profectae.
1004 594 1142 626 Maius
1172 592 1290 625 mensis
1317 592 1350 624 in
1367 593 1595 637 compluribus
1622 592 1806 626 civitatibus
1832 593 1956 626 Latinis
1984 597 2058 627 ante
2078 593 2148 627 Ur-

367 650 446 681 bem
482 647 650 680 conditam
678 648 777 679 fuisse
804 646 944 679 videtur.
983 657 1049 689 qua
1077 656 1116 678 ex
1150 656 1249 678 causa
1275 648 1386 677 utrum
1423 656 1442 676 a
1471 644 1665 685 maioribus,
1711 649 1746 676 ut
1780 645 1889 678 lunius
1917 658 1935 677 a
1967 645 2149 678 iunioribus

369 701 476 733 dictus
497 699 556 740 sit,
583 710 625 731 an
646 711 665 731 a
691 698 802 738 Maia,
834 698 926 741 quod
954 697 1126 731 Mercurio
1153 697 1223 728 filio
1252 696 1321 728 eius
1347 708 1399 729 res
1427 696 1558 729 divinae
1584 696 1664 728 fiant
1690 697 1870 740 solemnes,
1899 708 1940 730 an
1967 697 2059 740 quod
2086 696 2151 741 ipsi

197 756 204 763 ⁶
222 754 231 777 Γ
256 754 283 777 Α·
304 752 361 785 ³9⁵⁰
372 753 457 784 deae
484 752 517 783 in
543 750 654 783 multis
681 750 805 782 Latinis
833 749 1016 783 civitatibus
1040 748 1200 781 sacrificia
1227 747 1352 780 fiebant
1400 773 1407 780 .
1451 773 1458 779 .
1500 773 1507 780 .
1524 749 1541 768 *
1577 746 1832 790 Monstrum,
1860 753 1896 781 ut
1920 748 2035 781 Aelius
2062 748 2149 782 Stilo

233 796 327 812 mense.
371 805 622 847 interpretatur,
651 814 670 834 a
698 802 867 834 monendo
895 801 1020 834 dictum
1049 805 1114 841 est,
1142 800 1231 832 velut
1258 803 1469 833 monestrum.
1522 800 1606 832 Item
1623 799 1755 832 Sinnius
1776 799 1917 844 Capito,
1944 800 2037 843 quod
2053 811 2150 833 mon-

198 858 232 882 ·f.
260 856 451 896 praedi—stret
478 855 644 892 futurum,
670 858 701 885 et
728 858 862 886 moneat
888 853 1094 885 voluntatem
1122 852 1271 883 deorum.
1307 851 1399 894 quod
1428 849 1526 885 etiam
1554 851 1771 895 prodigium,
1797 852 1888 884 velut
1917 851 2151 895 praedictum*

244 900 318 921 ⁰¹⁰¹n'
372 912 405 940 et
431 907 523 949 quasi
550 905 779 950 praedictum,
808 905 901 948 quod
928 904 1103 949 praedicat
1129 903 1267 943 eadem,
1295 908 1328 935 et
1354 908 1563 947 portentum,
1590 903 1683 946 quod
1706 903 1886 947 portendat
1920 908 1953 935 et
1978 903 2150 948 significet.

371 958 449 991 inde
477 957 542 991 dici
565 962 706 1002 apparet
732 957 766 988 id
793 963 965 1000 quartum,
993 956 1084 999 quod
1101 955 1182 987 mihi
1208 955 1312 986 visum
1339 959 1388 987 est
1411 954 1641 997 adiciendum,
1669 956 1862 998 praesertim
1881 965 1956 988 cum
1980 966 2019 987 ex
2034 954 2153 988 eadem

374 1009 617 1055 significatione
644 1008 810 1053 pendeat,
839 1013 871 1041 et
896 1009 929 1040 in
951 1012 1113 1052 promptu
1130 1006 1169 1038 sit
1196 1006 1365 1046 omnibus,
1393 1006 1428 1039 id
1456 1011 1520 1049 est,
1547 1011 1729 1046 ostentum3
1756 1006 1850 1050 quod
1876 1007 1957 1040 item
1984 1007 2026 1040 ab
2042 1011 2153 1039 osten-

374 1061 490 1094 dendo
519 1061 646 1094 dictum
676 1065 732 1094 est.
786 1059 889 1104 Apud
912 1057 1086 1094 auctores1
1115 1058 1171 1101 qui
1193 1062 1327 1090 monent
1354 1057 1530 1092 histriones
1556 1058 1589 1091 in
1615 1069 1734 1092 scaena
1761 1058 1820 1092 sed
1842 1058 1942 1091 etiam
1968 1058 2025 1091 ubi
2049 1057 2155 1091 adici-

375 1118 475 1146 untur
493 1112 731 1147 commentarii.
767 1111 935 1144 Monile
963 1111 1089 1144 dictum
1113 1115 1161 1142 est
1182 1115 1315 1142 ornatus
1339 1110 1495 1152 mulieris,
1522 1110 1657 1154 qualem
1678 1109 1832 1145 habuisse
1847 1110 1905 1143 Eri
1919 1105 1940 1158 Η
1956 1107 2154 1156 phy-[169]

377 1165 445 1198 lam
481 1165 617 1198 fabulae
645 1164 764 1197 ferunt.
803 1175 842 1196 ex
870 1174 910 1196 eo
943 1163 1042 1195 etiam
1069 1162 1160 1205 equis
1192 1162 1424 1206 praependens
1451 1173 1470 1194 a
1491 1162 1583 1195 collo
1610 1166 1857 1201 ornamentum,
1884 1161 2009 1194 monile
2033 1161 2157 1206 appel-

202 1217 456 1279 diffluxi-lant.
510 1216 753 1249 Molucrum
781 1226 847 1248 non
875 1215 981 1247 solum
1010 1226 1078 1257 quo
1107 1213 1217 1246 molae
1244 1215 1420 1246 teruntur*
1455 1213 1593 1255 dicitur,
1628 1214 1663 1246 id
1691 1213 1786 1257 quod
1812 1213 1925 1258 graeci
1951 1209 2156 1260 μύλικρον2

278 1263 306 1279 UT

204 1268 569 1316 ,ammuwappellanss
609 1267 667 1300 sed
697 1268 795 1300 etiam
822 1272 934 1302 tumor
961 1266 1096 1307 ventris,
1139 1265 1196 1309 qui
1224 1265 1322 1298 etiam
1357 1264 1537 1310 virginibus
1570 1265 1717 1299 incidere
1748 1266 1848 1304 solet;
1891 1265 1982 1299 cuius
2012 1263 2158 1298 meminit

260 1329 310 1353 tur,
377 1320 532 1354 Afranius
558 1320 590 1351 in
618 1319 774 1364 Virgine:

480 1372 629 1404 Ferme
665 1370 838 1415 virgini,
872 1375 1075 1412 tanquam
1110 1369 1327 1414 gravidae
1363 1369 1529 1401 mulieri
1556 1373 1720 1409 uterus,
1757 1369 1997 1402 molucrum
2024 1378 2158 1401 voca-

588 1428 672 1464 tur,
700 1422 861 1455 transit
887 1422 975 1454 sine
1007 1421 1244 1454 doloribus.

207 1478 369 1518 ·s.A3ctAe-
382 1474 531 1508 Cloatius
558 1475 684 1506 etiam*
711 1474 743 1506 in
776 1474 867 1507 libris
901 1484 1089 1512 sacrorum,
1133 1472 1320 1505 molucrum
1355 1483 1424 1504 esse
1451 1471 1541 1503 aiunt
1572 1471 1722 1516 ligneum
1749 1471 1922 1514 quoddam
1949 1470 2160 1514 quadratum,

264 1513 319 1537 ¹¹⁰⁵·
381 1527 438 1559 ubi
466 1527 665 1560 immolatur.
718 1525 812 1558 Idem
840 1525 953 1558 Aelius
974 1525 1005 1556 in
1034 1524 1266 1567 explanatione
1287 1523 1469 1556 carminum
1486 1523 1661 1556 Saliarium
1690 1523 1810 1556 eodem
1832 1524 1967 1556 nomine
1995 1521 2162 1567 appellari

383 1578 443 1617 ait,
472 1577 564 1621 quod
597 1578 657 1610 sub
686 1578 775 1610 mola
808 1582 1024 1620 supponatur.
1079 1575 1232 1608 Aurelius
1267 1574 1400 1618 Opilius
1436 1574 1585 1619 appellat
1611 1576 1667 1607 ubi
1703 1575 1857 1608 molatur.
1917 1574 2035 1606 Mola
2063 1573 2162 1606 etiam

382 1634 518 1663 vocatur
545 1629 596 1660 far
622 1633 766 1670 tostum,
805 1633 838 1661 et
865 1629 934 1660 sale
961 1635 1136 1672 sparsum,
1167 1626 1258 1670 quod
1288 1637 1328 1658 eo
1357 1626 1490 1667 molito,
1526 1625 1655 1658 hostiae
1684 1631 1912 1671 aspergantur.
1939 1626 2046 1658 molas,
2074 1625 2162 1657 avias

380 1682 492 1726 inepte
520 1680 656 1725 quidam
685 1681 789 1714 dictas
816 1685 941 1724 putant.
997 1678 1180 1711 Mundus
1214 1678 1311 1710 etiam
1346 1678 1489 1711 mulieris
1545 1704 1550 1709 .
1607 1702 1613 1708 .
1669 1704 1675 1710 .
1730 1704 1736 1709 .
1793 1704 1799 1710 .
1852 1682 1971 1722 potest.
2025 1676 2163 1710 Accius:

483 1732 584 1766 Cum
611 1732 821 1778 virginali
857 1730 1014 1764 mundo
1042 1730 1150 1764 clam
1179 1734 1311 1774 patre.

382 1785 526 1817 Ennius:

487 1836 600 1868 ldem
630 1836 730 1868 loco
747 1833 763 1856 ³
791 1835 971 1868 navibus
999 1833 1127 1866 celsis
1156 1832 1309 1865 munda
1336 1831 1465 1871 facie,
1493 1836 1622 1874 atque
1650 1832 1775 1864 etiam
1805 1843 1903 1865 aere
1930 1830 2115 1865 Cereris.

240 1882 272 1905 'L
283 1881 350 1911 Quin
387 1887 454 1928 Qui
467 1889 478 1902 *
508 1887 649 1920 mundus
674 1887 883 1931 appellatur,
911 1885 968 1930 qui
995 1890 1045 1917 ter
1071 1885 1103 1917 in
1131 1895 1216 1916 anno
1244 1884 1329 1916 solet
1356 1888 1480 1928 patere.
1509 1883 1567 1916 111.
1584 1883 1660 1916 Kal.
1678 1884 1772 1928 Sept.
1789 1888 1820 1916 et
1835 1883 1911 1916 1111.
1929 1884 2015 1916 Non.
2026 1882 2166 1916 Octobr.

219 1940 253 1964 ’ἱ
271 1940 295 1963 ld
309 1949 380 1965 omne
390 1944 421 1970 et
447 1938 504 1972 Ill.
531 1939 576 1971 id.
600 1939 766 1971 Novemb.
801 1939 869 1980 Qui
896 1939 967 1982 (vel
995 1937 1110 1969 omni*
1145 1936 1250 1969 dictus
1279 1940 1343 1977 est,
1371 1935 1463 1978 quod
1490 1939 1577 1967 terra
1605 1941 1767 1969 movetur.
1822 1934 1997 1981 Mamph
2009 1934 2078 1967 ula
2105 1945 2168 1977 ap-

390 1990 531 2032 pellatur
558 1991 651 2034 panis
679 1990 806 2034 Syriaci
834 2002 957 2035 genus,
998 1988 1110 2032 quod,
1153 1992 1190 2020 ut
1216 1988 1259 2020 ait
1286 1987 1439 2027 Verrius,
1474 1986 1506 2018 in
1534 1987 1667 2020 clibano
1695 1992 1769 2020 ante
1796 1998 1895 2030 quam
1931 1990 2168 2031 percoquatur,

391 2039 514 2072 decidit
540 2042 572 2072 in
599 2043 759 2074 carbones
771 2066 780 2083 ,
810 2044 1025 2084 cineremque
1052 2040 1144 2074 cuius
1171 2039 1320 2072 meminit
1346 2038 1508 2072 Lucilius:

494 2091 722 2126 Pistricem
745 2094 915 2126 valida*
943 2093 975 2126 si
1003 2091 1155 2125 nummi
1182 2089 1548 2135 suppeditabunt.

496 2141 639 2175 Addas
667 2145 935 2187 empleuron,
962 2143 1233 2188 mamphulas
1261 2153 1368 2186 quae
1403 2141 1509 2174 sciat
1537 2142 1682 2173 omnis.

394 2191 536 2225 Munic
548 2203 596 2236 ep
607 2206 620 2223 s
647 2199 713 2237 est,
731 2200 766 2227 ut
782 2197 827 2228 ait
842 2198 958 2230 Aelius
975 2196 1103 2237 Gallus,
1121 2195 1177 2238 qui
1191 2195 1222 2227 in
1238 2194 1420 2237 municipio
1434 2193 1520 2225 liber
1533 2197 1627 2225 natus
1649 2197 1706 2227 est.
1734 2193 1818 2226 Item
1834 2191 1891 2235 qui
1909 2202 1948 2224 ex
1965 2191 2032 2224 alio
2047 2200 2170 2237 genere

395 2242 568 2276 hominum
589 2255 703 2277 munus
718 2246 848 2281 functus
865 2254 922 2282 est.
957 2248 1044 2281 Item
1059 2247 1115 2291 qui
1130 2247 1162 2280 in
1185 2245 1365 2291 municipio
1385 2256 1425 2278 ex
1442 2244 1596 2278 servitute
1611 2256 1645 2277 se
1666 2244 1820 2277 liberavit
1835 2256 1854 2276 a
1874 2243 2052 2288 municipe.
2087 2242 2169 2274 Item

221 2096 228 2102 '
245 2094 258 2117 ι’.
276 2092 382 2117 validam

483 2378 509 2412 1)
534 2374 651 2403 Excidll
672 2374 729 2403 hoc
755 2376 821 2403 1⁰00
850 2379 979 2416 aliquid,
1016 2380 1097 2418 quod
1122 2391 1159 2410 ex
1179 2380 1263 2409 Pauli
1307 2386 1409 2408 tores
1437 2378 1584 2407 dicantur
1607 2389 1667 2406 non
1688 2379 1788 2406 solum
1809 2379 1863 2416 qui
1888 2380 2005 2404 monent
2018 2378 2072 2402 cet.
2094 2373 2169 2401 Tum

399 2418 527 2456 epitoma
547 2417 677 2456 suppleri
699 2421 795 2456 potest
818 2419 847 2445 in
868 2419 948 2448 hunc
972 2422 1109 2451 modum:
1140 2424 1258 2452 Moni-
1302 2422 1476 2460 legendum:
1498 2421 1569 2449 libri
1589 2420 1734 2449 dicuntur
1748 2419 1964 2448 commentarii.
1982 2432 2022 2438 -—
2035 2416 2065 2452 2)
2081 2415 2169 2454 Lege:
