2263 2668
229 159 305 194 696
656 145 1004 179 COMMENTARII
1029 145 1077 178 IN
1103 143 1248 178 PAULI
1272 143 1471 178 DIACONI
1496 145 1753 180 EXCERPTA

231 261 290 291 quo
313 259 344 279 gg
367 247 437 276 Salii
458 244 495 272 de
518 244 604 270 nocte
627 238 812 276 reciperent,
843 236 938 265 donec
959 237 1033 265 urbe
1057 238 1190 266 confecta
1213 238 1243 266 in
1267 238 1429 266 sacrarium
1452 237 1554 266 Martis
1577 238 1726 276 redirent,
1754 238 1857 278 ibique
1880 239 1985 268 ancilia
2009 242 2179 280 conderent,

231 304 306 333 quae
329 289 455 321 sacraria
479 283 598 323 proprie
622 281 785 309 mansiones
809 280 1003 316 dicebantur,
1043 290 1150 319 nempe
1174 281 1313 309 stationes
1337 286 1509 309 nocturnae.
1554 280 1680 309 Manere
1703 282 1798 318 enim,
1830 286 1864 310 ut
1888 282 2000 320 optime
2024 283 2093 312 olim
2117 295 2180 313 ma..

230 346 304 374 gnus
327 328 485 362 Salmasius
508 325 588 364 apud
610 323 718 352 Iulium
744 323 960 361 Capitolinum,
995 327 1040 351 est
1060 330 1246 362 pernoctare,
1283 322 1398 352 cubare.
1443 323 1493 351 Ait
1515 323 1603 361 igitur
1628 324 1744 361 Festus,
1781 325 1867 352 Saliis
1890 335 1944 363 per
1967 335 2067 354 omnes
2090 326 2182 356 festos

231 379 294 408 dies
318 375 495 408 ubicumque
518 370 741 407 pernoctarent,
776 365 888 404 amplas
912 365 1002 394 fuisse
1026 376 1131 394 coenas
1155 367 1302 404 appositas
1327 371 1354 394 et
1377 365 1445 394 inde
1468 365 1634 404 magnificas
1659 368 1729 395 alias
1754 367 1902 406 quaslibet
1925 378 2031 397 coenas
2054 369 2182 398 Saliares

230 420 316 449 etiam
339 415 441 443 dictas.
486 412 556 440 Post
579 410 652 438 duos
673 419 783 444 annos,
809 418 896 446 quam
920 407 992 436 haec
1015 413 1202 444 notaveram,
1232 409 1262 436 in
1286 418 1389 437 manus
1414 418 1491 436 meas
1516 409 1644 447 primum
1668 414 1813 438 venerunt
1834 410 1901 439 libri
1926 415 2054 448 quatuor
2077 412 2182 441 obser-

229 460 380 489 vationum
398 454 528 484 Gisberti
547 451 672 491 Cuperi,
704 461 777 489 quos
801 451 872 479 dum
896 461 948 488 ego
973 461 1039 479 cum
1064 461 1168 488 magno
1191 451 1310 487 fructu,
1342 461 1398 478 neo
1421 451 1528 479 minori
1551 452 1705 490 voluptate
1729 453 1864 492 perleg0‚
1895 453 1985 481 incidi
2005 454 2035 482 in
2057 454 2182 484 eundem

228 504 307 532 hunc
328 499 405 529 Festi
426 498 542 531 locum,
575 504 661 532 quem
685 493 796 530 optime
819 493 938 528 habuit,
969 493 1040 521 dum
1063 493 1286 532 inscriptionem
1310 493 1395 521 istam
1420 503 1457 521 ex
1480 494 1608 522 Grutero
1633 505 1698 533 pag.
1714 498 1783 527 183.
1808 495 1922 533 egregie
1945 495 2092 526 illustrat:

477 535 747 569 MANSIONES.
773 535 1021 565 SALIORUM.
1047 535 1392 564 PALATINORUM.
1417 536 1460 564 A.
1489 535 1745 566 VETERIBUS,

484 580 550 611 OB.
573 577 824 608 ARMORUM.
850 577 1110 607 ANNALIUM.
1135 577 1406 607 GUSTODJAM.
1435 576 1750 608 CONSTITUTAS.

480 621 644 652 LONGA.
670 619 861 649 AETATE.
892 618 1161 650 NEGLECTAS.
1186 619 1386 649 PECUNIA.
1411 619 1510 649 SUA,
1537 619 1917 652 REPARAVERUNT.

479 662 742 695 PONTIFICES.
772 661 952 691 VESTAE.
982 661 1021 691 V.
1050 661 1088 690 V.
1116 662 1147 692 G.
1176 662 1207 691 C.
1233 661 1326 691 PRO.
1353 661 1646 693 MAGISTERIO.

482 704 626 736 FORTI.
650 703 827 734 ACJLLII
856 703 1068 734 LUCULLI.
1097 704 1290 734 VITRASI.
1316 703 1638 734 PRAETESTATI.
1665 705 1703 735 V.
1727 705 1766 736 V.
1790 705 1821 736 C.
1844 704 1875 736 G.

230 755 400 791 Ibidemque
430 754 532 779 monet
554 748 744 777 Torrentium
768 752 795 775 et
818 748 969 786 Neapolim
993 747 1106 776 Horatii
1130 749 1304 786 interpretes
1330 746 1410 775 hunc
1433 748 1511 776 Festi
1534 748 1630 776 locum
1655 749 1740 777 aliter
1762 749 1915 786 laudasse,
1951 759 2073 788 nempe:
2111 751 2185 790 qui-

232 798 283 826 bus
303 807 354 834 per
376 805 473 823 omnes
495 802 645 820 sacrorum
670 789 744 826 dies,
767 790 817 818 sed
842 791 904 818 sine
928 790 1006 819 MSS.
1032 791 1226 824 auctoritate,
1265 800 1356 828 quare
1387 790 1450 828 ipse
1478 791 1597 818 literula
1624 791 1724 819 addita
1749 792 1878 829 legebat:
1912 804 1964 831 per
1986 793 2092 821 ominis
2115 791 2184 822 dies.

231 839 364 867 Ominosi
393 836 469 864 enim
498 835 577 870 dies,
616 833 723 872 quibus
753 833 951 861 movebantur
974 833 1094 870 ancilia,
1134 833 1212 861 unde
1235 834 1265 860 in
1289 833 1465 861 Calendario
1487 833 1508 862 I.
1531 834 1596 861 Kal.
1621 834 1724 862 Mart.:
1760 833 1950 863 Anciliorum
1965 834 2100 876 fistum,
2133 846 2185 864 nec

230 880 335 910 nubere
357 879 480 913 bonum,
517 887 665 917 quousque
693 874 867 903 condantur.
912 876 988 903 Sane
1011 877 1124 914 saepius
1147 876 1178 904 in
1202 876 1352 904 veteribus
1375 875 1458 904 libris
1482 873 1513 906 τὸ
1537 877 1642 905 ominis
1665 877 1696 904 in
1720 877 1815 905 omnis
1836 876 2034 915 degeneravit.
2073 876 2183 907 Idem.

232 922 363 952 Saliares
386 918 581 961 appellantur.
627 918 731 948 Horat.
758 918 812 948 Od.
833 921 883 950 37.
908 917 959 947 lib.
974 918 993 946 1.
1018 919 1099 956 (v.2.
1115 921 1223 957 seqq.):

952 977 994 984 -
1038 978 1078 984 —·-
1122 962 1208 991 Nunc
1232 960 1399 991 Saliaribus

957 1004 1070 1033 Ornare
1090 1004 1228 1045 pulvinar
1252 1003 1369 1033 deorum

957 1048 1082 1086 Tempus
1105 1055 1165 1076 erat
1189 1047 1315 1086 dapibus
1337 1045 1463 1076 sodales.

231 1093 296 1122 Hoc
320 1096 378 1128 est,
404 1089 537 1120 delicatis
560 1094 590 1118 et
613 1090 760 1129 opiparis,
784 1094 817 1118 ut
839 1094 922 1118 erant
946 1100 1053 1118 coenae
1077 1091 1216 1126 Saliares,
1241 1099 1365 1127 quarum
1390 1090 1493 1118 nidore
1516 1089 1593 1117 ictus
1617 1089 1687 1118 olim
1710 1090 1777 1119 Tib.
1795 1090 1953 1125 Claudius,
1979 1099 2046 1118 cum
2069 1089 2100 1117 in
2125 1088 2185 1117 Au-

231 1136 311 1174 gusti
334 1136 400 1163 soro
424 1137 631 1171 cognosceret,
656 1134 772 1161 deserto
796 1132 939 1161 tribunali
962 1133 1092 1161 ascendit
1117 1134 1154 1161 ad
1177 1133 1344 1161 sacerdotes
1368 1142 1488 1170 unaque
1512 1132 1671 1161 discubuit.
1696 1131 1804 1163 Idem.
1845 1134 1885 1161 De
1907 1132 1994 1161 Saliis
2017 1131 2186 1169 virginibus

230 1178 300 1207 vide
323 1187 413 1216 supra
434 1174 543 1205 Salias.
585 1176 623 1203 l)e
648 1175 779 1203 Saliariis
804 1175 987 1203 carminibus
1011 1186 1037 1204 v.
1054 1176 1246 1210 Axamema,
1279 1174 1411 1204 Matrem
1434 1175 1604 1212 Matutam,
1634 1174 1762 1211 Poenas,
1786 1174 1905 1212 Pescia,
1929 1173 2104 1214 Praeopiat,
2129 1172 2188 1202 Sa-

231 1228 341 1249 turnus.
376 1220 489 1248 Horum
513 1223 609 1246 autem
634 1219 690 1245 alia
714 1223 797 1245 erant
820 1218 849 1245 in
874 1218 1028 1246 universos
1052 1217 1202 1254 homines,
1226 1218 1280 1246 alia
1301 1217 1331 1246 in
1356 1219 1425 1246 deos
1449 1218 1598 1253 singulos,
1622 1217 1715 1245 veluti
1731 1218 1875 1255 Ianualii‚
1899 1217 2027 1251 lunonii,
2051 1216 2187 1245 Minervii

232 1264 272 1299 (V.
294 1262 503 1297 Axamenta),
531 1261 660 1288 saturnii
684 1261 725 1296 (ν.
750 1259 918 1296 Saturnus).
946 1259 1048 1290 Goth.
1094 1260 1145 1289 Ex
1169 1260 1315 1289 Samothr.
1339 1260 1401 1288 dixi
1425 1261 1462 1288 ad
1488 1260 1648 1288 Varronem
1671 1259 1721 1289 lib.
1736 1261 1784 1290 IV.
1807 1260 1843 1289 de
1867 1262 1897 1288 L.
1916 1261 1947 1288 L.
1992 1257 2102 1288 Idem.

398 1302 588 1332 Salmacis
623 1303 682 1341 (Ad
705 1314 732 1341 p.
747 1304 830 1340 255)
857 1303 992 1331 Gabriele
1016 1303 1127 1331 Faerno
1152 1308 1275 1331 auctore
1299 1303 1487 1331 scribendum
1511 1308 1568 1331 est:
1599 1301 1734 1331 Salmaci
1756 1301 1810 1331 clas
1832 1301 1928 1342 spolia
1950 1302 2012 1331 sine
2033 1300 2140 1330 sudore
2161 1307 2188 1328 et

232 1347 390 1385 sanguine,
416 1350 449 1374 ut
471 1345 510 1373 sit
532 1346 673 1374 senarius.
706 1345 778 1373 Mihi
803 1344 842 1373 da
864 1344 958 1384 spolia
983 1356 1040 1373 non
1065 1346 1212 1384 displicet.
1243 1345 1307 1373 vid.
1327 1346 1434 1373 Strabo
1458 1345 1509 1373 lib.
1523 1345 1603 1373 XIV.
1619 1345 1699 1383 (pag.
1713 1345 1808 1383 656).
1826 1345 1918 1374 Ant.
1937 1344 2027 1383 Aug.
2064 1344 2189 1372 Videtur

232 1389 336 1418 Festus
360 1389 408 1417 vel
431 1388 553 1416 Verrius
577 1388 606 1416 in
632 1388 727 1416 Ennio
751 1387 919 1415 disiunctim
943 1388 1055 1425 legere:
1083 1387 1218 1416 Salmaci
1241 1386 1280 1415 da
1303 1386 1398 1426 spolia
1421 1388 1481 1415 sine
1502 1385 1608 1415 sudore
1629 1394 1655 1415 et
1676 1388 1823 1425 sanguine.
1862 1388 1952 1425 Atqui
1975 1387 2077 1425 potius
2101 1385 2189 1415 vide-

232 1431 321 1459 batur
344 1430 534 1459 coniunctim.
579 1430 669 1459 Vetus
694 1430 891 1458 Glossarium:
922 1429 1112 1459 Salmacidas
1135 1427 1277 1467 ἇλμυρός.
1317 1428 1522 1458 Salmacidum
1546 1426 1690 1468 ἁλμυρόν.
1728 1427 1879 1458 Salmacia
1903 1426 2075 1467 οἷμφιτρίτη.
2114 1425 2189 1456 Sal-

233 1475 333 1502 mucia
356 1484 451 1513 aqua,
483 1469 619 1511 ἁλμυρὸν
642 1471 734 1511 ὕδωρ.
780 1473 858 1510 Ergo
881 1473 995 1511 spolia,
1026 1483 1101 1510 quae
1124 1474 1279 1501 incruenta
1303 1478 1372 1500 sunt
1394 1472 1442 1501 καὶ
1466 1470 1611 1510 ἆναιμωτὶ
1634 1471 1682 1501 καὶ
1707 1468 1822 1501 ἀκονιτί
1843 1476 1944 1509 parta,
1976 1470 2189 1509 elegantissime

234 1514 429 1552 Salmacida,
466 1520 501 1543 ut
525 1516 635 1552 diluta,
671 1526 729 1543 non
754 1520 877 1543 cruenta
900 1520 1003 1551 vocat,
1041 1520 1073 1543 ut
1102 1526 1180 1543 anno
1210 1515 1365 1553 superiore
1391 1515 1559 1542 notavimus
1581 1514 1611 1542 in
1633 1514 1812 1542 lectionibus
1836 1513 2012 1542 Ausonianis
2036 1513 2085 1552 (l,
2108 1511 2188 1550 25).

232 1559 270 1587 Et
293 1558 386 1596 siquis
409 1559 562 1586 Ciceronis
586 1558 674 1586 verba
699 1559 727 1586 in
751 1558 836 1585 libris
860 1557 896 1585 de
921 1558 1035 1585 Officiis
1060 1558 1107 1596 (I,
1133 1556 1200 1596 18.)
1225 1557 1410 1592 consideret,
1447 1557 1498 1584 ubi
1523 1557 1596 1584 haec
1621 1557 1752 1584 Enniana
1777 1556 1923 1592 citantur,
1953 1566 2013 1584 non
2036 1555 2121 1584 aliter
2143 1555 2190 1583 le-

233 1602 361 1638 gendum
386 1610 465 1637 esse,
490 1609 577 1638 quam
602 1599 779 1629 Salmacisla
804 1599 1028 1629 animadvertet.
1054 1598 1153 1629 Scal.
1196 1600 1250 1627 Cui
1275 1610 1334 1628 non
1360 1599 1459 1627 audita
1484 1603 1527 1627 est
1550 1599 1694 1626 obscenae
1719 1598 1860 1626 Salmacis
1881 1598 1978 1626 undae
2002 1598 2103 1637 (Ovid.
2124 1597 2190 1626 Met.

233 1643 304 1680 XV,
332 1642 440 1680 319.)?
480 1643 552 1670 Vide
575 1648 689 1679 tamen,
723 1643 746 1670 si
770 1643 869 1679 lubet,
902 1642 990 1670 Ovid.
1013 1642 1081 1671 Met.
1098 1643 1147 1672 lv.
1172 1643 1285 1674 v.285.
1324 1642 1500 1670 Strabonem
1523 1641 1573 1670 lib.
1587 1641 1663 1669 XIV.
1688 1639 1772 1679 (pag.
1786 1640 1874 1679 656.)
1897 1645 1927 1669 et
1949 1640 2066 1669 vitruv.
2088 1639 2140 1668 lib.
2153 1639 2191 1668 11.

235 1696 299 1724 cap.
312 1687 342 1716 8.
366 1684 456 1714 Dac.
493 1685 551 1713 Sed
574 1695 647 1723 pace
670 1685 744 1713 tanti
767 1685 824 1713 viri
849 1685 992 1721 dixerim,
1022 1685 1140 1713 divisim
1164 1685 1262 1723 potius
1287 1683 1437 1721 Salmonei,
1462 1683 1502 1712 da
1525 1682 1622 1723 spolia
1645 1688 1702 1712 etc.
1725 1683 1880 1721 legendum
1901 1688 1958 1720 est,
1983 1682 2064 1721 quod
2087 1687 2117 1711 et
2139 1681 2191 1710 do-

235 1728 397 1757 ctissimum
423 1727 560 1755 vossium
589 1728 676 1756 video
703 1728 848 1765 voluisse,
885 1728 945 1756 imo
976 1728 1057 1766 quod
1087 1738 1173 1756 nemo
1204 1728 1321 1756 monuit
1349 1732 1376 1756 et
1405 1727 1448 1755 sic
1471 1727 1644 1755 Ciceronem
1673 1725 1779 1763 legisse
1802 1735 1839 1754 ex
1862 1726 1921 1754 loci
1944 1725 2040 1764 ipsius
2062 1724 2193 1754 lectione

237 1776 350 1799 certum
368 1774 420 1798 est.
455 1771 498 1798 En
521 1770 576 1798 tibi
598 1770 695 1798 locum
716 1771 831 1809 ipsum,
856 1781 920 1799 nam
945 1770 1072 1809 pretium
1097 1775 1141 1799 est
1163 1780 1278 1806 morae,
1302 1780 1339 1798 ex
1362 1769 1447 1798 lib.1.
1464 1769 1501 1798 de
1518 1769 1605 1798 offic.
1622 1769 1752 1805 (c.18.):
1775 1766 2001 1807 Intelligendum
2025 1775 2065 1796 est
2087 1774 2192 1803 autem,

238 1824 301 1841 cum
322 1812 474 1851 proposita
496 1813 554 1841 sint
575 1824 681 1851 genera
705 1821 846 1853 quatuor,
870 1825 885 1841 e
906 1812 1011 1853 quibus
1034 1813 1170 1842 honestas
1195 1813 1383 1855 officiumque
1404 1819 1550 1848 manaret,
1573 1809 1843 1851 splendidissimum
1860 1809 1969 1848 videri,
1991 1809 2073 1850 quod
2091 1810 2192 1838 animo

239 1865 343 1922 {pagno
365 1854 498 1895 elatoque
519 1854 719 1896 humanasque
741 1867 784 1885 res
807 1854 981 1895 despiciente
992 1855 1115 1897 facium
1139 1856 1184 1885 sit.
1229 1854 1333 1895 Itaque
1354 1855 1385 1883 in
1405 1854 1523 1895 probris
1543 1854 1676 1884 maxime
1696 1854 1727 1882 in
1746 1859 1886 1893 promptu
1908 1860 1965 1890 est,
1993 1852 2020 1882 si
2040 1851 2113 1893 quid
2134 1850 2193 1881 tale

264 1906 302 1924 tel
321 1904 431 1935 petest:

799 1938 863 1968 Vos
883 1940 984 1968 etenim
1008 1940 1121 1969 iuvenes
1142 1940 1272 1969 animum
1292 1939 1395 1980 geritis
1415 1937 1584 1968 muliebrem

795 1981 857 2011 Illa
877 1983 979 2021 virago
1003 1983 1069 2011 viri.

241 2018 281 2048 Et
304 2020 329 2047 si
352 2020 422 2058 quid
444 2022 603 2054 eiusmodi:

294 2102 300 2108 θ
340 2102 345 2107 μ
429 2103 433 2108 .
797 2065 934 2095 Salmaci
957 2065 997 2095 da
1019 2065 1134 2106 spolia,
1157 2067 1218 2095 sine
1239 2065 1344 2095 sudore
1366 2074 1392 2095 et
1414 2066 1563 2105 sanguine.

243 2102 302 2130 Ubi
324 2113 346 2130 si
370 2106 549 2150 coniunctim
574 2106 749 2136 Salmacida
772 2109 843 2146 legit
864 2109 984 2146 Cicero,
1017 2110 1102 2138 aliter
1125 2120 1155 2139 se
1178 2120 1224 2138 res
1246 2109 1383 2146 habebit,
1423 2119 1511 2147 quam
1536 2108 1648 2144 voluit,
1684 2117 1781 2146 neque
1804 2108 1881 2136 enim
1903 2107 1933 2136 in
1957 2105 2075 2146 probris
2096 2104 2196 2135 videri

245 2149 355 2192 queant:
382 2146 678 2193 spolia-Salmacida,
716 2150 774 2179 hoc
804 2156 847 2180 est
876 2152 1041 2180 incruenta.
1089 2153 1124 2181 At
1147 2152 1276 2180 divisum
1298 2150 1448 2188 Salmaci,
1486 2149 1526 2179 da
1553 2149 1649 2191 spolia
1671 2151 1732 2178 sine
1753 2149 1858 2179 sudore
1879 2157 1906 2178 et
1926 2149 2082 2188 sanguine,
2118 2146 2196 2176 illud

244 2196 317 2215 vero
340 2197 370 2234 in
392 2187 509 2225 probrls
533 2192 675 2226 maxime,
700 2203 766 2222 cum
785 2192 967 2223 Salmacidis
992 2194 1109 2224 nomine
1132 2194 1222 2223 homo
1246 2194 1343 2222 mollis
1367 2194 1579 2232 compelletur,
1611 2193 1766 2232 spoliaque
1787 2193 1850 2221 sine
1872 2192 1982 2221 sudore
2004 2196 2034 2220 et
2055 2190 2196 2229 sanguine

246 2229 317 2258 dare
339 2229 484 2258 iubeatur.
530 2230 593 2259 Huc
616 2233 752 2270 accedat,
785 2236 865 2273 quod
891 2237 1090 2273 Glossarium,
1129 2238 1213 2266 cuius
1236 2237 1415 2265 auctoritate
1438 2237 1565 2265 maxime
1589 2237 1694 2264 nititur
1716 2235 1865 2273 Scaliger,
1895 2234 1928 2263 in
1950 2234 2006 2262 hac
2030 2243 2102 2262 voce
2125 2241 2195 2262 cor-

246 2275 368 2319 ruptum
391 2276 441 2319 est.
471 2272 573 2310 Neque
597 2275 672 2320 enim
695 2275 889 2306 salmacidum
913 2284 956 2307 est
980 2277 1130 2318 ἁλμυρόν,
1154 2280 1205 2308 sed
1228 2277 1442 2315 salinacitlum,
1465 2284 1498 2307 ut
1521 2279 1632 2318 optime
1655 2278 1866 2307 animadvertit
1888 2286 2010 2314 magnus
2028 2274 2194 2304 Salmasius.

248 2315 292 2343 En
314 2313 370 2361 {¹1³¹
393 2323 456 2342 elus
479 2314 570 2343 verba
595 2315 749 2362 (¹¹1·S⁰li¹¹-
774 2319 792 2347 f.
811 2322 888 2357 81.):
919 2322 1059 2350 nimirum
1082 2321 1268 2351 salinacidae
1289 2326 1356 2350 sunt
1380 2322 1537 2359 dicendae,
1567 2332 1626 2349 non
1649 2319 1845 2356 salmacidae,
1871 2324 1905 2348 ut
1927 2328 2083 2358 perperam
2105 2315 2194 2345 hodie

247 2366 356 2395 passm]
380 2354 438 2384 hoc
462 2366 568 2385 nomen
592 2357 741 2386 flcrlbitur-
773 2361 956 2391 Salinaeidae
979 2375 1037 2392 non
1060 2370 1131 2393 sunt
1152 2365 1329 2403 simpliciter
1352 2360 1512 2402 ἁλμυρίδες
1533 2368 1586 2392 aut
1608 2360 1761 2399 ἇλυκίὸες,
1785 2367 1819 2391 ut
1841 2362 1947 2390 Graeci
1968 2365 2078 2390 vocant
2098 2359 2194 2387 fontes

247 2399 357 2435 salsos,
389 2398 442 2428 fied
468 2399 569 2428 acidae
590 2400 678 2428 Simul
702 2405 730 2428 et
753 2401 852 2432 salsae.
896 2404 1006 2434 Acidae
1030 2407 1165 2435 nimirum
1189 2407 1299 2435 salinae
1323 2411 1352 2437 et
1374 2407 1405 2434 in
1429 2407 1581 2436 Glossario
1606 2405 1814 2444 corrigendum
1838 2401 2051 2433 Salinacidum.
2095 2401 2195 2438 Neque
