2263 2668
324 373 404 421 EX
434 363 733 416 EDITIONE
762 358 1201 419 RELIQUIARUM
1230 358 1589 406 FRONTONIS
1620 358 1662 403 A
1689 359 2039 407 NIEBUHRIO

1092 468 1265 491 CURATA

698 558 762 587 DE
792 555 1006 586 AUCTORE
1038 555 1178 583 HUIUS
1216 551 1408 582 LIBELLI
1444 551 1660 581 IUDICIUM

994 636 1025 669 N
1040 635 1056 669 l
1069 635 1099 669 E
1115 635 1146 668 Β
1159 634 1194 669 U
1207 635 1243 668 H
1257 634 1290 667 R
1305 633 1321 666 Ι
1337 633 1362 666 I.

208 755 345 811 Exstat
370 771 403 804 in
427 766 640 803 bibliothecis
666 765 788 800 Italicis
814 763 946 798 libellus
973 773 1014 796 ex
1040 763 1222 798 lexicorum
1250 772 1388 806 genere,
1432 770 1472 793 eo
1499 759 1634 804 insignis
1660 760 1754 804 quod
1779 761 1924 806 plurima
1949 763 2088 796 servavit
2115 774 2155 796 ex

211 825 363 861 Historiis
388 820 610 861 Sallustianis,
637 823 737 862 atque
771 828 811 850 ex
838 816 1006 850 Ciceronis
1033 815 1089 860 qui
1123 814 1357 848 interciderunt
1391 811 1497 853 libris,
1530 811 1740 856 fragmenta,
1773 813 1808 846 in
1833 813 2032 856 quibusdam
2058 814 2156 848 codi-

216 879 310 913 cibus
336 874 508 918 inscriptus
534 872 584 905 M.
612 869 788 903 Frontonis
815 867 969 912 exempla
1000 867 1241 906 elocutionum,
1268 865 1300 897 in
1328 863 1397 897 aliis
1429 874 1509 896 vero
1542 862 1693 896 Arusiani
1726 864 1806 908 (seu
1831 864 2024 910 Volusiani]
2051 865 2156 900 Messi

214 927 387 973 quadriga.
439 924 563 958 Prioris
589 921 719 968 generis
745 921 906 953 librorum
934 919 1144 959 auctoritate,
1181 917 1282 951 seculi
1309 915 1399 949 XVI.
1427 914 1547 947 eruditi
1570 914 1743 959 plerique,
1779 915 1836 959 qui
1861 916 1940 948 inde
1966 917 2155 962 fragmenta

215 981 412 1019 hauserunt,
445 976 651 1009 Frontonem
677 973 829 1011 laudant3
861 970 1056 1013 Maiusque,
1091 969 1134 1003 de
1161 968 1316 1014 augendo
1345 966 1647 1000 Frontonianorum
1679 967 1840 1000 librorum
1865 978 2004 1001 numero
2031 969 2157 1002 sollici-

212 1039 283 1073 tus,
310 1031 343 1063 in
370 1040 486 1062 eorum
513 1031 624 1072 partes
651 1024 829 1066 concessit,
855 1023 1043 1066 librumque
1070 1033 1110 1055 ex
1136 1020 1264 1054 Codice
1291 1018 1531 1059 Ambrosiam,
1564 1018 1656 1053 xvi.
1684 1019 1798 1052 seculo
1825 1018 1960 1064 scripto,
1987 1031 2052 1053 una
2079 1031 2155 1054 cum

212 1084 274 1117 illis
302 1081 416 1115 edidit.
468 1079 586 1113 Nullus
607 1082 711 1111 exstat
735 1076 837 1117 liber,
863 1074 916 1108 cui
941 1074 985 1108 de
1011 1085 1070 1106 suo
1097 1073 1203 1106 minus
1230 1070 1374 1104 attulerit
1399 1075 1533 1104 auctor:
1567 1081 1675 1113 neque
1703 1071 1790 1104 enim
1817 1071 1885 1103 eius
1910 1075 2045 1115 praeter
2069 1072 2156 1105 lem-

212 1139 302 1170 mata
328 1133 468 1166 verbum
494 1131 541 1163 ibi
566 1129 727 1169 invenies,
753 1138 819 1160 uno
847 1126 985 1160 fortasse
1012 1129 1152 1169 excepto
1179 1125 1255 1157 loco
1283 1134 1312 1157 v.
1340 1121 1490 1155 detraho
1517 1120 1563 1154 de
1595 1125 1647 1154 te.-
1681 1122 1740 1156 sed
1773 1122 1820 1155 ibi
1845 1133 1982 1166 quoque
2007 1123 2052 1156 ita
2076 1124 2157 1157 bar-

213 1189 311 1221 barus
339 1190 388 1217 est
412 1193 541 1223 serm0,
562 1186 599 1214 ut
625 1193 645 1213 a
670 1184 781 1213 vetere
807 1178 966 1222 scriptore
992 1177 1144 1222 profecta
1170 1187 1238 1208 esse
1265 1178 1437 1218 nequeant.
1489 1173 1665 1217 Excerpsit
1690 1174 1747 1207 ille
1774 1184 1814 1207 ex
1839 1179 1996 1217 quattuor
2013 1175 2157 1219 scripto-

215 1239 304 1272 ribus
332 1235 446 1280 (unde
472 1233 657 1277 quadrigae
681 1242 804 1264 nomen
829 1229 992 1273 inditum)
1028 1227 1204 1268 Terentio,
1239 1226 1420 1267 Cicerone,
1460 1224 1616 1257 Sallustio
1652 1230 1685 1258 et
1719 1225 1881 1270 Virgilio,
1922 1237 2009 1270 quae
2042 1232 2157 1260 notatu

216 1291 339 1335 dignae
365 1286 554 1320 viderentur
580 1283 800 1324 elocutiones,
825 1281 869 1314 ita
895 1286 931 1315 ut
959 1281 1046 1324 ipsas
1072 1280 1253 1312 litterarum
1281 1277 1397 1310 ordine
1423 1276 1588 1309 lemmatis
1615 1276 1693 1310 loco
1720 1282 1879 1322 poneret,
1907 1277 2030 1311 deinde
2057 1279 2157 1312 verba

217 1341 432 1384 subiungeret
457 1336 640 1381 scriptoris,
669 1334 760 1380 apud
787 1344 886 1377 quem
913 1333 1103 1372 invenisset,
1136 1331 1192 1363 tali
1226 1329 1345 1362 modo:
1378 1327 1576 1361 Abundans
1604 1327 1697 1362 illius
1729 1329 1792 1362 rei.
1819 1328 1913 1373 Virg.
1947 1328 2026 1362 ΕΟΖ.
2054 1329 2157 1363 Nivei

218 1403 324 1439 quam
353 1389 456 1424 luctis
481 1387 675 1422 abundans,
703 1405 754 1411 —
786 1384 878 1418 Urbs
905 1388 937 1417 et
962 1384 1090 1417 nomini
1118 1382 1255 1428 plurali
1289 1380 1517 1415 subiunctum.
1552 1379 1651 1424 l't'rg.
1679 1379 1768 1416 Aen.
1795 1379 1840 1413 X.
1873 1380 2011 1426 Quique
2036 1381 2158 1415 urbem

218 1446 349 1490 liquere
386 1441 507 1475 Cosas.
537 1439 659 1473 Cicero
694 1437 741 1470 de
772 1437 903 1481 signis.-
942 1435 1072 1468 Urbem
1107 1434 1305 1478 iS'gsrctcusus
1338 1431 1532 1464 maximam
1568 1442 1641 1464 esse
1680 1431 1914 1465 Graecarum.
1967 1432 2040 1465 Iam
2066 1444 2158 1474 vero,

215 1501 393 1541 postquam
419 1492 595 1525 Frontonis
622 1490 665 1523 de
691 1489 819 1522 romani
845 1487 1002 1522 sermonis
1035 1486 1222 1519 auctoribus
1255 1484 1413 1517 iudicium
1440 1482 1589 1523 innotuit,
1615 1483 1673 1526 qui
1699 1483 1743 1516 de
1768 1483 1912 1528 Virgilio
1939 1487 1973 1517 et
1998 1484 2159 1518 Terentio

215 1552 341 1587 taceat,
370 1544 567 1578 Ciceronem
593 1540 829 1584 antiquioribus
855 1544 944 1573 certe
969 1549 1035 1571 non
1061 1537 1239 1582 praeferat,
1267 1536 1338 1579 quis
1364 1535 1459 1567 illum
1484 1534 1609 1575 credat,
1636 1535 1662 1567 si
1687 1534 1786 1568 huius
1805 1535 1936 1579 generis
1962 1535 2049 1568 libro
2076 1547 2159 1570 con-

218 1596 412 1632 sarcinando
439 1606 578 1640 operam
604 1593 762 1632 dicasset,
787 1602 854 1623 non
881 1591 1042 1624 Catonem
1068 1590 1177 1633 potius
1202 1588 1297 1620 illum
1325 1598 1435 1627 suum,
1469 1587 1680 1630 Enniumque
1706 1597 1782 1620 cum
1811 1587 1848 1620 C.
1876 1586 1996 1632 Crispo
2024 1587 2159 1621 adhibi-

218 1656 328 1684 turum
355 1648 478 1680 fuisse?
510 1647 627 1689 ltaque
658 1644 798 1682 librum,
835 1643 892 1685 qui
917 1647 985 1674 tam
1012 1641 1106 1686 gravi
1138 1640 1259 1673 indicio
1294 1637 1455 1671 Frontoni
1491 1637 1713 1680 abiudicetur‚
1749 1643 1781 1671 et
1807 1638 1852 1671 ita
1877 1639 1999 1680 tenuis,
2028 1644 2060 1672 et
2086 1639 2158 1673 col-

220 1701 315 1734 lectis
341 1697 419 1730 inde
445 1709 465 1729 a
491 1697 667 1738 Carrione,
700 1693 846 1729 Patricio
884 1698 916 1726 et
950 1693 1087 1737 Sigonio
1129 1690 1322 1735 fragmentis
1357 1690 1421 1722 iam
1455 1689 1575 1721 nullius
1608 1690 1735 1723 fructus
1768 1689 1824 1728 sit,
1858 1691 1915 1733 qui
1942 1696 2113 1734 praeterea
2139 1702 2159 1723 a

222 1755 320 1796 parte
344 1748 474 1781 testium
501 1748 556 1779 alii
583 1746 708 1780 auctori
735 1746 853 1781 diserte
880 1745 1056 1785 tribuatur,
1083 1755 1147 1776 non
1175 1742 1370 1786 recepinmS,
1398 1752 1501 1784 quum
1527 1742 1722 1784 praesertim
1749 1741 1832 1774 moli
1856 1742 2068 1786 sumptuique
2086 1742 2159 1776 edi-

223 1802 319 1836 tionis
344 1804 474 1832 nostrae
500 1798 594 1841 parci
619 1796 827 1829 voluerimus.

385 1848 544 1893 Raphael
571 1847 804 1880 volaterranus
837 1847 919 1879 inter
955 1847 1057 1879 libros
1092 1845 1149 1888 qui
1177 1857 1205 1879 a.
1233 1842 1342 1877 1⁴9⁴.
1379 1843 1411 1875 in
1438 1842 1594 1875 Bobiensi
1632 1842 1839 1876 bibliotheca
1873 1843 1994 1877 inventi
2027 1844 2159 1887 fuerint,

229 1901 379 1938 Cornelii
405 1899 586 1933 Frontonis
613 1898 810 1943 elegantias
836 1899 982 1931 Latinus
1008 1902 1170 1931 recenset:
1205 1907 1290 1939 quae
1317 1895 1342 1928 si
1368 1895 1499 1927 fuerunt
1528 1894 1707 1938 exempla,
1741 1894 1784 1927 de
1818 1895 1937 1938 quibus
1969 1895 2026 1930 hic
2051 1909 2158 1930 sermo

226 1960 289 1997 est,
313 1952 429 1986 vetusti
454 1951 589 1994 quidem
617 1949 751 1983 Codicis
778 1950 1003 1982 auctoritatem
1031 1949 1134 1982 habet
1162 1947 1218 1991 qui
1244 1948 1300 1980 illa
1326 1945 1486 1979 Frontoni
1510 1945 1669 1984 vindicat3
1703 1957 1741 1979 ea
1768 1951 1877 1979 tamen
1905 1958 2004 1989 quam
2031 1948 2159 1982 infirma

225 2007 265 2040 sit
289 2006 372 2038 inter
397 2014 509 2036 omnes
535 2002 592 2045 qui
617 2000 746 2046 sapiunt
772 2001 931 2034 convenit.
