2263 2668
548 115 613 149 DE
639 111 1026 149 SIGNIFICATIONE
1058 112 1343 148 VERBORUM.
1402 115 1548 150 LIBER
1573 116 1631 150 xl.
1987 122 2062 158 483

275 208 440 248 Minyae.
485 208 682 246 Argonautae.
711 208 834 237 Pindar.
859 206 961 256 0d34.
980 204 1072 256 1Ργῑὶι.
1095 203 1213 247 (221.):

687 267 729 272 —
772 266 814 271 —-
857 260 929 288 μετα
950 259 1009 289 γαρ

648 294 740 324 Κεῖνο
761 290 955 323 πλευσάντων
983 291 1110 321 Μινυᾶν
1131 288 1272 331 θεόπομ-

646 337 706 366 Ποι
731 337 816 373 σφίσι
837 335 918 374 τιμαὶ
940 330 1103 372 φύτευθεν.

109 377 187 406 Dicti
211 383 306 407 autem
329 378 449 417 Minyae
471 388 487 405 a
509 377 610 416 Minya
630 377 762 416 Neptuni
783 378 845 407 filio
867 377 905 406 ad
927 386 1015 415 quem
1038 380 1068 405 et
1089 375 1286 414 Tritogeniam
1310 377 1397 405 Aeoli
1419 376 1508 407 filiam
1530 378 1659 407 maxima
1681 388 1782 408 eorum
1804 390 1874 419 pars
1895 391 1988 420 genus
2011 394 2061 414 re—

110 420 233 451 ferebat.
280 421 377 460 Apoll.
399 421 564 458 Argonaut.
580 420 607 457 Ι,
631 419 744 460 (230.):

647 479 684 484 -
731 480 770 485 —
814 477 856 484 -—
899 460 963 491 ἐπεὶ
986 457 1113 491 Μινύαο
1137 457 1299 500 θυγάτρων

646 506 686 535 Οἱ
706 508 837 536 πλεῖστοι
857 504 908 535 καὶ
930 502 1046 543 ἄριστοι
1068 499 1126 541 ἀφ’
1147 502 1271 540 αῖματὸς
1293 500 1481 542 εὐχετόωντο.

110 547 219 576 Verum
242 547 348 575 Strabo
373 552 401 575 et
423 546 595 575 Eustathius
612 546 729 586 Minyos
753 559 769 576 a
791 548 891 585 Minyo
916 546 1107 576 Orchomeno
1131 556 1220 583 genus
1240 545 1350 574 habere
1372 545 1510 582 tradunt,
1538 557 1666 585 quorum
1689 547 1739 575 alii
1763 548 1792 576 in
1814 549 1928 579 Iolcum
1951 551 2057 590 migra-

108 590 182 626 rint,
207 600 224 617 a
247 590 354 628 quibus
376 590 564 628 Argonautas
587 588 704 628 Minyos
728 590 797 619 dici.
831 589 907 619 Vide
929 588 1119 618 Theocritum
1142 588 1229 626 ldyll.
1246 590 1295 620 16.
1320 598 1347 617 v.
1363 589 1432 620 104.
1478 587 1566 618 Dae.

275 631 453 662 Minatia.
498 631 553 660 Ubi
582 632 674 661 fuerit
703 633 836 671 ignotum
866 637 921 668 est,
958 637 991 661 ut
1014 637 1042 660 et
1065 630 1132 670 quis
1156 630 1246 659 fuerit
1268 633 1322 660 iste
1343 630 1496 660 Minutius.
1542 631 1681 661 Putabam
1704 631 1775 661 olim
1798 632 1960 663 Minatium
1979 646 2058 675 por-

108 681 170 703 tam
193 673 318 703 eandem
342 686 403 704 esse
426 679 455 703 et
476 674 663 712 trigeminam
684 676 720 704 ab
744 687 777 704 eo
801 675 927 704 Minutio
951 674 992 704 sic
1017 674 1144 710 dictam,
1173 673 1224 711 qui
1248 678 1331 702 extra
1354 683 1417 702 eam
1441 677 1544 703 aurato
1566 674 1642 704 bove
1666 676 1792 705 donatus
1815 680 1873 713 est,
1902 681 1937 706 ut
1958 683 2058 708 narrat

108 716 211 746 Livius
228 717 285 754 IV,
311 719 358 748 16.
402 718 461 746 Sed
484 717 557 745 nihil
579 718 620 746 ibi
644 719 679 746 de
702 718 826 747 sacello:
852 728 944 756 quare
967 716 1095 756 amplius
1118 716 1331 755 quaerendum.
1375 715 1430 744 Da
1440 727 1465 744 c.

271 759 463 789 Minorem
486 758 627 789 Delum.
673 761 747 789 Vide
769 759 975 791 Dicaearchia.
999 760 1089 790 Dac.
1126 757 1224 787 Delos.
1264 759 1361 787 Delus.
1409 756 1512 787 Goth.

273 800 454 832 Militem.
500 803 525 831 A
548 803 672 832 mollitie
697 803 809 832 dictum
834 803 899 831 vult
922 803 1021 831 Aelius
1044 801 1136 839 Stilo,
1160 799 1213 829 sed
1234 811 1401 840 perperam.
1434 799 1495 829 Atii
1517 800 1600 829 miles
1623 812 1639 830 a
1662 800 1743 831 mille
1765 804 1850 841 quasi
1871 803 2054 834 millesimus.

107 843 233 882 Eutrop.
257 843 310 873 lib.
327 844 346 872 1.
370 844 406 872 de
427 846 570 873 Romulo:
600 844 692 875 Mille
711 853 891 886 pugnatores
915 843 1035 885 delegit,
1064 856 1137 885 quos
1161 855 1178 872 a
1202 854 1319 872 numero
1342 842 1447 872 milites
1469 841 1636 882 appellavit.
1680 845 1738 873 Sed
1760 845 1867 874 milites
1889 846 1972 884 prius
1994 859 2057 877 me-

107 886 177 914 rites
199 886 290 921 dicti,
313 892 415 925 postea
439 886 564 924 meliies,
591 887 697 916 milites
721 889 802 916 unde
826 893 854 916 et
877 893 1029 917 contracto
1052 887 1169 915 nomine
1191 886 1281 914 iidem
1305 886 1378 915 dicti
1400 884 1508 914 metelli
1530 885 1612 924 quasi
1634 886 1778 919 meritelli.
1822 888 1978 918 Eruditiss.
1999 890 2056 919 Ae-

106 928 164 966 gid.
189 929 342 967 Menagius
365 928 447 958 miles
470 931 511 959 uit
534 940 596 958 esse
619 941 635 958 a
659 931 773 959 Graeco
798 931 883 970 μῖλαξ
904 930 934 958 id
958 936 1002 959 est
1022 928 1184 970 popularis.
1233 928 1316 964 Quae
1345 939 1407 957 vox
1436 933 1466 956 et
1490 928 1612 957 militem
1634 929 1774 965 significat
1797 935 1826 959 et
1849 941 1914 960 eum
1937 932 1990 971 qui
2012 937 2057 962 est

105 970 238 1000 eiusdem
262 972 383 1011 populi,
406 977 440 1001 ut
464 973 585 1001 Graecis
608 976 738 1012 πρυλεῖς.
775 973 858 1001 Unde
880 973 911 1001 in
934 973 1086 1001 veteribus
1110 971 1223 1000 Glossis
1243 969 1402 1011 populares
1425 973 1606 1010 στρατιῶται.
1642 971 1687 999 Ex
1709 973 1794 1011 μῖλαξ
1816 973 1928 1002 factum
1951 973 2055 1012 milex,

104 1017 138 1041 ut
161 1013 245 1042 sorex
269 1024 305 1042 ex
329 1012 420 1052 ῧραξ,
453 1021 484 1043 ut
507 1016 607 1054 pellex
631 1026 668 1044 ex
691 1013 820 1051 πάλλαξ,
852 1020 879 1044 et
902 1016 1009 1044 deinde
1033 1025 1069 1044 ex
1091 1013 1185 1043 milex
1208 1014 1319 1042 factum
1342 1012 1439 1050 miles,
1471 1015 1485 1050 ξ
1508 1018 1620 1042 mutato
1643 1013 1674 1042 in
1696 1027 1724 1051 s,
1755 1020 1788 1044 ut
1811 1015 1907 1045 trabes
1929 1027 1966 1046 ex
1987 1015 2055 1057 πρά-

106 1057 184 1094 φαξ,
208 1054 269 1084 dies
292 1067 329 1085 ex
353 1059 436 1094 ὸίαξ,
460 1063 515 1086 etc.
538 1057 626 1087 Dac.
671 1058 738 1088 Vid.
762 1058 864 1087 1.1.ff.
890 1058 926 1087 de
950 1063 1122 1086 testamento
1145 1057 1255 1087 militis.
1306 1055 1407 1085 Goth.

269 1098 527 1131 minem-imus.
564 1100 671 1129 IVIirzus
692 1111 821 1139 parvus,
845 1111 900 1140 pro
925 1111 984 1139 quo
1007 1100 1146 1129 dicebant
1169 1100 1256 1128 etiam
1279 1100 1386 1136 miner,
1411 1103 1442 1127 ut
1463 1105 1558 1135 υεὶιιε,
1580 1104 1673 1137 veter,-
1695 1097 1813 1137 viduus,
1836 1099 1952 1139 viduer,
1975 1101 2055 1131 uude

103 1138 259 1170 viduerms.
303 1141 389 1173 Dae.
602 1149 606 1153 ”

267 1183 510 1213 Miniscitur.
557 1184 612 1213 Pro
631 1185 878 1222 comminiscitur,
902 1185 1104 1215 reminisciiur.
1128 1184 1204 1213 Vide
1221 1190 1356 1213 mentum.
1376 1182 1462 1212 Dac.
1489 1183 1514 1211 A
1530 1182 1631 1211 radice
1647 1183 1796 1212 Sanscrita
1814 1183 1892 1221 man,
1915 1186 2054 1224 cogitare.

265 1225 450 1256 Minerva.
495 1226 581 1255 Prius
608 1226 746 1256 dicebant
768 1226 923 1263 Menam,
959 1239 974 1256 a
998 1238 1055 1266 qua
1081 1236 1253 1256 menervare
1277 1230 1339 1254 erat
1361 1236 1482 1254 monere
1507 1231 1540 1254 ut
1562 1226 1590 1253 in
1614 1226 1713 1254 saliari
1737 1226 1865 1255 carmine
1884 1238 2053 1267 promener—

102 1274 168 1303 vat,
196 1273 314 1305 monet;
344 1280 453 1298 menere
475 1274 519 1297 est
540 1280 670 1307 monere,
703 1281 719 1297 a
742 1279 801 1308 quo
824 1270 983 1307 meniscor,
1015 1275 1048 1298 ut
1070 1280 1143 1310 apo,
1175 1270 1310 1310 apiscor‚·
1342 1268 1506 1306 composita
1530 1268 1725 1305 comminisci,
1757 1270 1910 1300 reminisci.
1953 1271 2055 1309 Neque

102 1313 200 1338 tamen
222 1310 363 1339 Menenia
386 1322 401 1339 a
425 1322 551 1348 menere3
588 1322 654 1340 nam
677 1312 827 1340 Minervae
856 1322 965 1341 nomen
989 1313 1183 1351 Aegyptium,
1220 1317 1254 1340 ut
1276 1311 1387 1350 optime
1410 1311 1514 1339 docuit
1537 1310 1702 1349 Stephanus
1726 1311 1906 1341 Guichartus
1927 1313 1960 1342 in
1980 1313 2056 1342 Har-

100 1352 199 1380 monia
222 1352 418 1391 etymologica
439 1354 617 1391 linguarum.
645 1354 760 1394 Nempe
782 1365 799 1382 a
822 1364 897 1383 voce
919 1366 1038 1392 manor,
1063 1355 1144 1394 quod
1167 1359 1211 1383 est
1232 1354 1463 1382 instrumentum
1486 1353 1662 1391 teucrium,
1685 1354 1795 1382 factum
1818 1355 1942 1384 minora.
1970 1355 2055 1386 Unde

100 1394 210 1423 Latinis
233 1395 378 1434 minerva,
416 1396 538 1425 texendi
561 1397 730 1434 inventrix,
769 1397 850 1436 apud
872 1397 1035 1436 Aegyptios
1058 1398 1136 1426 enim
1160 1407 1207 1426 ars
1231 1396 1352 1426 texendi
1374 1396 1504 1435 primum
1526 1396 1653 1426 inventa.
1699 1397 1739 1425 Ea
1762 1406 1852 1425 manu
1874 1397 2054 1428 liciatorium

99 1442 202 1465 tenens
228 1437 414 1476 pingebatur.
460 1439 550 1475 Quod
573 1440 758 1469 liciatorium
781 1440 850 1478 quia
871 1440 976 1469 hastae
999 1441 1063 1469 sive
1085 1441 1206 1469 lanceae
1229 1439 1324 1468 simile
1346 1445 1424 1476 erat,
1462 1444 1495 1468 ut
1516 1438 1548 1467 in
1570 1439 1621 1467 lib.
1645 1439 1714 1477 Reg.
1730 1439 1755 1469 I.
1779 1450 1842 1479 cap·
1857 1442 1906 1472 17.
1929 1450 1959 1472 v.
1975 1443 2002 1473 7.
2027 1447 2055 1470 et

99 1479 149 1509 lib.
163 1479 202 1508 ΙΙ.
226 1483 355 1519 cap.21.
379 1491 407 1512 v.
423 1484 472 1513 19.
497 1482 565 1511 inde
590 1483 712 1511 Graecis
736 1487 764 1511 et
786 1482 900 1511 Latinis
922 1483 1057 1511 Minerva
1079 1482 1193 1511 hastam
1216 1487 1318 1510 tenere
1341 1482 1454 1510 credita
1477 1486 1530 1511 est.
1550 1481 1637 1510 Dac.
1667 1482 1819 1519 Minerva,
1842 1482 1964 1513 Etrusce
1987 1482 2055 1513 Μέ·

99 1521 184 1564 uersa
207 1527 237 1551 et
257 1522 401 1564 liffemfa,
425 1523 501 1552 nihil
524 1530 567 1553 est
588 1526 643 1553 nisi
668 1525 853 1553 Graecorum
877 1522 1081 1564 Μνημοσύνη.
1126 1525 1169 1553 Cf.
1190 1524 1306 1553 Miiller.
1329 1524 1376 1552 die
1398 1525 1550 1553 Etrusker.
1573 1529 1643 1553 tom.
1656 1524 1700 1560 Π,
1721 1533 1786 1563 pag.
1799 1525 1851 1557 48.
1862 1534 1942 1565 seqq.

265 1564 444 1595 Milvina.
488 1566 622 1595 Meminit
645 1567 782 1603 Solinus,
814 1577 881 1606 cap.
897 1569 945 1598 10.
971 1565 1070 1597 Scal.
1118 1566 1223 1596 Tibiae
1243 1576 1317 1606 quae
1341 1566 1469 1605 lugerent
1492 1578 1511 1595 a
1533 1566 1631 1595 milvis
1653 1565 1750 1596 dictae
1771 1566 1908 1597 milvinae
1928 1579 2002 1609 quae
2022 1569 2054 1598 in

100 1613 238 1635 accentus
259 1615 366 1636 exeunt
388 1609 583 1637 acutissimos.
617 1609 709 1638 Solin.
734 1619 758 1637 c.
775 1612 825 1639 11.
864 1609 937 1637 Vide
960 1607 1064 1648 lugere.
1086 1608 1176 1638 Dac.
1216 1608 1292 1637 Vide
1315 1609 1405 1637 Solin.
1431 1619 1455 1637 c.
1472 1611 1522 1641 10.
1570 1607 1677 1638 Goth.

265 1648 474 1679 Miracula.
518 1651 575 1679 Pro
604 1651 693 1680 rebus
724 1651 872 1689 turpibus.
918 1651 1044 1679 Arnob.:
1084 1650 1180 1680 Vertit
1203 1649 1303 1680 Baulo
1334 1658 1426 1688 artes,
1461 1659 1488 1680 et
1511 1662 1598 1691 quam
1621 1652 1694 1680 serio
1718 1661 1776 1680 non
1799 1650 1903 1691 quibat
1924 1651 2052 1690 allicere,

101 1687 296 1718 ludibriorum
318 1692 420 1720 statuit
442 1691 612 1722 exhilarare
634 1692 793 1723 miraculis.
833 1693 906 1722 Inde
930 1693 1086 1722 miraculae
1108 1693 1279 1722 meretrices
1302 1694 1408 1723 dictae.
1444 1694 1540 1723 Plaut.
1564 1693 1661 1734 (Frag.
1685 1694 1762 1722 Astr.
1786 1692 1885 1735 v.9.):
1908 1694 2053 1725 Diobola-

101 1743 160 1768 res,
184 1731 400 1771 schoeniculae,
426 1734 596 1764 miraculae.
642 1736 737 1772 Quem
760 1737 861 1764 locum
884 1737 1032 1765 adducens
1056 1736 1150 1765 Varro
1174 1736 1223 1765 lib.
1237 1736 1284 1766 VI.
1310 1735 1366 1775 (De
1389 1736 1421 1765 L.
1443 1737 1474 1766 L.
1496 1736 1565 1773 VII,
1588 1746 1654 1774 pag.
1670 1735 1742 1768 345.
1765 1735 1847 1777 Sp.):
1871 1736 2052 1775 Miraculae,

100 1773 215 1812 inquit,
238 1785 257 1803 α
279 1775 378 1810 miris,
402 1775 434 1805 id
456 1785 496 1806 est
519 1779 673 1814 monstris,
697 1790 715 1807 a
739 1789 796 1819 quo
818 1778 925 1808 Aelius
943 1789 1083 1818 personas
1106 1777 1244 1808 distortas
1267 1778 1366 1808 oribus
1390 1777 1532 1819 diformes
1554 1779 1699 1808 miriones.
1743 1778 1875 1808 Monstra
1898 1780 1986 1809 etiam
2007 1780 2051 1810 di-

99 1816 146 1845 xit
169 1817 275 1846 catull.
299 1816 390 1856 (104,
413 1818 456 1859 4.)
481 1830 556 1859 quae
576 1821 689 1849 Arnob.
713 1827 741 1849 et
763 1821 866 1850 Festus
890 1821 1050 1850 miracula:

678 1862 739 1892 Sed
761 1871 792 1891 ιιι
815 1875 879 1893 cum
905 1862 1043 1903 Cappone
1064 1864 1163 1892 omnia
1185 1870 1316 1892 monstra
1328 1861 1425 1903 facis.

99 1899 191 1931 Dac.
228 1901 391 1931 Miracula.
429 1904 475 1933 Ita
498 1905 612 1934 Nonius
634 1905 666 1933 in
688 1905 773 1936 Zilira
798 1906 874 1945 (pag.
888 1909 960 1939 521.
986 1906 1097 1943 Merc.).
1135 1904 1306 1934 Illiraculae
1330 1904 1465 1934 Varroni.
1512 1902 1617 1935 Goth.

265 1943 419 1976 Mirior.
466 1947 574 1976 Varro:
597 1951 697 1988 γνῶθι
719 1947 839 1979 σαυτόν.
874 1947 954 1987 Quid
977 1947 1032 1978 hoc
1056 1948 1178 1977 mitius?
1203 1947 1290 1977 Dae.
1321 1947 1401 1976 Idem
1425 1947 1537 1976 Nonius
1559 1945 1603 1988 (p.
1618 1948 1688 1980 135.
1710 1943 1830 1987 Merc.):
1852 1946 1962 1977 Min-ius
1982 1958 2050 1976 ma-

97 1984 145 2023 gis
165 1985 281 2017 mirum.
330 1985 436 2018 Goth.

263 2028 450 2060 Ilffisenum
474 2034 785 2071 promontorium.
829 2032 960 2061 Mentem
983 2036 1073 2060 vocat
1094 2031 1197 2069 virgil.
1216 2031 1270 2068 Vt,
1296 2032 1406 2068 (234.):

677 2074 783 2104 Monte
804 2074 857 2103 sub
883 2075 980 2111 aerio,
1008 2075 1060 2114 qui
1082 2085 1158 2103 nunc
1180 2073 1314 2103 Misenus
1336 2073 1374 2103 al>
1396 2073 1450 2104 illo

677 2117 795 2146 Dicitur
817 2123 1019 2157 aeternumque
1041 2124 1114 2145 tenet
1135 2127 1186 2155 per
1208 2115 1327 2146 saecula
1351 2128 1461 2146 nomen.

98 2151 187 2182 Dac.

262 2196 482 2231 miseratur.
526 2200 669 2230 Miserari
691 2206 736 2230 est
758 2201 915 2230 lamentari
937 2206 968 2229 et
990 2201 1161 2240 deplorare,
1199 2202 1343 2239 misereri,
1381 2201 1502 2231 alterius
1524 2194 1698 2230 infelicitate
1719 2200 1844 2230 moveri.
1890 2200 1933 2229 [ta
1954 2199 2043 2229 mise-

97 2247 202 2267 ramur
223 2248 325 2268 casum
349 2247 504 2279 nostrum,
527 2244 652 2273 aliorum
675 2244 883 2273 infortunium.
931 2244 1008 2281 Virg.
1025 2243 1066 2280 V,
1090 2244 1201 2281 (350.):

719 2286 774 2316 Me
795 2285 884 2315 liceat
907 2296 1006 2315 casum
1028 2286 1161 2314 miserari
1183 2286 1305 2315 insontis
1327 2287 1425 2317 amici.

96 2322 220 2353 Sueten.
242 2325 274 2353 in
298 2325 401 2356 Claud.
425 2324 560 2369 (c.36.):
589 2328 752 2358 ,Miseratus
774 2336 814 2357 est
838 2327 1033 2358 conditionem
1055 2340 1147 2358 suam.
1192 2328 1286 2359 Plaut.
1311 2329 1406 2368 (Epid.
1423 2328 1480 2365 IV,
1508 2332 1540 2365 1,
1562 2329 1621 2365 7.):

718 2370 756 2400 Se
778 2371 872 2410 ipsam
895 2372 1054 2400 miseratur.

1482 2422 1634 2467 Ppp*
