2263 2668
235 176 310 211 528
666 169 1011 203 COMMENTARH
1036 170 1084 202 IN
1110 169 1253 203 PAULI
1278 170 1475 204 DIACONI
1499 172 1753 207 EXCERPTA

237 270 417 307 scaligerum
440 263 570 302 sequaris
592 262 622 290 in
645 262 696 290 illo
721 262 815 290 Plauti
839 273 910 290 nave
932 273 1017 302 agere
1039 269 1167 301 oportet,
1189 267 1245 291 etc.
1270 274 1340 292 nave
1362 274 1422 291 non
1446 264 1502 293 erit
1527 275 1543 293 a
1567 276 1673 302 navus,
1697 265 1749 294 sed
1772 276 1786 294 a
1810 266 1907 303 nauis,
1934 268 2085 298 manifeste
2108 282 2180 300 con-

237 318 281 342 tra
304 312 382 340 Festi
405 306 592 339 sententiam,
618 314 706 342 quani
729 304 780 333 hic
803 315 1002 343 praegravare
1026 305 1128 333 decere
1151 305 1296 342 arbitror,
1322 306 1360 334 ita
1385 312 1417 334 ut
1439 307 1534 335 Plauti
1556 318 1658 336 versus
1680 309 1797 346 legatur
1819 314 1852 337 ut
1875 309 1911 337 ab
1936 320 1969 337 eo
1992 312 2103 348 positus
2126 320 2180 350 ebt,

237 360 266 384 et
288 355 329 382 sic
351 348 521 388 simpliciter
543 351 720 384 exponatur.
762 347 802 375 Te
824 347 856 375 id
878 347 994 375 naviter
1017 357 1100 385 agere
1123 353 1257 386 oportet,
1298 348 1380 386 quod
1403 359 1486 386 agas,
1517 360 1576 378 non
1600 361 1670 379 vero
1694 352 1813 379 remisse
1836 351 1921 389 quasi
1944 352 2073 390 invitus,
2105 366 2181 393 qua-

237 399 319 434 sique
341 395 371 422 in
395 402 428 420 eo
452 400 511 418 non
534 394 639 427 sponte
662 394 712 417 tua
735 389 821 426 ferri,
845 390 896 417 sed
920 400 973 428 per
996 390 1056 418 vim
1080 390 1151 418 duci
1174 391 1317 427 videaris,
1344 392 1406 420 sive
1429 393 1529 430 potius
1552 392 1638 423 trahi.
1683 393 1782 429 Nave,
1805 393 1824 421 i.
1848 396 1973 431 naviter,
1998 397 2182 436 σπουδαίως,

235 446 360 472 strenue,
391 438 423 462 ut
446 436 600 470 exponunt
623 431 744 469 glossae.
782 432 854 460 Item
878 442 970 460 navus
994 433 1174 470 ἔμπρακτος,
1201 431 1389 471 εύστραφής,
1422 431 1592 473 εὐκίνητος,
1616 441 1773 471 actuosus,
1797 436 1899 473 agilis,
1923 441 2069 466 strenuus.
2093 439 2180 470 Dac.

237 478 347 507 Glossis
370 472 511 513 εἰδήμων.
539 473 680 507 Naviter,
706 476 885 510 σπουδαίως.
914 473 1020 504 Goth.
1059 475 1102 503 Cf.
1124 486 1197 513 quae
1219 486 1309 514 supra
1334 476 1463 505 diximus
1487 477 1524 506 ad
1548 488 1594 508 vv.
1620 477 1731 516 Genas,
1756 477 1886 515 Gnaeus,
1914 477 2033 517 Gauius,
2060 479 2182 513 Gnotus.

396 523 563 555 Navalis
586 524 721 553 scriba.
749 525 809 562 (Ad
832 536 859 565 p.
875 528 957 563 179.)
988 526 1107 555 Navalis
1129 527 1224 555 scriba
1248 528 1377 564 dictum,
1402 533 1460 556 tarn
1482 534 1610 567 propter
1633 529 1776 562 scribam,
1802 539 1890 567 qnam
1913 535 2036 569 propter
2057 532 2181 570 navalis,

235 571 302 610 quia
318 574 346 599 et
362 574 483 602 nautae,
508 573 535 595 et
558 568 588 595 id
611 577 702 604 genus
724 567 876 597 hominum
894 570 967 596 male
985 569 1077 597 audit.
1106 569 1201 598 Etiam
1220 570 1299 608 apud
1316 569 1476 599 Homerum
1493 571 1605 600 navalis
1621 571 1718 600 scriba
1735 577 1778 601 est
1801 573 1986 609 convicium3
2006 570 2126 605 Ὀδυσσ.
2140 573 2181 606 θ’.

234 613 330 651 (VIII,
355 611 453 651 163.):
494 608 614 648 Φόρτου
639 622 667 640 τε
688 609 831 648 μνήμων,
871 611 919 640 καὶ
943 612 1121 650 ἐπίστροφος
1151 607 1222 652 ᾗσιν
1253 610 1381 650 ὁδαίων,
1421 613 1478 641 hoc
1508 619 1568 650 est,
1597 613 1788 654 γραμματεύς
1811 615 1943 653 φόρτου,
1978 617 2028 646 καὶ
2050 616 2183 654 ἐφοδίων

232 656 346 694 ταμίας.
387 655 422 682 Et
445 654 601 691 legendum
624 651 778 681 columbar
800 652 970 693 impuden55
994 654 1105 683 dictum
1129 655 1229 683 eadem
1253 655 1366 691 forms,
1392 666 1450 693 qua
1475 657 1608 684 Catullus
1631 657 1783 686 mulierem
1806 658 1957 696 prostituti
1980 659 2105 697 pudoris
2129 670 2182 688 vo-

232 705 280 727 cat
302 696 444 737 lupanar,
478 695 619 723 Lucillius
643 706 743 724 carcer
764 701 852 724 vocat
875 707 955 732 eum,
986 698 1037 735 qui
1060 697 1169 725 meruit
1191 698 1220 725 in
1244 698 1364 726 vincula
1388 699 1506 728 coniici.
1548 697 1738 728 Columbaria
1760 701 1791 728 in
1814 710 1886 728 nave
1907 707 1974 728 sunt
1996 711 2045 738 ea,
2076 701 2182 742 quibus

233 741 303 769 remi
325 740 466 775 eminen15
500 737 540 765 ita
564 738 641 766 euim
664 738 843 775 legendum,
876 740 952 767 dicta
977 750 991 767 a
1016 740 1207 768 similitudine
1231 740 1425 776 foraminum,
1460 742 1490 769 in
1514 742 1621 780 quibus
1643 752 1698 780 par
1723 743 1925 771 columbarum
1949 742 2087 772 nidificat.
2132 745 2180 773 Ab

232 783 332 812 eadem
357 780 552 809 similutudine
575 785 603 808 et
625 780 655 808 in
679 791 711 808 re
736 781 968 810 architectonica
992 783 1064 820 quid
1088 783 1246 820 significet,
1277 782 1368 812 habes
1391 784 1473 822 apud
1497 784 1676 815 Vitruvium,
1702 784 1800 814 Scal.
1847 785 2022 814 convicium
2045 790 2078 814 ut
2101 787 2181 825 apud

231 826 348 854 Homer.
373 822 479 861 Odyss.
496 820 536 852 θ’.
561 820 678 862 φόρτου
702 821 845 863 μνήμων,
872 824 901 852 id
927 829 988 861 est,
1018 825 1205 866 γραμματεύς
1229 823 1355 864 φόρτου.
1401 827 1475 864 Lege
1497 826 1526 854 in
1552 827 1624 856 fine:
1659 826 1846 866 appellantur
1867 838 1901 856 ea
1924 839 1938 856 e
1959 827 2065 867 quibus
2087 830 2181 858 remi-

228 873 317 906 gant;
339 866 401 894 sive
424 870 458 893 ut
479 866 607 894 Turneb.
632 870 661 894 et
684 866 760 895 Scal.
784 866 888 906 quibus
912 868 982 896 remi
1003 869 1135 896 eminent.
1161 868 1210 896 Da
1221 880 1244 897 c.
1276 867 1365 897 Esset.
1395 870 1474 898 Esse.
1507 868 1706 898 Columbaria.
1731 870 1899 899 Columbar.
1929 870 1987 898 Alii
2011 871 2040 898 in
2065 871 2181 900 colum—

230 910 307 945 bari,
331 909 349 937 i.
369 918 392 938 e.
417 908 447 936 iu
470 908 593 936 viuculo
619 908 696 937 colli.
733 907 894 948 Remigent.
927 911 999 939 Rem
1022 911 1184 948 geminent,
1206 911 1235 939 id
1261 913 1337 939 enim
1362 911 1550 940 columbaria.
1597 910 1701 941 Goth.

392 958 611 989 Nasiterna.
655 958 838 989 Nassiterna.
872 960 937 990 vid.
961 962 1094 999 Fulgent.
1119 962 1246 990 Placiad.
1270 962 1305 991 de
1330 963 1459 1001 antiquis
1482 962 1618 991 vocibus.
1641 962 1727 991 Ant.
1746 963 1841 1003 Aug.
1880 963 1984 992 Scribo
2008 961 2179 1001 Nasiterna,

229 1001 310 1041 quod
332 1006 392 1030 tres
415 1011 519 1039 nasos,
542 1001 601 1031 hoc
623 1006 667 1031 est
689 1013 773 1030 ansas
796 1002 933 1037 haberet3
956 1004 994 1032 ita
1019 1005 1179 1033 Vatinianis
1203 1005 1345 1034 calicibus
1370 1007 1497 1043 assignat
1519 1016 1605 1034 nasos
1628 1006 1771 1034 Martialis
1795 1011 1823 1034 et
1844 1006 1993 1036 Iuvenalis
2016 1006 2074 1044 (V,
2097 1007 2178 1044 47.):

690 1054 731 1082 Tu
759 1053 949 1083 Beneventani
970 1057 1077 1084 sutoris
1101 1067 1202 1085 nomen
1225 1056 1376 1086 habentem

685 1095 821 1125 Sic-cabis
844 1095 966 1126 calicem
989 1109 1125 1127 nasorum
1148 1106 1296 1138 quattuor.

229 1147 327 1185 Equos
350 1151 417 1185 post
439 1147 572 1175 confecta
597 1148 690 1186 spatia
714 1147 810 1175 solere
834 1147 1002 1185 perfusione
1026 1160 1119 1187 aquae
1143 1151 1269 1178 recreari
1292 1150 1321 1178 in
1346 1150 1535 1179 Circensibus
1558 1150 1704 1188 intellige,
1738 1160 1805 1179 cum
1829 1150 1883 1179 ait:
1920 1151 2006 1189 quate
2030 1155 2088 1187 est,
2119 1161 2178 1189 quo

228 1190 296 1226 equi
326 1189 466 1227 perfundi
496 1190 601 1219 solent.
650 1190 790 1228 Ulpianus
814 1191 863 1219 lib.
878 1190 925 1220 lV.
950 1192 986 1219 de
1009 1191 1054 1219 liis
1078 1192 1128 1230 qui
1152 1197 1293 1221 notantur
1321 1193 1458 1221 infamia:
1495 1192 1596 1233 Neque
1625 1191 1788 1229 thimelici,
1827 1204 1915 1233 neque
1938 1194 2055 1229 rustici,
2090 1203 2179 1233 neque

227 1233 399 1270 agitatores.
429 1243 518 1272 neque
540 1233 590 1272 qui
612 1242 719 1272 aquam
744 1232 823 1272 equis
844 1241 993 1272 spargunt.
1039 1235 1162 1262 Versum
1187 1241 1284 1264 autem
1308 1236 1402 1264 Plauti
1426 1235 1531 1264 iisdem
1554 1236 1615 1264 fere
1636 1236 1735 1263 verbis
1758 1246 1793 1263 ex
1818 1239 1917 1264 eadem
1943 1236 2041 1264 sabula
2066 1238 2178 1274 produ-

229 1276 268 1302 cit
292 1274 462 1311 Fulgentius
484 1275 644 1303 Placiades.
687 1275 805 1303 Catonis
829 1275 917 1303 verba
943 1277 1147 1305 emendamus:
1182 1276 1320 1315 Quotiens
1343 1277 1405 1306 vicli
1427 1277 1563 1315 trulleos,
1594 1278 1772 1313 nasiternas,
1799 1285 1930 1317 pertusos
1952 1277 2089 1318 aquales,
2111 1289 2178 1306 ma-

227 1315 311 1345 tellas
332 1317 393 1345 sine
415 1318 500 1346 ansis.
534 1316 634 1346 Scal.
678 1317 758 1346 Infra
783 1327 886 1346 versus
909 1319 1005 1347 Plauti
1029 1330 1115 1359 quem
1141 1330 1177 1348 ex
1200 1321 1374 1349 Nervolaria
1397 1320 1500 1349 laudat
1521 1321 1642 1356 Festus,
1680 1321 1705 1349 is
1729 1320 1817 1349 hodie
1840 1321 1948 1359 legitur
1969 1321 1999 1349 in
2019 1320 2122 1349 Sticho
2141 1321 2177 1357 ΙΙ,

227 1361 263 1394 2,
288 1358 381 1398 (27.):

621 1412 664 1441 Di.
689 1411 797 1452 Ecquis
819 1411 875 1441 huc
898 1414 985 1454 affert
1009 1415 1183 1443 nasiternam
1208 1426 1272 1443 ciem
1295 1413 1401 1455 aqua?
1446 1415 1496 1443 Ge.
1528 1414 1598 1443 Sine
1620 1414 1766 1455 suffragio

689 1453 796 1493 Populi
819 1461 912 1484 tamen
937 1455 1121 1486 aedilitatem
1144 1457 1191 1486 lzic
1214 1455 1329 1497 quidem
1351 1458 1434 1496 gerit,

225 1503 314 1533 Dac.
344 1503 503 1533 Nasiterna
525 1505 619 1533 Nonio
643 1504 720 1543 (pag.
734 1505 819 1543 546.)
843 1511 871 1534 et
894 1507 1049 1545 Fulgentio
1075 1508 1152 1547 (pag.
1167 1507 1250 1545 563.)
1276 1519 1292 1536 a
1316 1518 1395 1536 uase.
1440 1507 1526 1536 Unde
1550 1508 1696 1536 nasiterna
1719 1517 1809 1544 genus
1831 1508 1910 1535 vasis
1933 1507 2048 1545 aquarii
2071 1508 2177 1543 ansati,

226 1546 273 1574 cui
298 1551 326 1575 et
350 1557 428 1575 ansa.
466 1548 505 1575 De
529 1558 596 1576 ansa
623 1548 681 1577 vid.
704 1548 723 1575 l.
738 1550 787 1579 26.
814 1548 837 1587 ξ.
853 1551 879 1579 l.
894 1549 922 1577 ss'.
948 1550 983 1578 de
1007 1550 1177 1588 acquirend.
1202 1561 1302 1578 rerum
1326 1551 1435 1578 domin.
1459 1551 1541 1582 l.21.
1565 1552 1587 1587 §.
1602 1550 1631 1580 4.
1646 1549 1675 1578 fl'.
1698 1549 1735 1578 de
1758 1549 1851 1578 furtis.
1879 1547 1984 1578 Goth.
2023 1548 2087 1587 Quo
2113 1551 2178 1589 equi

223 1587 364 1629 perfundi
392 1588 494 1618 solent.
539 1590 612 1618 Vide
641 1601 715 1629 quae
739 1590 865 1618 scribam
890 1592 926 1620 ad
951 1592 1012 1623 l.4.
1037 1593 1067 1620 in
1091 1593 1168 1631 prin.
1192 1592 1241 1620 ibi.
1266 1593 1317 1630 qui
1340 1602 1445 1630 aquam
1469 1592 1551 1630 equis
1575 1596 1726 1630 spargunt.
1750 1592 1779 1620 ff.
1807 1592 1842 1619 de
1865 1591 1928 1627 his,
1964 1592 2013 1629 qui
2037 1597 2178 1620 notantur

226 1631 325 1660 insani.
363 1631 475 1671 Ecquis
498 1631 554 1661 lzuc
577 1633 669 1673 essert.
706 1632 815 1670 Ecquis
838 1631 898 1661 huc
921 1635 1017 1663 adfert
1039 1636 1231 1663 nassiternam
1256 1645 1323 1663 cum
1347 1645 1421 1672 aqua
1446 1635 1509 1662 sine
1533 1634 1680 1670 sunt-agio.
1717 1633 1883 1674 Stffrflgio·
1918 1634 2094 1672 Sum-agium
2119 1634 2178 1669 hic,

227 1674 347 1711 opinor,
376 1674 624 1710 instrumentum,
659 1686 716 1713 quo
741 1685 885 1712 equorum
910 1687 985 1715 aqua
1009 1678 1145 1716 perfusae
1168 1677 1341 1714 suffragines
1365 1682 1518 1707 curantur.
1563 1676 1766 1718 Sfflaginum
1790 1675 1824 1704 fit
1847 1677 1957 1704 mentio
1980 1677 2060 1715 apud
2083 1677 2177 1705 Isido-

227 1725 290 1743 rum
315 1717 423 1754 (Etym.
442 1717 500 1754 Xt,
526 1720 595 1749 107.
621 1718 811 1755 pag.1098-).
839 1716 942 1748 Goth.
990 1719 1114 1748 Truilos.
1153 1720 1308 1756 Trulleos,
1340 1720 1419 1758 apud
1443 1720 1631 1757 Fulgentium
1656 1720 1741 1755 (Non.
1766 1728 1829 1757 pag.
1844 1720 1937 1755 547.)
1985 1717 2103 1758 Tryllae
2125 1719 2178 1747 di-

228 1763 333 1787 cuntur
355 1759 385 1786 in
410 1760 428 1787 l.
444 1761 491 1790 19.
515 1761 536 1797 ᾗ.
552 1763 582 1792 9,
598 1760 627 1788 ff.
652 1760 688 1788 de
712 1770 800 1796 aur0,
824 1767 953 1799 argento.
987 1761 1135 1804 Perfusos.
1167 1764 1315 1792 Pertusos.
1359 1761 1472 1791 Idem.

389 1809 523 1839 Nassa.
567 1812 663 1843 Plaut.
681 1813 709 1840 in
727 1812 833 1840 Milite:
857 1812 1015 1853 Nunquam
1034 1812 1144 1842 Hercle
1165 1824 1206 1842 ex
1227 1815 1284 1842 ista
1306 1824 1395 1842 nassa
1418 1824 1469 1852 ego
1492 1810 1579 1841 hodie
1599 1823 1694 1841 escam
1716 1819 1820 1850 petam.
1844 1811 1934 1840 Ant.
1958 1811 2048 1850 Aug.
2078 1812 2175 1843 Gloss,

230 1859 314 1876 nassa
337 1849 443 1889 κύρτος
470 1849 642 1889 ἇλιευτικός.
672 1855 725 1883 Da
736 1866 759 1885 c.
805 1855 914 1884 Nassae
938 1856 1072 1884 meminit
1095 1856 1202 1884 Paulus
1217 1858 1247 1888 3.
1280 1857 1411 1884 Sentent.
1435 1866 1459 1883 c.
1473 1858 1523 1887 66.
1561 1854 1727 1884 Piscatorii.
1765 1854 1937 1882 piscatoria.
1973 1852 2108 1883 Plautus.
2146 1855 2178 1883 ln

231 1889 321 1919 Milite
343 1893 398 1930 (ll,
423 1897 458 1929 6,
481 1896 552 1935 98).
603 1895 709 1927 Goth.

391 1944 575 1984 Napurae.
619 1948 767 1988 Napuras‚
799 1948 871 1976 Vide
896 1955 1012 1977 nectere.
1029 1949 1116 1978 Ant.
1131 1949 1227 1989 Aug.
1259 1949 1396 1990 Napuras
1419 1950 1534 1978 nectito.
1568 1948 1664 1977 Verba
1688 1953 1756 1976 sunt
1778 1958 1816 1976 ex
1839 1949 2053 1976 commentario
2077 1957 2176 1975 sacro-

231 1990 310 2027 ru'n„
346 1984 478 2015 pomisex
503 1990 598 2018 „ll-„0¹-
620 2001 655 2018 e<
678 1991 846 2019 stramentis
870 2002 999 2029 napuras
1022 1993 1144 2029 nectito,
1176 1992 1233 2020 hoc
1257 1997 1318 2028 est,
1345 1991 1498 2032 funiculos
1517 1990 1618 2032 facito
1641 1989 1745 2031 quibus
1766 2002 1830 2019 sues
1852 1989 2054 2019 adnectantur.
2087 1989 2176 2020 Dac.

232 2022 307 2051 Vide
330 2024 453 2056 Nectere.
490 2030 629 2062 Feniculi.
665 2034 808 2062 Fuuiculi.
856 2031 960 2062 Goth.

394 2076 665 2114 Naustihulum.
713 2085 838 2113 Videtur
866 2085 966 2123 potius
998 2085 1115 2112 navium
1148 2085 1306 2113 stationem
1337 2084 1515 2121 significasse
1545 2085 1630 2123 quasi
1654 2084 1775 2112 navium
1806 2083 1974 2119 stabulum,
2008 2087 2041 2111 ut
2065 2083 2176 2112 Graece

231 2113 424 2165 vau'ototfiuog
448 2123 529 2156 quasi
553 2128 630 2154 ναῶν
653 2125 797 2165 σταθμός.
845 2127 908 2156 Vet.
931 2127 981 2155 lib.
1006 2138 1061 2166 pro
1084 2126 1197 2156 videtur
1219 2127 1308 2156 habet
1329 2126 1387 2156 vid.
1411 2138 1465 2166 pro
1487 2126 1641 2165 videlicet5
1672 2127 1754 2156 bene.
1783 2126 1871 2155 Dae.
1918 2127 1993 2154 Puto
2016 2126 2114 2164 potius
2139 2136 2173 2154 eo

232 2163 425 2196 ναυσταθμον
447 2163 613 2199 significari.
659 2168 757 2199 Scal.

299 2251 304 2256 ¹
395 2210 527 2241 Navia.
572 2215 651 2244 Haec
680 2218 801 2248 historia
831 2220 867 2248 de
896 2225 961 2248 cote
991 2221 1137 2248 novacula
1168 2221 1301 2259 praecisa
1333 2221 1367 2249 ab
1393 2221 1472 2249 Attio
1496 2221 1590 2249 Navio
1614 2231 1629 2248 a
1653 2220 1755 2248 multis
1785 2220 1924 2249 refertur.
1970 2218 2027 2247 Sed
2057 2218 2093 2246 de
2115 2217 2175 2246 ficu

233 2251 323 2280 Navla
345 2251 418 2280 nihil
441 2254 521 2282 aliud
545 2259 653 2294 accepi.
698 2262 799 2290 Cicero
824 2263 872 2290 tib.
886 2263 906 2291 I.
931 2263 971 2300 (e.
987 2264 1050 2300 17.)
1076 2263 1110 2291 de
1134 2263 1260 2293 Divinat.
1286 2269 1380 2292 cotem
1405 2264 1460 2299 ait,
1493 2268 1522 2292 et
1544 2263 1718 2291 novaculam
1743 2263 1887 2290 defossam
1911 2263 1940 2290 in
1966 2261 2103 2296 comitio,
2126 2269 2174 2288 su-

232 2303 346 2332 praque
374 2295 546 2341 impositum
575 2301 683 2336 puteal.
723 2303 802 2331 Idem
826 2306 864 2332 ait
889 2306 1009 2343 Dionys.
1034 2305 1146 2334 1tb.111.
1172 2305 1258 2343 (pag.
1272 2304 1363 2346 202.)
1390 2306 1501 2334 addens
1530 2311 1658 2335 statuam
1681 2315 1800 2334 aeneam
1824 2305 1918 2333 eidem
1941 2304 2004 2332 illic
2025 2307 2173 2337 statutam,

234 2335 315 2373 quod
344 2341 431 2365 etiam
462 2339 560 2368 Livius
588 2340 633 2379 (l,
657 2345 724 2380 36.)
747 2346 863 2381 scribit,
893 2352 921 2376 et
944 2348 1016 2375 Ptin.
1040 2348 1241 2377 lib.XXX[V.
1267 2350 1374 2386 cap.5.
1411 2349 1471 2380 val,
1496 2349 1573 2377 Max.
1597 2349 1647 2376 lib.
1662 2348 1683 2378 l.
1706 2358 1770 2386 cap.
1785 2348 1813 2377 4.
1858 2348 1888 2375 Ι).
1913 2347 2023 2375 Attium
2045 2344 2171 2373 Navium

234 2387 375 2416 augurem
398 2381 536 2418 appellat.
574 2383 614 2411 De
637 2384 694 2412 ficu
717 2387 854 2415 ruminali
878 2390 950 2418 Pliu.
976 2390 1025 2417 lib.
1039 2390 1103 2419 XV.
1126 2401 1189 2428 cap.
1206 2393 1254 2422 18.
1296 2391 1506 2426 Quaerendum
1529 2392 1620 2429 igitur
1644 2396 1701 2427 est,
1732 2400 1788 2428 qua
1810 2390 1924 2418 ratione
1946 2399 1994 2423 ea,
2018 2396 2092 2424 quae
2116 2387 2171 2414 de-

233 2426 316 2457 sunt,
339 2422 441 2451 sarciri
464 2429 598 2462 possunt.
622 2426 707 2455 Ant.
731 2427 822 2466 Aug.
869 2429 981 2465 Navia,
1005 2432 1088 2460 aliter
1110 2433 1206 2460 linter.
1246 2434 1281 2461 Et
1304 2443 1337 2461 eo
1361 2444 1480 2472 quoque
1503 2439 1628 2462 utuntur
1650 2434 1681 2460 in
1703 2433 1867 2461 vindemiis.
1903 2430 2021 2458 Servius
2044 2429 2073 2457 in
2096 2429 2171 2457 illud
