2263 2668
437 142 501 176 DE
535 141 809 177 VERBORUM
841 140 1232 177 SIGNIFICATIONE
1268 142 1581 180 FRAGMENTA.
1826 146 1902 180 229

120 240 189 283 cip
198 250 213 271 r
222 249 242 271 o
252 249 321 273 car
331 249 350 271 e
375 248 439 282 pro
467 237 554 270 ultro
582 237 732 281 citroque
759 249 901 282 poscere
928 236 975 270 usi
1002 241 1076 268 sunt
1102 236 1246 280 antiqui,
1283 238 1360 281 quia
1386 250 1529 283 procare
1556 245 1604 273 est
1630 251 1781 284 poscere.
1835 242 1902 274 Pa-

120 290 235 324 cuvius
261 290 294 322 in
317 290 471 322 Teucro:

221 341 410 387 Rapido,
453 341 702 384 reciproco,
745 340 931 385 percito,
971 344 1151 384 augusto
1163 366 1171 382 ,
1214 340 1363 381 citare,
1400 346 1578 383 rectem,
1612 343 1901 387 reciprocare.

326 392 434 426 unde
460 403 566 434 eque
592 391 768 436 gremiis
795 391 1040 425 subiectare
1052 415 1061 431 ,
1106 390 1316 436 adfigere.

121 445 259 478 Plautus
285 445 319 477 in
339 444 498 478 Astraba:

221 496 353 537 Quasi
379 495 604 528 tollenono
618 495 641 537 *,
685 499 755 527 aut
780 494 915 538 pilum
943 493 1153 526 Graecum
1180 495 1451 539 reciproceis
1478 496 1606 539 plana
1633 501 1710 529 uta.
1914 494 1950 519 'f-
1969 494 2075 520 tolleno-

117 548 367 588 Recellere,
409 546 571 580 reclinare
599 552 631 578 et
658 546 841 585 excellere,
880 546 913 577 in
941 545 1042 578 altuni
1072 545 1242 578 extollere.
1297 545 1515 579 Recinium
1543 558 1642 581 omne
1669 548 1899 581 vestimentum
1971 538 2025 555 nem

117 599 328 642 quadratum.
363 597 400 630 hi
412 602 424 614 *
452 598 510 640 qui
545 597 611 630 XII
644 597 849 641 interpretati
883 603 955 630 sunt
965 622 974 638 ,
1028 608 1099 629 esse
1133 597 1286 630 dixerunt
1312 599 1361 629 vir
1387 604 1468 642 toga
1480 599 1505 613 ⁸*
1533 599 1686 633 mulieres
1712 599 1899 639 utebantur,
1909 633 1932 644 ..
1952 598 1962 609 ‘
1974 599 2002 638 f..
2013 599 2031 638 ij

117 654 328 694 praetextum
338 652 360 692 †
383 649 480 683 clavo
507 660 690 693 purpureo.
715 645 736 697 Η
762 649 851 682 unde
877 648 1023 682 reciniati
1049 648 1140 680 mimi
1167 649 1378 693 planipedes
1406 660 1505 692 quam
1534 662 1603 683 rem
1631 651 1778 696 diligen·
1816 649 1898 696 [85]
1910 633 2077 701 tog'affffllffi

116 709 167 735 ter
200 702 391 744 exsequitur
418 701 538 734 Santra
571 701 629 733 lib.
650 701 684 733 ll
717 701 760 733 de
795 700 988 743 antiquitate
1021 700 1210 733 verborum.
1272 701 1305 733 R
1315 711 1388 734 eco
1398 701 1478 733 ndu
1489 707 1578 735 ctae
1592 706 1638 745 ††
1652 701 1672 723 ⁴
1701 702 1840 736 fecerit*
1854 737 1856 739 ,
1869 709 1902 735 et
1927 702 1973 734 †f.
1999 710 2076 735 prae-

117 752 265 786 condere
289 753 406 786 urbem
415 777 425 794 ‚
451 752 583 793 facere,
611 752 790 785 aedificare
799 777 808 794 ,
835 759 870 784 ut
894 751 1025 785 Cincius
1051 757 1187 785 testatur
1214 753 1246 784 in
1273 752 1360 785 libro
1389 752 1432 785 de
1459 753 1565 785 verbis
1591 754 1716 797 priscis.
1770 754 1819 786 Ri
1828 765 1899 787 cae
1909 739 2076 803 &deriga-

116 810 149 838 et
175 817 192 837 r
201 805 211 837 i
220 815 238 838 c
248 804 344 837 ulae
369 809 530 838 vocantur
556 815 660 848 parva
686 804 819 846 ricinia,
846 810 882 836 ut
909 803 1047 847 palliola
1075 804 1117 836 ad
1145 815 1239 836 usum
1268 804 1383 848 capitis
1406 804 1505 839 facta.
1533 816 1637 849 grane
1648 807 1673 820 **
1696 805 1833 849 quidem
1857 806 1919 851 ait*
1962 805 2029 830 derit
2048 839 2054 845 ,

117 868 186 889 esse
213 856 375 889 muliebre
402 857 574 901 cingulum
601 856 718 900 capitis
729 880 738 896 ‚
781 866 849 898 quo
876 866 938 899 pro
964 855 1045 887 vitta
1065 855 1250 888 Flaminica
1277 855 1478 889 redimiatur.
1538 857 1596 889 Re
1606 863 1670 890 cta
1679 870 1696 890 e
1723 857 1900 901 appellan-
1910 840 2077 900 --f'frg‘ss‘ffiffs

115 915 168 941 tur
194 909 390 941 vestimenta
417 907 522 941 virilia
531 931 541 948 ,
589 919 676 951 quae
704 913 815 951 patres
841 907 952 940 liberis
978 907 1041 939 suis
1068 908 1277 941 conficienda
1305 913 1421 941 curant
1448 908 1565 940 ominis
1592 920 1699 943 causa.
1737 910 1780 940 ita
1808 920 1902 941 usur—

114 965 212 1004 pata,
240 971 329 1003 quae
340 957 356 980 5
377 971 396 992 a
417 959 578 992 stantibus
605 964 637 991 et
663 959 695 991 in
723 959 930 991 altitudinem
959 964 1122 992 texuntur.
1176 960 1208 992 R
1218 971 1276 992 em
1287 972 1333 992 an
1343 960 1412 1003 cip
1423 964 1530 992 atum
1554 959 1673 993 Gallus
1697 960 1807 992 Aelius
1835 972 1903 993 esse

115 1011 175 1053 ait,
203 1023 290 1054 quae
317 1011 508 1055 mancipata
535 1011 576 1043 sit
598 1011 640 1043 ab
667 1021 707 1044 eo
717 1035 726 1051 ,
755 1011 807 1045 cui
835 1011 867 1042 in
898 1022 1031 1043 manum
1059 1011 1259 1044 convenerit.
1312 1012 1362 1043 Ri
1373 1022 1390 1043 e
1399 1023 1467 1044 nes
1477 1034 1486 1050 ‚
1516 1022 1600 1054 quos
1626 1022 1712 1044 nunc
1738 1023 1904 1050 vocamuS,

115 1063 240 1107 antiqui
267 1062 481 1096 nefrundines
509 1062 738 1106 appellabant.
767 1062 844 1105 quia
866 1062 990 1095 Graeci
1018 1059 1170 1109 νεφρούς
1197 1075 1253 1096 eos
1282 1068 1410 1096 vocant.
1466 1063 1603 1096 Plautus
1629 1064 1661 1095 in
1684 1063 1875 1106 Satyrione:

221 1122 334 1155 Male
361 1123 443 1156 tibi
470 1123 663 1155 evenisse
689 1122 833 1163 video,
872 1122 1029 1166 glaber
1057 1129 1147 1155 erat
1173 1129 1382 1165 tamquam
1411 1123 1512 1156 rien.

279 1182 457 1215 Refriva
488 1182 670 1215 fabra*⁶
697 1183 833 1223 dicitur,
869 1183 923 1214 via
935 1183 960 1196 **
982 1182 1027 1214 ait
1050 1181 1183 1216 Cincius
1210 1193 1346 1225 quoque
1374 1194 1459 1226 quae
1487 1183 1530 1216 ad
1558 1183 1755 1217 sacrificium
1783 1184 1898 1216 referri
1926 1187 2041 1232 &faba

114 1234 199 1266 solet
225 1233 364 1266 domum
392 1245 432 1267 ex
458 1242 574 1279 segete
601 1235 738 1279 auspicii
762 1245 879 1274 causa,
908 1235 998 1276 quasi
1027 1236 1219 1272 revocant†
1243 1233 1376 1279 fruges,
1405 1241 1441 1267 ut
1464 1235 1603 1267 domum
1627 1235 1776 1268 datantes
1800 1235 1898 1267 tevir-
1909 1221 2077 1288 †f,rg{v0¹‡tent

112 1286 179 1319 tico
192 1288 233 1323 ††
257 1285 299 1318 ad
326 1297 397 1318 rem
425 1285 570 1318 divinam
596 1286 796 1320 faciendam.
851 1286 965 1318 Aelius
993 1285 1140 1327 dubitat,
1186 1297 1227 1318 an
1255 1298 1294 1318 ea
1322 1287 1379 1327 sit,
1417 1298 1504 1330 quae
1532 1287 1663 1331 prolata
1689 1287 1721 1319 in
1749 1292 1899 1331 segetem
1910 1289 2076 1324 ††s.etritico

113 1336 252 1369 domum
279 1336 460 1378 referatur,
504 1349 545 1370 an
572 1349 659 1382 quae
684 1338 881 1383 refrigatur,
925 1337 1018 1380 quod
1047 1343 1096 1370 est
1121 1342 1295 1371 torreatur.
1334 1338 1393 1371 sed
1421 1339 1613 1383 opinionem
1635 1338 1729 1372 Cinci
1756 1338 1899 1375 adiuvat.

112 1388 205 1432 quod
230 1389 264 1421 in
290 1389 457 1422 sacrificiis
483 1389 644 1434 publicis,
691 1400 769 1424 cum
796 1389 873 1434 puls
899 1388 1014 1422 fabata
1042 1388 1093 1421 dis
1121 1389 1237 1430 datur,
1281 1390 1468 1422 nominatur
1495 1391 1625 1423 refriva.
1679 1391 1901 1429 Remeare,

112 1440 239 1473 redire:
267 1445 304 1473 ut
330 1452 540 1481 commeare,
568 1442 674 1481 ultro,
702 1443 811 1475 citro*
830 1441 887 1474 ire.
916 1441 1006 1474 unde
1034 1447 1239 1474 commeatus
1266 1441 1338 1474 dari
1362 1442 1501 1481 dicitur,
1528 1443 1562 1475 id
1587 1449 1636 1475 est
1656 1448 1805 1486 tempus,
1834 1447 1939 1484 quo's.
1960 1446 2076 1480 citroque

111 1492 158 1525 ire
168 1516 177 1529 ,
210 1491 321 1525 redire
347 1503 424 1526 cum
435 1497 449 1511 *
471 1493 585 1538 possit.
639 1494 796 1527 Afranius
824 1497 859 1526 ut
885 1493 918 1525 in
947 1505 986 1525 ea
1013 1493 1205 1537 mancipato
1216 1494 1259 1525 *Ἥ
1906 1497 2076 1539 ‘mediisque

214 1543 360 1576 Vetuit
386 1555 449 1577 me
476 1545 563 1578 sine
589 1545 790 1579 mercede
818 1555 991 1589 prosum
1019 1546 1198 1589 paucius
1213 1547 1233 1581 †
1260 1556 1450 1577 remeare
1478 1546 1518 1577 1¹¹
1545 1544 1618 1577 lu‘l
1631 1555 1702 1576 ΗΠ]-
1911 1533 2076 1600 ’Ὕέῑῖξὲἓῖῐὶ-

112 1595 169 1627 Re.
181 1607 214 1627 m
223 1595 386 1639 eligens
399 1597 443 1634 -Η-
452 1619 462 1636 ,
489 1602 523 1629 et
548 1607 591 1630 re
601 1608 634 1629 m
645 1607 665 1629 o
675 1608 691 1628 r
700 1609 746 1630 ae
773 1595 993 1629 memorando
1007 1600 1018 1613 *
1042 1596 1152 1630 dictae
1179 1601 1254 1629 sunt
1279 1596 1312 1628 in
1324 1600 1352 1613 **
1375 1596 1495 1628 Plauto
1523 1597 1556 1628 in
1580 1595 1695 1628 Patina
1708 1593 1735 1626 ⁷:
1908 1603 1945 1634 †f.
1956 1601 2074 1641 Paccius.

214 1646 317 1679 Nam
344 1647 447 1690 quid
475 1647 578 1681 illae
605 1659 713 1682 nunc
739 1653 822 1681 tam
849 1647 1061 1680 divinitus
1074 1650 1094 1686 †
1122 1653 1393 1681 remorantur
1420 1647 1713 1692 remeligines
1908 1637 2073 1704 ἶῗξῖἓζὲξζ

113 1697 155 1729 ab
182 1697 321 1730 Afranio
348 1698 381 1730 in
407 1699 567 1731 Prodito:
1916 1689 1920 1703 Ι
1950 1705 2042 1738 ligines

213 1748 422 1794 remeligo
439 1761 458 1782 a
472 1750 650 1783 Laribus
671 1752 794 1784 missa
809 1761 891 1783 sum
913 1750 1086 1791 hanc††,
1102 1762 1209 1794 quae
1231 1747 1644 1797 cursumsscohibc’am
1661 1748 1799 1782 ηαυὶε.
1818 1745 1898 1792 [86]
1926 1740 2058 1799 'fssmff‘

112 1799 270 1832 Remora
282 1799 299 1820 8
325 1801 421 1834 alias
452 1802 608 1835 tarditas
641 1801 798 1835 rimantur
811 1806 822 1819 *
835 1799 862 1842 9,
906 1801 952 1834 ab
987 1813 1025 1835 eo
1053 1802 1147 1846 quod
1173 1812 1310 1834 moram
1332 1800 1440 1846 facit.
1500 1800 1657 1833 Plautus
1689 1799 1850 1832 Trininno
1862 1798 1899 1830 ”2
1943 1810 1963 1819 ⁰
1974 1809 1991 1833 f.
2011 1817 2026 1833 a
2048 1842 2054 1847 ⁴

116 1849 219 1896 Quae
246 1852 280 1883 in
306 1851 410 1885 rebus
436 1854 554 1886 multis
581 1852 735 1896 obstant,
773 1853 980 1897 odiosaeque
1007 1858 1081 1886 sunt
1091 1881 1099 1896 ,
1137 1864 1383 1897 remoramque
1400 1851 1546 1896 saciant
1574 1852 1626 1884 rei
1650 1852 1833 1896 privatae,
1867 1853 1898 1882 et
1907 1842 1924 1874 †
1935 1842 2073 1901 fihffiffidffl

111 1903 283 1946 publicae.
338 1903 511 1937 Lucilius.-
1907 1912 1969 1943 ††f.
1998 1912 2054 1938 huc.

218 1953 444 1999 Quaenam
472 1967 552 1989 vox
579 1968 630 1989 ex
657 1960 697 1989 te
723 1966 942 1989 resonans
969 1966 1058 1988 meo
1085 1955 1234 1999 gradu
1263 1965 1480 1987 remoram
1497 1954 1635 1999 facit.
1908 1947 1941 1972 Ὕ-
1961 1947 2072 2005 [arpina-

111 2004 426 2039 Remurinusw
464 2019 558 2052 agei·
596 2008 720 2047 dictus,
770 2007 853 2051 quia
886 2018 1069 2052 possessas
1098 2009 1148 2039 est
1179 2017 1202 2038 a
1239 2005 1363 2040 Remo.
1398 2010 1431 2039 et
1460 2004 1632 2039 habitatio
1663 2005 1785 2044 Remi,
1826 2003 1895 2034 Re-
1924 2014 2053 2041 ¹*f.'rr·1-

110 2057 224 2090 muria
251 2057 333 2090 item
361 2058 395 2090 in
416 2059 587 2092 Aventino
614 2060 722 2092 dicta.
751 2070 902 2103 namque
922 2058 1147 2097 Aventinum,
1184 2057 1219 2089 in
1245 2068 1312 2102 quo
1339 2057 1534 2099 habitaret,
1570 2057 1719 2102 elegisse
1742 2055 1894 2088 Remum
1940 2057 2046 2075 nummo.

108 2108 239 2143 dieunt.
305 2108 407 2142 Unde
438 2111 618 2144 vocitatam
652 2111 749 2144 aiunt
778 2110 1007 2150 Remurium,
1052 2110 1165 2143 locum
1199 2108 1234 2141 in
1265 2120 1400 2142 summo
1421 2109 1611 2150 Aventino,
1655 2107 1713 2140 ubi
1739 2106 1783 2139 de
1811 2105 1895 2139 urbe

109 2160 296 2193 tondenda
318 2160 449 2206 suerat
476 2163 690 2207 auspicatus.
726 2161 820 2195 alias
840 2162 1060 2199 Remorumi·
1084 2159 1263 2204 quondam
1290 2172 1369 2194 eum
1396 2161 1511 2195 locum
1537 2159 1757 2206 appellatum
1775 2157 2068 2220 flasseffigmffssffi.

1931 2228 2040 2254 monium

108 2293 276 2316 cci-tantur.
307 2287 383 2316 Urs.
406 2304 449 2308 —
472 2290 501 2325 7)
529 2289 644 2317 Casina
668 2288 740 2319 Ven.
764 2289 811 2316 Sc.
835 2289 864 2316 in
888 2297 979 2325 marg.
1023 2303 1065 2308 —
1095 2286 1123 2325 9)
1147 2297 1206 2315 non
1229 2297 1280 2315 ma
1303 2309 1310 2316 .
1334 2310 1338 2315 .
1365 2309 1370 2315 .
1395 2287 1465 2316 Veri.
1482 2287 1530 2316 Sc.
1556 2303 1592 2308 —-
1619 2285 1664 2326 10)
1680 2283 1893 2321 Remea-maan]

106 2345 148 2351 -—
171 2329 198 2368 8)
218 2329 373 2369 Rerum-aq
397 2330 502 2358 Lucilii
525 2341 645 2360 versum
669 2331 837 2370 accepimus
862 2341 898 2359 ex
918 2331 978 2369 epi·
1024 2329 1178 2358 videndus
1202 2329 1360 2369 Dionysius
1387 2329 1439 2360 lib.
1462 2333 1489 2362 1.
1520 2335 1549 2360 et
1580 2328 1759 2358 Plutarchus
1782 2329 1812 2355 in
1836 2327 1894 2355 Ro-

106 2377 196 2401 toma.
240 2372 428 2409 Plautinum,
452 2373 538 2402 cuius
560 2374 611 2402 vix
642 2374 824 2412 apparebant
855 2373 977 2411 vestigia
1022 2372 1114 2402 mulo.
1146 2372 1223 2402 Urs.

108 2415 136 2443 in
166 2415 348 2453 fragmento,
392 2417 577 2445 restituimus
609 2427 644 2445 cx
677 2417 860 2445 Trinummo.
898 2416 975 2444 Urs.
