2263 2668
230 192 305 230 618
657 188 1001 225 οοΜΜΕΝΤΑΒΠ
1026 193 1074 226 IN
1099 191 1243 226 mum
1268 192 1464 227 mAcom
1489 193 1746 230 EXCERPTA

229 292 273 318 est
293 286 442 328 prodicere
464 283 537 311 diem
560 289 601 310 est
620 281 802 321 praedicere,
823 282 971 322 prodictio
994 295 1119 324 namque
1140 292 1180 314 est
1200 284 1380 324 praedictio,
1404 286 1451 314 vel
1473 288 1580 316 mirum
1602 289 1632 317 in
1655 288 1778 317 modum
1794 287 1898 317 Festus
1919 288 2033 318 fallitur
2054 295 2083 319 et
2103 302 2171 321 cum

229 342 264 360 eo
287 330 424 365 Scaliger.
468 325 570 362 Neque
595 325 672 354 enim
692 325 844 365 prodicere
866 325 941 354 diem
963 327 1040 355 idem
1065 327 1144 365 quod
1164 327 1294 367 prodere.
1339 327 1467 357 Prodere
1489 335 1532 358 est
1552 329 1729 370 producere,
1753 329 1903 370 prodicere
1925 341 1996 360 vero
2020 336 2064 360 est
2086 343 2173 372 prae-

228 373 343 407 dicere,
367 368 585 407 praenuntiare.
618 367 689 396 Dies
709 367 830 406 prodita
852 373 949 406 potest
972 379 1032 398 esse
1052 369 1205 409 prodicta,
1229 376 1257 399 et
1280 376 1385 399 contra
1405 369 1545 410 prodicta
1568 378 1666 411 potest
1688 384 1750 402 esse
1772 384 1831 402 non
1852 371 1980 413 prodita.
2011 373 2085 403 Vide
2100 386 2173 415 pro-

227 413 343 443 didisse.
368 409 477 439 Idem.
515 409 639 438 Purime.
672 410 731 438 Alii
754 410 885 448 Puriter,
909 416 943 440 ut
965 412 1046 451 apud
1068 412 1195 442 Nonium
1217 413 1379 451 (pag.516.
1405 413 1516 452 Mero),
1543 414 1647 446 Goth,
1682 415 1800 445 Pur-ime
1822 416 2022 454 superlativus
2045 427 2106 446 esse
2127 418 2173 446 vi-

226 456 330 491 detur,
354 458 387 481 ut
409 452 577 481 maturrime
599 463 653 490 pro
676 453 881 484 maturissime.
914 454 1026 493 Estque
1048 454 1080 483 in
1101 454 1310 485 his'susfixum
1333 456 1509 495 superlativi
1531 466 1590 486 non
1613 459 1703 487 simus
1724 458 1776 487 sed
1797 459 1903 495 rimus,
1928 458 2008 497 quod
2025 459 2062 487 ad
2078 460 2172 498 ipsam

226 497 309 525 vocis
332 496 462 524 radicem
486 495 633 523 adiicitur.

387 537 587 566 Patronus.
611 537 671 577 (Ad
693 538 818 576 p.217.)
842 538 892 567 Ait
915 549 930 567 a
953 544 1039 578 patre
1067 545 1209 578 patronos
1237 542 1311 578 dici,
1348 542 1416 579 quia
1440 542 1593 571 clientium
1616 542 1707 572 veluti
1730 547 1831 581 patres
1851 548 1929 571 sunt.
1973 542 2050 571 Hinc
2074 542 2169 572 Varro

223 581 256 609 in
278 590 311 608 ea
335 581 484 617 oratione,
508 590 594 618 quam
618 580 696 609 dixit
718 580 797 619 apud
819 581 960 610 Consules
982 582 1014 610 in
1036 583 1208 613 Lentulum:
1233 584 1348 613 Patrem
1369 585 1515 623 primum.-
1534 591 1637 624 postea
1656 592 1816 625 patronum
1834 586 1962 624 primum
1984 596 2087 614 nomen
2108 585 2170 614 Ιια-

225 621 297 652 bere.
341 622 396 651 Da
405 633 430 652 c.

388 664 570 694 Pristina.
616 664 782 703 Legendum
805 666 849 694 uti
873 676 908 694 ex
931 667 1065 705 Epitome
1089 668 1188 706 quivis
1211 668 1307 704 videt,
1337 669 1462 707 pristina
1485 667 1561 697 velut
1581 669 1737 708 priustina.
1783 669 1927 704 Quamvis
1946 670 2088 708 pristinus
2109 680 2169 699 nun

224 717 240 736 a
261 707 361 746 prius,
385 712 418 735 ut
440 711 527 746 putat
549 708 668 743 Festus,
690 706 742 735 sed
765 718 780 735 a
800 709 878 746 pris,
903 709 983 747 quod
1002 721 1018 738 a
1036 711 1151 740 Graeco
1173 713 1254 751 πρίν.
1292 712 1316 739 Α
1331 710 1398 741 Pris
1418 712 1575 751 pristinus,
1599 716 1634 740 ut
1654 722 1670 740 a
1693 722 1760 741 cras
1782 712 1937 741 crastinus.
1972 710 2060 741 Prius
2081 712 2169 742 etiam

223 760 239 778 a
258 752 329 790 pris.
352 749 441 779 Dae.
486 750 616 778 Glossis:
639 749 768 779 Pristim:
790 748 905 789 ἀρχαῖα.
953 750 1058 783 Goth.

387 791 647 832 PraesagitiO.
692 792 795 820 cicero
812 793 834 821 1.
857 793 893 822 de
917 794 1014 824 Divin.
1038 796 1127 833 (31.):

711 834 906 875 Praesagibat
928 838 1044 866 animus
1057 837 1180 879 frustra
1202 849 1245 865 me
1267 838 1323 873 ire,
1356 848 1421 866 cum
1444 839 1555 866 exirem
1580 836 1678 867 domo.

221 874 325 915 Sagire
345 875 420 904 enim
443 877 546 905 sentire
566 883 651 905 acute
671 884 730 904 est:
768 888 808 906 ex
830 889 886 918 quo
907 890 997 918 sagae
1018 891 1105 917 anus,
1142 880 1212 920 quia
1234 878 1328 908 multa
1351 881 1424 908 scire
1446 879 1562 917 volunt,
1593 888 1618 909 et
1640 891 1761 919 sagaces
1783 878 1858 909 dicti
1879 890 1971 910 canes.
2017 878 2047 909 Is
2069 880 2168 919 igitur,

219 917 271 957 qui
292 925 365 989 αηιὲ
381 919 473 957 sagit,
500 929 589 958 quam
612 917 715 948 oblata
736 931 780 948 res
802 928 856 957 est,
882 919 993 951 dicitur
1011 924 1192 962 praesagire,
1217 921 1249 951 id
1274 929 1314 951 est
1325 922 1438 963 futura
1460 931 1528 952 ante
1549 923 1661 952 sentire.
1684 922 1775 953 Dae.
1819 921 1904 951 Adde
1926 932 2017 961 supra
2039 920 2167 952 Praesa-

216 960 287 998 gire.
372 960 444 990 otlz.

783 1058 814 1090 A
866 1058 897 1091 D
1000 1059 1031 1092 L
1083 1060 1100 1092 I
1152 1060 1182 1093 B
1234 1060 1268 1092 R
1319 1059 1354 1093 U
1406 1059 1447 1092 M
1524 1060 1604 1095 XV.

383 1128 575 1167 Quirinus.
618 1130 693 1159 Vide
718 1130 810 1161 Curis.
854 1132 943 1163 Dac.

382 1170 604 1209 Quirinalis
632 1181 752 1212 porta.
797 1174 907 1204 Verum
935 1180 995 1212 est,
1032 1181 1149 1214 portam
1178 1177 1321 1205 Collinam
1350 1182 1379 1206 et
1403 1176 1588 1212 Quirinalem
1618 1186 1682 1206 esse
1710 1186 1801 1205 unam
1831 1180 1860 1205 et
1890 1176 2012 1205 eandem
2043 1187 2059 1206 a
2090 1177 2165 1206 colle

216 1212 364 1249 Quirinali
394 1213 513 1243 dietam.
558 1215 669 1244 Eadem
700 1221 729 1245 et
751 1218 854 1254 agonia
881 1218 942 1247 sive
971 1219 1125 1256 agenensis
1155 1219 1191 1247 ab
1219 1219 1322 1248 eodem
1352 1220 1435 1248 colle.
1479 1220 1575 1248 Hodie
1596 1218 1707 1248 salaria
1730 1219 1819 1248 dicta.
1863 1218 1898 1247 In
1920 1218 2039 1248 schedis
2061 1220 2165 1249 ultima

215 1255 292 1285 linea
314 1257 366 1297 qui
388 1278 641 1286 .........
665 1257 731 1287 dere
743 1259 847 1300 fertur
868 1260 966 1289 nescio
990 1271 1026 1288 an
1049 1262 1086 1290 sit
1108 1261 1197 1291 huius
1218 1263 1285 1292 loci.
1332 1261 1419 1292 Dac.

382 1297 552 1337 Quirites
582 1298 688 1329 dicti.
713 1301 782 1341 (Ad.
806 1302 932 1342 p.217.)
963 1303 1038 1340 Lege
1060 1305 1154 1333 infra:
1185 1316 1258 1345 quos
1282 1312 1378 1333 tamen
1401 1302 1523 1344 quidam
1546 1315 1565 1332 a
1588 1303 1686 1332 curiis.
1731 1303 1803 1333 Item
1826 1304 1858 1332 in
1880 1303 1937 1333 fine
1960 1304 1990 1333 in
2003 1301 2164 1345 funeribus

212 1337 372 1369 indictivis.
406 1341 442 1369 Et
465 1340 541 1370 ollas
561 1341 661 1380 Quiris
682 1342 739 1373 leto
762 1349 816 1374 etc.
846 1344 920 1375 Vide
943 1344 1124 1376 indictivum.
1153 1347 1286 1382 Quirites
1309 1351 1405 1375 autem
1430 1357 1489 1374 non
1512 1357 1527 1374 a
1548 1345 1632 1382 Curi,
1656 1356 1752 1384 neque
1775 1357 1792 1375 a
1813 1347 1907 1382 curis,
1930 1346 1982 1375 sed
2006 1357 2021 1374 a
2041 1344 2164 1375 Curibus

216 1380 288 1410 dicti
306 1380 416 1411 Curites
433 1382 576 1421 Quirites,
600 1390 629 1413 et
644 1386 713 1414 inde
730 1387 817 1415 etiam
836 1388 893 1416 Dea
914 1386 997 1417 Curis
1013 1389 1075 1417 sive
1094 1388 1207 1427 Quiris,
1231 1394 1260 1418 et
1284 1389 1363 1417 curis
1385 1388 1468 1416 hasta
1492 1393 1525 1416 ut
1547 1389 1606 1417 iam
1627 1398 1729 1426 supra.
1746 1388 1834 1417 Dac.
1862 1387 1960 1426 Qui..
1973 1410 1980 1417 .
1994 1410 2000 1416 .
2026 1387 2162 1426 Quirites,

213 1427 249 1451 ut
265 1424 388 1461 opinor,
411 1425 602 1455 scribendum
620 1433 679 1466 est,
703 1439 722 1457 a
741 1428 882 1466 Quirino,
907 1431 954 1459 cui
976 1441 1055 1470 aqua
1077 1438 1103 1459 et
1124 1432 1191 1460 vino
1214 1432 1245 1459 in
1267 1432 1356 1461 curiis
1377 1441 1465 1460 sacra
1478 1430 1605 1470 fiebant.
1634 1430 1701 1458 Vel:
1727 1429 1867 1468 Quirinus
1882 1428 2029 1459 Romulus
2050 1429 2087 1458 ab
2109 1429 2162 1458 Iza-

213 1472 275 1500 sta,
299 1466 378 1505 quod
400 1468 490 1496 armis
513 1476 574 1497 erat
594 1478 705 1509 potens.
741 1470 898 1511 Singulare
919 1480 945 1500 et
967 1480 1124 1512 usurpatur
1139 1472 1247 1511 Quiris.
1269 1472 1403 1513 exemplo
1427 1480 1466 1501 est
1487 1483 1609 1511 praeco,
1633 1473 1684 1512 qui
1705 1472 1736 1500 in
1747 1471 1869 1513 funeris
1891 1471 2051 1501 indictione
2072 1470 2161 1500 dicit:

217 1505 304 1536 Ollus
330 1506 430 1546 Quiris
451 1509 507 1539 leto
531 1509 617 1539 datus
639 1517 695 1543 etc.
740 1513 818 1542 Haec
848 1515 885 1542 ad
915 1515 1034 1543 lectoris
1063 1525 1187 1544 acumen
1210 1517 1312 1554 potius
1336 1515 1526 1544 excitandum
1550 1515 1628 1543 dicta
1651 1519 1737 1550 sunt,
1774 1524 1861 1552 quam
1884 1519 1917 1543 ut
1938 1525 2009 1543 vera
2032 1523 2095 1543 esse
2118 1513 2162 1542 sa-

213 1554 339 1580 teamur.
385 1551 479 1580 Varro
501 1552 552 1581 lib.
566 1553 613 1582 VI.
635 1555 672 1584 de
694 1556 805 1594 Lingua
829 1557 890 1585 Lat.
915 1555 997 1595 (VII,
1021 1559 1093 1588 328.
1118 1556 1197 1597 Sp.):
1233 1556 1296 1586 Olli
1318 1556 1395 1586 valet
1418 1556 1528 1586 dictum
1550 1556 1612 1593 illi,
1641 1555 1679 1584 ol>
1699 1555 1777 1592 olla,
1807 1563 1833 1584 et
1856 1555 1949 1592 ellus,
1983 1554 2064 1597 quod
2085 1553 2162 1584 alte—

213 1603 278 1620 rum
300 1593 427 1623 comitiis
449 1604 515 1623 cum
538 1595 677 1626 recitatur
697 1610 716 1627 a
736 1609 879 1638 praecone
900 1597 1010 1627 dicitur
1036 1597 1107 1627 Olla
1130 1600 1276 1637 centuria,
1300 1609 1357 1628 non
1380 1597 1451 1628 illa:
1482 1597 1606 1627 alterum
1629 1605 1752 1637 apparet
1774 1598 1804 1626 in
1816 1597 1978 1639 funeribus
2001 1597 2161 1634 indictivis,

213 1644 278 1663 cum
310 1633 436 1664 dicitur:
475 1635 561 1665 Ollus
590 1636 646 1668 leto
670 1638 756 1669 datus
777 1648 833 1678 est;
863 1645 891 1669 et
912 1641 963 1671 lib.
976 1641 1010 1670 V.
1034 1638 1102 1681 (VI,
1126 1641 1199 1673 244.
1224 1641 1304 1681 Sp.):
1343 1640 1470 1680 Quirites
1492 1651 1512 1669 a
1536 1639 1720 1670 Curiensibus
1742 1647 1768 1669 et
1789 1640 1827 1669 ab
1849 1641 1887 1669 iis
1908 1641 1959 1680 qui
1981 1651 2046 1670 cum
2071 1640 2160 1670 Tatio

214 1687 277 1716 rege
299 1677 329 1706 in
350 1678 517 1708 societatem
538 1689 688 1720 venerunt,
712 1681 816 1711 donati
838 1684 956 1712 civitate
975 1690 1050 1712 sunt.
1095 1684 1182 1713 Ovid.
1205 1684 1255 1713 lib.
1268 1685 1305 1713 11.
1329 1684 1441 1713 Fastor.
1465 1682 1674 1723 (477.seqq.):

747 1724 815 1754 Sive
836 1724 917 1764 quod
939 1725 1026 1754 hasta
1047 1726 1117 1755 viris
1137 1727 1244 1766 priscis
1265 1733 1305 1755 est
1328 1725 1410 1755 dicta
1434 1725 1574 1765 Sabinisf

788 1766 921 1797 Bellicus
943 1779 962 1796 a
984 1767 1041 1797 telo
1066 1769 1143 1797 venit
1165 1769 1195 1797 in
1218 1776 1298 1797 astra
1320 1768 1418 1807 Deus,-

748 1808 816 1838 Sive
837 1821 889 1838 suo
913 1811 973 1850 regi
995 1821 1096 1839 nomen
1117 1822 1237 1850 posuere
1261 1810 1408 1849 Quirites,-

788 1850 846 1880 Seu
868 1852 938 1892 quia
961 1851 1107 1882 Romanis
1129 1853 1269 1882 iunxerat
1290 1851 1342 1882 ille
1365 1850 1461 1882 Cures.

219 1878 324 1912 Idem.
357 1887 432 1916 Vide
453 1899 544 1928 supra
568 1889 746 1921 Indictivum
761 1891 857 1933 funus
880 1899 909 1922 et
932 1893 1157 1934 Simpludiarea.
1203 1893 1308 1923 Goth.

240 1962 246 1970 ,
303 1966 309 1973 ,
377 1929 611 1964 Quirinalia.
655 1935 858 1964 Semicirculis
880 1936 994 1965 inclusa
1016 1942 1085 1966 sunt
1107 1937 1138 1965 in
1160 1936 1253 1965 veteri
1275 1937 1353 1965 libro
1377 1935 1506 1974 repetita
1529 1944 1567 1964 ex
1590 1944 1624 1963 eo
1648 1934 1764 1974 capite,
1787 1934 1871 1962 cuius
1888 1933 2005 1963 initium
2023 1939 2066 1964 est
2085 1933 2159 1974 Qui-

220 1962 323 2013 rinalis
344 1967 443 2000 callim
473 1983 547 2012 quae
569 1985 641 2004 vero
665 1977 702 2006 de
724 1978 925 2007 fornacalibus
947 1979 1107 2016 dicuntur,
1141 1979 1281 2008 videntur
1302 1989 1363 2008 esse
1385 1978 1536 2007 mendosa.
1579 1977 1707 2006 Ovidius
1729 1977 1788 2014 ait,
1817 1976 1991 2006 Fornacalia
2014 1987 2072 2005 non
2096 1987 2158 2006 esse

219 2009 293 2033 ‘stata
320 2018 419 2056 ⁸³⁰3&
452 2017 503 2042 Sed
525 2022 620 2047 tamen
642 2029 678 2048 eo
701 2019 749 2050 die
772 2021 922 2050 curiarum
945 2022 1066 2050 nomina
1088 2022 1118 2050 in
1142 2022 1208 2050 sono
1232 2022 1320 2051 certis
1342 2022 1416 2050 locis
1437 2020 1558 2057 notavi,
1593 2020 1625 2048 in
1648 2019 1755 2058 quibus
1778 2029 1845 2049 cum
1868 2029 1954 2059 saepe
1976 2020 2065 2058 stulte
2087 2020 2157 2061 quis

219 2047 287 2076 dam
317 2059 432 2097 nomina
458 2065 577 2086 suarum
606 2063 755 2091 curiarum
783 2064 971 2101 ignorantes,
1005 2065 1037 2092 in
1059 2064 1160 2094 alienis
1183 2065 1274 2093 curiis
1296 2074 1379 2093 sacra
1402 2064 1549 2099 facerent,
1582 2062 1649 2090 ideo
1670 2062 1832 2093 stultorum
1854 2062 1943 2097 serias
1966 2062 2062 2100 dictas
2079 2071 2155 2104 esse.

218 2089 314 2139 Vafro
337 2091 387 2122 hb·
400 2094 433 2121 V·
456 2095 516 2133 (VL
534 2102 646 2136 P·195.
663 2103 742 2142 Sp.):
769 2104 938 2143 Quirinalia
960 2117 979 2134 a
1003 2106 1142 2145 Quirino,
1165 2105 1245 2147 quod
1266 2107 1292 2136 ei
1314 2105 1367 2136 deo
1383 2105 1500 2148 feriae,
1522 2112 1549 2133 et
1571 2115 1668 2134 eorum
1690 2104 1855 2139 hominum,
1878 2105 1929 2146 qui
1940 2098 2157 2146 fornacalibus

218 2142 278 2160 auus
300 2143 357 2182 non
370 2133 624 2179 fueruntferiati.
663 2145 747 2174 Adde
770 2147 920 2179 Plutarch.
944 2149 974 2177 in
997 2149 1140 2188 problem.
1172 2149 1397 2178 Emendandum
1419 2148 1509 2186 igitur
1531 2147 1587 2176 erit
1609 2147 1667 2175 sie:
1693 2145 1780 2184 Quod
1802 2146 1924 2187 quidam
1946 2158 2063 2176 suorum
2079 2142 2156 2188 for-

219 2173 367 2203 nacsslwm
389 2187 538 2209 sacrorum
560 2183 657 2221 ignari
678 2198 709 2216 eo
730 2190 914 2227 potissimum
937 2190 984 2219 die
1006 2203 1062 2220 rem
1087 2190 1217 2220 divinam
1230 2191 1366 2234 faciunt.
1402 2191 1477 2220 Vide
1501 2189 1672 2219 Stultorum.
1698 2188 1787 2220 Ani.
1810 2189 1905 2229 Aug.
1950 2190 2098 2218 Confusus
2120 2198 2155 2218 ac

221 2222 379 2264 corruptus
402 2218 484 2248 locus
506 2223 545 2250 ila
567 2234 620 2253 suo
645 2229 740 2258 ordini
763 2241 797 2259 ac
819 2233 910 2261 nitori
932 2233 1117 2262 restituetur:
1144 2233 1312 2272 Quirinalia
1334 2245 1428 2263 mense
1449 2232 1608 2262 Februario
1632 2230 1709 2267 dies,
1732 2243 1790 2271 quo
1810 2231 1945 2270 Quirinio
1956 2233 2040 2272 fiunt
2060 2241 2155 2262 sacra.

220 2256 296 2306 ‘'l‘m
317 2258 469 2311 stultorum
480 2262 582 2312 feriae
602 2269 802 2309 appellantur,
834 2273 915 2313 quod
937 2274 1057 2315 quidam
1078 2276 1130 2316 qui
1150 2287 1268 2305 suorum
1289 2275 1499 2306 Fornacalium
1521 2284 1609 2304 sacra
1629 2273 1745 2304 Romae
1765 2275 1987 2314 ignoraverant,
2010 2285 2042 2304 eo
2060 2274 2155 2314 potis-

219 2310 323 2349 ⁶¹m.'‘f'⁸
338 2313 402 2349 ‘'2²⁷''
425 2302 554 2334 dwmam
566 2306 699 2345 faciunt.
727 2314 817 2343 Addit
831 2315 960 2353 Romae,
983 2318 1051 2355 quia
1075 2320 1225 2347 curiarum
1248 2319 1322 2347 festa
1344 2324 1426 2348 erant
1448 2323 1506 2347 eta
1523 2317 1650 2345 Curione
1665 2317 1795 2346 Maximo
1818 2317 2032 2349 indicebantur.
2054 2311 2151 2353 Scal.

222 2341 383 2378 Qufflflalla
406 2351 488 2376 erant
510 2347 588 2378 XIII.
612 2351 753 2382 calendas
775 2356 910 2393 Martiam
940 2360 1041 2388 eadem
1063 2361 1223 2390 stultorum
1247 2361 1329 2390 festa.
1374 2360 1513 2390 0vid.11.
1535 2360 1613 2389 Fast.
1634 2360 1743 2397 (513.):

748 2395 823 2425 Lux
844 2410 957 2439 quoque
979 2413 1030 2430 cur
1051 2402 1150 2431 eadem
1172 2401 1326 2433 stultorum
1339 2402 1424 2444 festa
1445 2409 1562 2432 vocetur

790 2438 918 2479 Accipe3
937 2453 1030 2481 parua
1052 2443 1168 2483 quidem
1188 2456 1308 2481 caussa,
1329 2444 1381 2475 ced
1401 2453 1473 2485 apia
1495 2442 1598 2474 subest.
