2263 2668
545 150 618 194 ΒΕ·
640 157 1028 196 SIGNIFICATIONE
1061 156 1347 195 VERBORUM.
1399 160 1546 196 LIBER
1572 161 1631 197 x1.
1990 165 2065 202 491

109 256 158 285 vel
181 253 304 284 Manale
326 254 373 282 vel
394 251 533 282 Mortalia
556 253 638 292 apud
662 253 790 282 Nonium
813 253 844 283 in
867 249 1020 283 Trulleum
1050 251 1134 289 (pag.
1149 252 1222 284 547.
1246 251 1355 290 Merc.)
1384 257 1418 281 ut
1448 253 1487 282 sit
1514 254 1621 284 ostium
1645 254 1776 284 Manium
1796 260 1826 285 et
1848 255 1930 286 Orci.
1962 256 2066 288 Goth,

111 298 187 328 Orci
206 299 323 327 ostium.
367 295 487 325 Ethnici
510 297 580 325 Orci
608 297 683 326 ostia
712 296 900 325 collocabant
927 295 963 322 iis
987 294 1173 332 potissimum
1200 295 1292 331 lucis,
1329 305 1404 334 quae
1426 296 1598 326 foeditatem
1620 297 1722 326 odoris
1745 297 1931 329 exhalabant.
1978 301 2065 331 Verbi

111 351 155 379 gr,
184 341 214 369 in
239 342 356 368 Averno
385 339 451 367 lacu
475 339 532 368 Cic.
557 339 678 369 Tusci.
702 339 796 367 Plaut.
820 338 898 368 Trin.
933 335 995 376 (ll,
1017 337 1053 372 4,
1081 336 1186 376 124.):
1222 336 1403 366 Acheruntis
1431 340 1536 368 ostium
1568 341 1599 368 in
1626 347 1725 369 nostro
1753 348 1794 369 est
1820 352 1901 380 agro.
1946 343 2064 374 Lucret.

112 384 181 423 (VI,
205 381 304 419 762.):
343 380 439 409 Ianua
462 392 514 410 nec
534 382 628 420 puteis
650 383 712 410 orci
734 380 897 420 regionibus
919 378 981 410 illis
1005 377 1156 409 Credatur.
1188 377 1300 410 Idem.
1342 379 1494 409 Manalem
1519 383 1615 412 etiam.
1655 382 1842 420 Fulgentius:
1873 383 1989 422 Labeo,
2014 387 2065 426 qui

112 424 287 464 disciplinas
310 423 462 459 Etruscas,
490 423 622 462 Tagetis,
646 431 671 452 ei
694 422 819 453 Bacidis
841 421 1005 462 quindecim
1028 419 1226 452 voluminibus
1248 420 1429 461 explicavit,
1455 424 1496 451 iia
1518 423 1637 453 scribit:
1669 423 1770 453 Fibrae
1792 427 1928 456 iecinoris
1949 428 2063 456 sanda-

112 470 191 497 racei
220 465 328 496 coloris
356 465 424 494 dum
444 464 543 507 fuant
571 465 701 494 manales
724 473 792 494 tunc
815 476 922 493 verrere
944 475 1016 503 opus
1037 471 1078 492 est
1099 471 1203 502 petras.
1253 464 1362 493 Deinde
1385 465 1555 503 Fulgentius
1587 466 1732 505 explicat:
1769 467 1840 497 Hoc
1863 477 1921 506 esi,
1955 471 2062 508 inquit,

112 521 187 551 quus
209 510 325 549 antiqui
345 507 477 539 solebant
500 508 530 536 in
554 507 671 536 modum
696 506 878 546 cylindorum
900 519 951 546 per
972 505 1079 535 limites
1102 505 1214 534 trahere
1234 517 1288 545 pro
1315 505 1434 546 pluviae
1463 508 1672 537 commutanda
1700 510 1807 549 inopia.
1842 510 1941 542 Scal.
1989 513 2061 544 Vide

111 563 204 593 supra
225 550 390 592 Aquilices.
415 550 488 578 Non.
509 551 540 578 in
563 560 591 578 v.
611 550 744 579 flIanalis
766 549 843 589 lapis
866 549 945 589 (pag.
959 549 1031 581 547.
1056 549 1160 585 Mero.)
1185 554 1214 577 et
1239 549 1426 586 Fulgentium
1450 550 1526 588 (pag.
1539 551 1611 584 559.
1636 551 1748 588 Mera).
1796 550 1903 582 Goth.

277 591 487 622 Manubiae.
531 592 579 620 Sic
601 593 679 623 Iovis
702 592 825 621 fulmina
843 592 968 621 Etrusco
991 591 1139 619 vocabulo
1163 591 1242 619 dicta
1267 596 1353 627 sunt,
1376 592 1425 620 vel
1444 594 1574 628 Graeco,
1598 598 1631 622 ut
1650 594 1769 632 quidam
1787 595 1910 632 volunt,
1935 608 1950 626 a
1968 597 2059 627 verbo

113 636 229 666 scilicet
252 634 374 675 μανύω,
410 633 529 664 ostendo
553 640 582 663 et
604 636 656 674 βία
677 636 784 671 virius,
819 635 964 673 potentia,
1004 634 1072 672 quia
1095 634 1131 662 iis
1153 633 1266 673 Iupiter
1295 635 1460 674 potentiam
1483 646 1564 664 suam
1588 636 1726 666 ostendit.
1769 636 1938 667 Fulminum
1963 645 2059 669 autem

112 679 207 711 multa
228 679 316 708 fuisse
339 688 443 717 genera
466 677 618 706 finxerunt
640 682 768 713 veteres,
806 682 833 705 et
856 687 957 706 eorum
980 677 1037 705 tria
1059 681 1174 705 tantum
1197 677 1298 706 lovem
1323 676 1480 713 eiaculari,
1519 689 1592 716 quae
1616 683 1765 708 vocarunt
1786 680 1956 718 manubias,
1988 693 2059 711 can-

113 722 197 751 didas
220 721 353 758 scilicet,
383 720 487 749 rubras
511 725 539 749 et
562 725 657 754 atras3
689 719 831 749 candidas
857 719 992 757 quidem,
1024 719 1156 755 consilii,
1189 728 1263 757 quae
1286 719 1460 747 monitoriae
1484 721 1675 759 placidaeque
1699 732 1753 750 seu
1774 722 1883 759 laetae,
1915 734 2005 764 quare
2028 724 2059 753 id

113 765 211 794 solunt
234 764 346 794 fulmen
367 763 512 803 placabile
533 763 609 791 dixit
633 765 743 791 Seneca
767 763 894 797 alicubi3
918 762 1023 790 rubras
1047 772 1118 791 vero
1143 762 1344 799 auctoritatis,
1368 772 1442 800 quae
1465 762 1520 791 diis
1542 764 1733 792 inferioribus
1757 765 1885 793 consciis
1907 776 1974 795 cum
1998 768 2058 796 sra-

113 817 184 845 gore
205 806 366 835 veniebant
389 806 572 844 vulneraque
594 805 781 845 infligebant,
811 810 908 834 tamen
931 805 996 833 sine
1019 805 1194 844 cuiusquam
1219 803 1326 841 caede3
1357 805 1457 833 tertias
1480 805 1623 845 denique,
1653 807 1683 835 id
1707 811 1750 835 est
1773 812 1868 843 atras,
1891 814 1986 838 status
2009 810 2057 838 di-

113 850 236 886 cebant,
261 859 335 887 quae
357 849 486 877 Deorum
510 848 596 877 etiam
619 848 807 888 superiorum
831 847 956 876 consilio
980 851 1096 886 praeter
1117 847 1354 886 expectationem
1377 847 1510 875 omnium
1533 849 1797 887 superveniebant,
1822 851 1970 889 ignitaque
1992 853 2058 880 vio-

112 893 211 923 lenter
231 891 431 921 discutiebant
453 890 674 930 adurebantque
698 901 756 919 non
779 890 840 920 sine
863 889 1076 928 significatione
1099 895 1191 918 status
1215 889 1328 930 publici
1352 890 1520 928 privatique
1543 892 1691 928 mutandi,
1717 892 1891 931 saepiusque
1916 903 1983 922 curn
2002 894 2058 923 ho-

113 935 225 965 minum
254 934 348 964 clade.
392 934 492 972 Neque
522 944 646 973 prorsus
678 934 787 974 absque
816 933 930 962 ratione
960 933 1071 961 dixisse
1099 937 1212 961 veteres
1244 933 1385 960 videntur
1409 933 1518 970 primas
1542 934 1695 962 manubias
1717 935 1808 963 solius
1830 935 1908 963 lovis
1933 937 2057 966 consilio

111 977 192 1014 fieri,
225 987 291 1005 cum
315 987 365 1005 eae
389 976 546 1013 innoxiae,
578 976 614 1005 de
638 981 743 1005 natura
767 976 881 1005 scilicet
903 975 1038 1014 planetae
1061 975 1139 1004 lovis
1163 975 1213 1013 qui
1235 974 1382 1011 benignus
1405 979 1464 1003 est:
1501 975 1536 1003 ad
1560 976 1703 1005 secundas
1727 987 1798 1005 vero
1823 977 1957 1007 adhiberi
1981 979 2057 1008 Deos

112 1020 257 1055 minores,
289 1029 362 1057 quos
385 1029 437 1056 ego
460 1019 640 1057 interpretor
662 1019 795 1058 planetas
817 1019 887 1047 Iove
911 1018 1085 1055 interiores,
1117 1028 1209 1056 quare
1232 1028 1280 1045 eae
1304 1018 1391 1045 etiam
1416 1017 1613 1049 violentiores.
1660 1020 1704 1048 Ad
1728 1020 1828 1048 tertias
1851 1020 1978 1059 denique
1999 1032 2057 1050 vo-

113 1062 175 1091 cari
199 1062 274 1090 Deos
297 1062 464 1100 superiores
486 1061 504 1089 i.
528 1064 696 1100 superiores
717 1061 830 1098 stellas,
854 1065 1041 1100 quapropter
1062 1071 1111 1089 eae
1134 1061 1220 1088 etiam
1244 1060 1473 1088 violentissimae
1497 1065 1524 1089 et
1548 1071 1606 1089 non
1629 1061 1691 1090 sine
1717 1062 1866 1090 hominum
1891 1063 1982 1092 clade.
2021 1065 2058 1094 Et

112 1104 150 1133 ad
172 1104 249 1132 hanc
273 1104 478 1132 manubiarum
501 1105 645 1133 rationem
669 1104 836 1142 respexisse
859 1104 979 1132 videtur
994 1104 1186 1132 Tamerlanus
1210 1105 1259 1141 qui
1282 1103 1312 1130 in
1336 1103 1488 1131 obsidione
1513 1103 1628 1132 urbium
1652 1104 1748 1142 primo
1772 1105 1819 1133 die
1842 1106 1971 1134 candido
1992 1111 2056 1135 ten-

112 1147 190 1176 torio
212 1146 368 1183 utebatur,
391 1151 422 1174 ut
444 1146 650 1185 impunitatem
674 1157 736 1175 sese
759 1146 936 1175 dedentibus
959 1151 1136 1181 ostentaret3
1162 1146 1210 1174 die
1232 1147 1366 1183 sequenti
1390 1146 1500 1179 rubr0,
1525 1156 1584 1185 quo
1607 1147 1777 1185 principum
1800 1152 1914 1176 tantum
1938 1148 2057 1178 caedem

111 1190 243 1219 futuram
272 1189 469 1228 significabat3
507 1190 595 1218 tertio
624 1189 671 1219 die
701 1190 820 1218 tandem
852 1194 917 1217 atro
946 1189 1075 1217 tentorio
1105 1189 1236 1217 onmium
1266 1189 1497 1217 internecionem
1531 1189 1729 1227 pollicebatur
1750 1190 1773 1218 si
1796 1191 1866 1219 urbs
1891 1197 2057 1229 caperetur.

111 1232 175 1261 Etsi
195 1232 271 1261 illud
294 1232 351 1260 alio
375 1232 468 1271 possit
489 1231 597 1260 referri
618 1236 653 1261 ut
676 1237 704 1260 et
726 1232 777 1260 illa
801 1232 837 1260 de
860 1232 1008 1260 manubiis
1032 1241 1106 1270 quae
1131 1242 1147 1260 a
1171 1242 1215 1260 me
1240 1241 1330 1269 supra
1353 1232 1448 1270 posita
1473 1236 1550 1261 sunt.
1598 1232 1706 1260 Verum
1735 1242 1824 1271 super
1851 1233 1935 1262 vario
1958 1234 2058 1263 fulmi-

111 1285 183 1304 num
213 1284 334 1313 genere,
372 1275 412 1302 ita
437 1285 452 1302 a
476 1275 626 1303 veteribus
656 1274 826 1302 lascivitum
851 1279 912 1310 est,
952 1279 986 1302 ut
1009 1284 1204 1313 quaecunque
1228 1274 1263 1302 ab
1285 1274 1321 1302 iis
1344 1274 1454 1302 tradita
1478 1279 1564 1310 sunt,
1602 1275 1744 1313 pleraque
1766 1276 1878 1304 somnia
1900 1277 2001 1315 potius
2024 1287 2058 1306 ac

112 1317 321 1353 deliramenta,
355 1326 444 1354 quam
467 1315 590 1356 physica
614 1316 760 1345 axiomata
784 1317 846 1345 sive
870 1315 1071 1355 metaphysica
1094 1317 1269 1353 videantur,
1303 1326 1378 1355 quae
1401 1327 1453 1355 ego
1475 1327 1513 1345 ne
1536 1316 1645 1346 chartis
1667 1318 1788 1348 illinam.
1836 1318 1908 1347 Vide
1930 1319 1953 1347 si
1977 1319 2059 1349 lubet

111 1361 212 1389 Senec.
236 1359 287 1388 lib.
300 1359 335 1388 ΙΙ.
357 1359 489 1387 Natural.
513 1364 627 1397 quaest.
655 1359 726 1387 Plin.
749 1359 799 1390 lib.
814 1359 865 1387 XI.
888 1359 957 1388 hist.
981 1365 1042 1389 nat.
1067 1370 1132 1399 cap.
1148 1361 1196 1391 52.
1222 1364 1250 1387 et
1272 1360 1407 1388 Servium
1432 1360 1467 1387 ad
1499 1360 1574 1387 illud
1602 1361 1634 1388 in
1658 1361 1778 1390 Aeneid.
1803 1360 1982 1401 Disiecitque
2004 1373 2059 1390 m·-

111 1409 162 1432 tes.
187 1402 274 1431 Dae.
315 1401 398 1430 Adde
421 1402 497 1430 infra
521 1400 732 1441 Peremptolia‚
762 1402 798 1431 de
822 1402 976 1430 manubiis.
1016 1402 1102 1431 Adde
1125 1403 1252 1431 Nonium
1276 1403 1307 1430 in
1330 1401 1492 1431 Manubias
1516 1404 1602 1442 (pag.
1618 1405 1685 1434 138,
1709 1406 1781 1435 432.
1805 1403 1921 1443 Mero).
1956 1402 2058 1434 Goth.

110 1444 267 1476 Dicuntur.
291 1444 469 1473 creduntur.
494 1443 678 1486 Placideque.
702 1445 849 1474 Placatae.
874 1443 1063 1483 Super-arunt.
1087 1445 1279 1483 Superorum.
1325 1443 1434 1473 Idem.

275 1487 434 1515 Manias.
478 1486 608 1516 Maniae.
648 1487 713 1515 Non
738 1488 835 1515 solnm
858 1487 1099 1516 terriculamenta
1121 1488 1294 1523 infantium,
1318 1487 1370 1516 sed
1394 1492 1423 1515 et
1444 1487 1618 1516 lactentium
1641 1488 1712 1517 deos
1734 1487 1885 1527 praesides
1909 1488 1947 1516 ita
1973 1498 2059 1518 voca-

111 1529 190 1558 bant.
225 1529 328 1568 Itaque
352 1534 380 1558 et
403 1529 497 1558 Varro
523 1528 667 1558 cuninam
691 1534 719 1558 et
741 1528 904 1558 Ruminom
925 1529 1004 1558 inter
1025 1530 1140 1558 Manias
1163 1535 1272 1559 censet.
1315 1529 1407 1557 Cuius
1429 1529 1502 1558 haec
1525 1530 1628 1559 verba:
1655 1530 1728 1560 Cato
1752 1529 1786 1559 de
1808 1529 1906 1560 liberis
1929 1529 2059 1561 educan-

112 1570 176 1600 dis:
209 1571 304 1601 Hisce
325 1571 486 1600 Maniabus
514 1570 592 1600 lacre
613 1572 653 1610 fit
684 1583 741 1601 non
764 1572 848 1607 υἱηο,·
888 1569 1017 1599 cuninae
1036 1579 1155 1611 propter·
1176 1583 1284 1601 cunas:
1319 1570 1480 1609 Ruminae,
1506 1580 1625 1611 propter
1647 1584 1758 1602 rumam
1782 1578 1836 1601 etc.
1881 1573 1957 1602 Male
1980 1572 2060 1613 apud

110 1614 240 1643 Nonium
269 1613 414 1642 manibus.
447 1612 545 1642 Scal.
589 1613 712 1642 Maniae
738 1613 850 1650 figurae
880 1613 1024 1651 quaedam
1054 1624 1090 1642 ex
1121 1615 1215 1644 sanna
1239 1625 1254 1642 a
1277 1614 1443 1644 nutricibus
1471 1614 1555 1644 fictae
1580 1620 1613 1644 ut
1635 1616 1872 1645 terriculamenta
1896 1616 2060 1645 infantibus

112 1656 293 1692 obiicerent3
318 1656 431 1684 maniae
454 1656 549 1684 dictae
571 1667 586 1683 a
609 1657 710 1684 mania
734 1657 861 1684 Deorum
886 1656 1016 1684 munium
1038 1661 1132 1686 matre
1154 1657 1203 1686 vel
1226 1656 1299 1686 avia.
1340 1656 1460 1686 Glossae
1481 1656 1603 1686 Isidori:
1626 1658 1750 1687 ,Maniae
1766 1657 1962 1697 formidinum
1986 1659 2060 1687 imo-

108 1699 200 1738 ἐξίητε.
245 1699 337 1727 Erant
359 1704 387 1726 et
409 1698 524 1726 Maniae
548 1698 623 1726 Deae
646 1698 815 1727 lactentium
836 1698 1011 1737 *praesidem
1044 1699 1145 1737 itaque
1170 1699 1264 1729 Varro
1288 1700 1430 1728 Cuninam
1454 1704 1480 1727 et
1504 1700 1660 1728 [luminam
1683 1702 1761 1729 inter
1783 1701 1894 1729 Manias
1916 1706 2059 1729 recenset.

113 1740 204 1776 Quod
226 1741 302 1769 infra
326 1741 448 1778 legitur:
473 1739 512 1769 Id
534 1747 574 1768 est
598 1752 695 1769 manes
718 1752 806 1781 quos,
831 1741 920 1779 paulo
943 1741 1028 1770 aliter
1051 1741 1081 1770 in
1105 1741 1205 1771 selred.
1239 1740 1277 1770 Id
1299 1748 1340 1770 est
1362 1752 1460 1770 manes
1481 1741 1560 1770 Deos
1581 1741 1729 1782 Deosque,
1752 1744 1804 1783 qui
1825 1750 1877 1772 aut
1898 1742 1937 1771 ab
1959 1742 2061 1787 inferi·

111 1782 154 1811 ad
175 1793 293 1823 superos
314 1790 455 1821 manum,-
475 1790 529 1812 aut
550 1783 656 1811 Mania
678 1790 718 1812 est
740 1794 838 1812 eorum
860 1783 927 1812 avia
950 1790 1099 1819 materna,
1124 1792 1192 1814 sunt
1214 1785 1288 1814 enim
1311 1788 1368 1814 etc.
1412 1783 1467 1814 Da
1478 1795 1502 1813 c.

279 1825 462 1864 Μανιοερε,
507 1825 598 1861 Quod
619 1835 707 1856 manu
728 1826 879 1864 copiatum
914 1826 973 1855 imo
997 1826 1110 1864 capiat;
1144 1828 1184 1856 ita
1208 1837 1278 1864 ergo
1298 1836 1418 1864 repone.
1446 1824 1549 1856 Scal.
1595 1825 1646 1855 Est
1668 1831 1766 1856 autem
1789 1827 1874 1865 quasi
1893 1837 2061 1866 manucepo,

113 1868 182 1907 quia
213 1878 302 1897 manu
331 1867 446 1897 sublata
473 1879 504 1897 se
533 1868 628 1907 pluris
658 1878 719 1897 esse
749 1869 893 1897 licitatum
923 1868 1116 1906 significabat.
1162 1869 1285 1899 Sublata
1315 1869 1390 1898 enim
1421 1878 1509 1897 manu
1540 1868 1587 1897 vel
1618 1868 1709 1906 digito
1738 1869 1914 1899 licit-tiones
1941 1868 2058 1899 fiebant.

113 1911 174 1939 Cic.
192 1910 241 1940 tlt.
265 1911 295 1939 in
319 1910 403 1941 Verr.
427 1911 475 1949 (Ι,
498 1910 584 1950 54.):
619 1910 792 1940 Accurrunt
818 1918 912 1940 tamen
942 1918 1050 1940 tutores
1077 1911 1118 1942 ad
1142 1919 1268 1952 tempus,
1297 1910 1423 1951 digitum
1444 1909 1523 1939 tollit
1546 1909 1648 1940 Iunius
1669 1919 1799 1950 patruus.
1846 1912 1929 1947 Quae
1950 1911 1981 1939 in
2003 1910 2061 1940 fine

112 1954 223 1991 posita,
254 1954 296 1982 sic
319 1953 443 1991 legenda
467 1958 549 1982 sunt:
582 1952 678 1992 Quom
702 1954 727 1982 is
748 1964 802 1992 pro
825 1964 883 1993 quo
903 1964 990 1993 praes
1002 1953 1111 1993 factus
1133 1962 1193 1993 ‘⁸²3
1223 1959 1254 1983 ut
1277 1954 1334 1984 viri
1358 1953 1448 1984 docti.
1473 1953 1562 1983 Dae.
1606 1954 1691 1982 Adde
1713 1953 1897 1993 Mancipatio
1918 1956 1949 1981 et
1971 1963 2062 1991 supra

111 1994 330 2035 Emancipatio.
364 1996 397 2025 V.
417 1996 476 2027 1.3.
500 1996 570 2026 cod.
595 1996 704 2034 quibus
726 1996 903 2026 iunioribus.
926 1996 975 2026 lib.
989 1997 1026 2025 X.
1054 1995 1157 2027 Goth.
1197 1995 1349 2036 Capiatur.
1385 1996 1486 2035 Capit,
1516 1995 1670 2028 conducit.
1693 1996 1820 2029 l.52.ffi
1844 1996 1944 2025 locati.
1979 1994 2061 2024 Idem

112 2037 210 2068 Praes.
245 2039 328 2067 Adde
349 2038 426 2067 infra
447 2038 545 2068 Praes.
577 2038 634 2067 Pro
657 2050 696 2069 eo.
731 2040 788 2068 Pro
811 2049 878 2078 qun.
916 2036 1028 2068 Idem.
1765 2052 1767 2056 ¹

277 2079 414 2111 Mandu
424 2082 464 2112 ci.
509 2079 686 2111 Manducus.
726 2082 756 2110 L.
778 2092 815 2111 m.
839 2080 979 2110 manduci
1002 2080 1112 2118 effigies
1134 2081 1165 2110 in
1189 2091 1298 2120 pompa
1322 2081 1514 2119 antiquorum
1537 2081 1615 2112 inter
1638 2085 1747 2111 ceteras
1767 2080 1929 2117 ridiculas,
1956 2080 2061 2110 sormi-

114 2123 291 2162 dolosasque
313 2133 359 2152 res
381 2124 426 2153 ire
447 2123 570 2153 solebat.
595 2122 645 2151 Fu
655 2122 698 2153 lv.
727 2123 804 2152 Ure.
850 2125 946 2153 Locus
973 2123 1068 2153 Plauti
1092 2124 1216 2153 Rudent.
1235 2124 1278 2160 11,
1302 2126 1337 2159 6,
1360 2121 1456 2163 (51.)z

592 2165 645 2194 Ch.
672 2164 751 2203 Quid
774 2167 799 2194 si
820 2164 922 2205 aliquo
945 2164 986 2195 ad
1008 2164 1095 2195 ludos
1119 2178 1164 2196 me
1184 2177 1239 2206 pro
1262 2165 1410 2196 manduco
1433 2164 1553 2197 locem?

591 2208 642 2236 La.
669 2207 879 2247 Quapropter?
922 2207 975 2237 Ch.
1003 2208 1080 2246 Quia
1101 2207 1156 2248 pol
1177 2208 1257 2239 clare
1278 2210 1385 2248 crepito
1409 2207 1552 2238 dentibus.

112 2249 202 2278 Hunc
224 2252 443 2289 μορμολυκεῖον
468 2250 574 2280 Graeci
597 2255 715 2280 vocant.
763 2252 802 2279 De
825 2261 859 2280 eo
885 2251 1092 2289 intelligendus
1115 2250 1163 2280 hic
1186 2252 1271 2280 locus
1294 2251 1444 2281 Iuvenalis
1466 2252 1526 2282 Sat.
1544 2249 1593 2280 111.
1617 2247 1770 2288 (v.176.):

673 2308 715 2315 -
759 2310 797 2315 -
842 2291 1016 2333 tandemque
1039 2292 1113 2323 redit
1135 2293 1175 2323 od
1192 2292 1309 2333 pulpita
1332 2301 1432 2323 notum

669 2334 837 2364 Exodium:
862 2346 926 2364 cum
947 2346 1087 2374 personae
1107 2335 1247 2375 pallentis
1268 2335 1380 2366 hiatum

670 2376 705 2406 Ῑη
727 2379 838 2417 gremio
863 2379 964 2407 matris
975 2377 1131 2419 formidat
1153 2380 1278 2408 rusticus
1300 2377 1410 2420 infans.

115 2418 188 2449 vide
212 2418 318 2450 Citeria
340 2425 372 2450 et
394 2419 517 2450 Peneia
550 2419 639 2451 Dae.
687 2418 782 2450 Clare.
822 2420 898 2456 Quia
922 2421 973 2459 pol
997 2421 1086 2451 clare.
1135 2419 1238 2453 Goth.

1504 2470 1653 2514 Qqq*
