2263 2668
357 182 433 217 202
974 175 1113 209 SEXTI
1146 173 1345 209 POMPEII
1379 176 1517 211 FESTI

359 276 469 309 monio
497 278 543 305 est
570 270 734 315 qualitatis
761 269 956 303 adverbium
967 293 977 311 ,
1004 269 1097 314 quod
1121 275 1168 303 est
1191 281 1347 315 propere.
1402 269 1640 315 Prophetas
1668 269 1701 301 in
1726 269 1868 302 Adrasto
1896 270 1997 303 lulius
2023 271 2135 304 nomi-

360 333 413 360 nat
439 323 592 358 antistites
621 323 771 355 fanorum
781 345 790 362 ‚
824 322 1107 365 oraculorumque
1133 322 1328 366 interpretes
1341 333 1348 354 :

459 386 507 409 eu
519 386 550 407 m
580 374 720 419 capita
746 373 879 406 viridi
905 374 1025 406 lauro
1052 373 1195 406 velare
1222 374 1435 417 imperant

205 439 241 462 ϊ.
261 441 350 471 parant
460 425 724 471 prophetae,
760 430 906 458 sancta
930 426 989 458 ita
1016 429 1133 460 caste
1159 425 1228 468 qui
1255 429 1408 469 purant
1420 427 1433 441 *
1457 434 1584 458 sacra.

205 494 216 506 ο
228 489 244 513 f.
254 488 350 519 Sango,
360 480 438 511 Pro
447 483 517 522 pte
527 488 542 509 r
568 477 672 510 viam
685 474 698 496 ¹
721 476 758 508 fit
784 476 980 510 sacrificium
991 500 1000 517 ‚
1036 476 1130 520 quod
1159 481 1204 510 est
1230 475 1465 521 proficiscendi
1491 475 1599 520 gratia
1625 473 1785 515 Herculi,
1821 478 1877 505 aut
1897 472 2007 507 Sanco
2021 477 2044 518 *,
2079 475 2136 518 qui

358 530 482 563 scilicet
508 528 597 561 idem
625 533 673 562 est
700 527 792 560 deus.
845 529 873 561 P
882 540 924 560 ro
936 527 957 560 d
967 528 977 560 i
985 528 1055 573 gia
1082 528 1174 572 quod
1199 527 1398 572 praedicunt
1420 527 1549 565 futura3
1578 525 1823 571 permutatione
1844 536 1869 569 g
1889 524 2035 558 litterae:
2060 537 2137 559 nam

359 593 444 625 quae
471 591 557 613 nunc
583 591 602 614 c
630 579 837 624 appellatur,
875 580 918 613 ab
946 580 1084 624 antiquis
1111 591 1136 624 g
1163 579 1354 612 vocabatur.
1409 579 1460 611 Pr
1470 590 1489 611 o
1500 578 1607 620 duit,
1649 588 1752 622 porro
1780 575 1928 616 dederit,
1965 581 2002 609 ut
2029 581 2078 609 est
2103 577 2138 609 in

361 634 436 678 lege
457 631 633 665 Censoria:
671 643 694 676 p
705 631 884 665 orticum
912 637 1082 673 sartam,
1126 636 1279 665 tectam
1290 642 1367 674 que
1394 629 1478 663 hab
1489 636 1575 671 eto,
1613 640 1688 673 pro
1699 628 1798 661 dito.
1833 628 1913 660 alias
1940 627 2136 672 prodiderit.

187 695 216 718 ‘r
227 693 351 726 Hymnide
362 683 470 717 Prod
481 683 623 728 egeris
650 684 911 728 consumpseris,
950 683 1139 728 prodideris
1150 707 1158 722 ‚
1196 686 1230 715 ut
1252 681 1417 716 Caecilius
1443 682 1475 714 in
1501 681 1617 725 hymni
1629 685 1659 713 ἰ

461 734 696 780 prodigere
724 740 800 777 est,
834 746 922 770 cum
950 734 1060 768 nihil
1088 734 1265 776 habeas,
1293 738 1332 766 te
1358 733 1560 773 inridier,

363 792 395 820 et
417 786 554 820 Plautus
580 786 613 818 in
632 787 848 820 Nervolaria:

188 845 353 880 ·f.producte
462 837 698 882 productae
726 838 971 883 prodigium
987 842 999 855 ⁸
1027 849 1117 870 esse
1143 837 1181 869 in
1197 840 1223 853 **
1238 834 1256 856 2
1280 841 1511 869 amatorem
1540 834 1731 869 addecet.

204 880 337 940 Ρζΐὰἐὲἒὲ
363 889 389 922 Ρ
399 901 413 921 r
423 901 442 923 o
453 889 551 922 dinu
561 901 581 922 n
591 896 602 922 t
612 916 621 932 ,
656 889 845 934 prodeunt,
882 895 915 923 ut
938 889 1061 923 Ennius
1083 888 1214 923 Annali.
1237 887 1277 920 L.
1299 888 1375 920 111.:

463 941 703 986 prodinunt
730 941 811 975 fam
824 941 881 974 uli
908 946 990 974 tum
1019 940 1203 975 candida
1231 939 1391 972 lumina
1418 938 1569 972 lucent.

362 992 473 1026 Prob
484 1004 590 1037 rum,
627 998 795 1038 stuprum,
830 993 992 1038 flagitium
1004 1017 1013 1033 ‚
1047 998 1082 1026 ut
1102 992 1224 1025 Accius
1250 992 1281 1023 in
1303 990 1518 1024 Hellenibus:

460 1045 531 1088 qui
558 1044 639 1077 nisi
666 1046 885 1090 probrum,
927 1044 1064 1077 omnia
1092 1044 1173 1077 alia
1200 1042 1414 1077 indelicta
1441 1040 1675 1075 aestimant.

359 1094 526 1129 Caecilius
552 1096 585 1128 in
611 1096 725 1129 Davo:

463 1159 508 1180 ea
533 1151 618 1180 tum
647 1158 894 1193 compressa
921 1147 1036 1192 parit
1062 1145 1162 1180 huic
1187 1156 1384 1191 puerum,
1420 1144 1503 1177 sibi
1530 1142 1744 1188 probrum.
2113 1185 2121 1191 ⁴

205 1201 216 1215 ⁸
227 1202 244 1227 f·
265 1201 353 1232 Probi,
366 1198 475 1232 Prob
485 1199 517 1231 ri
527 1210 546 1232 u
556 1211 588 1232 m
605 1203 628 1241 *,
655 1200 763 1240 velut,
793 1198 946 1244 prohibi,
973 1199 1028 1242 qui
1053 1210 1086 1231 se
1098 1201 1126 1215 **
1150 1197 1355 1241 deliquendo
1380 1195 1572 1241 prohibent.
1625 1194 1677 1227 Pr
1687 1204 1707 1226 o
1717 1192 1738 1225 d
1749 1192 1757 1224 i
1767 1190 1809 1236 gi
1820 1200 1838 1221 a
1848 1194 1961 1221 tores
1988 1186 2141 1230 haruspi-

204 1236 355 1305 Ῐςῗρᾆόάᾒ,
367 1260 438 1292 ces,
482 1250 715 1296 prodigiorum
743 1251 947 1295 interpretes.
1000 1251 1027 1283 P
1036 1261 1051 1282 r
1060 1261 1080 1282 o
1091 1249 1111 1282 d
1122 1250 1178 1282 ita
1192 1252 1212 1288 †
1235 1261 1267 1282 m
1278 1261 1335 1282 em
1345 1260 1364 1281 o
1374 1249 1434 1281 ria
1443 1259 1461 1281 e
1487 1257 1592 1292 porro
1620 1245 1678 1278 dat
1704 1249 1736 1277 et
1763 1241 1859 1276 fallit.
1886 1240 1964 1273 item
1992 1249 2032 1272 ex
2056 1237 2142 1270 inte-

364 1301 450 1334 riore
475 1302 553 1336 loco
581 1302 744 1347 procedit.
772 1303 850 1335 item
875 1301 1006 1347 perdit,
1043 1306 1079 1335 ut
1099 1301 1224 1334 Ennius
1250 1301 1289 1333 L.
1310 1300 1419 1333 XV1.:

206 1356 245 1380 ‘s-
266 1354 354 1389 cupidi
465 1354 608 1387 nonin
636 1354 819 1399 sper-and
831 1365 851 1386 o
879 1353 1037 1398 cupide
1053 1357 1065 1371 *
1088 1365 1173 1386 rem
1200 1352 1388 1397 prodere
1415 1360 1622 1384 summam.

364 1404 391 1437 P
400 1405 466 1437 uni
476 1416 494 1438 c
504 1416 523 1438 u
532 1417 565 1438 m
592 1406 685 1449 quod
713 1406 915 1451 appellatur,
932 1402 953 1454 Η
967 1416 1072 1450 genus
1089 1404 1149 1438 libi
1175 1404 1387 1437 translatum
1410 1414 1433 1435 α
1454 1401 1591 1435 Poenis.
1617 1398 1711 1432 idem
1728 1393 1941 1441 appellatum
1957 1390 2034 1451 suit
2058 1388 2140 1436 [38]

361 1455 523 1501 probum,
543 1458 667 1491 ceteris
684 1457 763 1491 libis
781 1457 1029 1491 suavissimum
1055 1457 1134 1500 quia
1160 1455 1356 1489 videbatur.
1398 1453 1570 1487 Punicum
1598 1450 1727 1484 dieitur
1755 1446 1862 1480 etiam
1888 1446 1993 1478 vestis
2018 1452 2142 1475 nomen

190 1510 227 1536 *t
254 1511 371 1543 rostris„
426 1533 433 1540 .
488 1533 496 1541 .
552 1534 558 1540 .
611 1508 699 1542 Pro
726 1508 909 1556 significat
935 1509 976 1542 in
1003 1512 1040 1541 ut
1061 1519 1131 1553 pro
1157 1507 1280 1541 rostois
1291 1511 1315 1550 *,
1338 1516 1408 1551 pro
1435 1504 1543 1546 aede,
1567 1513 1637 1548 pro
1663 1497 1840 1535 tribunali.
1893 1495 2141 1540 Progenerum

364 1560 520 1603 appellnt
547 1572 635 1594 avus
659 1561 772 1605 neptis
798 1571 885 1593 suae
910 1561 1033 1594 virum.
1086 1559 1284 1605 Prosanum
1311 1557 1404 1601 quod
1430 1568 1499 1590 non
1526 1559 1575 1588 est
1599 1553 1733 1600 sanum
1760 1547 1973 1596 appellatur.
2028 1545 2142 1579 Plau-

365 1614 438 1644 tus:
483 1622 644 1653 sacrum,
687 1623 733 1645 un
758 1611 950 1657 profanum
978 1610 1129 1652 habeas,
1168 1610 1277 1655 parvi
1297 1609 1478 1655 penditur.
1530 1606 1649 1640 Livius
1674 1605 1708 1638 in
1762 1623 2140 1634 ·······

484 1688 491 1694 .
541 1663 671 1708 publici
727 1688 1105 1697 .......
1158 1661 1336 1695 Pacuvius
1359 1661 1393 1693 in
1413 1659 1586 1693 Periboea
1640 1673 2140 1689 .........

364 1712 447 1745 inde
468 1714 753 1760 profanationem
783 1715 855 1747 diei
881 1716 929 1748 ait
959 1714 975 1746 J
982 1714 1112 1748 errius.
1166 1713 1270 1754 Pro,
1292 1712 1455 1758 ponitur,
1478 1721 1548 1756 pro
1571 1704 1841 1753 amplificando,
1868 1712 1913 1735 ac
1930 1699 2058 1758 Pali-1⁷¹¹
2074 1697 2143 1743 sss-

365 1763 505 1806 ciendo,
535 1769 572 1798 ut
590 1766 718 1811 prodi,
741 1777 916 1811 provoca,
945 1765 1121 1810 propelle,
1147 1765 1289 1810 ponitur
1316 1764 1409 1797 alias
1431 1773 1501 1808 pro
1521 1758 1696 1807 privandi
1711 1755 1908 1804 facultate,
1935 1755 1973 1785 ut
2000 1762 2035 1784 m
2057 1759 2143 1808 pro-

362 1816 493 1858 padio,
531 1817 772 1862 prohibendo,
813 1818 896 1863 quia
924 1822 1108 1862 utrumque
1135 1816 1253 1850 abnuit
1279 1815 1314 1849 in
1339 1815 1394 1849 his
1421 1825 1495 1848 esse
1516 1813 1711 1859 pudorem,
1747 1808 2028 1862 potestatemque
2053 1800 2146 1834 allas

198 1863 233 1888 ’ἱ
247 1864 314 1923 apgd
328 1867 358 1892 ob
369 1867 464 1898 uliud
492 1868 558 1901 alio
570 1873 594 1911 ¹¹,
630 1874 665 1903 ut
687 1880 759 1915 pro
780 1869 952 1915 pecunia,
982 1879 1052 1914 pro
1075 1868 1229 1914 praedio
1241 1871 1279 1910 '*‚
1310 1877 1382 1912 pro
1404 1865 1593 1906 consule†‚
1629 1863 1710 1897 alias
1735 1871 1798 1906 ΡΤο
1827 1856 2076 1894 admiratmne’
2109 1855 2145 1884 “t

199 1907 433 1965 ufgrgede'pro
470 1918 641 1965 Iuppiter.
709 1921 837 1954 Accius
870 1922 903 1954 in
938 1920 1143 1966 Melanippa
1154 1917 1228 1959 ††4
1248 1930 1319 1965 pro
1353 1918 1518 1964 Iuppiter
1924 1935 1931 1942 ·
1986 1932 1992 1938 ·
2045 1914 2144 1937 manu

198 1965 517 2030 sssssfflfffflmomium*
573 1997 1195 2005 ...........
1256 1970 1393 2004 Plautus
1431 1969 1464 2001 in
1509 1966 1677 2002 Condalio
1740 1989 1746 1995 .
1809 1989 1815 1993 .
1880 1986 1887 1992 .
1948 1957 2041 1990 alias
2075 1965 2144 2000 pro

249 2010 470 2067 ὶῑρρῖῃῧ-αηῖθ,
513 2025 548 2054 ul
575 2033 637 2066 pro
666 2022 787 2056 hostio.
816 2023 894 2056 alias
921 2035 985 2068 pro
1012 2024 1064 2066 in,
1100 2027 1136 2056 ut
1164 2023 1313 2056 dicimus
1333 2021 1542 2067 promittere
1569 2018 1734 2057 barbam,
1771 2019 1804 2046 et
1829 2009 2000 2056 capillum.
2053 2006 2143 2040 Pro-

202 2068 238 2092 ‘f-
257 2066 517 2110 omniumsundmn
544 2073 674 2107 dicitur
699 2075 757 2117 id,
784 2075 878 2120 quod
906 2079 955 2109 est
982 2075 1105 2118 altum,
1132 2085 1173 2110 ac
1197 2073 1339 2108 fundum
1366 2073 1474 2118 longe
1501 2069 1616 2104 habet.
1669 2064 1848 2101 Pacuvius
1870 2062 1904 2095 in
1926 2058 2050 2094 Medo:
2084 2067 2142 2090 ne—

419 2232 423 2236 ,
449 2192 475 2230 ¹)
488 2194 717 2238 Propon-uiam]
730 2201 850 2230 Plautus
862 2202 892 2230 in
904 2201 1046 2232 Rudente.
1067 2202 1107 2230 Ut
1120 2211 1182 2230 mea
1192 2205 1238 2231 est
1278 2200 1405 2239 lanippo
1421 2200 1468 2228 Pr.
1484 2198 1588 2227 Melan
1603 2218 1609 2225 .
1633 2219 1639 2225 .
1658 2218 1664 2225 .
1686 2194 1760 2224 Ven.
1781 2192 1828 2220 Sc.
1851 2205 1891 2212 -
1914 2188 1942 2225 5)
1963 2180 2140 2235 st‘fi‘fflfiffi]

375 2241 496 2279 opnuo,
514 2240 717 2282 propterviam
736 2243 781 2271 illi
801 2244 900 2273 vocati
917 2249 986 2273 sunt
1006 2244 1041 2273 ad
1063 2243 1235 2284 prandium.
1279 2242 1353 2272 Vide
1369 2243 1401 2271 in
1423 2242 1641 2271 occisitantur.
1668 2253 1701 2258 -
1728 2233 1759 2275 6)
1781 2232 1883 2262 Plebei
1901 2225 2047 2276 Aedilem]
2071 2225 2141 2254 D1o-

375 2274 446 2313 qul'?
469 2286 537 2315 quia
552 2284 618 2316 post
632 2290 749 2312 caenam
765 2285 854 2315 credo
877 2286 1023 2316 laverunt.
1046 2288 1123 2315 Urs.
1140 2304 1179 2309 -
1203 2284 1234 2327 2)
1278 2286 1382 2325 nysius
1410 2284 1462 2315 lib.
1483 2287 1512 2317 6.
1539 2281 1656 2311 Aediles
1683 2277 1836 2320 plebeios,
1868 2277 1917 2322 ’ut
1942 2269 2139 2318 Tribunorum

376 2316 408 2344 In
425 2327 513 2365 marg.
530 2319 603 2349 Ven.
620 2327 648 2350 et
662 2324 707 2352 Sc.
720 2331 852 2356 notatum
866 2333 920 2365 est,
935 2333 992 2357 vet.
1007 2329 1080 2358 cod.
1093 2329 1235 2360 exhibere
1277 2328 1374 2368 plebis
1393 2331 1492 2357 esseut
1514 2323 1661 2359 ministri,
1691 2326 1719 2350 et
1739 2324 1772 2349 ut
1799 2327 1890 2347 sacrus
1914 2313 2035 2361 aedibus
2054 2316 2141 2369 prag-

376 2369 413 2389 m.
437 2370 454 2387 1.
473 2371 495 2389 e.
516 2372 572 2392 me.
605 2380 635 2384 —
680 2366 710 2402 3)
733 2368 913 2409 Punicum]
946 2371 1086 2401 Horatius
1114 2371 1233 2412 epodon
1278 2375 1393 2406 essent,
1423 2369 1498 2399 dicit
1519 2372 1636 2397 creatos
1659 2365 1757 2393 fuisse.
1803 2361 1909 2399 Digest.
1933 2355 1983 2384 lib·
2000 2356 2034 2398 1⁸.
2048 2354 2093 2379 ffl-
2112 2371 2140 2396 γ·

375 2401 430 2430 ode
450 2402 502 2434 lx,
533 2404 642 2435 Punico
665 2407 788 2445 lugubre
807 2413 932 2441 mutavit
953 2422 1065 2451 sagum.
1089 2420 1133 2443 est
1156 2414 1233 2442 enim
1276 2413 1408 2452 Itemque
1428 2417 1460 2441 ut
1477 2415 1591 2448 essent,
1615 2408 1664 2447 qui
1681 2405 1802 2435 aedibus
1819 2400 2002 2442 praeessent,
2025 2402 2055 2421 ¹¹¹
2075 2401 2138 2430 <1¹¹¹-

374 2445 453 2482 apud
479 2445 632 2477 Horatium
656 2451 745 2478 vestis
774 2461 888 2482 nomen.
929 2455 1008 2483 Urs.
1041 2471 1078 2477 -—
1116 2456 1146 2492 4)
1171 2457 1233 2484 stle—
1274 2455 1330 2484 bus
1348 2454 1447 2484 omnia
1461 2454 1535 2482 scita
1551 2450 1635 2492 plebs
1651 2446 1819 2481 deferebat,
1842 2443 1917 2472 duos
1936 2435 2049 2476 eplebe
2064 2444 2137 2462 cou-
