2263 2668
63 595 559 652 EXGERPTA
602 595 721 649 EX
766 594 1074 649 LIBRIS
1119 595 1510 654 ΡΟΜΡΕΙΙ
1559 603 1835 662 FESTI
1891 610 2002 667 DE

356 680 1130 737 SIGNIFIGATIONE
1176 682 1728 745 ῩΕΒΒΟΒΠΜ.1

206 944 515 990 EPISTOLA
543 945 732 988 PAULI
760 944 1116 989 PONTIFIGIS
1146 946 1230 989 ΑΒ
1262 946 1561 993 GAROLUM
1590 951 1824 999 REGEM.
1841 955 1854 976 ²

57 1038 245 1091 Divinae³
269 1058 430 1103 largitatis
456 1069 610 1100 munere,
637 1057 799 1101 sapientia
825 1056 1040 1102 potentiaque
1067 1059 1284 1104 praefulgido
1311 1060 1458 1094 Domino
1484 1063 1575 1108 Regi
1602 1063 1726 1099 Carolo
1760 1079 1879 1114 regum
1901 1073 2004 1106 subli-

57 1110 203 1143 missimo
229 1110 352 1143 Paulus
378 1111 510 1142 ultimus
536 1109 692 1142 servulus.

225 1161 370 1206 Cupiens
397 1161 524 1204 aliquid
547 1161 660 1193 vestris
686 1159 899 1193 bibliothecis
927 1160 1070 1199 addere,
1104 1162 1181 1204 quia
1209 1174 1249 1196 ex
1276 1164 1415 1209 proprio
1443 1176 1623 1210 perparum
1641 1163 1653 1184 ⁴
1679 1169 1792 1212 valeo,
1820 1176 2004 1209 necessario

58 1223 98 1246 ex
123 1213 230 1246 alieno
257 1213 413 1248 mutuavi.
467 1214 585 1246 Sextus
602 1208 614 1228 ⁵
642 1212 787 1255 denique
814 1212 994 1255 Pompeius
1023 1213 1180 1246 Romanis
1215 1215 1329 1247 studiis
1363 1215 1490 1249 affatim
1527 1219 1692 1259 eruditus,
1720 1226 1786 1254 tam
1814 1235 2004 1261 sermonum

56 1264 264 1304 abditorum,
303 1276 404 1307 quam
439 1264 538 1296 etiam
574 1264 782 1306 quarundam
818 1275 990 1297 causarum
1027 1264 1172 1310 origines
1205 1267 1372 1310 aperiens,
1407 1279 1492 1312 opus
1526 1281 1621 1302 suum
1654 1272 1698 1305 ad
1724 1273 1839 1319 viginti
1866 1276 2004 1321 usques

55 1316 186 1359 prolixa
218 1316 388 1349 volumina
424 1315 578 1348 extendit.
639 1315 692 1347 Ex
718 1326 784 1358 qua
811 1327 878 1359 ego
905 1315 1096 1359 prolixitate
1123 1318 1291 1362 superflua
1318 1330 1472 1362 quaeque
1499 1324 1532 1353 et
1562 1322 1667 1355 minus
1693 1327 1875 1360 necessaria
1900 1341 2004 1373 prae-

54 1367 262 1412 tergrediens
289 1372 322 1400 et
347 1367 514 1410 quaedam
550 1367 697 1399 abstrusa
730 1367 860 1411 penitus
895 1367 969 1399 stilo
1003 1369 1143 1412 proprio
1172 1370 1366 1411 enucleans,
1402 1372 1560 1405 nonnulla
1577 1369 1589 1389 ⁷
1615 1374 1677 1415 ita,
1705 1380 1740 1408 ut
1767 1383 1858 1411 erant
1883 1381 2003 1424 posita,

54 1419 259 1462 relinquens,
293 1416 389 1452 hoc⁸
414 1424 542 1451 vestrae
576 1418 761 1451 celsitudini
796 1418 978 1463 legendum
1013 1419 1280 1464 compendium⁹
1310 1423 1426 1457 obtuli.
1484 1424 1524 1456 In
1558 1425 1650 1458 cuius
1674 1428 1756 1460 serie
1773 1425 1812 1469 ¹⁰,
1838 1431 1864 1462 si
1890 1437 2002 1466 tamen

54 1469 179 1503 lectum
211 1470 259 1503 ire
288 1482 355 1502 non
391 1470 656 1514 dedignabimini
672 1466 712 1511 ¹¹,
740 1470 906 1513 quaedam
940 1471 1122 1504 secundum
1159 1478 1280 1515 artem,
1314 1474 1480 1517 quaedam
1514 1475 1602 1508 iuxta
1628 1479 1868 1525 etymologiam
1893 1484 2003 1528 posita

54 1532 122 1553 non
148 1521 415 1554 inconvenienter
431 1518 456 1538 ¹²
481 1522 666 1561 invenietis,
694 1526 727 1554 et
752 1522 935 1566 praecipue
957 1523 1095 1556 civitatis
1117 1529 1246 1557 vestrae
1262 1526 1450 1558 Romuleae
1467 1523 1508 1568 ¹³,
1529 1527 1673 1569 viarum,
1692 1536 1883 1573 portarum,
1903 1546 2002 1568 mon-

54 1572 154 1613 tium,
181 1572 333 1606 locorum
359 1573 572 1616 tribuumque
586 1569 610 1589 ¹⁴
636 1573 801 1605 vocabula
827 1573 948 1606 diserta
973 1576 1159 1618 reperietis3
1186 1577 1264 1608 ritus
1290 1581 1464 1621 praeterea
1490 1579 1663 1622 gentilium
1684 1587 1716 1613 et
1738 1586 2001 1628 consuetudines,

54 1625 160 1656 varias
185 1623 346 1658 dictiones
380 1635 516 1667 quoque
546 1625 655 1668 poetis
672 1621 695 1641 ¹⁵
723 1629 756 1656 et
789 1624 1068 1670 historiographis
1101 1627 1296 1668 familiares,
1331 1640 1412 1671 quas
1445 1628 1477 1660 in
1511 1630 1576 1662 suis
1603 1633 1772 1674 opusculis
1798 1635 2002 1680 frequentius

53 1685 207 1720 posuere.
257 1675 362 1717 Quod
388 1676 572 1720 exiguitatis
597 1687 692 1708 meae
719 1677 948 1709 munusculum
975 1678 1000 1709 si
1027 1689 1130 1723 sagax
1157 1684 1189 1711 et
1215 1679 1460 1711 subtilissimum
1486 1686 1630 1714 vestrum
1658 1683 1828 1729 ingenium
1853 1699 1920 1722 non
1946 1701 2001 1724 115-

54 1737 254 1770 quequaque
277 1726 455 1772 repulerit,
481 1728 674 1761 tenuitatem
701 1739 811 1762 meam
837 1728 903 1761 vita
917 1724 940 1744 ¹¹⁵
967 1729 1089 1763 comite
1116 1730 1160 1763 ad
1186 1731 1320 1775 potiora
1346 1730 1510 1766 excitabit.
1550 1732 1637 1766 Vale
1658 1730 1690 1769 ¹⁷.

141 1842 167 1891 1)
197 1843 245 1872 Sic
268 1843 335 1872 cod.
364 1843 419 1873 Gu.
443 1847 471 1876 2.
494 1843 532 1872 M.
584 1846 723 1884 Pompeii
744 1846 829 1873 Festi
851 1844 887 1873 de
909 1846 1001 1873 inter-
1044 1851 1087 1875 est
1110 1846 1217 1885 aptius.
1244 1863 1279 1868 —
1308 1842 1338 1886 9)
1362 1847 1581 1889 compendium]
1606 1852 1778 1891 compendio
1797 1856 1852 1888 Gu.
1871 1860 1897 1888 1.
1914 1858 1943 1886 S.
1957 1875 1999 1881 —

50 1891 219 1925 pretatione
240 1887 365 1925 linguae
387 1887 510 1916 latinae.
536 1887 567 1916 L.
612 1889 693 1916 Festi
707 1889 844 1926 Pompeii
866 1888 1000 1916 ιὀειιίιιι-
1045 1886 1089 1926 10)
1113 1888 1204 1927 serie]
1228 1890 1271 1916 rei
1294 1889 1352 1920 Gu.
1377 1893 1404 1921 1.
1431 1906 1472 1913 -·
1507 1891 1552 1931 11)
1578 1892 1833 1936 dedignabimini]
1854 1898 2000 1938 dignabi-

54 1930 153 1958 lorum
176 1928 251 1956 tiber
274 1930 389 1967 incipit.
413 1930 444 1957 B.
489 1929 574 1967 Vulg.
598 1932 679 1958 Sexti
700 1932 838 1969 Pompeii
860 1932 942 1958 Festi
966 1929 1001 1956 de
1045 1932 1120 1958 mini
1150 1932 1205 1958 GU.
1230 1934 1256 1962 1.
1293 1948 1329 1953 —
1375 1931 1422 1972 12)
1448 1935 1554 1972 posita
1575 1947 1635 1964 non
1658 1939 1913 1981 inconvenienter]
1950 1944 1997 1974 Sic

52 1972 212 2000 verborum
235 1977 363 1999 veterum
384 1972 607 2010 significatione
624 1973 697 2001 libri
714 1975 787 2003 XX.
806 1989 845 1993 -
873 1973 902 2011 2)
926 1973 1001 2010 ΕΡῘ-
1045 1974 1101 2000 Gu—
1125 1976 1152 2004 2-
1190 1973 1273 2012 VUlg·
1295 1985 1355 2003 'bon
1377 1976 1493 2005 ἱηθοηυ.
1511 1989 1577 2016 pos.
1599 1995 1642 2000 —
1664 1983 1710 2016 13)
1734 1983 1913 2025 Romuleae]
1930 1987 1998 2015 Ro-

52 2014 144 2052 stola]
170 2015 328 2050 Praefatio
353 2013 408 2044 Gu.
431 2017 456 2045 1.
480 2014 628 2044 Omittunt
650 2015 729 2044 banc
747 2015 900 2054 epistolam
919 2015 950 2044 L.
970 2015 1000 2041 B·
1044 2015 1124 2042 mule
1148 2016 1204 2045 GU·
1232 2019 1258 2048 1.
1289 2034 1330 2038 -
1362 2016 1406 2056 14)
1430 2019 1639 2060 tribuumque]
1663 2034 1721 2061 que
1743 2036 1800 2054 om.
1824 2027 1872 2055 Gu
1907 2031 1920 2059 1
1954 2046 1998 2053 -

52 2073 94 2079 .-
125 2059 153 2093 3)
176 2055 322 2095 Divinae]
347 2066 404 2085 om.
429 2057 484 2085 Gu.
510 2060 536 2088 1.
563 2074 605 2079 —
640 2057 671 2095 4)
690 2059 866 2097 perparum]
886 2066 1001 2095 paz-nm
1046 2059 1090 2093 15)
1115 2058 1236 2097 poetis]
1265 2062 1417 2097 poematis
1439 2061 1478 2091 M.
1514 2080 1554 2084 ——
1591 2064 1639 2103 16)
1666 2067 1749 2106 vita]
1781 2070 1861 2098 ritae
1887 2070 1926 2100 M
1956 2089 1996 2094 -

54 2100 112 2129 Gu.
137 2103 166 2131 1,
189 2100 219 2128 S.
244 2115 286 2147 1-
318 2096 348 2138 5)
372 2100 487 2147 Sextus]
512 2099 560 2128 Sic
581 2100 636 2128 Gu.
652 2104 680 2132 2.
705 2101 741 2129 M.
774 2100 862 2136 Vulg.
884 2100 1000 2127 Festus.
1045 2101 1088 2137 17)
1112 2100 1209 2148 ¹Vale]
1239 2112 1297 2150 om.
1330 2102 1387 2132 Gu.
1416 2106 1460 2140 1.‚
1492 2105 1543 2145 qui
1570 2105 1660 2136 habet
1685 2111 1821 2148 Explicit
1837 2115 1996 2153 praefatio

51 2158 94 2164 ,-
124 2142 152 2180 6)
171 2140 306 2180 prolixa]
329 2140 373 2168 ad
390 2141 513 2188 prolixa
527 2142 583 2170 Gu.
603 2145 628 2174 1.
654 2160 691 2164 ——
715 2146 742 2179 7)
761 2140 1000 2188 nonnullaJDom.
1038 2142 1115 2179 sesti
1133 2154 1260 2185 pompei.
1304 2144 1377 2174 eum
1401 2146 1456 2175 Gu.
1482 2150 1508 2180 1.
1532 2150 1680 2181 consentit
1701 2153 1757 2183 Gu.
1780 2157 1808 2189 2.

54 2185 110 2215 Gu.
136 2187 161 2216 1.
184 2200 225 2206 —-
256 2182 284 2221 8)
307 2183 374 2223 hoc]
397 2184 444 2213 Sic
468 2184 523 2213 Gu.
546 2187 572 2217 1.
617 2185 703 2223 Vulg.
725 2185 809 2214 lzaec.
855 2184 912 2212 Sed
926 2183 1003 2212 111ud

94 2435 259 2466 Gnnnmr.
283 2446 349 2464 ωτ.
374 2436 406 2464 ll.
1551 2444 1581 2476 A
