2263 2668
501 159 565 194 DE
592 155 983 193 SIGNIFICATIONE
1010 156 1294 191 VERBORUM.
1347 154 1494 190 LIBER
1513 153 1636 188 XVIII.
1965 157 2038 192 731

88 250 126 280 Et
148 249 191 279 sic
212 259 317 279 verum
339 249 465 280 huiusce
487 261 593 281 versus
615 261 734 281 sensum
757 249 898 280 eruimus.
925 247 1033 280 Idem.
1067 249 1185 290 Tagaoe.
1217 249 1298 278 Adde
1318 249 1378 278 Cic.
1401 248 1438 277 ad
1456 247 1516 277 Att.
1532 247 1589 284 VI,
1615 249 1650 284 3,
1673 247 1741 285 (1.):
1763 245 1877 276 Etenim
1899 256 1940 277 est
1961 248 2040 288 levis,

89 291 279 328 libidinosus,
303 300 409 333 tagax.
456 292 483 323 G
489 295 561 324 oth.

255 335 381 373 Tages.
406 336 465 375 (Ad
487 347 517 375 p.
530 337 614 376 273.)
639 336 703 366 vid.
722 336 823 364 Cicero
846 333 897 363 lib.
911 333 947 362 11.
972 334 1008 362 de
1031 334 1128 364 Divin.
1151 334 1237 365 Ant.
1259 335 1352 374 Aug.
1382 334 1483 363 Cicero
1508 332 1544 361 de
1567 332 1695 361 Divinat.
1717 331 1768 361 lib.
1781 331 1828 368 11,
1851 334 1921 364 23.:
1946 333 2041 373 Tage,

88 375 211 417 quidam
235 375 344 406 dicitur
366 378 396 406 in
418 389 491 417 agro
517 378 735 420 Tarquiniensi,
771 389 835 407 cum
860 384 935 404 terra
958 383 1091 405 araretur
1113 384 1138 405 et
1163 376 1261 407 sulcus
1283 376 1372 406 altius
1393 383 1463 405 esset
1490 376 1660 414 impressus,
1697 375 1830 403 extitisse
1852 382 1978 414 repente,
2013 383 2040 405 et

88 430 151 447 eum
174 420 287 460 affatus
309 430 382 455 esse,
416 421 467 459 qui
488 421 606 451 arabat.
652 420 682 450 Is
704 427 799 449 autem
825 419 934 457 Tages,
972 426 1002 446 ut
1025 419 1054 447 in
1079 418 1162 448 libris
1184 427 1224 448 est
1247 421 1454 455 Etruscorum,
1488 416 1596 457 puerili
1616 417 1708 456 specie
1732 415 1841 446 dicitur
1861 418 1955 455 visus,
1989 417 2040 447 sed

88 460 174 490 senili
183 461 285 503 fuisse
304 460 470 499 prudentia.
516 463 588 492 Eius
611 462 751 502 adspectu
773 473 838 491 cum
861 460 1053 500 obstupuisset
1077 460 1235 499 bubulcus,
1268 461 1482 501 clamoremque
1502 460 1642 488 maiorem
1665 470 1729 488 cum
1753 458 1949 488 admiratione
1970 458 2039 488 edi-

89 502 195 540 disset,
230 514 403 532 concursum
431 516 489 533 esse
507 505 649 545 factum,
687 513 835 545 totamque
863 502 941 531 brevi
963 510 1088 542 tempore
1110 505 1140 532 in
1163 516 1225 532 eum
1250 503 1347 533 locum
1370 504 1521 532 Etruriam
1546 502 1728 540 convenisse5
1763 508 1823 530 tum
1845 501 1930 530 illum
1950 500 2040 541 plura

88 543 219 574 locutum
242 544 342 574 multis
364 545 566 584 audientibus,
597 549 648 588 qui
670 549 769 577 omnia
790 548 850 575 eius
870 544 955 574 verba
978 547 1161 584 exceperint,
1198 545 1346 586 literisque
1369 544 1589 575 mandaverint.-
1626 554 1738 572 omnem
1761 551 1855 572 autem
1879 545 2040 573 orationem

85 586 182 628 fuisse
199 599 278 623 eam,
303 599 360 627 qua
384 587 589 628 haruspicinae
612 589 771 630 disciplina
794 589 1003 624 contineretur,
1028 599 1090 617 eam
1111 596 1214 628 postea
1237 590 1358 619 crevisse
1380 587 1463 617 rebus
1485 587 1567 616 novis
1590 584 1814 626 cognoscendis,
1837 593 1862 613 et
1881 584 1922 613 acl
1939 584 2039 615 eadem

88 628 145 659 illa
165 631 315 669 principia
338 629 505 670 referendis.
548 632 638 662 Dac.

256 672 431 702 Taminia
454 684 533 704 uva.
578 675 646 704 vid.
671 674 744 703 Plin.
766 674 818 703 lib.
831 673 939 703 XXIII.
962 682 1026 712 cap.
1044 675 1072 703 1.
1096 672 1185 703 Ant.
1207 673 1300 712 Aug.
1347 673 1476 708 Quidam
1498 673 1528 700 in
1552 669 1706 708 Georgicis
1729 669 1828 708 legunt
1850 669 1907 709 (ΙΙ,
1929 669 2010 708 97.);

711 716 785 745 Sunt
808 723 833 744 et
854 716 999 745 Amineae
1020 716 1107 750 vites,
1131 716 1310 754 firmissima
1332 717 1409 744 vina.

89 757 128 784 At
150 755 255 784 Festus
277 756 398 785 videtur
421 758 523 796 legisse
545 759 593 788 vel
616 759 718 798 potius
744 759 879 787 Verrius:
914 757 989 786 Sunt
1012 765 1038 786 et
1063 757 1216 786 Taminiae
1237 759 1317 787 vites.
1361 758 1427 786 Non
1451 755 1665 791 omittendum,
1700 754 1780 793 quod
1803 759 1887 783 notat
1910 753 2038 792 Hesych.

89 799 119 826 in
143 798 204 827 suis
229 799 359 827 Glossis:
398 796 550 839 Ἀμιναῖον
573 798 615 832 δι’
638 800 704 837 ἑνὸς
727 814 744 831 ν
764 799 817 832 τὸν
841 799 927 831 οἶνον
949 801 1040 840 λέγει,
1079 798 1099 838 ἦ
1123 797 1178 839 γὰρ
1206 801 1354 830 Πευκετία
1373 798 1513 837 Ἀμιναία
1536 798 1655 837 λέγεται.
1701 796 1790 832 Quod
1819 797 1899 835 apud
1922 797 2040 825 nullum

89 840 179 869 alium
201 846 330 870 veterem
355 848 506 871 auctorem
528 844 634 882 reperi.
655 842 755 874 Scal.
789 844 922 872 Meminit
939 843 1039 872 Celsus
1062 842 1111 872 lib.
1124 842 1176 871 ΙΙΙ.
1200 843 1311 880 (c.21.)
1336 847 1363 871 et
1387 843 1459 871 Plin.
1477 841 1528 870 lib.
1541 840 1656 874 xxm,
1681 843 1708 871 1.
1743 839 1957 878 Suspicabatur
1971 840 2039 868 Sca-

91 883 167 921 liger
189 884 268 923 apud
294 884 447 923 Virgilium
472 886 608 915 Verrium
630 887 748 925 legisse:

712 928 788 957 Sunt
810 935 836 956 et
862 928 1012 956 Taminiae
1033 927 1104 955 vites
1120 927 1293 964 firmissima
1315 927 1394 955 vina.

91 968 149 996 Ubi
168 975 235 997 sunt
252 976 278 997 et
290 970 469 998 Aminiaeae
489 971 539 999 vit.
569 970 726 999 Aminaeae
747 971 822 999 vites
845 975 915 999 sunt
932 970 1072 1009 Appulae.
1101 969 1229 1007 Hesych.
1260 969 1316 997 Sed
1340 967 1528 997 scribendum
1551 967 1630 1006 apud
1648 966 1831 1006 Hesychium
1854 962 1898 997 δι’
1919 963 1987 1001 {mig
2008 978 2038 1004 μ,

87 1021 139 1049 per
160 1012 277 1040 unicum
301 1024 340 1041 m.
383 1013 541 1051 Nunquam
564 1015 639 1042 enim
661 1014 820 1042 Amineum
844 1022 897 1052 per
920 1013 1032 1051 duplex
1054 1024 1092 1041 nn
1116 1012 1260 1050 scriptum
1283 1012 1501 1046 Aminnaeum,
1526 1010 1578 1039 sed
1602 1020 1655 1048 per
1678 1010 1792 1048 duplex
1814 1020 1890 1045 mm,
1912 1008 2040 1037 Ammi—

89 1064 192 1082 naeum
216 1059 245 1083 et
267 1053 298 1083 id
321 1054 514 1094 reprehendit
537 1055 663 1095 Hesycli.
709 1057 800 1084 Porro
825 1055 861 1084 de
887 1055 1023 1084 Taminia
1047 1066 1101 1083 uva
1126 1059 1205 1083 errat
1227 1054 1382 1082 manifesto
1407 1053 1538 1083 Verrius.
1578 1053 1730 1081 Taminum
1755 1053 1817 1080 sive
1841 1051 1953 1080 tamina
1977 1054 2040 1079 erat

89 1096 222 1132 macula,
246 1097 346 1134 tabes,
370 1103 404 1126 ut
428 1099 538 1137 optime
560 1099 675 1128 notavit
697 1098 855 1127 Meursius.
887 1098 958 1126 Inde
981 1098 1125 1126 taminare
1147 1102 1175 1125 et
1196 1098 1380 1126 attaminare.
1414 1095 1484 1123 Inde
1508 1096 1632 1124 taminia
1656 1105 1712 1123 uva
1734 1095 1857 1123 maculis
1879 1093 2040 1131 variegata,

90 1138 245 1175 distincta,
275 1150 351 1179 quae
374 1141 440 1169 ideo
465 1142 553 1171 etiam
574 1142 699 1171 variana
724 1146 753 1170 et
776 1141 893 1170 variola
915 1145 1100 1179 nuncupata,
1133 1144 1167 1168 ut
1190 1150 1227 1167 ex
1253 1139 1345 1168 Plinio
1368 1137 1579 1177 Macrobioque
1603 1138 1678 1176 (Sat.
1694 1137 1752 1174 111,
1774 1137 1838 1174 20.)
1860 1145 2041 1174 cognoscere

89 1186 140 1210 est.
185 1181 240 1210 Da
250 1193 275 1212 c.

256 1225 373 1254 Talus
395 1227 432 1254 in
456 1225 682 1255 Sabinorum
706 1224 936 1254 nominibus.
978 1224 1055 1253 Huic
1077 1225 1120 1253 rei
1144 1224 1306 1253 firmandae
1328 1223 1443 1252 nullum
1467 1222 1565 1250 adhuc
1590 1221 1760 1260 exemplum
1783 1221 1893 1251 inveni.
1927 1219 2016 1248 Dac.

257 1267 512 1297 Talentorum.
545 1268 607 1306 (Ad
629 1279 659 1307 p.
673 1269 759 1304 273.)
794 1268 953 1296 mendosus
984 1268 1083 1303 locus,
1119 1272 1148 1296 et
1176 1267 1227 1307 qui
1251 1277 1308 1295 non
1332 1267 1446 1305 patitur
1468 1264 1713 1293 emendationem.
1757 1264 1821 1292 Hoc
1844 1273 1937 1291 unum
1959 1266 2041 1290 recte

89 1313 149 1345 est,
184 1308 364 1338 talentorum
393 1321 452 1338 non
481 1321 574 1339 unum
602 1321 664 1338 esse
693 1320 801 1347 genuS,
837 1315 866 1338 et
890 1310 1023 1338 Atticum
1052 1320 1114 1338 esse
1143 1319 1195 1338 sex
1225 1309 1350 1337 millium
1381 1307 1541 1336 denarium.
1586 1307 1688 1335 Cetera
1716 1305 1830 1334 incerta
1853 1310 1930 1333 sunt.
1966 1305 2040 1333 Plin.

89 1350 139 1378 lib.
151 1351 282 1389 XXXV,
309 1355 373 1383 11.:
398 1351 554 1382 Talentum
577 1351 715 1381 Atticum
739 1350 924 1381 denariorum
949 1363 1003 1380 sex
1026 1350 1157 1381 millibus
1180 1359 1270 1381 taxat
1293 1350 1342 1381 M.
1365 1349 1473 1379 Varro.
1506 1350 1550 1378 Ita
1575 1349 1651 1377 enim
1675 1347 1864 1377 scribendum
1888 1352 1939 1376 est.
1971 1346 2042 1375 Pol-

88 1393 141 1421 lux
163 1393 280 1423 lib.lX.
310 1394 466 1423 Talentum
490 1395 622 1423 Atticum
651 1404 703 1423 sex
734 1394 859 1422 millium
887 1393 1054 1424 draclimar.
1083 1395 1264 1431 Atticarum,
1304 1393 1519 1431 Babylonicum
1545 1396 1656 1430 septem
1679 1391 1823 1427 millium,
1862 1389 2041 1428 Aeginaeum

89 1434 190 1464 decem
215 1437 356 1474 millium,
387 1438 505 1476 Syrium
529 1437 609 1466 mille
633 1441 662 1465 et
685 1436 911 1476 quingentarum
936 1437 1161 1474 drachmarum,
1189 1437 1260 1466 item
1286 1437 1458 1465 Atticarum.
1505 1435 1543 1462 De
1565 1433 1675 1462 talento
1699 1433 1797 1462 Attico
1821 1432 1899 1462 idem
1923 1431 2042 1461 elicitur

88 1488 127 1507 ex
149 1478 232 1507 Livio
256 1479 307 1510 lib.
321 1480 459 1508 XXXIV.
484 1479 553 1519 (lib.
566 1478 740 1516 XXXVIII,
765 1477 833 1517 38.)
857 1479 961 1508 Allien.
985 1479 1034 1508 lib.
1047 1480 1097 1510 IV.
1121 1490 1185 1518 cap.
1199 1481 1228 1510 6.
1260 1484 1288 1507 et
1317 1478 1389 1507 aliis.
1435 1478 1492 1506 Sed
1518 1476 1734 1515 Babylonicum
1765 1486 1826 1504 esse
1856 1474 2042 1514 septuaginta

88 1519 216 1550 duarum
240 1523 385 1551 minarum
410 1523 574 1551 Alticarum
598 1522 704 1550 scribit
721 1521 859 1550 Aelianus
883 1522 968 1551 lib.1.
988 1532 1051 1560 cap.
1064 1524 1115 1553 22.
1140 1522 1176 1550 de
1199 1531 1262 1550 var.
1279 1521 1364 1558 hist„
1388 1521 1420 1549 id
1443 1525 1486 1549 est
1509 1524 1620 1558 septem
1645 1518 1769 1547 millium
1793 1523 1821 1547 et
1843 1517 2042 1546 ducentarum

89 1563 308 1593 drachmarum.
334 1565 407 1593 Vide
423 1564 595 1593 Euboicum.
615 1565 703 1593 Ant.
724 1564 818 1602 Aug.
850 1564 1009 1602 Multiplex
1032 1565 1174 1593 talentum
1198 1563 1288 1592 fuisse
1310 1573 1412 1592 verum
1437 1567 1489 1591 est.
1521 1562 1593 1590 Vide
1610 1559 1760 1589 Budaeum
1783 1560 1814 1589 in
1837 1560 1889 1590 lib.
1910 1560 1946 1588 de
1969 1569 2041 1588 asse.

89 1607 130 1635 De
154 1608 254 1635 Attico
277 1607 390 1636 talento
413 1607 480 1635 vide
497 1605 669 1636 Euboicum.
693 1606 781 1635 Dac.
817 1604 968 1635 Rhodium
993 1613 1019 1634 et
1044 1605 1172 1646 Cistoplz.
1205 1606 1311 1634 Nescio
1336 1615 1390 1634 cnr
1414 1604 1487 1633 haec
1511 1605 1547 1634 de
1570 1603 1676 1633 mendo
1697 1603 1768 1632 viris
1790 1602 1968 1632 doctissimis
1991 1611 2043 1630 su-

89 1655 191 1688 specta
215 1650 334 1679 suerint.
374 1650 446 1678 Nam
471 1654 551 1678 recte
574 1659 604 1677 se
627 1648 747 1677 habent.
785 1647 933 1677 Rhodium
962 1649 1107 1678 talentum
1131 1653 1163 1677 ut
1186 1653 1214 1677 et
1235 1647 1446 1686 Cistophorum
1469 1648 1525 1676 suit
1548 1652 1676 1685 quatuor
1699 1646 1823 1674 millium
1847 1650 1875 1674 et
1899 1644 2043 1683 quingen-

89 1697 187 1721 torum
211 1692 408 1721 denariorum.
450 1691 566 1720 Caelius
591 1690 776 1728 Rhodiginus
800 1691 850 1718 lib.
862 1692 900 1720 X.
925 1702 989 1729 cap.
1003 1693 1052 1722 2:
1079 1689 1281 1730 Cistophorum
1294 1690 1395 1731 fuisse
1417 1688 1538 1729 legimus
1559 1696 1685 1729 quatuor
1705 1687 1831 1717 millium
1854 1695 1880 1716 et
1903 1687 2043 1727 quingen—

89 1740 185 1764 torum
216 1733 382 1771 denarium,
418 1735 506 1763 sicuti
528 1741 553 1762 et
575 1732 728 1762 Rhodium
758 1731 908 1762 talentum.
953 1733 1025 1762 Dici
1055 1734 1214 1772 opinantur
1242 1732 1438 1772 cistophorum
1469 1731 1507 1760 ab
1535 1732 1645 1772 insigni
1663 1730 1791 1771 ferentis
1814 1730 1933 1766 cis-tarn,
1968 1729 2043 1758 sicut

89 1778 225 1806 coronati
254 1776 342 1806 modo
373 1783 516 1806 vocantur
545 1777 657 1804 nummi
677 1786 694 1804 a
719 1786 843 1804 coronae
871 1776 1006 1816 imagine.
1040 1774 1148 1805 Idem.
1188 1774 1427 1815 Neapolitanum.
1465 1775 1555 1812 Lege:
1587 1772 1817 1813 Neapolitanum
1840 1782 1896 1801 sex
1917 1769 2043 1800 millium

90 1817 260 1849 denarium:
285 1819 504 1859 Syracusanum
528 1819 614 1847 trium
639 1816 766 1847 millium
790 1816 952 1848 denarium.
999 1818 1082 1854 Quae
1105 1818 1307 1856 sequebantur
1328 1816 1400 1845 mihi
1423 1817 1543 1855 penitus
1566 1816 1665 1854 ignota
1688 1820 1766 1844 sunt.
1811 1812 1920 1844 Idem.

258 1862 401 1891 Tamne.
446 1860 524 1889 Nihil
549 1861 690 1900 impedit,
727 1861 798 1898 quin
822 1867 973 1889 tantumne
995 1861 1209 1899 interpreteris.
1238 1860 1326 1889 Dae.
1370 1858 1489 1888 Arcula
1518 1866 1569 1887 tua
1593 1856 1680 1897 plena
1704 1865 1744 1886 est
1767 1866 1949 1885 aranearum.
1994 1854 2043 1882 Sic

91 1904 224 1933 Catullus
247 1905 283 1933 ad
307 1904 464 1933 Fabullum
488 1903 591 1942 (XIII,
616 1902 676 1940 8.):

799 1963 835 1966 ——
881 1961 921 1967 -—-
966 1944 1044 1973 Nam
1069 1945 1113 1973 tui
1134 1942 1247 1974 Catulli

798 1986 907 2016 Plenus
927 1985 1063 2016 sacculus
1083 1994 1124 2015 est
1147 1995 1331 2015 aranearum.

90 2032 131 2061 lta
153 2031 356 2072 loquebantur
379 2030 493 2067 Latini,
518 2034 551 2059 ut
574 2029 688 2068 aliquid
710 2039 838 2059 vacuum
861 2034 889 2059 et
911 2029 1062 2058 desertum
1084 2028 1291 2067 significarent.
1336 2028 1427 2057 Dac.

257 2072 397 2103 Thalea
406 2085 428 2103 e.
453 2073 512 2113 (Ad
535 2082 564 2112 p.
578 2070 661 2110 273.)
685 2072 766 2111 Leg.:
790 2071 913 2109 Thalia,
941 2069 1052 2102 Θάλεια
1075 2082 1089 2099 a
1111 2068 1223 2102 θάλλω.
1255 2071 1308 2100 Vel
1332 2071 1412 2110 quod
1435 2070 1498 2099 eius
1520 2069 1585 2097 laus
1607 2076 1724 2107 semper
1745 2067 1867 2103 floreat,
1890 2065 1937 2094 vel
1961 2062 2040 2103 quod

88 2117 205 2156 plantas
227 2117 384 2145 florescere
407 2116 497 2145 faciat
519 2120 547 2143 et
568 2115 747 2152 germinare,
771 2115 851 2144 unde
874 2125 937 2144 eam
961 2115 1048 2144 etiam
1072 2114 1210 2143 colebant
1232 2114 1356 2150 rustici,
1378 2118 1411 2142 ut
1430 2117 1473 2142 est
1488 2111 1568 2151 apud
1586 2110 1735 2140 Plutarch.
1768 2108 1835 2145 Vel,
1857 2113 1891 2137 ut
1908 2107 2038 2144 Fulgent-

87 2159 175 2189 lib.1.
197 2158 379 2197 Mytholog.:
411 2157 526 2197 Quarta
549 2156 658 2197 (Musa)
681 2156 803 2195 θάλεια,
827 2156 860 2187 id
882 2165 922 2187 est
946 2157 1116 2197 capacitas,
1141 2155 1218 2186 velut
1240 2157 1267 2185 si
1288 2155 1421 2193 dicatur,
1445 2155 1540 2191 τιθεὶς
1561 2152 1704 2190 θάλειαν,
1726 2152 1759 2181 id
1780 2157 1825 2181 est
1844 2160 1953 2190 ponens
1970 2160 2039 2187 ger-

88 2203 177 2231 mina.
222 2202 350 2230 Eruenda
372 2204 491 2232 τιθεῖσα
512 2198 649 2230 θάλειαν.
695 2199 782 2230 Dae.
2017 2231 2022 2237 ,

255 2241 498 2283 Talipedare.
543 2242 618 2271 Vide
636 2242 745 2273 Taurii.
765 2243 852 2273 Ant.
877 2242 972 2282 Aug.
1006 2240 1119 2271 Gloss.:
1145 2239 1303 2282 Talipedo,
1326 2237 1546 2281 παρασύρομαι.
1576 2237 1636 2274 Qui
1660 2237 1873 2277 talipedarent‚
1895 2236 1973 2261 astae
1994 2232 2036 2259 ὼ·

89 2286 138 2316 cti.
176 2285 249 2315 Vide
268 2285 355 2316 Atta.
401 2284 488 2315 Dac.

254 2327 464 2358 Tammodo.
508 2328 605 2356 Locus
623 2326 696 2356 Attii
718 2337 778 2356 non
801 2332 843 2355 est
864 2327 896 2355 L.
911 2325 1003 2362 Attii,
1024 2325 1078 2355 sed
1100 2326 1138 2355 M.
1154 2326 1228 2355 Attii
1251 2325 1350 2355 Plauti
1371 2325 1400 2354 in
1415 2325 1588 2353 Trinummo
1611 2322 1686 2361 (ΙΙΙ,
1711 2324 1743 2356 1,
1765 2319 1820 2355 8.).
1838 2315 1923 2345 ΑΠ’·
1940 2314 2037 2354 *4¹¹8-

89 2372 154 2400 Non
178 2371 320 2408 Romani,
350 2371 400 2398 sed
423 2369 622 2407 Praenestini,
655 2379 784 2409 quorum
807 2370 936 2408 linguam
960 2369 1124 2398 irridebant
1147 2369 1289 2406 Romani,
1324 2373 1357 2397 ut
1380 2367 1430 2396 ille
1453 2366 1534 2406 apud
1559 2366 1690 2395 Plautum
1712 2362 1814 2402 (Truc.
1829 2359 1887 2393 Ill,
1911 2360 1946 2393 2,
1969 2355 2036 2397 23.)

90 2415 139 2452 qui
168 2414 241 2442 dicit
267 2412 388 2443 Conium
413 2423 468 2452 pro
494 2411 661 2448 Ciconiam,
699 2414 785 2451 quia,
819 2412 932 2451 inquit,
965 2411 1145 2442 Praenestini
1168 2412 1207 2441 ita
1230 2412 1432 2450 loquerentur.
1463 2407 1562 2438 Scal.
1607 2408 1670 2436 Non
1699 2415 1754 2443 pro
1784 2399 1871 2430 modo
1900 2400 1950 2428 sed
1977 2408 2034 2438 pro

1461 2460 1630 2494 Zzzz*
