2263 2668
460 163 524 196 DE
550 162 827 199 VERBORUM
853 137 1246 199 SlleFchTmNE
1274 163 1585 201 FRAGMENTA.
1842 168 1916 201 219

132 261 212 295 item
238 258 294 292 alii
321 257 522 302 complures.
576 257 783 299 Quianam
810 270 872 304 pro
899 269 1002 303 quare
1030 262 1063 290 et
1090 269 1165 300 cur,
1200 259 1344 303 positum
1372 262 1427 295 et*
1455 262 1546 306 apud
1573 262 1740 306 antiquos,
1769 267 1804 295 ut
1825 263 1912 296 Nae-

133 312 224 347 vium
250 310 283 343 in
310 311 456 344 carmine
483 309 600 345 Punici
626 310 725 345 belli:

238 374 390 395 summe
418 361 540 394 deum
568 367 775 406 regnator
801 362 997 404 quianam
1024 371 1159 405 genus
1186 361 1267 395 isti.

136 419 168 448 et
194 415 228 447 in
254 419 382 457 satyra,
419 413 513 457 (quia
539 424 616 445 nam
643 425 749 458 genus
774 413 835 448 isti.
863 417 895 446 et
921 413 953 445 in
979 413 1123 456 satyra):

238 466 453 509 quianam
481 465 723 500 Saturnium
751 465 955 509 populum
981 463 1204 509 pepulisti.

138 522 170 550 et
197 518 341 551 Ennium
367 518 400 550 in
427 517 467 549 L.
487 516 580 552 VlL:

240 569 433 612 quianam
460 567 587 603 dictis
614 567 770 600 nostris
797 567 1006 602 sententia
1031 567 1151 601 flexa
1179 570 1248 599 est.

139 620 249 661 Quid
276 620 356 652 nisi
383 620 595 664 usurparise*
619 620 771 663 antiquos
797 619 885 652 testis
911 623 960 652 est
985 618 1142 653 Afranius
1168 617 1202 651 in
1228 616 1385 662 epistula:

240 671 309 704 Me
336 676 512 706 auctore
538 676 668 705 mater
695 670 928 704 abstinebis
955 669 1056 714 quid
1083 669 1191 702 nisi?

139 723 384 764 Quietalis*
410 723 453 756 ab
479 723 619 766 antiquis
646 723 818 756 dicebatur
845 733 951 756 orcus.
988 718 1009 770 Η
1048 721 1233 763 Quintia
1256 723 1369 765 prata
1397 719 1494 752 dicta
1519 724 1597 752 sunt
1624 732 1647 754 α
1677 719 1789 767 Quin·
1833 721 1915 768 [66]

138 775 186 807 tio
211 774 433 818 Cincinnato,
461 775 520 819 qui
539 775 602 808 sibi
622 775 793 808 damnato
803 772 908 821 filio,
934 773 1083 809 venditis
1104 771 1274 813 omnibus,
1304 774 1468 816 quattuor
1491 771 1655 816 iugerum
1678 785 1799 818 agrum
1818 777 1917 807 trans

145 825 298 859 Tiberim
320 830 532 871 paraverat.
563 837 666 871 quem
692 837 826 872 agrum
853 826 1019 859 colentem
1042 825 1190 864 Senatus
1216 823 1456 864 Dictatorem,
1497 833 1565 867 per
1589 824 1778 864 viatorem,
1820 826 1919 859 salu-

141 878 226 910 tavit
251 878 514 917 Cin‹·imzatum‚·
541 878 599 922 qui
626 878 672 911 de
698 889 738 911 re
765 877 850 911 bene
875 882 981 922 gesta
1006 881 1087 911 acto
1114 875 1309 921 triumpho,
1337 875 1388 908 ad
1409 873 1551 919 privata
1570 877 1715 920 negotia
1738 876 1920 922 confestim

142 929 263 971 rediit,
313 930 473 975 deposita-
500 929 703 963 Dictatura.
739 930 1015 974 pecuariamque
1047 939 1122 961 rem
1157 932 1188 961 et
1222 927 1414 973 agrariam
1451 937 1616 961 exercens
1642 927 1812 962 Romanis
1843 928 1921 973 ipsis

142 981 371 1014 aemulationi
387 980 464 1026 suit
514 1006 951 1014 ........
993 991 1052 1015 uos
1095 1003 1780 1015 ............
1828 979 1921 1023 quod

142 1043 183 1066 eo
237 1058 491 1067 .....
549 1031 847 1079 Quinctilium
874 1032 1067 1078 Luperci
1094 1031 1264 1076 appellati
1284 1030 1448 1063 videntur
1468 1041 1491 1062 α
1516 1028 1712 1076 Quinctilio.
1736 1032 1793 1075 qui
1808 1042 1921 1076 prae-

139 1084 273 1129 positus
301 1092 348 1117 est
374 1084 564 1129 Lu11ercis‚·
597 1088 633 1117 ut
661 1096 683 1117 a
710 1083 823 1118 Fabio
850 1083 1003 1118 Fabiani
1029 1084 1115 1118 dicti
1141 1086 1227 1117 sunt.
1255 1082 1337 1116 item
1364 1081 1529 1125 Luperci,
1563 1081 1685 1126 quibus
1711 1083 1741 1115 is
1763 1094 1922 1128 praepo-

142 1136 228 1169 situs
243 1134 369 1180 fuerit.
394 1135 513 1182 fuisse
538 1139 655 1170 autem
682 1136 822 1169 Romuli
848 1135 1063 1181 temporibus
1088 1135 1258 1170 institutos
1284 1138 1457 1178 utrosque.
1495 1137 1527 1166 et
1549 1132 1727 1167 Fabianus
1755 1138 1786 1166 et
1814 1135 1922 1176 Quin-

143 1187 315 1227 ctilianos,
343 1188 442 1220 multi
464 1191 542 1220 sunt
564 1187 621 1232 qni
645 1188 851 1222 existiment.
879 1199 1022 1230 quorum
1046 1198 1226 1220 numerum
1244 1189 1370 1231 postea
1392 1196 1500 1230 saepe
1523 1188 1664 1220 auctam
1678 1184 1813 1230 fuisse,
1841 1186 1923 1230 quia

144 1239 276 1271 honoris
303 1240 410 1283 gratia
437 1239 538 1272 multi
563 1239 597 1271 in
626 1239 779 1284 lupercis
806 1239 1111 1273 adscribebantur.
1170 1238 1431 1285 Quintanam
1459 1237 1597 1270 classem
1624 1237 1675 1269 ait
1703 1237 1845 1270 Verrius
1867 1237 1924 1269 di-

144 1294 258 1331 ctam,
301 1291 395 1335 quod
420 1291 455 1323 in
482 1301 525 1324 ea
553 1289 635 1325 Ser.
669 1290 803 1324 Tullius
834 1302 893 1324 rex
928 1291 1106 1324 distributa
1140 1291 1256 1335 capite
1289 1300 1469 1323 censorum
1496 1288 1732 1330 multitudine,
1777 1289 1924 1334 quinque

144 1341 240 1383 fecit,
269 1353 342 1376 curn
371 1354 426 1375 eas
454 1342 644 1385 ordinavit,
673 1342 766 1376 hanc
793 1347 911 1376 autem
938 1341 1067 1391 afferri
1090 1354 1229 1376 causam
1251 1341 1293 1374 de
1317 1341 1428 1386 capite
1450 1352 1629 1374 censorum
1650 1340 1802 1381 nomine,
1830 1340 1923 1385 quod

144 1393 168 1426 ii
194 1405 260 1438 qao
287 1398 530 1435 censerentur,
572 1393 657 1427 nihil
684 1398 817 1439 praeter
843 1407 877 1428 se
905 1394 1097 1437 haberent,
1141 1405 1311 1439 suumque
1340 1396 1458 1438 caput.
1516 1392 1665 1425 Lucilius
1691 1393 1737 1426 sic
1764 1391 1923 1434 meminit,

144 1445 234 1489 quod
289 1471 541 1480 .....
600 1472 606 1478 .
661 1474 667 1480 .
722 1474 728 1480 .
782 1446 932 1491 adeptus.
988 1447 1292 1490 Querqueram
1309 1444 1474 1491 febrem,
1501 1455 1654 1489 gravem
1682 1448 1713 1477 et
1740 1454 1922 1489 magnam.

145 1508 220 1529 nam
247 1497 382 1540 quidam
411 1508 574 1541 quercum
602 1498 736 1531 dictam
764 1499 898 1542 volunt,
942 1499 1036 1543 quod
1063 1498 1101 1531 id
1126 1509 1241 1543 genus
1268 1498 1414 1537 arboris,
1455 1507 1532 1530 cum
1559 1506 1668 1540 grave
1693 1495 1753 1535 sit,
1787 1507 1831 1528 ac
1857 1495 1924 1527 du—

145 1559 243 1585 rum,
280 1553 352 1581 tum
380 1550 486 1582 etiam
514 1549 548 1581 in
574 1549 742 1594 ingentem
771 1550 891 1583 evadat
919 1550 1150 1584 altitudinem.
1208 1549 1370 1582 Aurelius
1397 1552 1514 1581 autem
1537 1547 1669 1591 Opilius
1696 1547 1853 1592 frigidam
1881 1546 1926 1578 ait

147 1600 233 1638 clici,
263 1604 294 1632 et
322 1612 399 1633 eum
427 1600 575 1633 horrore
600 1605 813 1636 trementem.
867 1601 985 1634 Santra
1013 1613 1086 1634 eam
1115 1612 1154 1634 ex
1176 1601 1317 1634 Graeco
1343 1600 1506 1638 deducit;
1539 1599 1597 1643 qui
1624 1602 1808 1631 tremorem
1836 1598 1926 1630 eius-

148 1651 243 1683 modi
269 1648 448 1697 κάρκαρον
476 1652 604 1685 dicunt.
664 1653 766 1685 Unde
793 1653 864 1686 dici
891 1653 989 1685 etiam
1016 1664 1195 1687 carcerem.
1249 1653 1391 1685 Plautus
1417 1651 1450 1684 in
1477 1650 1697 1683 Friuolaria..-
1751 1649 1793 1682 Is
1820 1648 1927 1682 mihi

150 1708 238 1733 erat
265 1702 363 1733 bilis
390 1714 640 1746 querquera
668 1704 811 1738 tussis.
873 1705 1030 1738 Lucilius
1057 1704 1146 1737 libro
1188 1730 1194 1737 .
1237 1730 1243 1737 .
1286 1704 1449 1736 iactans
1478 1714 1537 1734 me
1564 1706 1606 1734 ut
1633 1701 1775 1734 febris
1802 1710 1926 1745 quer-

150 1763 287 1797 quera
314 1757 461 1787 terret.
489 1755 577 1789 alibi.
605 1767 801 1800 querquera
827 1757 1047 1802 consequitur
1062 1755 1200 1801 febris,
1229 1749 1457 1801 capitisquess
1475 1753 1614 1786 dolores
1658 1779 1664 1785 .
1711 1779 1718 1786 .
1843 1749 1925 1797 [67]

201 1833 207 1839 .
416 1833 423 1840 .
466 1807 515 1839 ius
550 1833 1036 1842 ............
1073 1819 1158 1851 quae
1193 1834 1201 1841 .
1238 1832 1244 1838 .
1279 1833 1286 1839 .
1320 1816 1469 1850 quarum
1497 1816 1541 1837 ex
1567 1803 1706 1849 legibus
1732 1803 1927 1848 quadrupli

151 1859 227 1888 erat
255 1856 345 1889 actio
381 1882 924 1893 .............
956 1860 1031 1893 ibus
1067 1885 1073 1891 .
1118 1887 1125 1894 .
1170 1887 1175 1892 .
1215 1884 1222 1890 ·
1268 1884 1273 1889 -
1329 1882 1336 1889 ·
1391 1883 1399 1891 ·
1454 1884 1460 1890 -
1515 1881 1522 1888 ·
1577 1880 1583 1888 ·
1640 1882 1646 1889 -
1702 1881 1709 1887 ·
1763 1881 1770 1887 ·
1824 1881 1830 1888 ·
1873 1858 1927 1887 ata

214 1932 221 1940 .
279 1932 956 1944 ............
1002 1922 1077 1944 oem
1122 1929 1926 1943 ..............

152 1959 252 1991 abant
313 1986 812 1996 .........
1060 1962 1102 1994 ab
1138 1971 1178 1994 eo
1364 1985 1370 1990 .
1427 1981 1926 1992 .........

215 2039 220 2043 .
274 2036 281 2042 .
335 2011 367 2044 in
422 2037 918 2047 .........
975 2040 980 2046 .
1037 2039 1043 2045 .
1099 2039 1106 2045 .
1162 2040 1167 2046 .
1215 2011 1254 2043 tis
1302 2038 1308 2045 .
1365 2031 1928 2045 ..........

283 2073 314 2104 q.
349 2060 428 2095 licto
679 2091 684 2096 .
741 2090 991 2097 .....
1048 2091 1054 2097 .
1110 2091 1116 2096 .
1173 2062 1304 2107 populo
1364 2088 1371 2095 .
1425 2090 1432 2097 .
1489 2084 1927 2094 ........

215 2142 222 2148 .
276 2114 377 2146 curia
397 2113 554 2148 Calabra
606 2140 612 2147 .
668 2141 674 2147 .
731 2140 1042 2150 ......
1098 2125 1175 2147 men
1201 2114 1316 2159 legum
1370 2137 1750 2149 .......
1802 2111 1837 2144 in
1863 2120 1930 2155 po-

153 2165 224 2210 puli
251 2165 441 2201 dominatu.
499 2165 687 2212 Quando
714 2163 837 2201 Rex³
865 2166 1041 2200 comitia
1072 2165 1132 2200 sic
1147 2165 1289 2211 ”¹:,sas
1326 2165 1377 2199 sic
1402 2168 1564 2199 notatum
1587 2174 1660 2199 esse
1687 2162 1782 2196 diem
1809 2162 1845 2196 in
1859 2160 1950 2207 sa·-

153 2218 214 2250 stis
240 2218 272 2249 in
300 2216 465 2250 honorem
486 2217 604 2262 Regis
626 2228 829 2258 saemmcm,
865 2217 962 2250 aiunt
988 2218 1047 2262 qui
1072 2218 1120 2251 de
1135 2216 1245 2266 feriis
1270 2217 1441 2253 menstruss
1466 2216 1690 2261 seripserunt,
1717 2225 1809 2259 qnae
1833 2214 1932 2251 nonis

159 2335 193 2339 -
224 2319 256 2352 Ξ)
282 2317 467 2356 Quintipor]
489 2318 602 2347 Plinius
625 2318 674 2347 lib.
699 2319 748 2350 33.
780 2328 845 2356 cap.
873 2322 898 2349 1.
928 2318 1025 2350 Aliter
1067 2321 1134 2358 gine
1158 2319 1334 2352 notavimun.
1357 2328 1427 2349 nam
1449 2317 1544 2351 Varro
1573 2316 1624 2347 lib.
1641 2317 1669 2349 5.
1701 2315 1739 2346 de
1762 2315 1845 2354 Ling.
1868 2316 1931 2343 Lat.

156 2360 235 2399 apud
265 2361 405 2399 antiquos
428 2361 537 2399 singuli
565 2361 760 2399 Marcipores,
790 2360 953 2400 Lucipedes
975 2361 1025 2390 do·
1067 2362 1111 2390 sic
1135 2362 1231 2392 hahet.
1276 2363 1340 2391 Rex
1366 2371 1432 2391 cum
1460 2360 1548 2392 ferias
1570 2364 1736 2394 menstruas
1768 2358 1853 2387 nonis
1875 2358 1931 2385 Fe-

155 2406 301 2435 minorum
326 2403 458 2440 gentiles.
482 2419 522 2426 —-
554 2406 586 2439 3)
611 2403 743 2441 Quando
768 2403 859 2440 Rem]
882 2404 1025 2436 Edicun-
1066 2405 1194 2434 bruniis
1217 2405 1324 2442 edicit,
1346 2408 1418 2435 tuuc
1441 2403 1518 2437 diem
1541 2402 1710 2434 februatum
1731 2401 1875 2440 appellat,
1901 2402 1929 2426 et

157 2451 214 2482 tur,
238 2456 293 2485 pro
311 2445 458 2476 (licuntur
472 2446 594 2476 videtur
617 2446 821 2481 scribendum,
847 2451 879 2475 ut
901 2448 931 2475 in
949 2457 1025 2476 mar·
1067 2448 1159 2486 paulo
1192 2453 1269 2487 post.
1320 2447 1432 2476 Harum
1460 2457 1560 2479 rerum
1588 2444 1714 2482 vestigia
1735 2445 1876 2481 apparent
1898 2449 1927 2466 m

1582 2497 1688 2529 Ee*

1960 271 1969 281 ³
1978 271 1996 296 s.
2018 276 2056 297 est

1926 625 1934 634 ⁴
1946 624 1963 649 s.
1982 631 2089 657 usurpa>

1975 658 2043 683 visse

1927 718 1935 729 ⁸
1943 717 1961 742 f.
1981 716 2090 747 Quieta*

1988 752 2026 777 lus

1962 2169 1978 2194 f
1990 2168 2104 2208 comitia-

2010 2207 2044 2228 sn.
