2263 2668
492 152 555 185 DE
582 149 968 186 SlGNlFlCATlONE
997 151 1279 185 VERBORUM.
1335 152 1481 186 LIBER
1506 151 1614 185 xvu.
1955 153 2028 187 709

80 250 163 285 ptum
193 244 229 273 ad
256 244 399 272 aerarium
430 244 602 280 detulisset,
639 241 918 273 senatusconsultum
950 242 1111 275 dicebatur.
1163 245 1343 284 Frequenter
1373 250 1469 274 tamen
1500 244 1651 273 decretum
1683 254 1739 282 pro
1769 247 2026 275 senatusconsulto

83 288 231 327 accipitur
255 287 334 324 apud
360 286 521 315 historicos
546 292 573 316 et
596 288 826 316 iureconsultos.
874 285 962 314 Duc.

249 329 357 357 Senis
380 329 563 359 crinibus.
589 329 648 368 (Ad
672 340 700 368 p.
714 327 800 367 260.)
825 326 894 356 Seni
917 328 1010 356 crines
1033 328 1175 358 dicuntur
1197 330 1227 358 in
1252 330 1346 368 capite
1369 335 1519 358 matronae
1538 330 1685 357 Romanae
1708 339 1759 357 sex
1784 333 1877 358 sertae
1901 329 2028 358 crinium

80 373 154 400 vitta
178 376 207 400 et
231 371 364 399 crinibus
387 372 460 410 ipsis
483 372 645 410 implexae,
672 382 743 409 quas
766 371 871 408 vulgus
893 371 1000 397 trecias
1024 376 1141 400 vocant.
1187 373 1235 401 Sic
1258 372 1338 411 apud
1362 373 1525 401 Martialem
1549 371 1634 410 (XII,
1658 370 1739 409 32.);

615 413 757 442 Portabat
783 424 861 442 uaror
883 411 951 451 rufa
975 412 1103 441 crinibus
1124 422 1238 452 septem.

81 455 160 484 Nihil
184 455 265 483 aliud
290 455 448 492 significat,
472 465 557 493 quam
583 456 707 494 capillos
729 456 759 484 in
783 460 894 494 septem
916 460 1006 482 sertas
1029 455 1199 494 distinctos,
1223 462 1256 485 ut
1279 457 1412 486 videmus
1435 462 1585 485 matronas
1609 461 1726 484 ornatas
1750 455 1780 483 in
1805 455 1952 484 veteribus
1976 467 2030 485 nu-

82 498 234 527 mismatis.
271 498 346 525 Puto
371 503 467 526 autem
492 498 689 537 suppositiam
713 509 826 526 comam
850 496 897 525 hic
919 497 1052 535 intelligi.
1079 497 1177 528 Scal.
1223 500 1294 528 Inde
1318 500 1409 528 Plaut.
1433 500 1462 528 in
1486 499 1612 528 Mostell.
1637 499 1701 527 Act.
1718 497 1736 526 Ι.
1761 508 1800 528 sc.
1815 500 1850 534 3,
1874 499 1965 536 (69.):

617 539 683 569 Soli
703 539 861 579 gerendum
885 550 984 568 censeo
1009 551 1114 568 morem
1138 548 1163 568 et
1188 541 1350 580 capiundos
1373 543 1473 571 crines.

80 583 212 612 Pessime
235 593 306 610 vero
331 582 425 610 virum
451 582 561 619 alioqui
587 583 789 611 doctissimum
813 582 900 611 video
924 581 997 609 haec
1020 584 1094 610 senis
1118 583 1247 612 crinibus
1269 585 1433 622 accepisse,
1467 584 1550 622 quasi
1574 587 1725 611 matronae
1748 581 1878 610 crinibus
1900 582 2029 612 hominis

81 625 158 654 senis
182 630 371 653 ornarentur.
417 625 546 653 Pessime
570 626 656 653 etiam
681 626 802 663 Scalig,
827 625 877 662 qui
900 624 937 652 ad
959 623 1039 652 hunc
1062 635 1170 653 moron
1195 627 1297 655 retulit
1321 627 1397 655 illud
1421 627 1546 656 Martial.
1571 625 1656 663 (XII.
1680 625 1761 661 320:

618 667 764 696 Portabat
790 678 870 696 usror
892 665 995 707 rusula
1018 666 1146 696 crinibus
1168 676 1282 707 septem.

80 710 153 739 Nam
177 709 318 738 Martialis
347 710 441 737 facete
470 719 593 737 uxorem
624 710 751 738 rusulum
782 710 894 738 calvam
925 709 1074 746 designat,
1113 711 1225 748 quippe
1256 712 1340 739 cuius
1370 711 1462 750 capiti
1492 710 1543 739 vix
1573 714 1683 748 septem
1715 709 1810 737 crines
1840 707 2029 738 adhaereant.

82 753 195 781 Gallice
219 752 351 780 diceres:
374 751 457 780 Avec
480 763 523 779 ses
545 759 648 791 quatre
669 751 805 782 cheveux.
831 752 916 781 Dac.
957 750 1087 789 Quarum
1113 754 1285 783 castitatem.
1325 754 1369 782 Ex
1392 754 1548 781 doctorum
1573 753 1705 780 virorum
1729 751 1917 780 coniectura:
1943 750 2031 789 Qua-

81 806 144 824 rum
174 795 339 823 castitatem
368 794 439 822 viris
466 795 525 822 suis
548 793 690 833 spondent
712 794 859 823 illibatam
878 794 952 834 fore
973 805 992 822 a
1015 794 1122 823 ceteris.
1153 793 1263 826 Idem.
1311 796 1388 824 ldem
1413 793 1572 834 (Plautus)
1596 795 1625 822 in
1651 794 1742 822 Milite
1765 792 1844 833 (III,
1869 796 1900 830 1,
1926 792 2032 833 196.):

80 835 229 866 Adducus
251 844 452 864 matronarum
477 835 583 873 morlo,
608 835 717 876 capillo
741 845 859 873 ornato,
884 837 976 866 crines
997 837 1140 875 vittasque
1162 836 1275 866 habeat.
1301 837 1406 866 Gotlz.
1447 838 1532 876 Apud
1557 837 1694 865 Plautum
1717 836 1758 864 sic
1781 835 1906 873 legitur:
1931 834 2033 875 Itaque

81 891 142 908 eam
165 879 221 908 huc
243 886 379 908 ornatam
402 877 536 906 adducas
558 879 588 906 in
613 886 813 908 matronarum
836 878 970 914 modum,
997 876 1097 916 Capite
1120 887 1233 917 comto‚·
1257 881 1349 909 crines
1371 881 1515 920 vittasque
1537 879 1650 908 habeat.

246 927 385 957 Sentes.
433 928 560 957 Verbum
588 928 674 957 turba
698 929 869 958 mendosum
894 940 956 958 esse
980 930 1020 957 ait
1043 929 1182 959 Faernus.
1228 931 1315 959 Ratio
1339 931 1416 959 enim
1440 931 1577 959 carminis
1600 929 1730 958 iambum
1754 928 1800 957 vel
1823 928 2032 967 pyrrhichium

81 971 222 1010 postulat.
245 971 332 1001 Ant.
355 971 451 1011 Aug.
493 971 691 1000 Glossarium:
722 971 821 1000 Sentes
844 971 985 1002 ἄκανθαι.
1009 971 1099 1002 Dac.
1141 971 1235 1009 Quam
1258 976 1412 1003 senticosa.
1437 974 1524 1011 Lege,
1565 978 1597 1000 ut
1620 973 1678 1001 viri
1701 972 1839 1000 doctiss:

725 1021 821 1060 Quam
844 1024 988 1053 senticosa
1009 1021 1095 1050 verba
1115 1030 1281 1062 pertorquet
1303 1022 1383 1063 lupa.

79 1073 192 1102 Versus
216 1073 292 1101 enim
317 1074 450 1102 trimeter
473 1079 534 1109 est,
558 1080 586 1103 et
609 1075 638 1102 in
663 1073 719 1102 flue.
742 1073 828 1102 debet
851 1085 912 1102 esse
935 1073 1056 1102 iambus.
1090 1072 1177 1113 Lupa
1201 1079 1297 1103 autem
1322 1080 1366 1104 est.
1388 1075 1540 1104 meretrix.
1583 1072 1781 1101 Glossarium:
1805 1072 1908 1112 Lupa,
1932 1073 2033 1112 ἑταῖροι

80 1116 130 1147 καὶ
153 1113 290 1146 λύκαινα.
325 1117 415 1144 Janus
441 1117 606 1145 Gulielmus
629 1117 757 1154 legebat:
777 1123 942 1156 pertorquet
966 1124 1039 1144 truo.
1077 1116 1206 1144 Truones
1228 1127 1356 1145 scomma
1380 1118 1410 1145 in
1434 1117 1560 1146 enormis
1583 1116 1648 1144 nasi
1670 1115 1813 1143 homines.
1859 1113 1969 1143 Idem.

247 1158 408 1187 Senium.
439 1158 504 1198 (Ad
529 1171 557 1198 p.
572 1158 663 1199 260.)
696 1159 816 1186 Caecilii
840 1169 940 1187 versus
963 1159 1068 1186 mendo
1093 1168 1151 1186 nou
1175 1164 1282 1189 carent.
1314 1160 1399 1189 Ant.
1424 1160 1519 1199 Aug.
1564 1159 1674 1187 Versus
1696 1157 1831 1193 Caecilii,
1865 1167 1951 1195 quem
1976 1157 2032 1186 viri

82 1201 164 1229 docti
188 1206 365 1239 corruptum
389 1207 512 1240 putant,
536 1213 594 1230 non
619 1203 715 1230 minus
739 1211 825 1229 sanus
848 1207 907 1237 est,
932 1211 1021 1239 quam
1043 1201 1093 1239 qui
1117 1201 1256 1230 maxime:

559 1252 628 1282 Sine
649 1264 731 1281 suam
756 1259 926 1281 senectutem
952 1251 1056 1289 ducat,
1090 1252 1188 1292 utique
1209 1250 1251 1281 acl
1272 1252 1380 1280 senium
1404 1251 1533 1282 sorbitio.

81 1303 128 1332 Ait
154 1303 289 1331 Comicus
314 1308 416 1341 poeta:
438 1304 572 1342 permitte
595 1312 626 1332 ut
649 1305 673 1332 is
696 1306 789 1344 quiete
810 1312 836 1332 et
860 1302 1018 1343 tranquille
1042 1302 1138 1331 tralzat
1160 1313 1242 1331 suam
1265 1310 1443 1333 senectutem.
1488 1302 1565 1331 Nam
1591 1309 1665 1330 certe
1687 1312 1752 1330 cum
1775 1300 1816 1329 ad
1838 1301 1946 1329 senium
1967 1312 2034 1340 per-

80 1346 202 1381 venerit,
233 1345 355 1374 sorbitio
378 1357 440 1374 eum
464 1345 555 1374 tollet.
600 1346 655 1374 Ubi
678 1357 733 1384 per
755 1346 945 1374 sorbitionem
970 1345 1006 1373 ad
1032 1351 1165 1374 veterum
1189 1355 1301 1374 morem
1325 1346 1442 1381 allusit,
1481 1346 1530 1384 qui
1553 1344 1693 1372 maiorem
1716 1343 1799 1372 annis
1822 1343 1974 1381 sexaginta
1997 1343 2034 1371 de

79 1392 172 1426 ponte
194 1388 224 1415 in
247 1388 375 1416 Tiberim
400 1388 613 1424 deturbabant,
651 1389 728 1417 unde
752 1394 852 1417 natum
877 1388 1067 1427 proverbium
1090 1389 1301 1426 sexagenarios
1331 1387 1366 1416 de
1390 1395 1493 1427 ponte,
1530 1388 1592 1422 vel,
1628 1386 1709 1425 quod
1738 1385 1841 1415 verius
1871 1391 1960 1424 puto,
1996 1385 2034 1414 ad

81 1431 206 1459 Ceorum
230 1430 322 1468 legem
347 1430 447 1459 allusit
469 1436 572 1469 poeta,
614 1441 669 1469 qua
700 1432 824 1460 maiores
848 1431 930 1460 annis
953 1431 1028 1459 LlX.
1052 1430 1216 1459 sorbitione
1239 1431 1352 1460 cicutae
1375 1440 1390 1459 e
1414 1431 1474 1459 vita
1497 1430 1695 1465 tollebantur,
1736 1433 1767 1457 ut
1790 1428 1912 1466 reliquis
1937 1429 2033 1457 victus

79 1472 238 1502 sufficeret.
285 1472 381 1501 Huius
403 1473 475 1511 legis
500 1473 632 1502 meminit
656 1474 804 1502 Menand.:

558 1514 658 1546 Καλὸν
682 1515 713 1546 τὸ
740 1518 839 1546 Κείων
862 1513 990 1554 νόμιμόν
1014 1515 1089 1552 ἐστι,
1117 1516 1226 1552 Φανία,

555 1555 591 1589 ‘O
614 1557 652 1595 μή
678 1556 848 1597 δυνάμενος
872 1560 923 1595 ζῆν
947 1560 1057 1593 καλῶς,
1086 1556 1121 1588 οὗ
1148 1560 1182 1599 ζῇ
1203 1561 1313 1594 κακῶς.

80 1600 156 1629 Vide
179 1599 284 1629 Strabo
308 1599 358 1628 lib.
371 1600 407 1628 X.
427 1600 575 1638 pag—486.
600 1601 677 1628 Edit.
699 1601 821 1629 Casaub.
854 1600 927 1628 Vide
950 1605 978 1628 et
1001 1600 1111 1629 Aeliani.
1134 1601 1184 1629 lib.
1198 1601 1246 1629 111.
1266 1612 1331 1639 cap.
1344 1603 1393 1631 37.
1430 1599 1552 1628 Notabis
1574 1604 1726 1638 praeterea
1749 1599 1779 1627 in
1802 1608 1892 1627 versu
1915 1597 2034 1626 Caecilii

79 1647 264 1671 senectutem
295 1652 357 1670 esse
387 1647 454 1670 ante
478 1643 591 1670 senium
616 1645 824 1680 constitutam,
866 1647 971 1671 contra
995 1643 1075 1680 quod
1100 1643 1277 1681 quibusdam
1301 1644 1398 1672 visum
1422 1647 1480 1679 est,
1519 1641 1569 1680 qui
1594 1641 1711 1670 Senium
1734 1646 1923 1680 properatam
1947 1649 2034 1668 seue-

80 1690 192 1714 ctutem
215 1686 460 1723 interpretantur.
490 1685 575 1714 Dac.
622 1686 705 1714 Adde
729 1695 818 1724 supra
842 1685 971 1714 Anatem
995 1690 1023 1713 et
1046 1685 1173 1714 Nonium
1197 1686 1274 1724 (pag.
1290 1689 1317 1716 1.
1342 1684 1445 1725 Merc.)
1469 1685 1499 1712 iu
1523 1683 1650 1713 Senium.
1685 1682 1790 1713 Goth..
1836 1684 1878 1712 Cf.
1900 1682 2033 1721 Spengel.

79 1729 109 1756 in
134 1727 239 1756 Caecil.
265 1727 407 1765 Fragmm.
430 1737 489 1766 pag
511 1729 561 1759 24.
588 1727 637 1756 ubi
660 1728 703 1756 sic
727 1733 770 1757 est
794 1728 967 1756 emendatus
996 1728 1079 1756 locus
1103 1728 1236 1758 Caecilii:
1276 1727 1346 1757 Sine
1372 1738 1455 1756 suam
1485 1725 1628 1755 senc'ctam
1658 1724 1764 1763 ἅπαις
1801 1725 1888 1766 iisque
1916 1723 1958 1753 ad
1984 1735 2034 1753 se-

79 1771 160 1799 nium
181 1767 302 1798 sor-bito.

246 1811 424 1841 Senonas.
450 1812 504 1851 (Ad
528 1823 556 1851 p.
569 1811 653 1852 260.)
678 1813 767 1848 Quasi
785 1813 898 1849 ξένους.
934 1812 1074 1841 alludere
1096 1813 1215 1841 vitetur
1232 1812 1292 1842 Liv.
1309 1811 1359 1840 lib.
1372 1811 1406 1840 V.
1423 1816 1493 1841 sect.
1505 1812 1556 1842 35.
1592 1811 1665 1840 Tum
1690 1812 1820 1839 Senones
1841 1808 2034 1838 recentissimi

80 1854 262 1884 advenarum
293 1855 327 1882 ab
359 1855 462 1883 Ufente
491 1855 610 1884 [lumine
641 1865 734 1893 usque
763 1856 799 1884 ad
831 1856 928 1884 Aesim
957 1854 1096 1884 habuere.
1148 1856 1268 1883 Servius
1298 1854 1380 1893 (pag.
1395 1854 1466 1885 547.
1500 1853 1546 1881 ed.
1570 1852 1659 1889 Dan.)
1690 1853 1777 1881 etiam
1805 1852 1888 1891 prius
1920 1851 2032 1887 ξένους,

79 1902 181 1937 postea
206 1897 352 1933 Senonas,
387 1898 470 1935 quasi
495 1898 625 1933 ξένωνας
648 1899 745 1926 dictos
768 1899 874 1926 innuit.
919 1898 973 1926 Sed
999 1908 1058 1926 non
1083 1897 1149 1935 quia
1174 1898 1244 1926 novi
1268 1901 1414 1925 venerunt
1437 1906 1474 1924 ex
1497 1896 1691 1934 Transalpina
1715 1896 1849 1933 regione,
1879 1893 1928 1922 sed
1953 1893 2033 1931 quod

80 1940 230 1969 Bacchum
254 1939 385 1978 hospitio
409 1946 594 1978 receperunt.
641 1939 782 1978 Senones,
820 1941 932 1979 inquit,
969 1941 1020 1980 qui
1042 1939 1168 1969 Senones
1192 1939 1266 1969 dicti
1287 1946 1367 1976 sunt,
1404 1937 1484 1979 quod
1506 1937 1646 1966 Liberum
1667 1945 1778 1977 patrem
1802 1937 1926 1976 bospitio
1950 1946 2033 1964 rece—

76 1984 194 2023 pissent.
239 1981 328 2011 Duc.

245 2023 543 2063 Septentriones.
573 2023 639 2062 (Ad
663 2024 792 2064 p.260.)
822 2026 862 2054 De
887 2024 1144 2062 Septentrionibus
1173 2024 1244 2053 haec
1267 2023 1460 2062 intelligenda
1484 2027 1569 2060 sunt,
1608 2023 1644 2051 de
1667 2022 1776 2061 quibus
1799 2021 1894 2049 Varro
1918 2020 1967 2049 lib.
1984 2018 2030 2048 Vl.

79 2068 115 2096 de
138 2067 169 2096 L.
191 2067 222 2096 L.
247 2066 321 2104 (Vll.
345 2078 410 2106 pag.
423 2069 496 2099 355.
521 2067 599 2106 Sp.):
630 2066 699 2095 Has
721 2075 826 2107 septem
851 2065 950 2096 stellas
976 2065 1099 2103 Graeci,
1128 2075 1157 2095 ut
1183 2066 1344 2103 Homerus,
1373 2073 1478 2095 vocant
1501 2063 1618 2104 ἅμαξαν
1639 2073 1665 2094 et
1685 2064 1881 2104 propinquum
1904 2063 1964 2091 eius
1985 2063 2032 2089 si-

76 2121 166 2150 gnum
190 2108 326 2148 βοώτην;
353 2110 446 2138 nostri
468 2121 516 2137 eas
538 2117 642 2148 septem
665 2109 767 2139 stellas
790 2110 873 2139 boves
895 2116 921 2137 et
944 2111 1051 2138 triones
1073 2117 1099 2138 et
1119 2121 1210 2148 prope
1231 2121 1279 2138 eas
1303 2120 1400 2139 axem.
1450 2108 1572 2136 Triones
1593 2108 1668 2136 enim
1692 2114 1717 2135 et
1741 2106 1824 2136 boves
1846 2103 2031 2144 appellantur

78 2164 97 2180 a
116 2150 249 2180 bubulcis
271 2152 454 2188 etiamnunc,
479 2153 610 2180 maxime
633 2163 697 2181 curn
721 2160 806 2181 orant
830 2160 949 2187 terram,
975 2164 989 2179 e
1006 2153 1086 2191 queis
1106 2158 1137 2180 ut
1161 2151 1236 2181 dicti
1257 2151 1382 2180 valentes
1401 2149 1542 2190 glebarii,
1567 2151 1618 2189 qui
1630 2147 1733 2190 facile
1751 2146 1945 2188 proscindunt
1965 2143 2029 2183 gle-

80 2193 148 2229 bas,
171 2195 214 2222 sic
237 2205 350 2230 omnes,
373 2195 424 2233 qui
447 2201 551 2222 terram
576 2193 716 2230 arabant,
740 2206 759 2222 a
782 2203 858 2223 terra
881 2196 1016 2230 teriones,
1041 2193 1116 2222 unde
1142 2194 1263 2222 Triones
1286 2202 1316 2222 ut
1340 2193 1510 2223 dicerentur.
1555 2191 1584 2220 E
1604 2190 1726 2227 detrito,
1755 2198 1781 2219 et
1803 2197 1922 2229 postea:
1951 2186 2029 2215 Pos-

78 2244 145 2265 sunt
167 2237 274 2264 triones
298 2235 359 2265 clici
380 2243 501 2274 septem,
525 2235 606 2276 quod
628 2238 670 2264 ita
692 2238 765 2265 sitae
787 2236 903 2271 stellae,
928 2244 959 2264 ut
983 2244 1080 2264 ternae
1102 2237 1218 2275 trigona
1231 2236 1367 2278 saciant.
1403 2235 1481 2264 Haec
1504 2235 1601 2264 Varro
1625 2239 1653 2262 et
1677 2233 1755 2263 Gell.
1778 2233 1829 2262 lib.
1843 2232 1878 2260 II.
1902 2230 2027 2275 ⁶³¹'·2¹.t

78 2279 187 2307 Eadem
212 2278 312 2306 Festus
343 2278 400 2306 hoc
430 2279 495 2306 loco
526 2279 702 2317 scripserat,
741 2284 855 2308 tantum
887 2279 969 2307 addit
991 2279 1075 2307 Ennii
1100 2289 1219 2315 versus,
1256 2280 1306 2317 qui
1331 2289 1388 2307 non
1412 2283 1520 2306 extant.
1565 2277 1623 2305 Pro
1646 2276 1692 2305 his
1715 2275 1892 2305 substituam
1913 2271 2029 2317 denarii

78 2321 258 2350 mentionem
284 2321 313 2348 L.
335 2321 464 2349 Lucretii
485 2321 618 2357 Trionis,
648 2322 677 2349 in
702 2332 760 2359 quo
785 2327 896 2360 septem
920 2322 1021 2350 stellae
1045 2322 1192 2351 videntur.
1216 2321 1302 2350 Ant.
1326 2321 1419 2360 Aug.
1463 2320 1557 2348 Infra:
1586 2319 1737 2358 Agebatur
1760 2318 1795 2346 de
1818 2313 1977 2343 Tr50¹¹1b¹1⁸
2001 2317 2029 2340 et

79 2363 352 2403 Septentrionibus:
392 2362 604 2402 Septentriones
626 2371 730 2403 septem
753 2363 853 2393 stellae
875 2363 1062 2403 appellantur
1083 2375 1101 2392 α
1126 2363 1217 2392 bubus
1240 2364 1360 2398 iunctis,
1397 2373 1469 2403 quos
1492 2363 1598 2392 triones
1620 2369 1724 2391 veteres
1744 2355 1910 2407 appellg'ss,
1948 2352 2029 2402 11¹⁴⁰fl

79 2407 172 2436 iuncti
194 2413 274 2434 arent
298 2412 420 2442 terram,
452 2406 538 2446 quasi
561 2407 699 2436 teriones:
737 2405 858 2447 quidam
883 2418 929 2435 eas
952 2405 1053 2435 stellas
1073 2405 1237 2445 plaustrum
1260 2413 1383 2442 vocant,
1415 2404 1495 2445 quod
1518 2404 1550 2433 id
1571 2412 1681 2434 astrum
1709 2400 1812 2431 Graeci
1835 2398 1950 2437 αμᾱξᾱν
1975 2394 2027 2424 ‘1²‘-
