2263 2668
213 182 288 218 382
639 171 985 210 COMMENTARII
1010 171 1059 206 IN
1084 171 1226 207 PAULI
1253 173 1449 209 DIACONI
1474 174 1729 209 EXCERPTA

214 277 310 306 solum
334 283 390 313 pro
412 277 535 299 numero
558 276 705 295 annorum
726 266 830 295 clavus
856 264 1016 304 figebatur,
1056 264 1107 294 sed
1132 265 1243 305 pisculi
1266 266 1354 296 etiam
1375 276 1478 303 causa,
1513 276 1581 296 cum
1605 266 1717 296 scilicet
1739 266 1802 296 sive
1826 269 1991 306 pestilentia
2015 271 2157 309 quaedam

214 318 376 350 inciderat,
411 313 474 340 sive
502 310 625 338 secessio
648 309 772 348 populi,
805 308 869 337 sive
889 307 1059 348 prodigium
1082 308 1203 347 aliquod
1227 319 1326 347 grave.
1370 309 1447 338 Vide
1469 308 1587 338 Livium
1608 310 1662 338 lib.
1676 312 1706 341 7.
1730 320 1794 348 cap.
1808 312 1838 341 3.
1863 315 1892 340 et
1910 311 1960 340 lib.
1971 315 2000 344 8,
2025 323 2091 352 cap.
2106 316 2156 346 18,

218 361 307 390 Dae,
353 357 386 384 V.
410 352 549 382 Alexand.
574 352 609 380 ab
633 352 718 380 Alex.
743 351 770 380 d.
794 350 882 381 c.14.
932 348 1037 378 Goth.

379 395 525 426 Classis
550 395 759 433 procincta.
807 393 870 422 Lex
891 393 1016 421 Numae:
1056 391 1228 430 QUOIUS.
1252 391 1468 422 AUSPICIO.
1495 392 1667 423 CLASSE.
1694 392 1952 424 PROCINCTA.
1978 394 2158 426 ΟΡΕῘΜΛ.

217 440 381 474 SPOLIA.
407 435 675 467 CAPJUNTUR.
697 434 804 464 IOVI.
826 433 1056 465 FERETRIO.
1076 433 1244 465 BOVEM.
1270 434 1472 466 GAEDITO.
1499 435 1609 474 QUEI.
1635 435 1764 466 CEPIT.
1782 434 1924 466 AERIS.
1942 437 2158 469 DUGENTA.

215 480 391 515 DARIER.
420 477 659 508 OPORTETO.
692 475 790 507 scal,
835 478 941 506 Fabius
964 478 1066 507 Pictor
1088 477 1168 516 apud.
1189 478 1317 507 Gellium
1340 479 1400 514 (X,
1425 478 1502 515 15.):
1533 477 1617 519 Equo
1642 477 1761 507 Dialem
1786 477 1946 508 Flaminem
1970 479 2034 509 vehi
2055 480 2157 521 religio

215 535 273 565 esg-
310 523 428 554 classem
451 522 633 562 procinctam
656 528 723 549 anie
742 521 940 560 pomoerium,
975 518 1008 548 id
1029 527 1069 549 est
1091 521 1253 550 exercitum
1274 527 1419 549 armatum
1449 519 1551 549 videre.
1598 521 1670 550 Vide
1696 520 1812 560 Opima.
1842 521 1928 552 Dae.
1973 523 2060 551 Adde
2082 524 2159 552 infra

214 567 461 607 Endoprocincru.
506 564 618 592 Glossis
638 563 822 603 procinctum
846 568 904 598 est,
936 560 1023 592 ὅταν
1045 563 1097 598 εἰς
1119 561 1283 602 πόλεμον
1312 562 1622 602 συγκαλέσονται.
1661 562 1818 602 Theophil.
1842 564 1912 593 Inst.
1935 564 1971 593 de
1993 569 2159 596 testament.

217 609 388 639 ordinandis
411 605 499 642 ἦνίκα
523 607 617 644 ἔμελλε
640 606 748 642 ἐξεῖναι
770 605 818 636 ἐπὶ
841 602 981 644 πόλεμον.
1026 603 1128 634 Goth.

381 649 565 688 Clingere.
612 648 739 676 Omnino
767 648 924 685 legendum
949 645 1096 686 elingere,
1134 645 1257 678 cludere.
1300 647 1418 686 Alioqui
1440 647 1551 676 frustra
1575 647 1698 677 dixisset
1721 660 1736 676 a
1756 648 1869 676 Graeco
1892 649 1996 679 κλείειν
2019 659 2159 678 manasse.

215 695 297 731 Quin
318 693 448 722 Isidorus
470 692 556 730 plane
578 691 751 720 sententiam
775 696 906 719 nostram
931 690 1063 719 adiuvat.
1103 689 1230 729 Clingit‚
1254 690 1368 728 inquit,
1391 688 1494 719 cludit.
1517 688 1616 718 Scal.
1655 691 1688 718 ln
1711 691 1770 719 MS.
1792 701 1851 719 non
1873 692 1993 728 κλείειν,
2022 692 2074 720 sed
2094 704 2160 732 κιγ-

214 739 337 778 χλίζειν,
376 734 456 774 quod
485 739 529 763 est
559 734 665 763 crebro
693 734 829 772 corporis
858 738 941 762 motu
969 733 1146 761 motacillam
1169 732 1288 761 imitari.
1334 733 1419 768 Quae
1442 732 1465 761 si
1489 742 1558 760 vern
1582 732 1684 768 lectio,
1722 733 1906 772 turpiculum
1930 734 2041 772 aliquid
2064 735 2162 763 innuit

215 780 336 809 verbum
360 778 498 815 elingere.
529 776 587 806 Sed
609 775 723 806 dubito.
758 775 817 805 [nno
841 780 869 804 et
892 772 1008 805 cludere
1029 780 1057 804 et
1079 776 1221 806 κλείειν
1243 775 1440 805 retinendum.
1464 774 1554 805 Dac.
1593 775 1624 803 ln
1649 776 1762 804 Glossis
1786 776 1844 805 MS.
1866 774 2028 805 clisciscere
2049 775 2161 806 disiun-

217 833 284 852 πεπρ.
331 819 434 850 Goth.

212 844 230 862 Ο
380 862 555 901 Cercopa.
599 860 679 897 Quid
701 859 828 889 habebat
850 859 879 888 in
903 860 1000 888 animo
1023 858 1144 896 Festus,
1173 865 1223 888 aut
1246 859 1384 897 Verrius,
1414 869 1506 898 quum
1529 857 1602 887 haec
1625 859 1790 890 scriberet?
1819 860 1902 896 Quae
1925 861 2002 889 enim
2024 861 2160 900 cognatio

214 909 254 937 τῶ
276 906 369 944 κέρκῳ
393 909 422 933 et
444 907 486 945 τῷ
507 904 625 942 κέρδει.7
652 902 812 943 Κέρκωπες
828 914 842 931 a
863 902 981 931 Graecis
1002 905 1168 943 πανοῦργοι
1183 903 1340 939 dicuntur,
1365 903 1486 940 eiusque
1508 902 1552 930 rei
1576 912 1693 931 causam
1717 908 1824 942 petunt
1845 902 1881 931 ab
1903 902 2034 934 historia.
2060 902 2160 933 Scal.

214 939 319 978 F‘estus
341 947 460 976 videtur
482 946 631 975 deducere
655 957 668 974 a
694 945 815 984 κέρδος,
842 945 885 974 vel
904 956 918 974 a
937 945 1050 974 Graeco
1074 945 1177 982 κέρδος
1200 949 1229 973 et
1254 945 1357 973 Latino
1381 945 1484 984 cupio,
1507 944 1591 982 quasi
1615 944 1801 985 cerclocupis‚
1824 956 1922 974 merae
1945 956 2047 984 nugae.
2086 946 2161 986 Κέρ-

213 999 283 1030 κωψ
301 991 446 1019 Graecum
470 994 531 1024 est,
554 994 584 1018 et
605 988 766 1027 exponitur
790 988 900 1017 animal
922 998 1054 1026 magnam
1075 987 1184 1016 habens
1207 987 1348 1024 caudam,
1373 987 1403 1016 id
1426 992 1469 1016 est
1492 987 1615 1026 vulpeS,
1647 999 1661 1016 a
1685 988 1769 1016 cuius
1793 988 1899 1017 astutia
1922 988 2055 1017 homines
2077 989 2162 1018 frau-

215 1034 328 1063 dulenti
352 1043 484 1072 cer-copes
506 1031 588 1060 dicti.
634 1030 717 1059 Unde
740 1036 768 1059 et
791 1035 857 1058 nata
882 1030 978 1059 sabula
1005 1030 1043 1058 de
1066 1029 1247 1069 Cercopibus
1269 1030 1404 1069 populis,
1436 1029 1487 1068 qui
1511 1029 1589 1058 Iovis
1612 1030 1655 1058 ira
1678 1030 1707 1059 in
1730 1030 1845 1068 simias,
1871 1042 1943 1070 quae
1969 1031 2088 1061 Graecis
2112 1033 2161 1062 πί-

215 1081 309 1115 θηκοι
332 1080 360 1104 et
382 1075 412 1103 in
436 1074 547 1103 insulas
571 1074 661 1103 delati
684 1074 719 1102 iis
742 1073 965 1102 Pithecusarum
985 1083 1091 1101 nomen
1116 1073 1230 1102 dedere.
1274 1073 1362 1101 Ovid.
1375 1072 1454 1101 XIV.
1477 1072 1674 1112 Metamorph.
1698 1073 1798 1112 (90.):

709 1115 823 1155 Quippe
845 1114 928 1144 deum
949 1116 1064 1155 genitor
1076 1114 1218 1156 fraudem
1242 1122 1268 1144 et
1288 1116 1416 1154 periuria
1439 1113 1588 1155 quondam

708 1157 866 1197 Cercopum
889 1169 1013 1195 exosus,
1033 1159 1182 1198 gentisque
1203 1155 1334 1186 admissa
1357 1155 1477 1186 dolosae

708 1199 742 1228 In
766 1199 896 1241 deforme
918 1201 995 1229 viros
1016 1199 1131 1229 animal
1151 1201 1289 1236 mutavit,
1322 1207 1353 1228 ut
1375 1198 1463 1228 iidem

705 1242 870 1271 Dissimiles
891 1242 1003 1271 homini
1022 1250 1137 1282 possent
1159 1241 1324 1282 similesque
1346 1241 1446 1270 videri.

216 1287 304 1317 Duc.
345 1287 485 1325 Cercopia
506 1286 663 1324 legendum
687 1285 765 1325 apud
788 1285 925 1314 Plautum
948 1285 1029 1314 Trin.
1043 1285 1097 1321 IV,
1121 1287 1155 1323 2,
1177 1287 1228 1316 82.
1253 1285 1305 1313 ubi
1326 1284 1396 1313 vide
1418 1284 1591 1313 Meursium.

382 1327 550 1358 Classici
579 1335 698 1357 testes.
745 1326 807 1356 Hoc
831 1333 874 1356 est
896 1327 975 1356 cives
997 1328 1130 1356 Romani.
1176 1327 1237 1363 Qui
1265 1326 1341 1356 enirn
1368 1326 1448 1355 cives
1471 1327 1595 1355 Romani
1619 1330 1716 1363 erant,
1753 1326 1872 1356 omnino
1895 1327 1924 1356 in
1948 1327 2045 1366 aliqua
2070 1327 2162 1356 classe

217 1371 420 1402 censebantur.
461 1371 521 1406 Qui
544 1382 601 1400 non
624 1369 771 1398 habebant
794 1371 930 1407 classem,
953 1380 1007 1399 nec
1031 1370 1110 1399 cives
1133 1368 1257 1398 Romani
1280 1374 1370 1400 erant.
1396 1368 1494 1399 Scae.
1541 1369 1622 1397 Alias
1645 1368 1759 1397 classici
1784 1370 1877 1398 Gellio
1902 1370 1965 1398 Vll.
1988 1380 2012 1399 c.
2029 1372 2078 1401 13.
2102 1369 2162 1408 pri-

217 1424 281 1443 mae
304 1419 418 1443 tantum
442 1413 541 1442 classis
564 1413 716 1448 homines,
745 1413 922 1441 translatitie
945 1422 1017 1441 vero
1041 1422 1096 1452 pro
1118 1411 1243 1449 insigni,
1272 1411 1349 1441 unde
1374 1411 1516 1440 classicus
1537 1413 1664 1450 scriptor
1686 1412 1784 1439 Gellio
1806 1412 1893 1448 XIX,
1916 1423 1981 1451 cap.
1993 1414 2023 1443 8.
2061 1412 2112 1440 Est
2135 1416 2163 1440 et

217 1456 322 1496 glossis
345 1457 404 1485 MS.
431 1455 599 1485 Classarius
620 1465 672 1484 seu
694 1454 890 1484 Classicarius
911 1455 990 1483 idem
1016 1466 1050 1483 ac
1078 1455 1218 1483 classicus
1247 1452 1415 1493 σαλπιστής.
1460 1454 1524 1482 Alio
1553 1463 1672 1492 quoque
1701 1454 1866 1491 significatu
1895 1455 2010 1483 classici
2039 1455 2070 1483 in
2100 1455 2164 1491 lege

216 1500 313 1529 unica.
357 1498 429 1528 Cod.
452 1498 600 1528 Theodos.
624 1498 660 1526 de
683 1498 830 1526 classicis:
865 1498 1000 1538 deputati
1023 1498 1146 1526 navibus
1169 1497 1330 1536 purgandis
1355 1502 1384 1525 et
1407 1496 1598 1525 deducendis.
1647 1495 1751 1525 Goth.

383 1538 735 1571 Commentaculum.
786 1541 865 1579 Lege
899 1539 1153 1571 commomculum.
1201 1539 1274 1569 Vide
1297 1544 1407 1568 'notam
1438 1539 1474 1567 ad
1504 1537 1751 1569 Commeniacula.
1781 1539 1870 1569 Dac.
1923 1537 2086 1579 Sacrificiis
2115 1549 2163 1567 sa-

219 1585 285 1613 cris.
335 1582 439 1613 Goth.

383 1624 571 1655 Cervaria.
616 1625 708 1654 Cerva
734 1624 923 1653 mactabatur
943 1624 1060 1653 Dianae.
1105 1623 1232 1652 Ovidius
1255 1624 1354 1661 (locus
1380 1633 1439 1652 non
1462 1628 1506 1652 est
1527 1623 1707 1658 inventus.):

757 1666 840 1706 Quae
861 1665 948 1695 semel
969 1674 1010 1695 est
1031 1664 1142 1705 triplici
1162 1677 1217 1705 pro
1239 1667 1349 1706 vir-gine
1371 1677 1456 1696 caesa
1476 1665 1594 1694 Dianae

794 1708 882 1738 Nunc
903 1719 1018 1749 quoque
1036 1720 1091 1748 pro
1114 1707 1198 1736 nulla
1222 1709 1333 1748 virgine
1354 1719 1438 1738 cerva
1462 1706 1552 1738 cadit.

223 1752 294 1782 Cum
316 1762 347 1781 ea
371 1762 432 1781 non
454 1755 533 1788 erat,
562 1751 777 1781 succedaneam
801 1753 863 1781 eius
887 1752 1056 1780 mactabant
1081 1760 1184 1786 ovem,
1215 1761 1291 1789 quae
1315 1751 1352 1779 ob
1374 1752 1404 1779 id
1429 1751 1561 1780 cervaria
1584 1751 1648 1779 ovis
1671 1751 1835 1779 dicebatur.
1880 1749 1981 1780 Scal.

385 1793 557 1834 Creppos.
603 1793 717 1834 Crepos.
763 1794 821 1823 Alii
852 1794 954 1833 legunt
979 1792 1112 1833 Creppos.
1154 1794 1281 1832 Luperci
1304 1794 1401 1822 Panos
1425 1793 1531 1832 Lycaei
1557 1794 1724 1822 sacerdotes
1749 1793 1785 1822 ab
1806 1793 1946 1822 Evandro
1967 1791 2084 1822 Arcade
2106 1793 2165 1822 Ro-

225 1847 298 1865 mam
321 1838 455 1866 translati
477 1846 562 1865 sacra
586 1837 759 1877 Lupercalia
781 1837 967 1865 vocabantur
989 1837 1052 1865 XV.
1076 1836 1138 1865 Kal.
1162 1836 1252 1864 Maias
1274 1837 1371 1865 solita.
1415 1836 1504 1865 Ovid.
1526 1835 1602 1864 Fast.
1625 1836 1660 1866 ll.
1683 1837 1801 1873 (267.)t

804 1880 899 1908 Tertia
921 1886 988 1919 post
1010 1877 1076 1907 idus
1097 1876 1191 1907 nudos
1211 1878 1334 1907 Aurora
1358 1878 1509 1918 Lupercos

839 1921 998 1961 Adspicit,
1026 1928 1052 1949 et
1074 1920 1172 1949 Fauni
1193 1932 1279 1950 sacra
1302 1920 1429 1950 bicornis
1451 1927 1525 1949 eunt.

229 1960 305 1988 Nudi
328 1962 450 1999 Luperci
479 1962 687 1992 discurrebant
715 1964 792 2003 pelle
819 1964 942 2003 caprina
970 1968 1067 1992 tamen
1091 1963 1207 1999 amicti,
1246 1968 1278 1991 ut
1299 1968 1327 1992 et
1349 1964 1442 2002 ipsius
1465 1963 1510 1991 dei
1534 1963 1723 1991 simulacrum
1747 1967 1778 1992 et
1799 1972 1853 2001 per
1874 1961 2026 1990 lasciviam
2049 1961 2167 1990 discur-

229 2007 326 2031 rentes
356 2004 478 2040 pellibus
507 2006 670 2035 caedebant
700 2007 813 2038 obvios.
861 2007 943 2035 Unde
966 2017 982 2034 a
1002 2006 1125 2045 pellium
1149 2005 1265 2044 crepitu
1291 2007 1368 2045 crepi
1390 2010 1457 2034 sunt
1481 2005 1563 2033 dicti.
1594 2005 1680 2034 Dac.
1726 2005 1799 2034 Vide
1823 2005 1986 2033 Varronem
2009 2004 2046 2033 de
2067 2004 2167 2042 lingua

230 2046 291 2073 Lat·
315 2044 389 2082 (Lib.
404 2045 455 2080 Vl,
480 2050 588 2083 p.195.
612 2048 682 2088 Sp).
709 2048 814 2078 Goth.
852 2048 983 2078 Pellibus
1005 2047 1116 2079 obvias.
1154 2048 1301 2087 CapriniS.
1343 2048 1415 2077 Vide
1438 2048 1514 2076 infra
1538 2046 1723 2077 Februarius.
1767 2045 1877 2076 Idem.

396 2086 564 2117 Condere.
607 2091 682 2120 Vide
706 2089 836 2120 Condere
854 2092 972 2130 proprie
993 2098 1035 2119 cst
1057 2095 1111 2121 etc.

396 2125 536 2156 Cincin.
581 2132 624 2160 Ad
648 2138 763 2171 portam
786 2135 961 2169 Romanam,
986 2133 1037 2171 qui
1060 2134 1146 2161 locus
1167 2133 1202 2161 ab
1226 2133 1354 2171 antiquis
1378 2132 1522 2171 appellari
1545 2132 1651 2161 solitus
1673 2139 1766 2160 status
1783 2130 1915 2168 Cinciae,
1937 2131 2020 2170 quod
2041 2130 2082 2159 ibi
2105 2131 2168 2160 eius

232 2170 360 2200 familiae
374 2169 564 2207 sepulchrum
580 2174 646 2204 fuit.
678 2175 750 2204 Vide
766 2175 935 2204 Romanam
951 2183 1078 2215 portam.
1102 2175 1189 2205 Dae.
1221 2175 1295 2204 Vide
1313 2186 1388 2214 quae
1404 2175 1510 2214 scripsi
1527 2174 1563 2203 ad
1581 2175 1600 2203 l.
1614 2177 1643 2205 3.
1659 2174 1689 2204 ff.
1707 2176 1730 2204 si
1745 2184 1814 2213 pars
1831 2174 2031 2203 haereditatis.
2064 2171 2166 2202 Goth.

400 2212 563 2250 Capitol.
608 2216 739 2246 Linteum
761 2218 917 2255 iutelligit,
942 2228 1001 2256 quo
1024 2222 1114 2257 caput
1135 2218 1289 2254 velabant,
1319 2218 1356 2247 de
1380 2228 1439 2257 quo
1464 2218 1594 2247 Helenus
1616 2217 1695 2256 apud
1723 2217 1827 2255 virgil.
1850 2218 1934 2252 (Aen.
1950 2216 2008 2253 ΙΙΙ,
2029 2215 2131 2251 405.)=

842 2261 994 2299 Purpureo
1014 2259 1108 2290 velare
1130 2271 1230 2289 comas
1252 2259 1407 2300 adopertus
1429 2261 1547 2289 amictu.

237 2297 322 2326 Dac.
355 2294 484 2335 Capital.
518 2296 656 2335 Capitale.
694 2300 775 2329 Adde
798 2303 924 2331 Nonium
949 2305 1030 2340 (pag.
1044 2305 1093 2334 38.
1118 2303 1223 2338 Mero.)
1245 2303 1275 2331 in
1303 2301 1431 2342 capital.
1478 2301 1583 2331 Goth.

401 2338 617 2367 Castrensis
638 2351 677 2368 co
688 2351 788 2371 rona.
832 2345 876 2372 Ex
898 2355 972 2372 auro
996 2346 1084 2381 sacia,
1108 2345 1159 2373 sed
1181 2356 1240 2374 non
1262 2350 1341 2379 tota,
1366 2350 1399 2374 ut
1422 2350 1504 2384 patet
1525 2355 1562 2373 ex
1579 2345 1698 2374 Sneton.
1718 2344 1841 2381 August.
1859 2353 1922 2382 cap.
1936 2344 1986 2374 25.
2026 2341 2063 2370 Ea
2087 2339 2165 2368 vallo

235 2379 443 2415 decorabatur,
465 2380 592 2419 ideoque
614 2380 736 2411 vallaris
758 2384 844 2414 dicta.
867 2386 954 2416 Dac.
989 2387 1063 2415 Vide
1088 2388 1162 2417 Gell.
1181 2388 1220 2423 V,
1242 2390 1272 2418 6.
1300 2386 1402 2417 Goth.
1445 2388 1488 2416 Cf.
1507 2388 1642 2417 creuzer.
1660 2387 1741 2416 Anti.
1760 2387 1841 2414 Rom.
1860 2396 1886 2424 p.
1899 2387 1969 2417 317.
1982 2392 2042 2420 ⁸81}-
2058 2383 2081 2418 §·
2094 2383 2165 2413 251·

236 2423 288 2452 ubi
309 2422 378 2451 vide
398 2422 447 2460 qui
470 2424 551 2451 citati
572 2429 648 2454 sunt.
