2263 2668
735 129 966 166 EXEMPLA
995 127 1365 166 ELOCUTIONUM.

1947 137 2024 174 259

73 227 153 261 Ritu
179 226 267 259 illius
291 225 340 259 rei
349 221 382 259 ¹¹¹.
410 224 506 271 Virg.
534 224 620 258 Aen.
646 224 722 260 XL:
753 224 891 260 Crebra
915 223 1004 257 nivis
1032 223 1113 258 ritu.

73 278 192 312 Refert
213 277 308 310 illum
330 277 426 311 facie.
454 277 549 321 Virg.
576 277 658 310 Aen.
686 277 745 310 IV.
755 274 794 311 ¹⁵³:
825 276 895 323 Qui
915 280 949 309 te
969 279 1087 309 tamen
1104 285 1165 309 ore
1180 274 1341 322 referret.
1367 276 1465 311 Idem
1486 278 1627 313 Aeneid.
1655 278 1718 314 Χ..
1743 279 1894 315 Nomine
1917 293 2024 317 avum

174 328 333 375 referens
353 329 469 362 animo
491 327 719 373 manibusque
738 332 937 374 parentem.

71 398 229 444 Regnata
249 397 298 429 illi
319 397 411 437 loca,
439 398 471 430 in
495 396 613 440 quibus
640 397 698 430 ille
718 397 870 442 regnavit
880 392 913 428 ¹⁹.
936 394 1030 440 Virg.
1056 394 1140 428 Aen.
1161 394 1235 428 VL:
1254 394 1427 441 Regnata
1437 408 1506 442 per
1533 409 1625 432 arva
1649 398 1806 433 Saturno
1834 401 2024 446 quondam.

174 449 271 482 Idem
298 448 438 482 Aeneid.
464 448 542 482 111.:
586 447 699 481 Terra
725 448 855 494 procul
884 447 994 481 vastis
1022 446 1150 480 colitur
1178 446 1362 482 Mavortia
1397 449 1551 494 campis,-
1598 450 1755 486 Thraces
1785 456 1911 495 arant,
1947 452 2028 487 acri

175 501 353 545 quondum
378 503 535 545 regnata
559 499 737 545 Lycurgo.

73 552 210 596 Reapse
230 563 292 596 pro
313 552 384 595 ipsa
410 547 487 585 re²⁰.
515 551 585 585 Cic.
612 551 655 584 de
674 552 784 596 Rep.:
805 550 949 595 Reapse
976 560 1044 583 non
1068 549 1205 583 ratione
1224 550 1442 595 praeceptio.

74 604 236 637 Recursat
258 603 378 635 animo.
400 602 495 647 Virg.
522 603 606 635 Aen.
633 603 690 636 lv.
700 599 739 636 ²¹:
767 602 885 636 Multa
912 601 980 634 viri
1001 601 1112 634 virtus
1134 601 1251 634 animo
1272 602 1469 647 multusque
1493 607 1654 638 recursat
1680 603 1805 638 Gentis
1829 604 1946 640 honos.

74 654 224 699 Reponis
244 654 277 686 in
300 654 392 686 illam
415 650 527 688 renum.
554 654 648 699 Virg.
679 655 762 689 Aen.
786 654 828 688 I.:
857 653 918 687 Sic
942 663 1004 686 nos
1032 653 1067 686 in
1096 656 1239 698 sceptra
1264 652 1433 698 reponis?
1482 654 1679 699 Repositam
1706 656 1739 688 in
1764 656 1822 689 illa
1846 654 1924 690 re²³.
1954 656 2025 692 cie.

178 705 222 738 de
247 705 374 750 Signis:
411 705 529 739 Sacra
554 706 732 751 quaedam
759 716 856 738 more
886 704 1148 738 Atheniensium
1183 705 1340 750 reposita
1370 705 1405 738 in
1434 706 1606 751 capitibus
1630 708 1820 753 virginum.

1880 709 2026 753 Repone

174 757 224 790 illi
245 757 293 790 rei
302 754 337 789 ²⁴.
365 757 459 802 Virg.
481 758 565 791 Aen.
586 758 679 793 VIL:
705 757 755 791 Et
783 757 866 790 vina
887 756 1044 802 reponite
1070 756 1205 789 mensis.

72 824 270 871 Repetitum
297 825 445 870 praedae
467 837 530 870 pro
552 825 595 859 ad
621 821 825 871 praedam²⁵.
852 824 921 859 Sal.
947 824 1054 859 Hist.:

174 888 241 910 non
267 877 422 911 libertati
443 878 638 923 repetitam.

1081 824 1197 858 Pirim
1213 844 1258 850 —
1277 835 1345 870 quo
1364 823 1589 871 patefactum
1614 830 1681 869 est,
1714 826 1838 874 Remff
1857 826 2026 873 praedae

73 927 217 962 Restitui
246 928 279 961 in
303 929 398 963 illum
423 926 579 963 locum²⁶.
607 930 742 963 Terent.
773 928 916 974 Hecyn:
942 927 1004 962 Ita
1023 931 1171 974 poetam
1195 927 1331 962 restitui
1352 927 1387 960 in
1408 927 1532 961 locum.

1026 1046 1060 1081 S.

73 1132 196 1166 Similis
221 1132 307 1166 illius
329 1129 420 1168 rei²⁷.
455 1133 549 1178 Virg.
576 1133 660 1168 Aen.
685 1132 744 1166 V.:
771 1132 988 1178 Delphinum
1012 1132 1152 1168 similes.
1195 1131 1317 1165 Similis
1344 1131 1403 1165 illi.
1430 1131 1526 1164 ldem
1550 1130 1660 1164 V111.:
1692 1130 1799 1164 Illum
1823 1132 2027 1178 indignanti

175 1185 322 1217 similem
348 1185 563 1229 similemque
587 1184 742 1218 minanti.
769 1185 838 1217 Sal.
863 1184 952 1219 Cam
984 1183 1119 1218 Similis
1140 1184 1266 1218 ceteris
1290 1182 1525 1231 efficiebatur.
1553 1183 1678 1216 Similis
1704 1183 1753 1215 ini
1773 1183 1902 1218 faciem.
1930 1185 2025 1230 Virg.

176 1235 305 1280 Georg.
328 1235 371 1270 l.:
395 1236 607 1280 Faciemque
627 1236 807 1269 simillima
832 1236 946 1269 lauro.

71 1301 187 1336 Subeo
207 1303 300 1336 illam
321 1301 433 1337 remffl.
469 1305 563 1350 Virg.
590 1305 673 1337 Aen.
698 1304 774 1337 111.:
813 1303 926 1351 Quem
953 1304 1098 1338 subiisse
1121 1304 1276 1338 humeris
1299 1302 1495 1349 confectum
1520 1306 1639 1336 aetate
1662 1306 1858 1348 parentem.
1903 1300 2022 1349 [543]

174 1354 271 1388 Idem
304 1356 386 1389 Aen.
413 1356 503 1389 VIII.
514 1354 554 1390 2⁹:
586 1356 690 1389 Haec
717 1356 840 1389 limina
869 1357 980 1389 victor
1015 1356 1164 1390 Alcides
1193 1356 1305 1389 subiit.
1345 1355 1460 1389 Subeo
1494 1355 1543 1387 illi
1572 1355 1620 1388 rei
1633 1351 1667 1390 ³⁰.
1702 1354 1795 1399 Virg.
1818 1355 1901 1387 Aen.
1930 1354 2022 1387 V11.:

176 1405 352 1451 Muroque
376 1407 547 1441 subibant.
574 1409 632 1442 Sic
653 1409 736 1442 Aen.
759 1404 864 1441 V1.³¹:
896 1407 961 1441 Cui
985 1408 1115 1442 deinde
1135 1407 1261 1442 subibit
1288 1406 1374 1441 Otia
1396 1407 1456 1452 qui
1479 1410 1617 1453 rumpet
1633 1406 1788 1452 patriae.
1824 1405 1894 1439 Cic.
1913 1404 2021 1442 Divin.

175 1458 208 1491 iu
232 1457 417 1493 Caecilium
425 1456 467 1493 ³²:
494 1460 635 1494 Poteris
658 1460 707 1495 eis
729 1459 885 1493 oratione
904 1457 1050 1494 subire?

72 1597 129 1626 pro
155 1592 255 1616 tamen
277 1587 349 1617 cod.
365 1586 400 1618 A.
420 1587 458 1618 M.
477 1588 653 1627 Exemplum
673 1587 755 1626 quod
778 1587 912 1626 sequitur
931 1597 1028 1616 acces-

72 1630 111 1658 sit
131 1639 146 1658 e
166 1631 238 1660 cod.
255 1630 310 1660 Gu.
326 1631 420 1659 Locus
437 1636 480 1660 est
495 1631 566 1661 Aen.
587 1631 652 1668 XII,
666 1632 737 1662 348.
766 1646 805 1652 —-
830 1630 876 1668 19)
901 1631 1028 1669 Regna-

72 1678 106 1700 τα
131 1673 204 1707 (illi)
223 1672 306 1701 Idem
325 1675 387 1703 111.
412 1676 460 1705 14.
484 1674 519 1703 A.
544 1674 582 1704 M.
609 1674 694 1702 Prius
715 1673 883 1712 exemplum
904 1678 933 1701 et
952 1673 1029 1702 alte-

70 1715 134 1745 rius
155 1715 285 1754 priorem
299 1725 417 1744 versum
438 1717 536 1745 omisit
551 1717 586 1745 A.
602 1717 639 1747 M.
662 1716 749 1744 Prior
771 1716 854 1744 locus
879 1720 923 1744 est
949 1715 1028 1754 Virg.

71 1758 144 1788 Aen.
169 1758 223 1795 Vl,
247 1760 317 1791 794.
337 1758 371 1787 111
394 1759 464 1789 cod.
489 1760 545 1789 Gu.
571 1764 614 1788 est
638 1769 718 1787 aura
744 1769 798 1797 pro
820 1769 912 1795 arva,
945 1758 1027 1797 quod

72 1800 171 1828 statim
197 1805 259 1829 erat
287 1801 504 1839 corrigendum.
528 1818 571 1824 —-
600 1805 648 1839 20)
676 1802 802 1839 Reapse.
827 1801 940 1830 Recens
972 1811 1027 1829 ac-

72 1842 162 1870 cessit
183 1841 234 1871 hic
254 1844 398 1873 articulus
419 1854 434 1873 e
451 1845 522 1873 Cod.
539 1845 593 1873 Gu.
614 1845 710 1872 Locus
727 1849 771 1872 est
788 1854 802 1873 e
819 1844 878 1872 Cic.
898 1844 939 1872 De
953 1844 1026 1882 Rep.

73 1884 97 1922 I,
120 1887 149 1920 2,
172 1887 200 1916 2.
231 1886 282 1914 ubi
304 1891 363 1915 est:
396 1888 523 1926 Reapse,
546 1898 605 1915 nan
628 1888 776 1923 oratione,
794 1887 950 1925 perfectio,
984 1901 1026 1908 -

72 1926 119 1965 21)
144 1926 225 1955 Idem
245 1929 320 1957 IIII.
336 1931 365 1960 3.
390 1931 425 1959 A.
446 1931 484 1960 M.
497 1931 676 1967 Multa-§que
691 1935 826 1957 recursat
851 1927 954 1957 Gentis
969 1928 1026 1955 llo-

73 1980 129 1997 nos
153 1969 225 1998 Cod.
252 1970 307 1998 Gu.
326 1971 440 2010 reliqua
462 1977 649 2001 accesserunt
668 1982 683 2000 e
707 1972 780 2000 Cod.
805 1972 838 2001 A.
855 1971 893 1999 Μ.
916 1985 957 1992 -
979 1968 1024 2007 22)

72 2012 149 2040 Bm.
164 2011 265 2040 addidi
286 2022 300 2041 e
316 2013 387 2043 cod.
412 2015 467 2044 Gn.
488 2015 569 2044 Idem
587 2017 610 2044 1.
630 2017 701 2047 253.
725 2014 760 2044 Α.
781 2013 818 2043 Μ.
837 2028 879 2034 -
900 2014 945 2048 23)
964 2012 1026 2039 Re-

67 2056 195 2093 posita
218 2054 289 2082 Cod.
317 2055 352 2087 Α.
375 2056 413 2085 M.
439 2057 501 2086 Cic.
525 2057 560 2085 de
584 2059 689 2095 Signis
713 2059 743 2087 3.
769 2056 802 2084 A.
821 2055 861 2084 M.
885 2054 916 2082 In
943 2053 1026 2082 Verr.

73 2098 140 2126 Act.
154 2097 187 2124 ΙΙ.
204 2096 255 2124 lib.
272 2096 321 2133 lV,
343 2100 370 2129 3.
393 2100 470 2127 Sem·
484 2116 527 2121 —
541 2099 608 2137 (sic)
635 2110 688 2137 pro
705 2101 803 2127 Sacra
828 2097 898 2124 Cod.
915 2096 971 2124 Gu.
985 2112 1028 2118 -

72 2138 119 2178 24)
143 2140 201 2167 Ra·
224 2139 349 2167 adiunxi
374 2150 389 2169 e
412 2142 484 2171 Cod.
511 2143 567 2171 Gu.
595 2142 679 2179 Virg.
702 2141 776 2169 Aen.
806 2138 874 2167 Vll.
900 2139 968 2169 134.
993 2138 1025 2168 Α.

72 2181 111 2212 Μ.
132 2183 173 2209 Et
199 2181 299 2210 deerat
321 2183 399 2221 apud
424 2184 458 2215 A.
476 2184 512 2212 M.
540 2200 582 2206 ·—
611 2183 656 2222 25)
681 2183 735 2211 Hic
758 2181 902 2209 articulus
926 2190 1027 2209 recens

73 2224 198 2252 accessit
219 2234 233 2252 e
252 2224 323 2252 cod.
340 2226 397 2253 Gu.
416 2226 448 2254 In
464 2227 531 2255 loco
548 2226 684 2260 Salustii,
705 2224 757 2262 qui
776 2222 946 2260 fragmentis
964 2223 1025 2251 eius

73 2271 117 2296 est
140 2266 341 2304 adjiciendus,
365 2268 518 2305 legendum
541 2273 630 2306 puto:
655 2267 718 2295 Sal.
743 2267 822 2293 lli-st.
840 2267 933 2303 prim.
958 2266 1025 2303 Quo

68 2310 263 2349 patefactum
284 2314 338 2340 cet.
361 2326 404 2331 —
429 2311 476 2347 26)
501 2311 636 2338 Res-timi
658 2311 689 2337 in·
712 2309 812 2336 locum
836 2308 906 2336 Cod.
931 2307 963 2336 A.
988 2308 1026 2336 M.

76 2352 143 2381 Ter.
168 2353 259 2389 lleqi.
275 2353 358 2381 I’rol.
381 2355 431 2383 21.
455 2353 489 2381 A.
510 2352 549 2380 M.
575 2368 610 2373 -
637 2350 685 2391 27)
701 2351 750 2379 Rei
765 2350 845 2378 abest
865 2360 881 2378 a
901 2350 971 2379 cod.
993 2351 1025 2379 A.

73 2393 113 2424 M.
137 2394 217 2433 Virg.
241 2395 313 2425 Aen.
337 2395 371 2432 V,
393 2396 466 2427 594.
497 2395 531 2424 A.
557 2394 595 2423 Μ.
619 2394 732 2423 Deinde
753 2403 808 2433 pro
838 2393 956 2422 Similis
977 2394 1027 2422 illi

1072 1585 1145 1616 cod.
1170 1585 1204 1617 A.
1225 1585 1264 1616 M.
1293 1584 1414 1614 exhibet
1437 1584 1480 1612 Et
1505 1583 1564 1612 illi.
1584 1583 1661 1612 Tum
1686 1583 1728 1612 ita
1756 1583 1854 1623 pergit
1872 1583 1942 1612 cod.
1963 1583 2021 1614 Gu.

1072 1629 1191 1658 ,Similis
1207 1629 1264 1658 illi.
1282 1627 1363 1656 Idem
1377 1627 1548 1663 similisque
1562 1627 1685 1654 caeteris
1704 1626 1910 1664 efficiebatur3
1930 1626 2024 1654 omis-

1071 1673 1111 1701 sis
1132 1671 1323 1709 interpositis.
1345 1668 1428 1697 Idem
1461 1668 1547 1696 Vlll.
1572 1670 1643 1700 649.
1664 1668 1699 1697 A.
1721 1669 1760 1698 M.
1786 1669 1849 1698 Sal.
1881 1668 1947 1696 Cat.
1973 1668 2021 1699 14.

1071 1716 1105 1744 A.
1127 1714 1166 1744 M.
1193 1714 1343 1742 Postrema
1368 1710 1499 1739 formula
1522 1720 1590 1739 cum
1609 1711 1745 1750 exemplo
1765 1710 1890 1738 accessit
1910 1720 1926 1738 e
1949 1710 2021 1740 cod.

1071 1758 1128 1786 Gu.
1151 1757 1245 1784 Locus
1271 1759 1314 1783 est
1337 1753 1441 1791 Georg.
1464 1753 1501 1788 II,
1526 1756 1596 1785 131.
1623 1768 1665 1775 —
1694 1751 1740 1791 28)
1764 1752 1860 1781 Suheo
1883 1752 1973 1780 illam
1995 1757 2023 1780 et

1069 1801 1120 1828 illi
1143 1798 1214 1827 cod.
1232 1797 1266 1825 A.
1287 1796 1325 1824 M.
1350 1796 1435 1834 Virg.
1459 1795 1538 1824 Aen.
1568 1797 1626 1826 III.
1644 1796 1716 1826 599.
1741 1794 1775 1823 A.
1798 1794 1835 1824 M.
1860 1796 2020 1823 Parentem

1069 1843 1150 1871 deest
1170 1841 1200 1868 in
1219 1838 1290 1868 Cod.
1317 1838 1374 1869 Gu.
1398 1855 1438 1860 —
1460 1837 1508 1874 29)
1530 1837 1594 1866 Hoc
1615 1836 1784 1875 exemplum
1805 1837 1886 1866 deest
1902 1837 1932 1865 in
1950 1837 2022 1866 cod.

1068 1886 1102 1914 A.
1120 1884 1160 1912 M.
1175 1882 1253 1919 Virg.
1275 1881 1345 1909 Aen.
1364 1880 1441 1918 VIII,
1457 1882 1528 1911 362.
1553 1895 1596 1901 -
1616 1878 1663 1919 30)
1686 1880 1773 1908 Deest
1790 1879 1919 1908 formula
1941 1879 2020 1918 apud

1068 1927 1103 1955 A.
1120 1925 1160 1954 M.
1183 1925 1225 1952 Et
1249 1924 1317 1953 Vll.
1340 1925 1410 1954 161.
1435 1921 1472 1952 A.
1486 1922 1525 1951 M.
1544 1938 1587 1944 —
1608 1923 1657 1961 31)
1673 1923 1724 1950 Sic
1738 1922 1813 1950 Aen.
1835 1938 1878 1943 ——
1898 1939 1934 1944 —-
1954 1932 2019 1960 pa-

1069 1969 1154 1996 triae.
1185 1966 1264 1995 Haec
1287 1965 1386 1994 omnia
1413 1965 1521 1994 desunt
1542 1964 1623 2003 apud
1650 1966 1684 1994 A.
1717 1964 1755 1993 Μ.
1789 1964 1908 2003 Legitur
1934 1964 2019 1992 locus

1069 2010 1148 2049 apud
1162 2009 1242 2047 Virg.
1265 2008 1336 2037 Aen.
1353 2007 1404 2045 VI,
1426 2009 1497 2040 813.
1522 2007 1555 2035 In
1579 2006 1652 2037 cod.
1678 2007 1735 2036 Gu.
1759 2012 1817 2036 est:
1841 2008 1892 2034 cui
1913 2005 2020 2034 deinde

1068 2052 1150 2081 subit
1170 2054 1229 2080 otio
1250 2053 1304 2090 qui
1328 2061 1464 2089 rumpere
1486 2050 1609 2088 patria,
1640 2060 1715 2089 quae
1738 2050 1785 2078 vel
1807 2049 1869 2077 sine
1893 2049 2018 2087 Virgilio

1071 2095 1243 2133 corrigenda
1265 2098 1358 2122 erant.
1380 2109 1422 2115 ·-—
1444 2092 1491 2130 32)
1518 2093 1580 2121 Cic.
1599 2093 1711 2123 Divin.
1730 2093 1764 2120 ln
1787 2091 1954 2120 Caeciliam
1970 2092 2018 2123 14.

1068 2138 1103 2167 A.
1121 2138 1159 2168 M.
1180 2137 1239 2167 Cic.
1256 2138 1288 2165 in
1305 2137 1413 2164 Divin.
1435 2134 1507 2164 Cod.
1530 2135 1585 2163 Gu.
1601 2135 1712 2164 Verba:
1736 2136 1857 2163 Poteris
1881 2136 1922 2162 eis
1941 2145 2019 2162 ora-

1069 2182 1148 2208 tione
1166 2180 1266 2208 subire
1276 2178 1357 2207 haud
1372 2178 1461 2207 dubie
1478 2178 1619 2206 mendosa
1643 2183 1727 2214 sunt,
1751 2177 1821 2206 licet
1840 2177 1870 2205 in
1888 2182 2018 2214 utroque

1070 2223 1140 2252 cod.
1156 2222 1267 2262 pariter
1285 2221 1368 2250 nulla
1392 2230 1460 2249 cum
1483 2220 1628 2249 varietate
1646 2221 1792 2259 legantur.
1822 2219 1910 2258 Apud
1933 2219 2018 2247 Cice-

1068 2275 1171 2295 ronem
1193 2270 1250 2294 est:
1280 2265 1435 2293 Poterisne
1458 2264 1524 2291 eius
1551 2264 1700 2291 orationis
1722 2263 1824 2290 subire
1848 2260 2018 2289 invidiam!

1069 2318 1144 2347 quae
1157 2307 1238 2336 haud
1260 2307 1347 2336 dubie
1370 2310 1440 2335 sunt
1460 2316 1540 2334 sana.
1563 2306 1699 2334 Fortasse
1718 2309 1816 2333 tamen
1838 2302 2016 2332 Grammati-

1069 2361 1122 2380 cus
1141 2350 1227 2389 legit:
1249 2351 1369 2378 Poteris
1382 2350 1446 2378 eius
1467 2349 1616 2377 orationis
1628 2348 1728 2376 subire
1743 2345 1911 2381 invidiae,
1935 2342 2015 2382 quod

1069 2395 1166 2434 ipsum
1183 2393 1280 2432 arguit
1293 2397 1323 2423 et
1342 2390 1471 2423 formula
1488 2391 1674 2430 praeposita,
1697 2394 1727 2420 et
1744 2387 1863 2419 Asconii
1881 2387 1916 2415 ad
1933 2386 2013 2413 hunc

1478 2435 1583 2468 Kk*
