2263 2668
510 133 576 167 DE
602 129 989 167 SIGNIFICATIONE
1016 131 1301 168 VERBORUM.
1361 132 1508 167 LIBER
1532 132 1626 168 XlII.
1965 137 2040 173 553

259 223 343 265 Ops.
387 225 539 257 Fortasse:
577 226 638 267 Ops
666 226 782 266 antiqui
809 223 960 260 dicebant,
996 236 1079 264 quem
1109 237 1186 255 nunc
1215 225 1381 266 opulentum
1406 223 1546 262 dicimus,
1582 233 1613 254 ut
1636 226 1798 257 testimonio
1820 240 1878 258 non
1899 227 1992 260 solum
2017 231 2042 261 ei

93 267 260 296 contrarius
282 269 383 308 inops,
406 268 458 298 sed
479 271 564 299 etiam
590 281 675 309 cops:
699 277 744 305 ut,
767 269 791 297 is
815 279 883 307 cops
906 265 981 303 edit,
1005 278 1056 306 ego
1079 279 1161 307 egens
1184 277 1305 298 exortus
1327 280 1399 297 sum.
1442 268 1514 296 Nam
1536 278 1568 297 re
1591 278 1662 297 vera
1684 281 1754 309 cops
1777 275 1820 300 est
1843 273 2043 310 compositum

93 309 129 338 ab
153 320 218 349 ops,
254 321 354 350 coops.
384 310 480 342 Scal.
525 313 639 351 Supple
666 312 759 341 infra:
795 311 820 339 ei
849 310 1013 339 contrarius
1043 311 1126 350 inops
1155 310 1205 340 sed
1234 312 1321 339 etiam
1352 322 1437 350 caps,
1473 318 1504 339 ut
1534 311 1560 339 is
1589 321 1659 350 cops
1681 312 1739 340 edit
1760 318 1815 342 etc.
1846 313 1928 344 Scal.
1952 320 1981 344 et
2002 316 2044 344 ita

93 352 229 382 schedae,
261 354 298 382 Et
319 364 423 383 revera
447 366 516 395 cops
539 360 581 384 est
604 357 802 394 compositum
824 352 859 381 ab
876 363 943 392 ops,
967 362 1064 391 coopS.
1101 353 1163 392 Ops
1186 355 1272 383 etiarn
1297 364 1383 392 opem
1407 354 1504 382 serens
1528 353 1648 391 quidam
1671 354 1908 394 interpretantur
1931 367 1968 385 ex
1990 358 2043 386 illo

93 395 192 424 Accii:
215 407 338 435 quorum
358 398 473 436 genitor
486 397 590 439 fertur
612 408 670 426 esse
690 408 742 436 ops
761 394 902 435 gentibus.
923 394 1011 423 Dac.
1044 395 1123 424 Alias
1145 407 1200 435 pro
1224 397 1278 425 dea
1302 397 1437 425 sumitur.
1469 396 1537 425 Vid.
1559 406 1650 434 supra
1676 395 1775 436 Opis.
1807 397 1897 439 Inops
1912 415 1954 421 —
1969 411 2044 430 con-

94 436 181 467 cedit.
225 438 329 478 Inops,
354 440 405 468 sed
429 440 517 469 etiam
541 450 630 479 copS‚
654 445 688 468 ut
711 440 736 468 is
759 449 830 477 cops
853 437 922 468 edit.
972 435 1079 466 Goth.

264 480 544 512 obsidionalis.
592 482 657 511 Vid.
682 482 755 511 Plin.
779 481 829 509 lib.
842 480 935 508 XXII.
955 490 1018 517 cap.
1034 482 1062 511 3.
1083 480 1112 511 4.
1135 482 1164 513 5.
1186 486 1215 510 et
1235 483 1264 512 6.
1289 481 1359 509 item
1381 481 1431 509 lib.
1446 480 1507 510 VII.
1527 491 1590 520 cap.
1603 483 1655 513 28.
1679 481 1798 520 Dionys.
1821 482 1871 513 lib,
1884 484 1921 512 X.
1943 489 1971 513 et
1990 484 2044 514 XI,

95 522 158 553 Val.
180 523 256 553 Max.
281 524 395 554 lib.111.
420 535 484 565 cap.
497 528 525 556 2.
550 525 625 554 Gell.
650 525 700 553 lib.
713 525 748 552 ΙΙ.
772 534 835 563 cap.
851 525 899 554 11.
924 527 952 551 et
975 522 1026 550 lib.
1041 522 1074 550 V.
1100 533 1163 562 cap.
1176 526 1206 555 6,
1229 524 1361 561 Fulgent.
1385 523 1533 554 Planciad.
1557 523 1594 553 de
1618 524 1747 562 antiquis
1777 525 1883 554 verbis.
1923 526 1979 555 Hic
2002 532 2047 556 est

95 566 127 595 1..
152 565 281 594 Sicinius
306 567 463 604 Dentatus,
496 577 583 606 quem
607 568 698 606 aliqui
723 577 759 595 ex
788 564 999 605 suprascriptis
1024 565 1053 593 L.
1077 565 1204 594 Siccium
1229 567 1397 605 appellant,
1433 565 1470 594 de
1493 565 1576 594 cuius
1598 571 1713 595 tantum
1738 566 1826 595 caede
1850 568 1950 597 Livius
1974 569 2046 597 scri-

96 608 141 636 bit
163 608 278 637 lib.111.
302 610 424 647 (c.43.).
447 609 536 640 Ant.
557 609 651 649 Aug.
693 610 769 638 Fuse
792 609 867 637 Plin.
884 608 934 638 lib.
948 607 1043 636 XXll.
1069 618 1131 646 cap.
1146 611 1175 639 3.
1201 613 1229 637 et
1251 609 1281 639 4.
1318 610 1358 637 l)e
1381 608 1470 637 herba
1494 609 1638 638 victoriae
1661 609 1744 647 signo
1765 609 1833 638 vide
1856 609 1974 639 herbam
1998 609 2046 640 ἆο.

97 651 173 688 Lege
196 651 289 680 infra:
320 662 446 681 coronae
469 651 596 681 donatae
618 653 722 692 viginti
744 663 813 688 sex,
842 651 904 679 vel:
932 658 958 679 et
981 651 1019 678 L.
1044 648 1174 679 Sicinius
1198 650 1357 687 Dentatus,
1381 655 1435 680 etc.
1460 652 1576 680 coronis
1598 650 1738 689 donatus,
1761 656 1816 680 etc.
1859 652 1947 681 Hunc
1971 653 2048 681 Den—

96 697 192 722 tatum
224 704 291 722 cum
314 694 399 723 Festo
423 693 567 724 Sicinium
596 696 750 734 appellant
774 694 836 723 Val.
861 693 937 722 Max.
960 693 1034 721 Gell.
1056 692 1228 721 Ammianus
1250 694 1450 722 Marcellinus.
1493 693 1551 722 Sed
1581 694 1709 723 Siccium
1739 698 1848 723 vocant
1877 695 2048 734 Dionysius,

96 736 172 764 Plin.
195 736 367 774 Fulgentius
392 737 434 776 (p.
447 738 518 769 559.
533 747 592 775 seq.
616 738 648 765 in
669 748 698 768 v.
714 735 900 777 Nefrendes.)
925 746 961 765 ex
978 736 1111 764 Varrone
1135 734 1242 764 Sitium
1267 747 1320 774 pro
1346 735 1467 765 Sicium.
1513 737 1588 765 Sane
1612 747 1681 774 gens
1706 737 1813 765 Romae
1834 737 1890 766 fuit
1913 742 1941 766 et
1965 737 2049 767 Sicia

99 782 129 807 et
153 777 284 816 Sicinia‚
315 779 366 807 sed
389 789 427 808 ex
450 779 560 808 Sicinia
583 779 674 808 fuisse
698 781 868 815 Dentatum,
899 789 935 808 ex
958 783 1090 807 veterum
1117 778 1305 807 monimentis
1328 778 1526 807 demonstrari
1549 789 1635 817 posse
1658 779 1796 808 arbitror.
1825 778 1915 808 Dae.
1960 779 2048 808 Her-

99 820 176 851 bam.
216 821 289 850 Vide
312 831 402 861 supra
425 821 568 851 Herbam.
595 821 742 862 Aliisque.
770 822 902 859 Aliquot.
931 820 1054 850 Romae.
1080 822 1235 849 Romanus.
1269 820 1376 850 Vicies.
1402 821 1539 851 Vicesies.
1570 820 1746 860 Singularis.
1769 821 1907 859 Singulis
1941 820 2048 852 Goth.

266 862 465 893 Obstitum.
510 864 553 893 Ab
577 865 766 903 obsistendo3
803 864 911 894 obstita
933 863 1076 893 dicuntur
1099 864 1166 892 loca
1189 864 1348 901 fulgurita,
1387 863 1423 892 de
1447 864 1529 892 coelo
1552 868 1647 900 taeta,
1678 864 1761 903 quasi
1782 864 1843 892 Diis
1867 863 2047 901 obstiterint,

98 910 130 935 ut
154 905 206 934 illo
228 906 307 945 Virg.
332 906 417 946 (Aen.
435 907 490 944 VI,
514 906 597 946 64.):

676 949 773 990 Dique
794 948 929 988 Deaeque
951 959 1049 977 omnes
1070 947 1175 989 quibus
1198 947 1310 977 obstitit
1332 946 1431 977 Ilium.

98 998 170 1028 Inde
194 998 317 1028 obstitus
339 999 429 1028 homo
457 1001 541 1038 quasi
566 1000 602 1029 de
624 1001 707 1029 coelo
731 1004 845 1037 tactus,
875 999 1064 1038 lymphatus,
1096 999 1230 1028 cerritus.
1255 999 1341 1028 Dac.
1387 998 1550 1035 Obstitum,
1577 997 1727 1030 violatum.
1762 999 1927 1028 Obscitum.
1964 999 2051 1029 Adde

97 1041 175 1071 infra
199 1041 277 1071 Pura
300 1043 476 1071 vestimenta.
517 1042 662 1072 Obstitum
688 1042 829 1073 Cloatius.
866 1042 1020 1071 Obscitum
1045 1042 1138 1072 Cloat.
1175 1042 1398 1082 Attactumque.
1438 1041 1512 1071 Vide
1534 1040 1729 1081 Fulguritum.
1768 1041 1836 1080 Qui.
1872 1042 1945 1071 Cum
1968 1042 2051 1081 quid.

102 1083 136 1113 V
133 1083 215 1113 icleri.
248 1084 366 1114 Videre.
415 1083 521 1115 Goth.

268 1125 457 1156 Obstinat.
506 1126 670 1157 Obstinato.
709 1127 805 1156 Verba
830 1127 948 1156 Catonis
971 1138 1032 1156 non
1055 1127 1245 1156 mediocriter
1268 1126 1429 1165 depravata
1452 1131 1536 1163 sunt,
1562 1136 1638 1165 quae
1662 1126 1702 1154 ita
1727 1126 1899 1155 emendato:
1931 1124 2053 1155 Rumo-

99 1180 174 1205 rem,
188 1167 312 1210 famam
325 1170 424 1210 flocci
437 1168 540 1211 facit,
562 1170 753 1200 intercutibus
775 1171 883 1210 stupris
907 1170 1087 1207 obstinatus,
1110 1168 1272 1209 insignibus
1292 1168 1409 1208 probris
1421 1170 1591 1208 flagitatus.
1623 1169 1664 1197 De
1681 1179 1740 1207 quo
1757 1169 1836 1198 alibi.
1857 1167 1958 1198 Scal.
1994 1167 2054 1197 Ob-

98 1211 205 1247 διίησι,
237 1223 253 1240 a
276 1213 497 1251 praepositione
520 1212 556 1242 ob
581 1218 609 1241 et
630 1214 723 1250 stine,
755 1213 836 1251 quod
860 1223 875 1240 a
898 1220 962 1249 sto.
994 1219 1027 1242 ut
1050 1224 1064 1241 a
1089 1223 1178 1252 nego,
1211 1212 1323 1251 negino.
1370 1210 1508 1240 Obstinat
1531 1212 1638 1249 igitur,
1668 1211 1784 1240 sortiter
1808 1215 1873 1240 stat.
1912 1210 2055 1246 Quamvis

99 1254 178 1283 infra
194 1254 297 1283 Festus
321 1254 442 1284 deducit
465 1255 500 1283 ab
524 1254 576 1285 obs
599 1260 628 1284 et
650 1263 739 1285 teneo.
773 1255 869 1284 Verba
888 1255 1008 1284 Catonis
1030 1256 1123 1291 infra,
1148 1265 1206 1283 non
1228 1254 1420 1283 mediocriter
1443 1254 1603 1293 depravata
1626 1254 1793 1283 emendavit
1809 1253 1949 1291 Scaliger.
1979 1252 2056 1283 Vide

99 1297 291 1326 intercutitus.
311 1296 366 1326 Da
376 1308 400 1326 c.
432 1296 638 1326 Perseveranti.
672 1298 728 1326 Pro
750 1297 970 1329 iusiurandum.
1002 1298 1047 1327 De
1070 1297 1165 1327 decem
1189 1296 1265 1326 bom.
1299 1297 1384 1325 Adde
1401 1296 1478 1324 infra
1493 1295 1693 1325 Sacramenta.
1725 1295 1835 1336 Captus
1850 1296 1964 1336 stupris.
1996 1296 2055 1324 Cu-

99 1340 180 1368 titus.
211 1339 268 1369 Alii
292 1339 475 1368 interculitus
497 1340 614 1380 stupris.
637 1339 783 1380 Flagitiis.
805 1340 980 1379 Flagitatus.
1008 1339 1116 1370 Goth.
1151 1341 1192 1369 De
1215 1350 1242 1369 v.
1270 1338 1426 1369 Obstinare
1449 1339 1486 1367 cf.
1506 1339 1676 1369 Doederlin.
1700 1340 1770 1378 Syn.
1793 1340 1855 1368 Lat.
1872 1339 1902 1376 1,
1924 1347 1991 1377 pag.
2003 1340 2055 1371 36.

268 1388 516 1419 Obstrudant.
561 1392 636 1429 Lege
660 1391 691 1420 in
713 1391 841 1420 Titinio:

540 1440 688 1471 Obstrucle
710 1440 794 1471 lentis
817 1440 949 1482 aliquid,
979 1439 1080 1482 quoad
1100 1448 1216 1481 pectam
1239 1439 1348 1478 sedens,

535 1485 602 1513 Aut
624 1484 672 1513 hic
696 1483 847 1521 laetaster,
880 1492 931 1513 aut
942 1483 1111 1524 formaster
1123 1483 1272 1524 frigidus·

101 1532 273 1569 Laetamur,
297 1531 770 1574 zaptsvugtiusvoffiformaster,
795 1532 1006 1575 ὦραϊζόμενος.
1039 1533 1128 1562 Lenti
1150 1535 1315 1562 masculino
1337 1530 1497 1573 ἀρχαϊκῶς.
1528 1534 1670 1563 Titinius:
1692 1533 1781 1562 Lenti
1804 1531 1920 1569 calido,
1945 1530 2057 1569 duella,

103 1574 380 1658 Izltpu3la‚(g3n)iices.
405 1575 508 1607 Scal.
555 1575 755 1614 obstructam,
778 1576 971 1613 obsatulient‚
995 1575 1190 1613 obsatullent,
1214 1575 1383 1606 obtrudant.
1423 1577 1538 1606 Inserto
1560 1589 1574 1605 s
1597 1575 1780 1606 obstrudant.
1819 1576 1916 1605 Plaut.
1938 1575 2057 1605 Curcul.

139 1639 147 1654 7
198 1641 205 1654 5
287 1642 292 1648 “
317 1640 324 1646 “

537 1660 640 1701 Atque
662 1659 778 1701 aliquid
798 1662 880 1701 prius
902 1659 1111 1695 obtrudamus,
1132 1671 1269 1699 pernam,
1294 1672 1408 1699 sumen,
1428 1659 1594 1701 glandium.

108 1707 191 1738 Unde
214 1707 475 1739 obstrudulentum.
513 1711 615 1740 Titinii
639 1712 730 1741 verba
755 1712 797 1740 sic
819 1712 934 1750 legebat
956 1712 1102 1749 Scaliger:
1133 1710 1280 1740 Obstrude
1302 1710 1386 1741 lentis
1408 1716 1463 1741 etc.
1505 1709 1727 1741 Obstrudulenti
1748 1714 1844 1739 tamen
1866 1709 1899 1738 in
1922 1709 2059 1739 omnibus

104 1751 191 1780 codd.
215 1757 243 1780 et
264 1752 304 1780 ita
329 1753 448 1781 omnino
470 1753 643 1792 legendum:

542 1795 765 1826 Obstrudulenti
787 1795 905 1837 aliquid
925 1794 1006 1837 quoti
1028 1794 1184 1835 adpectam
1207 1794 1316 1827 sedens.

105 1835 271 1876 Adpectere
292 1836 372 1865 djxit
394 1837 538 1875 Titinius,
570 1840 651 1877 quod
675 1840 796 1868 Plautus
819 1846 967 1878 oppectere
989 1838 1080 1878 (Pers.
1096 1839 1124 1873 Ι,
1147 1840 1182 1874 3,
1205 1838 1284 1878 31.):

539 1881 619 1910 Nam
644 1883 734 1911 nimio
757 1881 859 1911 melius
883 1889 1073 1920 oppectuntur
1085 1880 1220 1923 frigida.

107 1919 331 1959 Obstrundan13
354 1931 464 1960 repone
487 1922 677 1960 obsnudant,
702 1930 735 1953 ut
757 1935 866 1964 supra,
891 1924 946 1953 etsi
969 1924 1054 1952 aliter
1076 1924 1172 1952 visum
1194 1922 1345 1951 Lambino.
1368 1922 1457 1952 Dae.
1493 1923 1533 1951 De
1557 1922 1660 1951 addito
1683 1933 1697 1950 s
1719 1918 1989 1961 praepositionibus
2008 1917 2056 1956 ab,

104 1962 160 2001 ob,
183 1975 252 2003 sup,
278 1964 315 1993 cf.
337 1962 384 1994 Fr.
407 1963 502 2005 Bopp.
524 1966 555 1994 in
578 1968 807 2005 Zergliederung
831 1972 884 1995 cet.
908 1967 938 1994 in
964 1965 1109 1994 Abhandl.
1133 1966 1186 1994 der
1208 1965 1351 2005 philolog.
1377 1966 1477 1994 Classe
1500 1966 1553 1994 der
1576 1965 1709 1994 Berliner
1732 1964 1822 1992 Acad.
1848 1964 1938 1994 1826.
1963 1963 2057 2000 p.82.

273 2004 479 2044 Obstitum,
517 2007 720 2050 obliquum.
776 2010 884 2038 Paulus
911 2009 1025 2037 Merula
1054 2009 1084 2037 in
1113 2009 1191 2037 notis
1219 2008 1281 2036 suis
1309 2008 1347 2036 ad
1377 2009 1504 2036 Ennium
1532 2008 1690 2046 legendum
1721 2005 1874 2035 contendit
1902 2003 2057 2043 obstipum.

104 2047 242 2076 Frustra:
279 2059 346 2077 nam
370 2048 451 2078 aliud
473 2048 627 2088 obstitum,
660 2051 741 2080 aliud
764 2051 919 2091 obstipum.
965 2051 1114 2079 Obstitum
1139 2051 1291 2089 obliquum
1315 2051 1351 2079 ab
1375 2050 1563 2088 obsistendo,
1592 2051 1673 2079 unde
1696 2048 1820 2078 obstitus
1841 2047 1930 2076 lunae
1953 2056 2057 2075 cursus

105 2091 227 2120 dicitur·
272 2091 430 2129 Obslipum
455 2102 525 2121 vero
550 2093 697 2133 σκληρόν,
725 2095 850 2132 durum,
879 2094 1035 2122 immotum
1059 2099 1087 2122 et
1109 2094 1252 2131 rigidum,
1288 2104 1304 2122 a
1331 2094 1446 2122 Graeco
1469 2090 1592 2131 στυφός.
1637 2091 1764 2130 Hesych.
1788 2087 1923 2129 στυφόν,
1952 2089 2057 2128 στρέμ-

104 2145 192 2170 μιον,
223 2132 318 2172 βαρύ,
339 2134 482 2173 firmum‚
506 2135 564 2164 sive
587 2135 707 2174 durum,
728 2148 825 2176 grave.
868 2136 942 2165 Inde
966 2133 1112 2174 στυφελός
1135 2141 1163 2165 et
1186 2136 1311 2165 latinum
1333 2137 1441 2175 sdpus,
1471 2136 1586 2174 obstipa
1608 2135 1728 2171 cervix,
1750 2132 1862 2170 rigida,
1884 2137 1914 2161 et
1936 2132 2055 2170 obstipo

105 2176 203 2215 capite
225 2174 425 2215 σκληραύχην,
469 2177 549 2206 Infra
572 2179 682 2208 citatur
705 2179 792 2208 Ennii
816 2179 891 2208 liber
913 2184 1052 2216 octavus,
1076 2179 1127 2218 qui
1151 2184 1247 2208 tamen
1271 2183 1314 2207 est
1336 2179 1486 2217 septimus.
1529 2179 1641 2217 Nempe
1663 2187 1719 2217 pro
1743 2176 1804 2206 Vll.
1826 2175 1957 2215 positum
1981 2174 2054 2203 Vtss.

104 2218 172 2258 Ipsa
194 2218 286 2247 verba
309 2219 398 2248 Ennii
420 2219 461 2248 sic
484 2220 622 2258 legenda:

725 2261 867 2302 Amplius
888 2274 1033 2303 est-angere
1055 2261 1161 2293 obstito
1184 2261 1292 2292 lumine
1313 2261 1393 2292 solis.
1969 2298 1975 2305 .

103 2303 147 2331 De
162 2302 265 2331 Attilio
288 2304 419 2342 Regulo,
443 2314 529 2343 quem
547 2305 639 2335 Poeni
661 2306 782 2335 resectis
804 2306 954 2345 palpebris
976 2306 1016 2335 ita
1039 2306 1093 2334 soli
1117 2307 1286 2344 expositum
1309 2306 1461 2341 locavere,
1485 2309 1519 2333 ut
1539 2304 1638 2332 lumen
1661 2303 1733 2332 solis
1755 2302 1878 2332 haberet
1899 2299 2050 2345 obstitum,

103 2345 136 2375 id
158 2350 204 2374 est
232 2345 402 2384 obliquum,
438 2358 498 2386 quo
526 2349 612 2377 valde
642 2349 765 2377 suerunt
794 2350 856 2378 eius
883 2349 963 2377 oculi
993 2348 1110 2377 exancti
1139 2354 1168 2377 et
1197 2349 1374 2378 discruciati.
1422 2347 1452 2376 C.
1472 2346 1609 2376 Licinius
1631 2345 1761 2376 Imbreoe.
1804 2345 1874 2374 Eius
1898 2341 1984 2370 verba
2007 2349 2050 2368 ⁸¹⁰

104 2388 282 2418 emendabat
303 2389 379 2418 idem
402 2389 532 2420 Merula:
568 2390 720 2431 Resupina
744 2389 881 2421 obstitum
904 2398 1010 2432 caput,
1046 2390 1113 2421 culo
1133 2392 1160 2421 si
1181 2392 1224 2421 vis
1245 2398 1358 2420 ventum
1381 2389 1484 2434 facere
1502 2387 1650 2430 genicula.
1696 2389 1769 2418 Alii:
1803 2384 1968 2423 Resupinae
1988 2381 2048 2412 ob-

146 2439 314 2468 GRAMMAT.
335 2449 403 2469 LAT.
426 2440 460 2470 ll.
1516 2442 1545 2476 Α
1561 2453 1581 2475 a
1595 2453 1614 2474 a
1627 2453 1647 2475 a
