2263 2668
540 89 591 122 M.
635 88 831 123 VERRH
878 86 1083 121 FLACCI
1126 83 1495 120 FRAGMENTA.
1842 87 1916 122 295

491 204 1549 243 M.VERR11FLAccl

599 275 659 306 DE
696 273 980 307 VERBORUM
1017 271 1451 304 SIGNIFICATIONE.

883 353 905 381 L
926 352 940 381 Ι
961 351 995 382 B.
1064 351 1086 379 I.

881 396 904 424 L
927 395 940 424 Ι
961 395 995 425 Β.
1048 394 1089 424 ll.

882 439 904 466 L
927 438 940 467 I
963 438 994 468 B.
1032 437 1095 465 ΙΙΙ.

885 481 943 509 LI
967 481 998 508 B.
1026 479 1112 508 1111.

303 541 427 570 Verrius
449 540 507 570 hoc
529 541 604 570 libro
628 541 705 578 dies,
742 542 791 579 qui
815 546 883 570 sunt
905 540 1051 580 postridie
1074 538 1239 575 Kalendas,
1272 537 1389 574 Nonas,
1428 537 1512 575 Idus,
1551 547 1626 576 quos
1649 539 1757 576 vulgus
1778 537 1916 576 imperite
1928 538 2090 563 ExGell-lib.

137 585 268 614 nefastos
299 585 384 613 dicit:
423 589 549 623 propter
576 583 653 612 hanc
677 595 795 613 causam
818 585 929 621 dictos,
964 583 1141 621 habitosque
1163 587 1243 610 atros
1266 591 1328 609 esse
1350 579 1461 608 scribit.
1506 581 1600 617 Urbe,
1634 581 1749 619 inquit,
1783 591 1799 608 a
1824 580 1916 608 Gallis
1926 573 1951 599 5·
1970 581 2026 605 cap.
2050 574 2089 598 17-

137 627 302 656 Senonibus
329 632 504 666 recuperata
534 627 563 654 L.
586 628 693 655 Atilius
721 627 751 655 in
780 632 883 656 senatu
914 626 1004 655 verba
1029 625 1115 661 fecit,
1155 624 1191 660 Q.
1216 624 1375 662 Sulpitium
1404 623 1454 651 Ta.
1478 623 1546 651 MJL.
1575 624 1612 652 ad
1637 624 1741 652 Alliam
1771 622 1917 652 adversus

138 670 239 699 Gallos
261 675 477 708 pugnaturum,
505 680 569 698 rem
592 670 723 698 divinam
747 669 905 699 dimicandi
928 669 1021 707 gratia
1043 667 1189 708 postridie
1210 667 1282 696 Idus
1308 666 1428 695 secisse:
1462 670 1524 694 tum
1549 668 1709 695 exercitum
1731 665 1839 706 populi
1855 666 1916 694 Ro-

136 715 216 741 mani
247 713 401 741 occidione
432 712 580 748 occisum,
623 718 652 742 et
683 718 751 752 post
782 713 859 742 diem
887 712 1005 741 tertium
1036 712 1098 741 eius
1128 710 1187 739 diei
1217 710 1318 739 urbem
1349 714 1467 748 praeter
1490 709 1669 748 Capitolium
1698 714 1814 750 captam
1843 718 1916 739 esse.

137 756 372 794 Complures-que
397 755 445 784 alii
469 760 619 784 senatores
641 756 793 785 recordari
816 766 877 784 sese
902 755 1058 791 dixerunt,
1095 754 1232 792 quotiens
1254 752 1325 781 belli
1352 751 1469 789 gerendi
1493 753 1585 790 gratia
1607 763 1653 781 res
1677 752 1776 780 divina
1800 751 1917 790 postri-

137 798 186 828 die
207 797 372 835 Kalendas,
413 799 529 836 Nonas,
565 798 636 827 Idus
661 810 677 827 a
699 799 874 837 magistratu
898 798 1003 838 populi
1027 797 1150 826 Romani
1180 796 1258 825 facta
1288 800 1376 824 esset:
1417 795 1480 824 eius
1508 795 1578 823 belli
1606 795 1744 834 proximo
1773 794 1916 832 deinceps

136 841 250 880 praelio
283 841 499 880 rempublicam
537 842 613 870 male
641 847 749 880 gestam
784 852 854 872 esse.
913 842 988 870 Turn
1024 845 1142 869 senatus
1178 850 1244 868 eam
1279 849 1342 868 rem
1377 837 1414 866 ad
1445 838 1600 866 Pontifices
1630 838 1748 873 reiecit,
1788 842 1821 865 ut
1849 837 1916 875 ipsi,

138 884 218 922 quod
241 884 409 921 videretur,
442 889 615 913 statuerent.
659 885 818 913 Pontifices
841 885 1039 913 decreverunt
1061 883 1175 912 nullum
1198 882 1234 910 iis
1258 881 1362 910 diebus
1385 880 1563 910 sacrificium
1585 885 1666 909 recte
1687 881 1832 909 futurum.

303 926 462 955 Historiam
487 927 522 955 ab
545 927 699 956 annalibus
724 927 842 966 quidam
867 928 986 956 differre
1010 937 1043 955 eo
1066 931 1186 965 putant3
1229 925 1326 964 quod,
1364 934 1433 952 cum
1456 928 1615 962 utrumque
1637 923 1673 951 sit
1696 932 1794 951 rerum
1818 919 2090 960 gesta—&GellJib

137 978 203 998 rum
232 970 377 1006 narratio,
419 980 519 998 earum
548 975 645 998 tamen
674 971 797 1009 proprie
827 981 925 999 rerum
951 970 990 998 sit
1011 969 1151 1003 historia,
1193 968 1301 1006 quibus
1323 967 1412 996 rebus
1437 966 1574 1004 gerendis
1596 965 1762 995 interfuerit
1785 965 1826 1001 is,
1865 964 1916 1002 qui
1927 954 1952 979 5·
1974 962 2032 986 cap·
2055 954 2087 979 18

137 1016 251 1042 narret.
281 1021 407 1050 eamque
436 1023 499 1041 esse
522 1013 689 1051 opinionem
717 1013 902 1052 quorundam
924 1012 1046 1041 Verlius
1070 1012 1170 1041 refert.
1220 1012 1263 1040 Ac
1286 1021 1316 1039 se
1341 1010 1459 1049 quidem
1485 1009 1621 1039 dubitare
1645 1018 1733 1047 super
1756 1018 1788 1036 ea
1813 1017 1845 1035 re
1869 1007 1916 1035 di-

138 1054 187 1082 cit.
232 1054 320 1082 Posse
349 1061 445 1084 autem
468 1056 564 1083 videri
587 1060 675 1094 putat
701 1055 837 1084 nonnihil
861 1066 922 1085 esse
945 1056 1068 1084 rationis
1090 1055 1119 1083 in
1143 1065 1175 1083 ea
1199 1054 1359 1094 opinione,
1390 1052 1471 1091 quod
1492 1051 1617 1080 historia
1641 1052 1750 1080 Graece
1772 1049 1917 1088 significat

138 1106 239 1126 rerum
262 1098 460 1135 cognitionem
482 1099 692 1137 praesentium.
736 1099 794 1127 Sed
818 1110 871 1128 nos
894 1098 996 1127 audire
1018 1098 1097 1126 soliti
1119 1107 1233 1134 sumuS,
1266 1097 1384 1125 annales
1407 1095 1526 1124 omnino
1550 1094 1579 1123 id
1605 1104 1685 1130 esse,
1717 1093 1798 1131 quod
1819 1092 1916 1121 histo-

137 1140 198 1169 riae
219 1140 293 1168 sint:
326 1139 466 1169 historias
487 1151 547 1170 non
570 1142 689 1170 omuino
713 1152 774 1170 esse
798 1142 846 1179 id,
875 1142 955 1181 quod
980 1141 1099 1170 annales
1122 1141 1190 1169 sint.

927 1220 1042 1248 LIB.
1089 1219 1122 1248 V.

303 1277 389 1305 Salva
413 1288 457 1304 res·
481 1284 536 1314 est,
572 1275 640 1305 dum
664 1276 756 1306 saltat
777 1289 881 1315 senex,
914 1289 1004 1317 quare
1028 1278 1150 1318 parasiti
1171 1275 1316 1316 Apollinis
1337 1276 1370 1304 in
1393 1285 1497 1304 scaena
1522 1275 1673 1310 dictitent,
1710 1282 1826 1301 causam
1844 1271 1915 1300 Ver·
1937 1276 1976 1301 Ex
1996 1276 2081 1307 Festo,

137 1320 200 1348 rius
223 1319 252 1347 in
275 1319 351 1348 libro
374 1319 495 1358 quinto,
527 1329 653 1358 quorum
677 1321 773 1360 prima
797 1326 839 1350 est
861 1322 881 1348 P
897 1322 999 1359 litera,
1028 1321 1168 1351 reddidit.
1214 1319 1302 1356 Quod
1327 1319 1357 1347 C⁴
1373 1319 1521 1358 Sulpicio,
1547 1319 1577 1348 C.
1598 1317 1704 1345 Fulvio
1728 1314 1914 1350 Consulibus,
1929 1311 2002 1336 verim
2029 1312 2088 1336 Sal·

138 1367 194 1391 etc.
241 1363 277 1391 At
299 1362 329 1390 in
352 1361 410 1390 hoc
431 1362 509 1391 libro
531 1363 622 1391 refert
645 1363 739 1392 Sinnii
755 1364 908 1404 Capitonis
931 1365 1039 1400 verba,
1063 1370 1116 1394 etc,
1161 1363 1258 1399 Quam
1280 1361 1510 1391 inconstantiam
1533 1360 1629 1389 Verrii
1651 1360 1747 1388 nostri
1771 1368 1829 1386 non
1853 1357 1915 1386 sine
1937 1354 2019 1374 '²⁰'ae
2031 1350 2078 1372 ⁶⁸⁸·

135 1406 244 1436 rubore
264 1405 362 1436 retuli.

920 1451 941 1478 1·.
964 1450 977 1478 1
1000 1450 1031 1479 B.
1075 1451 1134 1483 Vl.

623 1684 1057 1718 lNCERTl
1123 1684 1421 1718 LIBRI.

300 1774 508 1803 Bellitudinem
531 1776 610 1804 sicut
632 1778 866 1814 magnitudinem
888 1778 1012 1807 Verrius
1036 1779 1122 1817 (alias
1146 1776 1256 1817 Varus)
1280 1777 1368 1806 dixit.
1938 1775 1980 1800 ΕΞ
1993 1775 2067 1801 F⁸⁸²⁰

299 1817 458 1855 Impetum,
481 1818 677 1853 industrium,
710 1820 912 1859 indulgentem
943 1821 1066 1860 perinde
1096 1821 1260 1861 composita
1285 1821 1327 1849 ait
1349 1818 1488 1855 Verrius,
1519 1821 1608 1855 atque
1630 1815 1777 1854 impuniS,
1802 1817 1831 1842 et
1853 1811 1960 1841 inl-vel
1987 1810 2074 1836 Paulo.

133 1860 249 1896 munis,
280 1859 351 1887 milii
380 1870 437 1888 non
461 1862 530 1889 satis
553 1862 722 1900 persuadet.
1936 1846 1975 1870 Εἰ
1991 1845 2045 1870 emi·

299 1902 469 1941 Mamphula
492 1905 659 1943 appellatur
687 1906 772 1944 panis
807 1907 920 1945 Syriaci
943 1917 1050 1944 genus,
1089 1907 1188 1944 quod,
1226 1910 1257 1933 ut
1281 1905 1322 1933 ait
1348 1903 1483 1939 Verrius,
1510 1902 1540 1930 in
1562 1901 1681 1930 clibano
1704 1905 1788 1937 ante,
1820 1909 1907 1939 quam
1936 1904 1976 1929 Ex
1991 1905 2044 1929 eod.

133 1949 352 1984 percoquatur,
381 1944 493 1974 decidit
515 1948 544 1975 in
568 1947 727 1984 carbones,
757 1950 961 1987 cineremque,
987 1954 1042 1977 etc.

298 1987 392 2015 Mater
415 1987 542 2025 Matuta,
565 2001 680 2027 manes,
705 2002 805 2027 mane,
836 1993 1075 2027 matrimonium,
1109 1989 1350 2026 materfamiliae,
1379 1993 1553 2023 matertera,
1584 1987 1737 2020 matrices,
1768 1983 1905 2013 materiae
1933 1985 1973 2009 Er
1988 1986 2043 2009 eod.

133 2029 228 2058 dictae
251 2030 407 2065 videntur,
430 2037 462 2060 ut
487 2033 527 2061 ait
550 2032 685 2069 Verrius,
710 2034 777 2072 quia
801 2034 859 2063 sint
882 2035 977 2070 bona,
1006 2039 1063 2062 etc.

297 2072 450 2100 Matronae
479 2085 493 2102 a
523 2076 742 2113 magistratibus
771 2087 829 2105 non
862 2077 1141 2110 summovebantur,
1175 2080 1229 2105 etc,
1265 2084 1352 2113 quam
1385 2074 1422 2103 ob
1451 2083 1568 2102 causam
1593 2072 1635 2100 ait
1666 2070 1785 2100 Verrius
1815 2080 1905 2109 neque
1924 2072 1963 2097 Ex
1976 2072 2058 2103 Festo,

131 2125 229 2143 earum
252 2115 329 2143 viros
350 2115 484 2145 sedentes
510 2127 576 2146 curn
600 2118 744 2147 uxoribus
766 2119 796 2147 in
819 2119 975 2155 vehiculo,
1006 2117 1186 2147 descendere
1212 2124 1339 2147 coactos.
1922 2110 1947 2132 et
1967 2106 2056 2132 P“¹¹¹⁰'

295 2157 464 2187 Mendicum
492 2159 550 2188 dici
573 2160 694 2189 Verrius
725 2166 808 2198 putat
830 2172 845 2189 a
876 2167 973 2190 mente
1003 2162 1080 2197 eius,
1120 2170 1206 2199 quem
1242 2159 1382 2189 fefellerit
1412 2159 1548 2191 fortuna,
1580 2156 1625 2185 vel
1657 2156 1738 2195 quod
1761 2160 1902 2194 precetur
1929 2158 1970 2183 Ex
1985 2158 2040 2183 nod.

132 2209 296 2237 quemque,
326 2205 357 2228 ut
379 2200 457 2229 vitae
479 2212 550 2230 suae
571 2203 725 2232 medeatur
748 2203 823 2233 cibo.

293 2242 497 2281 Metaphorarn
521 2255 608 2283 quam
637 2246 741 2275 Graeci
767 2252 892 2283 vocant,
928 2257 981 2275 nos
1005 2245 1207 2282 tralationem,
1243 2245 1274 2273 id
1297 2250 1340 2274 est
1362 2244 1451 2273 domo
1475 2246 1639 2272 mutuatum
1662 2241 1810 2276 verbum,
1840 2249 1900 2278 quo
1928 2244 1968 2269 Ex
1982 2243 2036 2268 cod.

130 2284 257 2318 utimur,
288 2285 386 2323 inquit
410 2285 548 2323 Verrius,
573 2293 628 2319 etc.

147 2368 152 2373 .
292 2327 426 2357 Naucum
450 2329 491 2358 ait
512 2330 617 2359 Ateius
641 2330 813 2369 Philologus
837 2332 907 2370 poni
932 2342 987 2370 pro
1016 2331 1119 2369 nugis,
1151 2335 1207 2359 etc.
1254 2329 1382 2366 Quidam
1404 2330 1488 2358 nucis
1511 2327 1675 2367 iuglandis,
1714 2336 1801 2365 quam
1826 2325 1899 2353 Ver·
1926 2325 2031 2352 Exeat!-

128 2378 190 2397 rius
211 2369 378 2407 iuglandem
402 2377 507 2408 vocat,
531 2373 675 2409 medium,
699 2375 781 2403 velut
806 2374 1061 2413 dissepimentum,
1085 2378 1140 2404 etc.
