2263 2668
213 173 287 208 288
699 159 1028 201 PRAEFATIO
1071 159 1305 197 IOSEPHI
1355 161 1679 198 SCALIGERI.

215 277 342 301 errores
370 275 479 305 meos,
522 261 616 294 nimis
650 260 787 292 fortasse
821 257 963 297 multos,
1007 256 1170 297 incurres,
1216 256 1270 291 fac
1304 257 1492 290 memineris
1520 268 1574 290 me
1600 268 1639 289 ea
1667 259 1774 289 aetate
1799 256 1885 294 haec
1912 262 2077 307 scripsisse
2103 275 2167 309 qua

216 320 315 352 etiam
340 316 437 349 errari
460 325 534 346 011111
560 311 770 345 excusatione
796 309 906 352 aliqua
929 312 1050 352 potest.
1092 307 1129 340 ln
1153 309 1285 352 reliquis
1307 309 1331 340 si
1355 309 1515 341 nonnulla
1539 312 1612 341 sunt
1634 318 1721 351 quae
1743 308 1816 341 tolli
1839 319 2041 358 mereantur,
2070 327 2171 359 quae-

216 381 281 414 que
309 373 341 401 te
367 367 420 399 vel
447 364 586 397 utilitate
614 363 667 395 vel
695 361 894 395 amoenitate
921 370 979 392 sua
1006 358 1176 392 delectare
1201 360 1343 404 possint,
1389 361 1434 393 nil
1469 360 1638 404 deprecor
1670 359 1749 403 quin
1774 361 1833 394 tibi
1859 363 2014 398 continuo
2041 367 2073 400 in
2100 369 2171 401 ani-

217 432 307 455 mum
341 421 522 451 succurrat:
564 415 682 458 Neque
714 414 746 447 in
775 414 863 446 bona
892 415 1007 456 segete
1036 411 1164 444 nullum
1195 424 1262 445 esse
1286 411 1414 456 spicum
1439 423 1600 456 nequam,
1647 422 1755 456 neque
1778 412 1810 446 in
1837 415 1923 447 mala
1946 427 2012 450 non
2031 419 2168 463 aliquod

215 474 350 505 bonum.
404 467 497 501 Vale.

416 760 418 762 .
706 723 1349 769 cLAnlsslMo
1441 725 1680 769 vruo

324 816 2055 876 IOANNIMONLUGIO

560 922 843 959 EPlSCOPO
881 922 1140 965 COMlTlQ.
1177 922 1364 957 DlENSl
1398 922 1469 956 AC
1503 923 1835 959 VALENTINO

458 1005 1155 1064 loslzPIIUS
1237 1004 1932 1064 S(3A121G13R

878 1112 997 1147 IUL.
1065 1111 1410 1146 CAESARIS
1477 1111 1516 1145 F.

1178 1197 1214 1232 S.

217 1286 350 1340 Nemo
385 1308 450 1342 est,
491 1303 607 1336 saltem
643 1303 700 1346 qui
734 1314 804 1336 sese
838 1301 1007 1336 hominem
1045 1302 1248 1343 meminerit,
1291 1312 1391 1345 quem
1425 1312 1492 1334 non
1529 1302 1639 1345 aliqua
1672 1302 1822 1336 discendi
1859 1302 2024 1348 cupiditas
2052 1306 2171 1338 teneat.

223 1358 416 1390 loanwns
443 1354 674 1395 Monocr,
701 1355 750 1387 vir
777 1354 964 1388 clarissime.
1018 1354 1122 1388 Pauci
1148 1353 1282 1398 quidem
1312 1358 1403 1393 sunt,
1442 1353 1568 1391 fateor,
1594 1353 1650 1397 qui
1677 1354 1804 1397 aliquid
1830 1354 1916 1387 bene
1941 1354 2065 1388 sciunt:
2097 1364 2170 1386 om-

220 1420 278 1442 nes
305 1412 417 1441 tamen
443 1406 512 1440 hoc
535 1417 637 1439 unum
666 1405 845 1447 affectant,
872 1411 908 1438 ut
935 1405 1062 1449 aliquid
1088 1406 1171 1439 scire
1194 1405 1383 1438 videantur:
1421 1415 1496 1438 cum
1524 1405 1556 1437 in
1584 1405 1708 1449 dispari
1736 1405 1898 1439 felicitatis
1924 1409 2059 1445 eventu,
2097 1405 2171 1449 pari

219 1459 369 1494 discendi
396 1458 505 1491 studio
530 1458 703 1490 ducantur.
755 1457 796 1490 ld
823 1468 899 1491 cum
927 1458 959 1489 in
986 1457 1155 1498 omnibus,
1183 1467 1414 1500 quaecumque
1440 1462 1559 1501 agunt,
1596 1462 1652 1489 aut
1678 1457 1858 1489 moliuntur
1883 1456 2052 1496 homines,
2083 1467 2171 1489 sem-

216 1523 279 1557 per
309 1510 470 1556 patuerit,
517 1510 550 1542 in
577 1509 670 1542 nullo
698 1514 809 1542 tamen
837 1510 904 1542 eius
931 1509 979 1541 rei
1005 1509 1164 1542 illustrius
1199 1508 1415 1552 exemplum,
1468 1519 1569 1551 quam
1596 1508 1630 1540 in
1661 1508 1831 1541 literarum
1858 1508 1971 1541 studiis
2004 1508 2171 1542 elucescit.

227 1564 382 1598 Caetera
424 1562 531 1601 enim,
578 1571 817 1606 quaecumque
857 1561 993 1593 animos
1026 1564 1161 1593 nostros
1198 1559 1406 1604 cognitionis
1439 1559 1616 1592 desiderio
1642 1563 1813 1605 tangunt,
1846 1560 1961 1593 nescio
2000 1559 2172 1604 quomodo

214 1614 347 1660 finibus
372 1613 444 1647 suis
471 1616 650 1652 contenta,
685 1615 718 1645 et
746 1612 847 1657 quasi
869 1611 1028 1656 pomerio
1049 1610 1164 1657 finita
1191 1621 1264 1644 esse
1290 1611 1461 1643 videntur.
1524 1610 1612 1644 Sola
1638 1611 1822 1644 literarum
1848 1611 2010 1656 voluptas
2034 1609 2173 1657 infinita

221 1671 288 1707 cst,
317 1666 420 1710 copia
447 1664 674 1704 inexhausta,
713 1663 789 1696 sitis
815 1662 1063 1698 immoderata.
1117 1662 1220 1695 Mitto
1248 1666 1359 1695 vetera
1385 1661 1442 1694 illa
1467 1662 1618 1707 ingenia,
1656 1673 1742 1706 quae
1769 1662 1796 1696 si
1823 1673 2032 1703 enumerem,
2063 1662 2172 1695 nullus

220 1718 373 1761 profecto
402 1716 536 1751 dicendi
562 1716 636 1748 finis
663 1715 791 1748 futurus
819 1720 884 1753 est;
911 1714 955 1747 ad
981 1713 1072 1748 hanc
1101 1718 1244 1747 aetatem
1277 1719 1422 1746 nostram
1438 1737 1448 1753 ,
1495 1718 1529 1746 et
1562 1713 1797 1747 fertilissimum
1834 1714 1982 1747 omnium
2008 1713 2173 1746 bonarum

221 1770 339 1801 artium
366 1769 535 1801 saeculum
561 1773 594 1800 te
621 1777 716 1800 voce.
789 1765 974 1800 Considera
1000 1777 1123 1809 quaeso
1151 1771 1227 1799 ante
1259 1764 1324 1798 hos
1355 1770 1488 1799 centum
1514 1765 1590 1809 plus
1625 1765 1731 1798 minus
1763 1776 1865 1798 annos
1892 1777 1913 1798 a
1944 1765 2088 1799 Gotticis
2114 1776 2173 1798 us-

224 1831 287 1863 que
312 1820 536 1864 temporibus,
572 1819 605 1851 in
636 1822 727 1851 tanta
759 1818 908 1851 vastitate
935 1818 1124 1858 literarum,
1167 1823 1200 1850 et
1231 1817 1336 1850 omnis
1371 1816 1584 1850 humanitatis
1616 1828 1656 1851 ac
1683 1816 1848 1861 politioris
1875 1817 1980 1851 01111115
2005 1816 2173 1861 neglectu,

225 1881 323 1913 quam
348 1872 435 1904 male
461 1883 538 1905 cum
574 1870 764 1903 mortalium
799 1881 924 1915 genere
956 1870 1137 1915 agebatur:
1179 1879 1263 1912 quos
1298 1868 1352 1907 vel
1384 1867 1454 1902 hoc
1483 1869 1616 1902 nomine
1648 1868 1797 1901 infelices
1833 1879 1967 1902 censere
1991 1868 2173 1910 'debemus

226 1921 316 1964 quod
344 1922 408 1966 ipsi
433 1923 582 1956 infelices
615 1933 649 1955 se
683 1933 751 1955 esse
781 1921 992 1967 ignorabant.
1062 1920 1133 1968 Qui
1167 1920 1257 1954 enim
1292 1920 1404 1953 literis
1439 1931 1564 1953 carere
1593 1920 1727 1953 malum
1759 1930 1826 1952 non
1853 1918 2050 1965 putabant,
2084 1929 2173 1965 pro-

217 1971 318 2017 fecto
345 1973 368 2005 ii
395 1973 512 2006 literas
537 1973 646 2013 scire,
674 1972 801 2006 bonum
830 1984 904 2006 esse
931 1984 1124 2018 numquam
1151 1971 1363 2005 arbitraturi
1389 1975 1500 2006 erant.
1564 1972 1745 2015 Postquam
1783 1971 1941 2016 singulari
1967 1971 2031 2004 Dei
2056 1970 2175 2016 optimi

226 2033 312 2056 max.
339 2022 501 2057 beneficio
529 2025 691 2059 mentibus
718 2025 833 2058 nostris
854 2025 912 2058 lux
938 2023 1083 2066 affulsit,
1126 2028 1158 2058 et
1184 2023 1229 2057 ab
1259 2023 1450 2056 hominibus
1484 2035 1555 2056 sera
1581 2023 1717 2057 tandem
1744 2027 1871 2056 extorta
1894 2027 1943 2056 est
1967 2022 2174 2068 ignorantiae

228 2073 406 2108 confessio:
432 2079 500 2107 tum
523 2076 650 2108 assidua
678 2076 864 2120 priscorum
891 2077 1091 2121 scriptorum
1118 2076 1277 2117 lectione,
1306 2079 1406 2118 atque
1435 2086 1494 2108 usu
1520 2086 1726 2120 cognoscere
1753 2074 1943 2119 coepimus,
1969 2073 2082 2118 quanti
2110 2084 2173 2106 110-

229 2131 294 2158 stra
319 2124 454 2157 interest
484 2126 606 2168 aliquid
633 2139 733 2172 supra
760 2128 879 2173 vulgus
914 2128 1007 2162 scire.
1076 2128 1107 2162 A
1134 2139 1202 2172 quo
1229 2132 1382 2171 tempore
1414 2128 1596 2170 numquam
1632 2126 1824 2160 destiterunt
1850 2125 2003 2160 homines
2026 2124 2174 2176 studiosi,

229 2187 295 2210 non
322 2176 425 2207 solum
453 2181 489 2208 ut
514 2177 639 2219 priscos
666 2179 739 2211 illos
766 2179 887 2213 heroas
913 2180 1140 2220 imitarentur,
1174 2179 1233 2212 sed
1262 2179 1359 2212 etiam
1387 2182 1439 2218 111,
1478 2178 1503 2211 51
1529 2178 1602 2211 fieri
1627 2182 1759 2223 posset,
1786 2181 1996 2223 superarent,
2021 2176 2173 2210 omnibus

229 2233 261 2261 et
288 2227 388 2259 animi
418 2231 450 2258 et
477 2227 625 2270 corporis
650 2228 771 2263 viribus
798 2231 1009 2265 contendere.
1079 2230 1184 2273 Quod
1211 2231 1289 2264 sane
1322 2229 1461 2264 difficile
1493 2241 1559 2263 non
1593 2234 1663 2263 erat
1694 2229 1727 2262 in
1759 2233 1850 2262 tanta
1880 2228 2064 2262 studiorum
2090 2238 2172 2262 con·

229 2278 391 2319 tentione,
434 2277 458 2309 si
486 2288 525 2310 ex
551 2277 610 2309 illa
644 2279 825 2321 priscorum
862 2283 1024 2316 librorum
1058 2283 1158 2328 copia
1191 2281 1355 2326 quosdam
1389 2281 1507 2314 saltem
1540 2281 1636 2314 nobis
1668 2281 1813 2325 reliquos
1845 2280 1975 2315 fecisset
2003 2278 2171 2314 vetustatis

230 2329 361 2371 iniuria,
400 2328 519 2372 quibus
545 2327 649 2360 hodie
675 2329 700 2361 si
725 2330 925 2375 frueremur,
962 2335 1104 2368 aliorum
1135 2333 1338 2367 desiderium
1364 2344 1473 2377 aequo
1500 2333 1610 2366 animo
1635 2333 1724 2366 ferre
1754 2343 1935 2377 possemus.
1995 2332 2066 2364 lam
2092 2339 2170 2362 vero

230 2380 418 2426 pauclssimi
444 2391 484 2414 ex
509 2384 559 2412 2⁰1
585 2385 774 2424 supersunt,
821 2388 920 2427 atque
945 2396 1012 2418 non
1039 2396 1153 2419 omnes
1178 2385 1227 2418 illi
1258 2385 1395 2430 integri,
1429 2384 1489 2418 sed
1523 2389 1618 2430 parte
1645 2384 1694 2417 sui
1720 2385 1836 2418 trunca
1862 2383 1969 2427 magis
1998 2381 2082 2414 sitim
2108 2390 2171 2413 no-

232 2437 332 2466 stram
359 2431 545 2466 accendunt
575 2441 675 2475 quam
705 2432 845 2476 explent.
909 2437 1027 2479 Neque
1053 2436 1122 2470 hoc
1154 2437 1221 2470 fine
1257 2437 1344 2469 stetit
1370 2436 1504 2470 malum.
1575 2436 1657 2469 Alia
1690 2439 1796 2480 atque
1835 2432 2020 2467 immanior
2050 2432 2170 2477 pestis,
