2263 2668
220 185 296 220 340
652 176 996 212 COMMENTARII
1022 176 1070 210 IN
1095 175 1241 210 PAULI
1266 176 1463 210 DIACONI
1488 177 1741 212 EXCERPTA

219 284 248 308 et
270 278 326 306 alia
349 274 429 314 apud
453 283 500 301 eos
523 270 697 309 frequentia.
743 271 852 299 Verum
876 274 905 299 et
926 269 1037 298 amatio
1058 269 1178 300 retineri
1201 275 1317 309 potest,
1343 279 1401 308 qua
1424 279 1500 299 voce
1521 281 1582 299 non
1605 270 1694 300 semel
1715 279 1787 299 usus
1810 275 1854 299 est
1875 271 2013 310 Plautus,
2038 277 2086 302 ut:
2112 272 2167 300 Ca-

219 321 322 356 sin.2‚
345 320 374 350 5.
400 314 493 356 (20.):

798 354 907 383 Verum
930 352 1034 393 edepol
1054 361 1104 382 tua
1126 353 1198 383 milii
1220 353 1325 384 odiosa
1347 361 1388 382 est
1410 355 1533 384 amatio.

218 411 362 442 Meursius
385 413 478 435 totum
501 407 541 434 ita
565 405 678 434 mavult
701 405 862 443 refingere:
898 404 1030 441 Ammo,
1065 404 1103 433 ab
1132 416 1199 434 amo
1230 404 1456 435 denominatum.
1498 405 1611 443 Nempe
1637 409 1669 433 ut
1699 405 1734 433 ab
1764 405 1813 435 hio
1842 405 1940 444 hiato,
1976 407 2018 435 sic
2040 407 2076 436 ab
2099 417 2167 436 amo

218 461 325 484 amato.
356 450 443 478 Dae.
487 448 630 482 Amutio‚
667 448 714 476 alii
738 448 888 484 Amawo,
925 457 1023 475 amare
1047 448 1153 486 cupio,
1187 448 1235 476 vel
1259 458 1356 476 amare
1379 447 1503 487 incipio.
1548 449 1609 485 Ego
1639 447 1713 476 nihil
1736 450 1912 477 mutandum
1936 459 2050 478 censeo.
2094 449 2169 478 Vide

217 495 345 525 Nonium
368 492 398 519 in
421 491 555 520 Amatio.
597 491 656 518 Alii
678 490 791 519 Amaro
815 491 851 518 ab
874 500 950 519 amo.
987 490 1129 528 Bongars.
1163 489 1266 521 Goth.
1311 490 1372 518 Nos
1395 490 1555 528 legendum
1578 490 1729 519 voluimus
1750 491 1896 529 Amasio,
1925 492 2007 530 quod
2031 491 2168 520 librarius

218 544 245 567 et
269 540 421 565 corrector
443 534 556 561 amosio
578 534 653 561 male
677 538 901 571 expresserunt5
935 542 1027 570 quare
1052 533 1093 561 sic
1117 533 1241 570 corrige.

380 576 573 615 Angitiam
602 576 804 604 vinariam.
851 575 994 613 Quisquis
1019 575 1096 604 dixit
1122 577 1261 615 anginam
1284 575 1430 604 vinariam
1456 576 1519 614 pati
1543 585 1608 604 eum
1633 575 1684 614 qui
1707 576 1776 604 vino
1800 576 2013 613 suffocaretur,
2049 581 2169 605 secutus

216 626 259 650 est
281 630 364 654 eum,
390 619 441 657 qui
460 618 684 646 Demosthenem
708 618 786 645 dixit
808 615 999 658 ἅργυράγχην
1021 618 1105 657 ἔχειν.
1142 618 1175 646 In
1195 618 1362 646 Glossario:
1386 618 1549 657 Anguina,
1573 617 1703 658 ἄγκυρα,
1728 615 1876 658 συνάγχη,
1898 616 2056 659 κύναγχος.
2080 618 2170 655 Quod

215 665 428 701 interpretatur
451 661 626 699 Anguinam
649 659 802 701 ἄγκυραν,
827 661 1019 689 confirmatur
1042 661 1212 689 testimonio
1236 662 1361 688 Cinnae:
1387 660 1487 701 Atque
1509 661 1640 699 anguina
1664 662 1735 700 regit
1757 660 1890 690 stabilem
1904 660 2079 703 fortissima
2101 672 2171 691 cur-

216 717 288 736 sum.
314 703 413 733 Scal.
440 704 592 741 Angitiam
617 704 771 731 vinariam.
798 704 846 731 Sic
869 703 968 741 lepide
988 704 1129 732 Demades
1152 703 1226 731 dixit
1245 702 1471 732 Demosthenem
1494 703 1604 731 habere
1627 704 1765 742 anginam
1789 711 1954 743 argenteam
1971 701 2171 744 ἄργυρᾶγχην,

218 748 298 788 quod
323 751 442 784 argento
466 751 626 784 corruptus
649 745 724 774 nihil
747 746 857 774 dixerit
879 750 983 774 contra
1005 746 1148 782 Milesios,
1188 746 1239 774 sed
1262 756 1291 774 se
1315 746 1418 783 angina
1443 747 1538 784 premi
1561 746 1721 776 simularit.
1744 745 1799 774 Da
1809 758 1833 775 c.
1879 746 1965 775 Adde
1986 747 2116 775 Nonium
2139 746 2172 774 in

216 791 349 829 Angina.
386 787 494 820 Goth,
535 790 575 817 De
597 788 721 828 Angina
745 789 825 827 apud
849 788 971 816 Cinnam
993 788 1062 818 vide
1085 799 1159 827 quae
1183 789 1348 828 disputavit
1375 787 1568 826 lVeiclzertus‚
1599 788 1631 818 V.
1653 788 1695 817 Cl.
1719 788 1757 817 ad
1780 787 1936 818 Poetarum
1957 788 2081 818 Latina.
2102 787 2172 818 Re-

216 832 288 873 liqq.
311 840 378 870 pag.
394 833 464 862 193.

381 871 629 902 Adulterina.
674 873 747 901 Vide
770 873 862 910 legem
879 875 930 904 30.
944 873 974 902 ff.
995 873 1032 902 ad
1055 873 1110 911 leg.
1129 873 1243 902 Cornel.
1268 873 1305 902 de
1328 873 1420 902 falsis.
1445 873 1526 902 Paul.
1543 873 1572 905 5.
1598 879 1722 903 sentent.
1738 874 1788 905 25.
1813 875 1836 911 §.
1853 876 1880 905 1.
1905 879 1934 903 et
1956 875 2022 911 §.7-
2038 872 2112 903 Inst.
2134 872 2173 902 de

216 917 287 956 pub.
309 915 439 944 iudiciis.
484 916 593 944 Eadem
616 916 731 944 ratione
754 916 783 943 in
807 916 871 944 iure
894 915 1061 945 adulterina
1080 924 1211 953 moneta,
1242 924 1374 945 monetae
1394 914 1624 954 adulteratores,
1648 915 1846 946 adulterinum
1868 923 2086 953 testamentum,
2109 913 2173 944 ad-

217 958 358 988 ulterinae
379 965 510 987 staterae.
559 957 585 987 G
593 969 608 986 ο
618 966 627 986 t
637 957 665 987 Ῐι.

382 999 548 1029 Arabiae
571 999 655 1029 olei.
703 1001 805 1029 Glossa
830 1012 866 1030 ex
890 1001 1013 1039 antiquo
1035 1006 1141 1040 poeta,
1172 1001 1257 1030 cuius
1281 1001 1377 1029 simile
1399 1001 1514 1039 aliquid
1537 1001 1619 1040 apud
1641 1002 1736 1030 Plaut.
1759 1000 1874 1038 Mi1.11,
1897 1001 1932 1038 5,
1955 1004 1984 1033 2.
2028 999 2120 1040 Eique
2143 1006 2172 1028 ut

217 1042 352 1073 Arabico
366 1042 537 1084 filmfficenl
561 1041 650 1071 Odore
672 1055 798 1072 amoene·

382 1084 607 1114 Ausculari.
654 1087 696 1114 Ab
715 1085 840 1116 osculor.
883 1086 921 1114 At
944 1090 1048 1114 contra
1073 1084 1184 1122 cauda,
1208 1084 1304 1124 cocla5
1329 1084 1417 1124 aula,
1439 1084 1512 1114 olla.
1537 1091 1591 1115 cet.
1615 1086 1699 1116 Dac.
1735 1086 1784 1115 Sic
1807 1090 1927 1115 econtra
1948 1083 2100 1115 Osculana
2119 1095 2173 1123 pu-

215 1139 274 1168 gna
297 1138 352 1166 pro
375 1127 561 1156 Ausculana*
609 1127 714 1157 Goth.

383 1176 574 1208 Adaoeint.
619 1179 713 1209 Plaut.
739 1179 869 1208 Aulular.
892 1177 991 1208 Scal.
1026 1180 1166 1216 Aulum,
1193 1182 1219 1210 1.
1245 1180 1408 1218 (ll.seq.):

760 1229 879 1258 Utinam
902 1242 947 1258 me
971 1230 1040 1259 Divi
1061 1229 1194 1258 adaxint
1217 1229 1258 1258 acl
1280 1229 1465 1271 suspendium

757 1271 871 1308 Potius,
904 1285 990 1312 quam
1015 1272 1131 1314 quidem
1156 1272 1211 1302 lzoc
1230 1280 1319 1312 pacto
1342 1272 1423 1313 apud
1446 1280 1472 1301 ie
1493 1274 1626 1302 serviam.

220 1321 307 1351 Dac.
338 1320 412 1350 Vide
435 1322 562 1351 Nonium
586 1324 615 1351 in
639 1321 794 1352 Atlaacint.
843 1322 947 1352 Goth.

381 1373 517 1412 Argus.
563 1374 606 1402 Cf.
622 1374 752 1403 macrob.
769 1374 928 1410 Saturn.1,
956 1376 1004 1405 19.
1029 1374 1117 1404 Ovid.
1140 1375 1258 1405 Melam.
1279 1374 1305 1411 l,
1329 1376 1400 1407 624.
1414 1385 1497 1413 seqq.
1522 1375 1611 1405 Ovid.
1630 1374 1764 1412 A111.[H‚
1787 1377 1824 1411 4,
1852 1377 1899 1406 19.
1923 1374 2022 1412 ibique
2045 1373 2173 1412 interpp.

381 1415 555 1446 Amasso.
598 1417 695 1445 Plaut.
720 1417 816 1446 Casin.
832 1417 871 1454 V,
895 1420 924 1448 4.
947 1417 1044 1454 (22.):

635 1458 669 1487 Si
690 1471 818 1499 unquam
840 1467 905 1498 post
928 1459 984 1488 hoc
1006 1467 1057 1488 aut
1080 1470 1195 1488 amasso
1223 1456 1361 1488 Casinam
1384 1467 1434 1488 aut
1458 1471 1579 1500 occepso
1600 1458 1699 1497 morlo,

632 1500 748 1529 Neduln
771 1513 834 1530 eam
857 1512 982 1530 amasso.

219 1542 307 1572 Dac.
343 1541 475 1571 Amasso
498 1542 652 1571 descendit
676 1554 713 1572 ex
735 1555 890 1583 amavero,
926 1544 1007 1582 quod
1037 1544 1165 1581 primum
1195 1544 1361 1573 secundum
1386 1554 1497 1573 morem
1520 1544 1653 1583 priscum
1676 1542 1884 1583 proferebatur
1906 1553 2059 1579 amaveso,
2095 1542 2176 1571 unde

220 1585 332 1613 factum
355 1585 476 1622 amdso,
509 1590 539 1614 et
562 1586 715 1624 duplicato
738 1598 752 1615 s
775 1598 900 1615 amasso.
945 1588 984 1615 At
1006 1585 1063 1614 hoc
1086 1585 1193 1615 deinde
1215 1597 1272 1625 pro
1295 1586 1423 1616 themate
1444 1586 1529 1616 verbi
1552 1586 1703 1623 habitum,
1741 1590 1770 1614 et
1793 1585 1863 1614 inde
1884 1585 2048 1614 infinitivus
2070 1595 2175 1614 amas-

220 1639 277 1655 sere
299 1637 456 1666 procusus.

382 1668 609 1699 Amiculum.
655 1671 839 1699 Glossarium
863 1669 1038 1700 Amiculum
1064 1667 1254 1710 ἇναβόλαιον.
1290 1669 1392 1700 Scal.
1437 1669 1482 1699 Ab
1505 1671 1631 1707 amicio,
1669 1670 1750 1709 quod
1774 1670 1810 1699 ab
1833 1681 1881 1698 am
1905 1670 2034 1707 circum,
2069 1674 2097 1698 et
2117 1669 2176 1698 icio

222 1710 305 1741 iacio.
352 1710 453 1747 Quare
477 1713 588 1751 optime
611 1713 714 1742 Festus
738 1725 753 1742 a
778 1714 974 1743 circumiectu.
1020 1713 1075 1741 Da
1085 1725 1111 1742 c.

383 1753 586 1785 Auditavi.
629 1755 818 1786 Audiuitavi.
842 1757 961 1793 Scribe,
984 1760 1017 1784 ut
1039 1755 1070 1784 in
1093 1755 1244 1785 veteribus
1269 1754 1467 1792 editionibus,
1491 1753 1635 1786 auditavi.
1661 1753 1762 1787 Scal.
1795 1754 1965 1794 Legendum
1987 1752 2122 1784 auditavi
2146 1758 2178 1781 ut

223 1794 254 1822 in
277 1805 336 1824 ora.
380 1796 467 1825 Dac.

384 1837 612 1869 Allivescit.
656 1841 722 1869 Non
746 1841 816 1869 alibi
838 1840 992 1869 invenitur
1013 1839 1071 1869 hoc
1094 1840 1237 1877 verbum,
1268 1840 1324 1869 nisi
1346 1840 1418 1868 latet
1441 1839 1549 1868 alicubi
1573 1839 1784 1868 oblitteratum.

258 1918 263 1925 ·
386 1880 618 1913 Atticissat.
662 1884 758 1912 Plaut.
781 1884 813 1912 in
835 1883 1017 1912 Menaechm.
1040 1883 1132 1913 Ant.
1155 1883 1249 1924 Aug.
1290 1883 1389 1912 Locus
1411 1882 1510 1912 Plauti
1534 1888 1576 1912 est
1598 1883 1629 1911 in
1651 1883 1730 1912 Ptol.
1753 1881 1935 1912 Menaechm.
1972 1880 2031 1911 Sed
2053 1880 2095 1910 ibi
2116 1890 2176 1909 non

230 1917 391 1958 Sicilissat‚
413 1929 447 1951 ut
467 1923 533 1960 hic,
557 1925 609 1954 sed
630 1925 807 1955 sicelissitat.
836 1925 877 1965 (v.
894 1926 974 1965 12.):

759 1968 861 2009 Atque
883 1967 957 1997 adeo
980 1967 1037 1998 hoc
1058 1975 1260 2007 argumentum
1280 1968 1458 2006 graecissa17
1492 1974 1589 1997 tamen

759 2010 828 2040 Non
851 2012 1014 2047 atticissat,
1049 2021 1146 2039 verum
1168 2008 1347 2039 sicelissiiat.

230 2043 323 2073 Dae.
359 2043 554 2078 Sicilicissiiat
578 2051 716 2081 exhibent
739 2053 874 2082 meliores
896 2054 976 2092 apud
1002 2053 1136 2082 Plautum
1161 2052 1301 2089 Codices,
1326 2051 1407 2091 quod
1429 2061 1533 2080 verum
1556 2052 1683 2081 videtur.

393 2087 546 2119 Αἰήτας
599 2094 734 2123 Atratus.
759 2096 848 2133 Lege:
870 2096 1005 2132 Atritas,
1029 2103 1092 2124 ater
1114 2094 1204 2124 color.
1229 2093 1331 2123 Scal.
1362 2095 1406 2123 Ab
1430 2101 1529 2122 atrare
1550 2102 1681 2131 atratus,
1705 2093 1756 2132 qui
1780 2097 1823 2122 est
1845 2093 1922 2131 nigri
1945 2091 2072 2126 colori33
2094 2097 2176 2119 atra-

231 2135 292 2166 ωδ,
324 2138 398 2167 quae
421 2136 490 2158 sunt
510 2133 588 2170 nigri
610 2137 728 2166 coloris.
769 2138 850 2166 Nihil
872 2138 974 2177 itaque
997 2138 1182 2167 mutandum.
1205 2137 1293 2166 Dac.
1337 2137 1457 2166 Atriias
1482 2147 1537 2175 pro
1561 2139 1643 2166 varia
1665 2137 1792 2166 lectione
1814 2135 1903 2165 habet
1925 2135 2012 2164 etiam
2035 2132 2126 2162 Goth.

351 2212 357 2218 ⁴
394 2171 640 2211 Aegyp1inos.
684 2179 740 2208 Hic
762 2180 924 2220 Aethiopas
954 2180 1162 2219 accipiendum
1191 2190 1248 2219 pro
1277 2179 1368 2217 nigris
1397 2178 1582 2217 homiuibus,
1618 2190 1679 2208 non
1707 2184 1821 2208 tantum
1848 2189 1903 2218 pro
1931 2177 2059 2206 natione.
2102 2175 2177 2204 Nam

232 2210 410 2262 Aegylstlum
432 2215 579 2244 vocabant
602 2218 715 2255 nigrum
739 2232 792 2251 seu
814 2224 940 2252 fuscum.
986 2223 1187 2252 Glossarium:
1223 2222 1419 2261 Aegyptium,
1455 2219 1558 2260 φαιόν.
1601 2223 1636 2251 In
1657 2232 1717 2262 quo
1738 2221 1832 2250 secuti
1854 2225 1924 2251 sunt
1947 2220 2094 2255 GraecoS,
2125 2216 2175 2256 qui

231 2254 411 2304 Αἰγγπτιον,
435 2256 524 2293 μέλαν
547 2260 705 2297 vocabunt,
729 2269 762 2292 ut
785 2270 813 2293 et
834 2267 1046 2306 αἰγυπτιῶσαι,
1070 2263 1202 2304 μελάναι.
1238 2264 1321 2293 Unde
1343 2265 1466 2293 Plautus
1489 2265 1618 2294 colorem
1643 2265 1760 2294 fuscum
1782 2268 1871 2293 vocat
1892 2261 2078 2292 vulturinum.
2101 2259 2174 2288 Nam

231 2296 383 2348 ulyymtof
405 2298 516 2328 vultur.
561 2301 663 2329 Graeci
688 2314 753 2332 cum
774 2307 885 2336 scirent
907 2308 942 2336 ab
965 2309 1038 2347 ipsis
1060 2308 1214 2347 Aegyptiis
1237 2307 1336 2335 Nilum
1358 2314 1437 2338 Ἣηω
1461 2307 1578 2345 vocari,
1609 2308 1667 2336 hoc
1691 2312 1735 2336 est
1757 2306 1863 2345 μέλαν,
1891 2301 2062 2343 ἰσοδυνάμῳ
2083 2300 2174 2330 verbo

232 2348 287 2367 ⁸¹1⁰
310 2340 476 2391 alyvauov'
488 2342 692 2372 reddiderunt.
729 2347 799 2375 Nam
823 2348 990 2389 αἱγύπτιος,
1016 2356 1049 2380 ut
1070 2351 1128 2379 iam
1152 2350 1338 2386 monuimus,
1361 2349 1458 2389 μέλας.
1496 2350 1544 2378 Sic
1569 2361 1635 2379 cum
1659 2350 1768 2379 scirent
1790 2349 1883 2377 Edem
1906 2344 2039 2388 ἐρυθρὸν
2062 2344 2174 2372 Graece

233 2380 335 2419 red‘h»
358 2395 412 2431 '⁶⁹12‘
432 2386 587 2431 θᾱζὶᾱσσαν
606 2382 792 2425 Ἐρυθραῖαν
814 2393 1040 2429 appellaverunt
1062 2393 1158 2421 sinum
1182 2392 1352 2422 Arabicum.
1398 2392 1487 2428 Quod
1510 2399 1607 2421 autem
1625 2393 1725 2422 Nilum
1748 2389 1907 2432 αἶγύπτιον
1928 2388 2079 2422 vocarint,
2103 2385 2174 2433 satis

234 2428 317 2463 Patet
337 2429 504 2455 ²²⁵²¹¹¹10¹110
527 2427 665 2465 Homeri,
692 2429 743 2467 qui
766 2431 928 2471 Αἰγύπτιον
948 2434 1076 2463 fluvium
1097 2435 1184 2463 illum
1205 2440 1302 2464 vocat.
1347 2435 1407 2463 Cur
1429 2440 1528 2464 autem
1551 2436 1648 2464 Nilum
1673 2435 1824 2471 vocarint,
1849 2442 1910 2462 non
1933 2429 2022 2468 magis
2045 2426 2115 2457 mih1
2138 2428 2173 2455 ll·-
