2263 2668
505 136 570 170 DE
596 136 984 173 SIGNIFICATIONE
1012 137 1297 174 VERBORUM.
1351 139 1498 174 LIBER
1525 143 1615 178 xvl.
1962 145 2039 180 639

85 238 130 264 est
151 243 167 261 a
190 237 258 262 trua
281 231 392 260 dictum
414 235 576 265 umtruare,
607 229 666 258 hoc
688 234 732 260 eet
753 230 1003 266 circumvolvere,
1036 235 1068 259 ut
1091 242 1158 260 cum
1182 237 1265 266 trua,
1296 232 1372 265 011³.
1402 234 1664 265 circummovetur.
1687 235 1787 267 scal.
1822 237 1880 265 Pro
1900 245 2039 270 uneruarae

85 275 227 305 dicebant
248 273 396 303 undruare
418 276 447 301 et
469 270 676 303 redandruare.
720 273 832 301 Nonius
855 272 942 312 (pag.
958 274 1027 305 165.
1052 273 1177 312 Merc.):
1215 274 1428 313 redandruare,
1459 278 1571 307 redire:
1604 280 1698 310 Lucil.
1722 279 1772 307 lib.
1785 280 1853 308 IX.:
1886 287 1917 308 ut
1938 280 2037 320 vulgu’

85 317 262 348 redandruet
278 315 354 346 inde.
385 314 534 344 Pacuvius
551 314 582 342 in
600 314 730 353 Chryse:
757 314 884 344 Graecos
900 314 976 344 nihil
990 314 1172 346 mediocriter
1186 315 1410 348 Redandruore.
1443 321 1495 348 Ubi
1514 322 1601 350 verba
1620 322 1723 351 Lucilii
1743 322 1831 360 paul„
1849 322 1933 352 aliter
1950 333 2038 361 quam

85 361 165 400 apud
187 364 323 389 nostrum
346 362 490 396 concepta
512 362 596 391 sunt,
620 358 661 385 ita
685 362 718 386 ut
740 358 770 387 P.
792 358 905 387 Merula
928 359 1053 397 propius
1077 359 1113 387 ad
1137 364 1265 388 veterem
1291 361 1471 399 scripturam
1494 364 1632 393 videatur
1656 365 1812 401 accedere,
1837 365 1889 403 qui
1911 366 1998 404 legit:

576 398 701 428 Praesul
722 407 752 428 ut
774 407 917 439 amptruet
939 399 1024 436 hinc,
1050 409 1076 429 et
1098 400 1197 440 vulgu’
1221 401 1420 441 redamptruet
1444 404 1519 434 inde.

84 445 303 474 Praesultorem
326 441 456 479 intellige
478 445 511 469 ut
533 442 612 479 apud
638 443 763 471 Nonium
787 444 872 482 (pag.
885 445 956 473 503.
981 443 1090 481 Mero.)
1114 445 1143 472 in
1168 454 1241 472 voce
1264 444 1397 474 Ludius:
1438 446 1526 485 Quod
1553 447 1632 477 ludis
1658 450 1741 488 pueri
1767 448 1915 488 praesules
1937 458 2037 487 essene,

81 486 184 527 glabri
205 498 242 516 ac
264 484 372 525 depiles
392 491 511 524 propter
532 491 653 512 aetatem
677 496 750 524 quos
773 486 888 525 antiqui
902 484 1036 514 Romani
1051 485 1166 515 Ladios
1189 486 1387 526 appellabant.
1411 489 1500 519 Dae.
1532 489 1745 519 Reclantruare.
1775 492 1818 520 Ita
1835 492 1963 529 Nonius,
1987 493 2037 522 alii

84 528 337 568 Redampiruare5
366 527 415 556 alii
436 524 681 565 Redemptruore.
726 527 763 555 Ut
786 529 935 567 ampiruet.
978 528 1013 556 Ut
1037 529 1208 563 amburuet3
1239 530 1281 557 sic
1305 531 1404 567 vulgu'
1429 533 1608 561 redandruat.
1630 534 1725 569 idem3
1749 535 1797 562 vel
1820 535 1876 562 ita:
1908 540 1939 564 ut
1963 537 2037 564 Am-

83 576 203 611 ptruat·‚
226 571 295 599 inde
315 575 344 598 et
366 570 456 607 volgu
477 569 686 607 redamptruat
710 570 771 600 olli.
798 569 902 600 Goth.
931 568 1150 608 Redamplauit.
1177 572 1386 602 Redandravit.
1417 573 1573 604 Pacuvius.
1605 576 1638 604 In
1656 576 1778 615 Chryse.
1806 576 1850 604 Ita
1874 577 1954 615 apud
1977 579 2036 606 No-

83 615 173 643 nium.
204 610 407 642 Promerenda.
430 612 631 649 Proaerenda3
657 612 706 640 alii
724 612 946 651 promerendae.
974 611 1188 644 Redantruare.
1212 615 1464 654 Redamptruare,
1489 619 1794 658 aliiRedampiruare.
1818 617 1926 650 Idem.
1963 620 2036 650 Vide

50 658 52 661 “
84 667 161 696 quae
183 656 313 685 diximus
336 665 425 693 supra
450 653 488 683 ad
511 664 540 682 ν.
562 653 722 684 Antroare.

247 696 483 727 Redivivum.
507 694 569 736 (Ad
585 707 612 734 p.
627 696 712 736 226.)
738 697 841 726 Cicero
863 697 894 726 in
909 697 1050 726 Praetura
1074 697 1203 731 urbana,
1229 699 1279 737 qui
1303 700 1377 728 liber
1401 706 1444 729 est
1466 703 1570 730 tertius
1588 703 1703 733 Verrin.
1720 703 1773 732 sed
1792 703 1905 742 primus
1922 714 2034 741 eorum,

84 751 160 780 quos
183 740 376 779 conscripsit,
400 749 459 767 non
482 749 553 767 vero
577 740 644 777 egit.
669 739 754 768 Ant.
771 740 866 780 Aug.
900 741 938 768 De
961 740 998 768 iis
1021 741 1141 778 proprie
1165 741 1275 770 (licitur
1298 753 1372 780 quae
1396 749 1463 781 post
1485 746 1637 773 interitum
1661 746 1804 781 redeunt.¹
1828 747 1877 774 sed
1899 757 1952 785 per
1974 757 2035 776 me-

83 782 240 822 taphoram
264 783 301 812 de
325 782 469 811 aedificiis
493 782 580 810 etiam
605 787 775 821 usurpatur.
813 783 849 810 Ut
871 782 902 810 in
924 783 975 811 illo
995 783 1162 812 Ciceronis:
1191 783 1292 812 Utrum
1315 786 1492 814 existimatis
1515 793 1570 817 etc.
1605 790 1662 823 Qui
1687 789 1770 817 locus
1794 793 1838 817 est
1861 799 1898 817 ex
1920 789 2034 819 1ib.111.

82 826 199 855 verrin.
223 825 308 865 (Act.
324 825 369 861 It,
393 827 428 862 1,
451 824 529 864 56.).
558 824 646 853 Dae.
693 825 806 853 Glossis
834 826 1012 861 παλίνζωυν.
1049 824 1157 856 Primo.
1197 827 1296 855 Tertio
1322 827 1529 866 Verrinarum,
1562 832 1611 868 qui
1633 831 1747 869 primus
1770 836 1813 860 est
1836 831 1872 860 de
1894 831 2035 860 Praetura

83 869 209 898 urbana.
256 866 361 897 Goth.

245 908 515 948 Redarguisse.
541 906 599 949 (Ad
625 919 651 946 p.
665 907 750 949 227.)
774 909 840 948 Ipsa
862 910 953 939 verba
971 909 1050 938 Festi
1072 910 1206 939 indicant
1228 911 1386 949 legendum
1400 911 1602 953 Redarguesse
1624 916 1686 954 (vel
1700 914 1900 955 Rederguisse.
1922 915 2032 953 Dua).

83 952 191 982 Lucilii
214 962 286 982 vero
309 951 467 981 Trochaici
488 953 530 980 ita
553 951 745 989 gradiuntur:

543 993 607 1031 Quo
620 993 757 1034 facetior
779 991 894 1023 videare
915 1002 940 1023 et
962 995 1036 1023 scire
1055 993 1122 1033 plus
1145 1006 1233 1034 quam
1258 997 1372 1033 caeteri,

539 1035 683 1065 Pertisum
707 1036 864 1074 bominem,
892 1048 949 1066 non
969 1044 1111 1077 pertesum
1135 1036 1230 1066 dicere
1243 1039 1421 1079 fortunam,
1442 1052 1542 1079 genus.

84 1078 167 1118 Quo,
199 1079 312 1117 inquit,
335 1077 474 1120 facetior
495 1077 624 1115 videare,
653 1078 684 1107 P.
707 1078 823 1118 Scipio,
853 1078 942 1117 dicis,
972 1079 1057 1109 homo
1077 1081 1202 1119 pertisus
1224 1089 1265 1110 est
1279 1080 1458 1122 fortunam,
1481 1084 1606 1121 pertisus
1628 1090 1668 1112 est
1688 1095 1794 1123 genus,
1819 1094 1877 1112 non
1897 1091 2032 1123 pertesus.

83 1120 184 1152 Scal.
213 1121 368 1150 Pertisum.
403 1121 476 1149 Vide
499 1132 590 1160 supra
612 1122 764 1150 Perlisum.
796 1121 914 1151 Ferunt.
937 1123 1055 1152 Ferum.
1103 1120 1209 1151 Goth.

245 1162 538 1194 Redimiculum.
569 1162 728 1204 Καθετήρ,
755 1161 930 1203 α’νάδεσμος.
956 1165 1051 1194 Gloss.
1071 1163 1170 1194 Scal.
1197 1165 1292 1195 Gloss.
1308 1165 1497 1203 redimicula,
1523 1163 1724 1206 ἆναδέσματα,
1749 1171 1920 1209 καθετῆρες.
1945 1169 2032 1198 Ovid.

82 1205 164 1243 (Met.
179 1206 224 1241 X,
248 1207 319 1238 265.
342 1217 349 1235 :

321 1209 332 1245 )
637 1248 722 1277 Aure
744 1246 817 1276 leves
840 1247 964 1287 baccae,
994 1247 1167 1278 redimicula
1187 1256 1303 1288 pectore
1322 1249 1455 1288 pendent.

81 1290 171 1322 Dae.
202 1290 286 1320 Unde
309 1290 421 1319 Glossis
443 1289 648 1319 Redimiculat
672 1288 796 1320 οἷναλύει
820 1290 949 1329 δέσματα
972 1296 1115 1331 corrupte
1137 1301 1191 1330 pro
1219 1290 1420 1329 Redimicula‚
1447 1289 1649 1332 ἆναὸέσματα,
1671 1295 1720 1323 vel
1742 1299 1776 1323 ut
1798 1294 1874 1323 infra
1898 1296 2032 1335 exponit,

82 1331 267 1372 ἆναὸέματα,
306 1333 556 1371 quemadmodum
579 1333 610 1361 in
632 1333 715 1364 1.26.
740 1334 770 1361 in
792 1333 811 1361 f.
835 1332 863 1363 ff.
886 1333 923 1362 de
946 1344 1031 1362 auro.
1075 1334 1258 1363 Anademata
1281 1334 1438 1371 dicuntur,
1473 1336 1581 1374 quibus
1603 1337 1778 1366 vinciuntur
1801 1338 1917 1375 mitrae3
1953 1338 2033 1367 unde

82 1381 112 1405 et
133 1377 227 1405 vittae
249 1376 278 1404 in
302 1376 385 1407 l.25.
409 1377 432 1413 §.
448 1378 496 1406 10.
509 1375 540 1405 ff.
563 1375 599 1404 de
623 1385 714 1409 auro3
737 1385 771 1403 ac
795 1375 920 1413 proinde
946 1375 1090 1406 catellam
1114 1376 1163 1405 hic
1185 1377 1288 1406 vocari
1311 1388 1328 1406 a
1351 1378 1524 1407 mulieribus
1546 1380 1640 1409 refert
1661 1380 1776 1409 Festus.
1805 1380 1858 1409 Est
1880 1381 1956 1410 enim
1979 1381 2032 1409 Ca-

81 1419 149 1447 tella
173 1419 390 1448 deminutivum
414 1428 429 1446 a
453 1423 572 1454 catena,
599 1422 674 1446 teste
697 1417 792 1446 Nonio
817 1418 894 1457 (pag.
910 1421 979 1450 199.
1004 1418 1108 1457 Mero.)
1132 1419 1163 1448 in
1188 1418 1325 1449 catellae.
1374 1419 1477 1452 Goth.

245 1459 353 1489 Reus.
399 1458 459 1489 Sed
479 1459 615 1499 exemplo
638 1458 761 1489 adiuvat
784 1461 1047 1499 interpretationem
1070 1461 1170 1491 Numa
1193 1463 1223 1490 in
1246 1460 1374 1491 secunda
1397 1462 1516 1499 tabula,
1553 1463 1680 1493 secunda
1703 1463 1781 1504 Iege,
1817 1466 1848 1493 in
1871 1476 1931 1505 qua
1950 1466 2032 1495 seri·-

77 1509 178 1542 ptum:
203 1501 281 1532 SEI.
307 1501 422 1541 QUID.
447 1501 624 1533 HORUM.
650 1502 780 1532 FUAT.
810 1502 947 1533 UNUM.
972 1502 1148 1533 IUDICEI.
1171 1503 1446 1535 ARBITROVE.
1470 1504 1626 1535 REOVE.
1649 1506 1755 1536 DIES.
1778 1506 2031 1537 DIFFUNSUS.

79 1544 202 1576 ESTO.
238 1544 327 1575 Nunc
349 1552 466 1584 uterque
487 1552 572 1574 actor
595 1556 714 1585 reusque
735 1545 765 1573 in
788 1543 932 1574 iudicium
955 1553 1108 1576 evocatur.-
1131 1547 1256 1586 itemque
1277 1555 1432 1576 accusator
1455 1547 1490 1577 de
1511 1549 1560 1577 via
1574 1550 1661 1578 'citur
1681 1561 1760 1579 more
1781 1557 1882 1587 vetere,
1905 1557 1932 1579 et
1955 1561 2032 1580 con-

79 1586 229 1617 suetudine
250 1589 383 1628 antiqua.
408 1586 506 1616 ὁοαῖ.
542 1585 622 1614 Reus
645 1598 721 1615 nunc
744 1585 853 1615 dicitur
874 1588 926 1626 qui
948 1598 1066 1616 causam
1090 1586 1171 1619 dicit.
1207 1589 1284 1617 Reus
1308 1599 1387 1617 nunc
1410 1590 1521 1619 dicitur
1543 1591 1584 1628 is,
1608 1593 1659 1630 qui
1681 1603 1742 1621 rem
1766 1593 1899 1632 promisit
1921 1603 1955 1621 ac
1977 1593 2032 1623 de·

79 1630 146 1667 bet,
176 1630 234 1658 hoc
257 1635 316 1666 est,
355 1629 433 1658 unde
456 1628 529 1666 quid
551 1628 661 1657 iudicio
684 1629 814 1667 petitur,
850 1629 920 1658 inde
942 1639 1010 1658 reus
1033 1630 1204 1668 stipulando
1228 1636 1256 1659 et
1279 1631 1443 1670 stipulandi
1466 1633 1577 1662 dicitur
1600 1635 1651 1672 qui
1673 1635 1834 1674 stipulatus
1858 1640 1911 1664 est.
1954 1636 2031 1664 fleus

79 1672 284 1713 promittendo
308 1677 337 1700 et
359 1671 572 1710 promittendi,
599 1671 649 1709 qui
673 1672 818 1709 promisit.
863 1672 941 1700 Reus
966 1672 1111 1707 debendi,
1137 1674 1188 1711 qui
1211 1672 1312 1709 debet,
1336 1679 1394 1702 etc.
1418 1674 1474 1703 Da
1485 1687 1509 1704 c.
1553 1675 1635 1705 Reus
1656 1684 1712 1711 est,
1736 1679 1787 1717 qui
1808 1688 1872 1707 cum
1895 1676 1988 1707 altero
2009 1676 2030 1706 l.

81 1727 144 1745 con.
177 1715 243 1743 Hoc
266 1719 309 1743 est
333 1715 426 1742 omnis
449 1714 588 1751 litigator.
622 1714 681 1741 Cic.
700 1716 748 1745 11.
773 1714 810 1742 de
830 1713 912 1744 Orat.
937 1715 1065 1752 (c.79.):
1087 1713 1168 1744 Reos
1189 1714 1307 1755 appello
1329 1727 1386 1745 non
1409 1728 1457 1746 eos
1479 1716 1567 1746 modo
1590 1719 1642 1758 qui
1663 1727 1839 1758 arguuntur,
1862 1719 1913 1748 sed
1935 1731 2031 1749 omnes

79 1769 203 1799 quorum
226 1756 261 1785 de
283 1768 312 1785 re
335 1756 523 1795 disceptatur.
560 1755 612 1785 Sic
634 1757 709 1784 enim
734 1755 805 1786 olim
829 1755 1031 1796 loquebantur.
1061 1756 1169 1787 Idem.
1216 1757 1329 1797 Quippe
1349 1770 1401 1788 suo
1424 1761 1540 1788 nomine
1562 1766 1617 1789 etc.
1659 1762 1811 1799 Legerem:
1845 1762 1957 1802 Quippe
1977 1772 2031 1791 suo

78 1801 195 1832 nomine
216 1799 254 1828 ab
277 1797 370 1828 altero
393 1797 465 1839 quid
485 1796 643 1837 stipulatus
665 1805 713 1828 est.
740 1797 848 1828 Idem.
887 1798 947 1827 Sed
969 1798 1104 1838 exemplo
1127 1798 1258 1830 adiuvat.
1293 1800 1387 1829 Verba
1409 1801 1480 1838 legis
1503 1803 1529 1831 si
1550 1801 1623 1842 quid
1645 1803 1746 1833 borum
1770 1804 1807 1833 ad
1830 1805 2030 1842 exceptione8‚

80 1853 156 1883 quae
178 1853 229 1872 reo
252 1842 300 1870 vel
322 1842 414 1870 iudici
438 1841 601 1876 dabantur,
626 1842 792 1879 pertinent,
814 1846 848 1870 ut
871 1846 914 1870 est
937 1841 1055 1871 morbus
1076 1843 1222 1879 sonticus,
1241 1841 1341 1882 funus
1353 1843 1530 1885 familiare,
1553 1850 1608 1875 etc.
1653 1847 1684 1874 Si
1707 1847 1797 1875 iudex
1822 1846 1868 1875 vel
1889 1847 2030 1876 alteruter

79 1897 116 1916 ex
138 1885 334 1924 litigatoribus
363 1884 468 1913 morbo
495 1885 610 1912 sontico
639 1883 870 1921 impediebatur,
910 1884 961 1912 lex
989 1884 1110 1914 iubebat
1133 1885 1211 1913 diem
1233 1885 1337 1914 iudicii
1361 1896 1423 1916 esse
1447 1887 1592 1924 diffisum,
1629 1887 1686 1917 hoc
1709 1895 1754 1918 est
1778 1890 1926 1928 prolatum
1947 1893 1975 1916 et
1996 1890 2029 1916 in

79 1929 155 1958 diem
179 1928 303 1957 alterum
332 1927 484 1957 reiectum.
514 1925 622 1955 Idem.
660 1925 748 1955 Reus.
785 1927 819 1955 Id
842 1926 967 1955 verbum
991 1927 1098 1965 passim
1122 1927 1152 1955 in
1174 1927 1246 1957 iure.
1285 1929 1321 1957 Et
1344 1930 1513 1967 specialiter
1535 1931 1625 1959 Titul.
1648 1932 1684 1959 de
1708 1932 1824 1960 duobus
1846 1931 1920 1967 reis;
1951 1930 2028 1959 adde

80 1972 250 2001 Ciceronem
273 1970 324 1999 lib.
347 1969 384 1998 de
408 1970 534 1998 Oratore
557 1969 592 2003 (l.
614 1970 666 2005 c.).
697 1967 802 1998 Goth.
846 1967 927 1997 Reus
949 1968 1128 2008 stipulando.
1170 1970 1228 2005 Qui
1251 1975 1279 1998 et
1300 1981 1369 1999 reus
1392 1973 1557 2010 stipulandi
1578 1974 1606 2001 iu
1632 1973 1650 2003 l.
1667 1977 1693 2004 1.
1708 1974 1737 2003 ff.
1762 1974 1798 2002 ‹le
1821 1973 1937 2002 duobus
1960 1973 2026 2003 reis.

80 2013 188 2044 Idem.
223 2012 304 2041 Reus
322 2011 528 2052 promittendo.
566 2011 624 2046 Qui
647 2015 677 2039 et
700 2021 768 2040 reus
790 2011 985 2050 promittendi
1006 2012 1035 2040 in
1059 2012 1163 2042 1.1.ff.
1187 2013 1224 2041 de
1246 2012 1363 2042 duobus
1386 2015 1452 2043 reis.
1477 2013 1586 2045 Idem.
1628 2014 1709 2054 Quid
1731 2015 1833 2044 borum
1856 2020 1909 2044 etc.
1947 2016 2026 2051 Quid

79 2057 188 2086 horum
213 2056 267 2084 suit
291 2054 396 2083 vitium
420 2055 569 2083 arbitrove
591 2063 680 2081 reove
704 2053 766 2082 dies
788 2053 952 2090 distensu33
989 2055 1038 2082 vel
1069 2054 1216 2083 diffunsus
1245 2060 1323 2092 θεῖος
1362 2057 1410 2085 vel
1438 2057 1564 2086 diffusus
1588 2062 1640 2086 est.
1686 2058 1760 2087 Vide
1782 2059 1842 2090 [2.
1867 2060 1933 2096 §.3.
1950 2059 1980 2088 θ’.
2004 2059 2026 2086 si

80 2101 144 2140 quis
167 2097 364 2127 cautionibus.
388 2096 498 2125 Idem.
538 2097 635 2124 Actor
657 2107 783 2135 reusque.
815 2097 955 2125 Actorum
978 2096 1088 2135 reique.
1122 2096 1183 2126 Me.
1212 2098 1298 2126 Reus.
1344 2097 1451 2128 Idem.

243 2138 372 2168 Rivus.
396 2139 456 2178 (Ad
474 2150 502 2177 p.
516 2137 600 2175 227.)
625 2138 762 2166 Correxit
785 2139 854 2168 olim
871 2139 1062 2167 doctissimus
1077 2139 1245 2168 Turnebus:
1268 2152 1353 2179 specu
1370 2140 1514 2170 inciliove.
1536 2140 1636 2171 Scal.
1669 2141 1702 2170 Id
1720 2143 1872 2181 sequentia
1891 2144 2023 2182 probant.

79 2183 175 2214 Rivus
197 2187 297 2211 autem
314 2192 329 2210 a
344 2182 418 2219 ρἑ,
440 2181 510 2211 ssuo.
530 2181 617 2210 Dae.
658 2180 731 2208 Vide
754 2181 772 2209 l.
789 2184 815 2212 1.
840 2184 863 2219 §.
877 2183 907 2212 2.
921 2181 951 2212 ff.
974 2182 1009 2210 de
1032 2181 1114 2211 rivis.
1147 2181 1214 2211 Sive
1234 2194 1319 2222 super
1341 2190 1447 2212 terram
1460 2183 1569 2225 fossa,
1592 2184 1651 2212 sive
1672 2183 1768 2212 subter
1789 2196 1884 2224 specu.
1915 2187 2023 2224 specus

79 2232 108 2257 qt
130 2227 208 2256 fossa
230 2224 280 2253 hic
302 2228 512 2263 opponuntur,
537 2228 569 2252 ut
592 2227 621 2251 et
643 2233 695 2261 per
718 2233 838 2261 specum
861 2223 970 2253 ducere
993 2229 1022 2253 et
1044 2234 1098 2262 per
1121 2230 1256 2263 apertum
1279 2227 1308 2254 in
1332 2226 1435 2257 1.3.fl“.
1460 2226 1496 2255 de
1518 2226 1598 2255 rivis.
1635 2225 1736 2266 Super.
1766 2228 1881 2257 Subter.
1917 2225 2020 2255 Goth.

243 2266 435 2306 Rependa.
479 2264 627 2294 Remmia.
665 2266 740 2293 Gen.
761 2265 810 2294 lib.
824 2266 874 2295 XI.
894 2276 918 2295 c.
934 2269 982 2298 17.
1006 2267 1098 2296 refert
1120 2269 1151 2296 in
1173 2268 1272 2296 edicto
1295 2268 1388 2297 veteri
1411 2268 1566 2297 cuiusdam
1581 2269 1729 2297 Praetoris
1753 2270 1896 2308 scriptum
1919 2268 2020 2296 fuisse:

81 2312 140 2352 Qui
151 2311 284 2352 flumina
306 2307 429 2337 retanda
449 2307 567 2348 publice
588 2306 734 2346 redempta
756 2307 879 2338 habent.-
907 2309 934 2338 εἰ
956 2310 1020 2349 quis
1039 2320 1138 2338 eorum
1160 2309 1202 2338 ad
1223 2321 1267 2338 me
1289 2309 1409 2340 eductus
1422 2310 1538 2352 fuerit,
1567 2311 1619 2351 qui
1640 2310 1773 2348 dicatur,
1798 2310 1877 2351 quod
1897 2320 1958 2337 eum
1981 2320 2021 2338 ex

79 2354 140 2395 lege
161 2353 319 2383 locationis
338 2351 447 2392 facere
474 2351 647 2389 oportuerit,
682 2361 739 2379 non
758 2350 879 2392 fecisse.
924 2352 960 2380 Et
983 2352 1061 2390 apud
1085 2353 1186 2381 Caium
1211 2352 1261 2382 lib.
1278 2353 1340 2382 V11.
1364 2353 1400 2382 de
1423 2354 1534 2391 origine
1555 2353 1787 2382 vocabulorum:
1823 2359 1897 2380 rems
1920 2352 2022 2380 vocari

79 2396 211 2434 arbores,
235 2405 308 2435 quae
329 2401 381 2423 aut
403 2405 443 2424 ex
465 2394 536 2432 ripis
546 2393 709 2434 fluminum
731 2393 900 2431 eminerent,
925 2401 977 2423 aut
998 2394 1029 2424 in
1051 2393 1142 2424 alveis
1163 2406 1261 2425 eorum
1284 2402 1434 2432 extarent,
1457 2394 1679 2436 appellatasque
1695 2407 1753 2424 esse
1767 2406 1785 2423 a
1800 2392 1918 2429 retibus,
1940 2391 2020 2432 quod
