2263 2668
207 170 283 204 484
641 165 985 199 COMMENTARII
1010 164 1058 197 IN
1083 164 1227 198 PAULI
1252 165 1449 200 DIACONI
1474 167 1728 201 EXCERPTA

209 264 247 293 At
268 264 434 292 miseremur
455 268 570 297 semper
591 257 734 294 aliorum,
760 263 791 286 ut
813 258 853 286 eis
876 267 961 296 opem
985 257 1123 285 feramus.
1167 258 1261 296 Virg.:

828 301 967 328 Miserere
989 300 1082 328 animi
1103 310 1161 328 non
1184 300 1275 340 digna
1286 300 1423 341 ferensis.

210 348 310 385 Neque
340 352 435 374 tamen
464 343 540 371 illud
571 341 731 372 discrimen
761 343 873 382 ubique
897 353 912 370 a
935 341 1086 370 veteribus
1117 343 1316 374 observatum.
1346 343 1438 373 Dac.
1483 344 1569 374 Adde
1591 344 1719 373 Nonium
1749 343 1780 372 in
1805 343 1947 374 Bffiserari
1975 353 2001 374 et
2030 348 2156 377 misereri

210 389 371 429 (pag-445,
396 384 509 423 Mero).
557 385 669 414 Gloss.:
701 385 881 421 Misenum,
913 385 993 415 ἐλεεῖ.
1041 383 1146 414 Goilt.

372 426 627 459 IUiracidion.
673 427 895 464 Mirachidion‚
919 425 1086 466 μειράκιον,
1109 429 1312 469 μειρακίδιον,
1336 426 1553 468 μειρακύλλιον.
1598 428 1751 468 Aristoph.
1775 429 1929 467 (passim.).
1975 430 2064 460 Dae.

370 470 502 500 Metus.
548 470 677 499 Ennius:

804 512 847 541 Ni
868 519 958 540 melus
981 510 1045 541 ulla
1067 519 1140 541 tenet
1163 513 1216 541 rite
1236 513 1341 541 virtute
1363 513 1523 553 quiescunt.

207 566 293 594 Dac.
317 564 391 592 Vide
415 563 469 591 sub
493 573 521 592 v.
544 562 716 592 Illasculino
740 569 769 592 et
790 563 821 591 in
843 562 937 592 Recto
952 562 1065 605 fronte.
1109 563 1192 592 Adde
1215 564 1289 591 Non.
1312 564 1464 601 pag.214.
1489 574 1516 592 v.
1539 562 1648 593 Ilffetus.
1695 562 1799 594 Goth.

371 614 516 644 ZlIetari
539 623 680 643 castra.
728 614 841 644 Metam·
863 614 937 642 nihil
962 614 1042 643 aliud
1065 618 1108 643 est
1132 625 1219 653 quam
1244 614 1393 651 dividere,
1417 625 1517 644 secare
1541 615 1601 644 suis
1623 615 1731 643 finibus
1755 619 1782 643 et
1804 615 1898 644 metis.
1938 616 2011 645 Inde
2035 625 2156 647 metator·

207 668 343 697 agrorum
367 658 502 685 Ciceroni
526 662 570 685 est
581 658 708 697 finitor,
745 658 793 685 cui
815 657 857 685 rei
881 667 985 694 gruma
1009 662 1037 686 et
1059 658 1237 695 decempeda
1259 657 1416 686 serviebat.
1461 658 1539 686 Hine
1562 657 1732 697 degi-umore
1753 658 1848 694 viam,
1885 663 1914 687 et
1936 657 2157 699 decempedaior

206 711 261 739 pro
285 707 430 729 metatore.
454 700 540 728 Dac-
586 702 869 730 Meta...ca...a.
899 698 979 739 (Vid.
997 711 1026 740 p.
1041 700 1121 738 170.)
1153 699 1266 729 Meum·
1289 708 1387 728 castra
1411 701 1513 729 vocari
1535 711 1553 728 a
1576 701 1666 729 metis.
1707 699 1787 728 Nihil
1810 701 1891 729 aliud
1915 701 2014 731 video.
2052 702 2155 740 Neque

207 743 283 771 enim
307 743 428 771 doctiss.
451 742 581 771 Merulae
609 743 741 772 assentiri
769 752 889 781 possum
921 743 973 781 qui
1002 743 1033 771 in
1060 742 1143 772 hisce
1169 742 1329 771 ruderibus
1351 743 1442 772 latere
1464 743 1585 782 putavit
1608 743 1806 781 fragmentum
1831 743 1935 773 Ennii:
1974 744 2051 774 Dico
2074 745 2154 784 queis

206 784 282 814 lzunc
305 784 403 813 dicare
425 785 513 823 cupit.
559 784 659 814 Scul-

368 826 429 855 Me
439 826 545 856 cldiae.
589 828 691 857 Livius
714 828 763 857 lib.
776 829 891 865 XXVI,
916 829 1021 865 (c.6.):
1044 826 1256 857 Mediasturius
1271 825 1519 867 (Medixtuticus)
1536 828 1586 868 qui
1610 839 1738 856 summus
1759 828 1947 867 magistratus
1969 827 2051 868 apucl
2069 826 2155 857 Cam-

203 879 298 908 panos
319 877 369 898 est.
393 868 495 900 Fulv.
525 869 602 900 Urs.
640 871 746 900 Melius
768 870 871 900 metlix
894 875 927 899 ut
947 871 978 898 in
1001 870 1038 899 al.
1062 871 1142 909 quod
1165 871 1289 909 propius
1312 870 1425 898 accedit
1449 869 1487 898 ad
1511 870 1660 900 Graecum
1683 870 1797 910 μέδων,
1822 876 1971 909 regnator.
2007 871 2042 900 In
2066 881 2155 901 versu

207 912 291 939 Ennii
313 912 378 950 lego
402 923 475 940 unus
496 922 551 951 pro
574 925 717 943 summus:

830 956 910 985 Unus
932 955 973 984 ibi
995 956 1110 995 capitur
1132 954 1259 992 Mediae,
1283 953 1430 985 occiditur
1452 954 1533 985 alter.

207 1006 356 1034 Postrema
378 1006 464 1035 litera
487 1008 569 1035 vocis
584 1006 695 1036 Ennius
719 1006 852 1036 adhaesit
875 1009 942 1036 voci
965 1019 1053 1044 unus,
1076 1018 1164 1035 sunus
1187 1006 1264 1035 unde
1287 1012 1388 1045 postea
1412 1006 1522 1036 factum
1546 1017 1681 1035 summus.
1711 1007 1747 1035 Et
1770 1006 1810 1035 ita
1834 1008 2058 1037 rescribendum
2082 1018 2154 1046 pro-

205 1049 254 1076 bat
276 1059 337 1076 vox
360 1048 442 1077 alter.
471 1048 560 1080 Dac,
606 1051 679 1078 Male
710 1050 788 1088 apud
812 1052 950 1079 Senecam
979 1050 1016 1078 de
1038 1050 1145 1087 Tranq.
1165 1051 1194 1080 3.
1221 1048 1324 1086 Cciysc.
1370 1049 1424 1078 Hic
1453 1055 1553 1079 tamen
1583 1049 1632 1078 alii
1660 1049 1762 1086 legunt
1784 1049 2010 1080 Medistriticus.
2045 1049 2152 1080 Goth.

205 1091 364 1119 Dicebatur
388 1090 526 1128 Maleus,
557 1091 706 1127 Medzlioe,
734 1094 858 1129 Mer-ris,
882 1092 1003 1122 Mediae.
1045 1092 1174 1127 Midum}
1197 1092 1225 1119 in
1252 1092 1371 1120 Graecis
1395 1093 1545 1121 invenitur
1567 1092 1821 1130 inscriptionibus.
1862 1093 1949 1131 Apud
1973 1093 2089 1122 Livium
2112 1093 2155 1120 le-

204 1134 283 1171 gitur
306 1134 363 1161 iam
388 1134 501 1162 dudum
525 1140 606 1163 recte
631 1134 765 1164 Mcddix
788 1137 911 1170 ιιιίίςιιε,
938 1136 983 1163 vel
1009 1146 1066 1163 una
1091 1145 1164 1163 voce
1187 1133 1440 1164 Meclclioetuticus.
1481 1136 1523 1166 Cf.
1548 1135 1661 1164 Milller.
1686 1135 1733 1163 die
1756 1135 1908 1164 Etrusker.
1932 1147 1960 1174 p.
1973 1138 2024 1168 29.
2048 1140 2118 1163 tom.
2135 1135 2154 1164 l.

204 1175 337 1205 Meclclioe
360 1175 433 1204 nihil
459 1181 502 1204 est
525 1177 622 1213 alind,
653 1178 706 1205 nisi
731 1176 842 1206 consul.
890 1178 1044 1206 Descendit
1068 1179 1142 1205 enim
1166 1177 1286 1205 meddix
1311 1188 1326 1204 a
1350 1178 1497 1206 Sanscrita
1523 1188 1596 1206 voce
1619 1174 1707 1214 mHti,
1734 1177 1903 1215 consilium,
1927 1178 2003 1207 unde
2027 1178 2156 1206 Graeco-

203 1229 270 1246 rum
294 1221 395 1258 μῆτις,
422 1220 595 1248 Latinorum
620 1219 772 1257 meditari,
797 1225 825 1248 et
848 1220 913 1249 alia.
946 1221 991 1248 Ex
1014 1220 1114 1248 eodem
1138 1220 1220 1248 sonte
1243 1225 1312 1247 sunt
1335 1219 1462 1256 Mettus,
1487 1220 1627 1255 Meuius,
1652 1220 1768 1248 nomina
1792 1220 1913 1258 Sabina,
1938 1231 2011 1260 quae
2035 1231 2155 1259 permu-

203 1263 344 1289 tationem
367 1263 449 1290 illam
474 1263 699 1291 consonantium
723 1270 733 1290 t
758 1268 787 1290 et
809 1262 829 1290 cl
852 1263 1035 1302 probabilem
1058 1262 1196 1290 reddunt.
1244 1262 1382 1298 Tuticus,
1411 1262 1490 1299 quod
1513 1263 1656 1291 scribitur
1679 1263 1766 1291 etiam
1792 1263 1914 1301 Tolicu,
1938 1261 2045 1304 tuftilc,
2069 1263 2156 1301 signi-

204 1304 290 1332 ficare
313 1315 451 1344 magnus,
483 1316 628 1341 summus,
664 1305 795 1334 ostendit
818 1306 1005 1334 Itinerarium
1029 1304 1350 1342 Hierosolymitanum,
1382 1304 1432 1332 ubi
1456 1305 1602 1343 oppidum
1624 1306 1653 1333 in
1677 1305 1813 1340 Samnio,
1845 1303 2065 1344 Equusiulicus‚
2097 1305 2156 1334 hoc

203 1347 350 1375 vocabulo
378 1347 526 1375 redditum
557 1352 618 1376 est:
655 1360 743 1387 equus
773 1359 904 1387 magnus.
950 1348 1013 1375 Erit
1035 1348 1125 1385 igitur
1149 1345 1284 1376 DIeslslict·
1306 1347 1429 1381 tuticus,
1468 1346 1578 1376 Consul
1598 1348 1767 1385 maximus,
1802 1347 1849 1375 vel
1875 1347 1999 1376 Senator
2021 1359 2155 1387 magnus,

202 1400 352 1426 summus,
377 1400 414 1418 ex
439 1400 496 1427 qua
519 1400 551 1418 re
574 1390 766 1428 intelligitur,
789 1395 870 1419 recte
893 1389 973 1429 apud
996 1392 1122 1419 Ennium
1146 1389 1218 1426 legi:
1243 1387 1381 1417 Summus
1403 1388 1445 1416 ibi
1468 1390 1584 1428 capitur
1600 1388 1743 1418 Mcddiae.
1777 1389 1900 1418 Tuticus
1924 1395 2023 1418 autem
2045 1400 2154 1428 cogna-

204 1438 267 1461 tum
290 1437 334 1461 est
356 1432 540 1461 vocabulum
563 1443 630 1461 cum
654 1443 728 1461 voce
751 1432 876 1469 mitulus,
903 1443 978 1471 quae
1001 1433 1142 1461 Flaminis
1165 1431 1296 1470 apicem,
1319 1441 1466 1459 summum
1490 1436 1693 1460 ornamentum
1717 1432 1821 1470 capitis
1845 1432 1998 1470 significat.

366 1473 656 1504 Meditrinalia.
700 1476 783 1504 Varr.
807 1476 856 1503 lib.
872 1476 906 1503 V.
937 1477 998 1512 (De
1021 1476 1052 1504 L.
1072 1476 1102 1504 L.
1125 1474 1182 1507 VI,
1211 1483 1276 1511 pag.
1289 1476 1361 1504 203.
1386 1474 1468 1512 Sp.):
1504 1472 1716 1503 Meditrinalia
1744 1473 1805 1503 dies
1834 1473 1930 1503 dictus
1957 1485 1976 1503 α
2003 1473 2154 1511 medendo,

203 1515 284 1558 quod
314 1525 345 1546 ut
367 1516 497 1547 Flaccus
515 1518 631 1557 flamen
653 1516 810 1547 Martialis
838 1517 953 1547 dicebat
983 1517 1039 1546 lioc
1068 1517 1114 1546 die
1142 1515 1260 1545 solitum
1289 1517 1387 1544 vinum
1410 1527 1515 1544 novum
1539 1524 1564 1544 et
1585 1523 1664 1545 vetus
1686 1515 1777 1545 libari
1797 1523 1823 1545 et
1846 1515 1995 1556 degustari
2018 1515 2156 1546 medica-

202 1560 290 1588 menti
306 1570 417 1599 causa5
440 1558 519 1600 quod
538 1558 640 1600 facere
660 1559 753 1589 solent
776 1561 862 1590 eiiam
887 1571 964 1589 nunc
985 1559 1072 1589 multi
1094 1570 1159 1589 cum
1184 1557 1301 1586 dicunt.-
1324 1568 1430 1586 novum
1451 1566 1531 1586 vetus
1551 1559 1650 1587 vinum
1674 1557 1757 1595 bibo,
1780 1569 1854 1587 novo
1877 1560 1964 1587 veteri
1978 1557 2080 1588 morbo
2096 1571 2154 1588 me-

203 1601 281 1632 deor.
325 1602 409 1631 Idem
439 1604 525 1630 etiam
554 1602 719 1631 factitatum
749 1603 840 1631 fuisse
866 1603 903 1631 ad
926 1613 1085 1641 pomorum
1109 1600 1256 1640 primitias
1278 1599 1366 1628 docet
1387 1600 1501 1628 Plinius
1524 1600 1651 1628 alicubi:
1689 1598 1763 1635 Cur,
1796 1599 1837 1628 acl
1855 1602 2017 1640 primitias,
2048 1601 2154 1639 inquit,

202 1656 353 1682 pomorum
377 1644 449 1673 haec
471 1651 565 1673 vetera
587 1656 645 1673 esse
666 1643 806 1680 dicimus,
829 1644 892 1673 alia
915 1655 991 1673 nova
1014 1642 1173 1684 optamus?
1203 1642 1270 1677 Quo
1293 1642 1371 1670 Festi
1395 1647 1423 1670 et
1445 1642 1587 1671 Varronis
1610 1642 1700 1671 verba
1724 1642 1843 1671 alludit:
1872 1642 1988 1671 Novum
2010 1650 2089 1672 vetus
2110 1644 2156 1672 υἰ-

204 1698 270 1715 num
294 1686 371 1718 bibo.
400 1688 493 1716 Erant
515 1692 615 1716 autem
637 1687 839 1716 Meditrinalia
861 1688 894 1718 V.
913 1687 957 1717 ld.
978 1687 1102 1716 Octobr.
1133 1685 1276 1714 Similiter
1297 1685 1402 1713 Graeci
1424 1685 1569 1714 Neoinian
1593 1685 1758 1722 celebrant,
1779 1684 1815 1714 de
1839 1695 1896 1724 qua
1919 1685 2035 1723 Longus
2057 1685 2109 1714 lib.
2120 1686 2156 1715 11.

205 1729 361 1758 Media-ina
385 1736 480 1758 autem
505 1734 549 1758 est
571 1740 680 1759 nomen
703 1728 954 1769 ἐπιτηδεύματος,
978 1735 1012 1759 ut
1036 1728 1223 1765 Cociatrina‚
1247 1726 1414 1756 Lavatrina
1436 1733 1464 1756 et
1486 1728 1603 1758 similia.
1627 1726 1731 1757 Scal.
1769 1727 1838 1756 Dixi
1860 1727 1899 1756 ad
1921 1727 2046 1758 Varron.
2062 1728 2098 1758 V.
2121 1728 2157 1757 de

206 1771 302 1810 lingua
323 1783 370 1801 no.
386 1775 417 1804 3.
467 1771 571 1801 Goth.

367 1813 582 1844 Medioxim
592 1826 654 1844 um.
698 1813 940 1844 Medioaeumum.
978 1814 1149 1852 Antiquitas
1172 1812 1258 1851 prius
1282 1812 1420 1840 dicebant
1443 1811 1668 1849 mecliotumum,
1693 1817 1726 1841 ut
1749 1812 1878 1840 Plautus.
1915 1812 2032 1841 Dictum
2055 1823 2072 1841 a
2094 1823 2157 1842 me-

209 1854 255 1881 dio
278 1855 509 1892 ΙΠεᾶἱοιιινηιιητ,
535 1862 571 1886 ut
594 1868 609 1885 a
634 1862 743 1896 quoto,
767 1862 954 1896 quotumum.
999 1857 1086 1896 Apud
1110 1856 1247 1885 Plautum
1271 1854 1387 1891 (Pseud.
1404 1854 1462 1893 IV,
1485 1857 1520 1892 2,
1545 1857 1598 1893 7.);
1632 1854 1797 1894 Quotumae
1817 1862 1884 1884 sunt
1906 1853 2017 1885 aedes?
2036 1851 2155 1887 πόσται.

211 1894 309 1925 Scal.
351 1899 443 1929 Plaut.
468 1900 639 1937 Cistell.11,
665 1902 696 1937 1,
721 1899 812 1939 (36.):

696 1949 744 1980 Ita
767 1963 810 1980 me
830 1951 872 1980 Di
891 1951 1044 1992 Deaeque,
1070 1950 1166 1989 superi
1188 1957 1276 1989 atque
1298 1947 1386 1990 infieri
1408 1956 1434 1977 et
1457 1947 1649 1977 medioxumi.

212 1997 252 2024 De
274 1996 330 2024 diis
351 1998 538 2030 Medioximis
562 2002 683 2030 Servius
698 2001 771 2038 XII,
795 2001 835 2041 (v.
852 2002 934 2040 118.)
960 2003 1048 2030 Aen.:
1083 1999 1159 2029 Sunt
1187 2001 1277 2037 enim,
1309 1999 1421 2037 inquit,
1458 2000 1579 2027 numina
1603 1998 1707 2039 aliqua
1731 2005 1842 2027 tantum
1866 1998 2018 2035 coelestia,
2052 1999 2156 2040 aliqua

211 2045 323 2066 tantum
346 2044 502 2079 terrestria,
525 2044 587 2073 alia
607 2043 718 2080 media,
742 2055 815 2084 quos
832 2043 977 2083 Apuleius
998 2042 1204 2072 medioxumos
1226 2049 1322 2072 vocat.
1340 2042 1429 2071 Duc.
1454 2040 1677 2071 medioximum
1696 2041 1793 2070 Nonio
1818 2042 1858 2080 (p.
1873 2043 1943 2073 141.
1963 2043 2023 2080 Μ.).
2050 2041 2154 2072 Goth.

376 2082 614 2115 Medullinus.
660 2088 685 2115 A
709 2087 847 2115 medullis
872 2092 904 2115 ut
925 2087 961 2115 ab
985 2086 1080 2115 oculis
1103 2086 1241 2113 oculitus.
1284 2085 1380 2114 Plaut.
1405 2084 1504 2123 (Most.
1519 2084 1546 2120 I,
1571 2086 1608 2120 3,
1631 2082 1713 2124 86.):

853 2129 891 2157 Ut
913 2128 1013 2158 videas
1035 2127 1119 2158 illam
1143 2126 1312 2156 medullitus
1334 2138 1378 2155 me
1400 2138 1506 2155 amare.

212 2164 300 2194 Dac-
346 2164 432 2193 Adde
454 2167 581 2196 Nonium
603 2170 634 2197 in
657 2170 834 2200 Medullitus
857 2171 937 2210 (pag.
953 2174 1022 2203 139.
1047 2169 1158 2210 Mera).
1199 2170 1337 2198 Glossae:
1366 2167 1560 2205 Medullum,
1583 2178 1702 2205 nomen,
1725 2165 1952 2206 ἦδονικώτατος.
1999 2166 2104 2198 Gotlz.

379 2206 647 2239 Mediiullium.
693 2214 785 2247 Quasi
808 2213 904 2242 meslia
927 2212 1027 2250 tellus,
1050 2213 1147 2252 inquit
1162 2213 1239 2242 Fest.
1264 2213 1315 2241 sed
1338 2211 1423 2240 aliter
1439 2211 1541 2240 Cicero
1565 2211 1617 2249 qui
1639 2215 1767 2239 testatur
1789 2211 1819 2238 in
1836 2210 1956 2248 Topicis
1973 2209 2057 2250 (c.8‚
2081 2211 2154 2249 δᾶ),

214 2258 273 2276 non
295 2249 361 2287 plus
384 2259 446 2278 esse
468 2250 583 2279 tullium
605 2254 634 2279 in
658 2253 868 2292 meditullium,
899 2267 986 2294 quam
1010 2257 1113 2292 timus,
1141 2256 1172 2284 in
1183 2256 1349 2296 finitimus,
1378 2253 1539 2294 legitimus,
1564 2259 1619 2282 etc.
1669 2252 1799 2282 Tullium
1822 2263 1891 2291 ergo
1915 2257 1958 2282 est
1980 2254 2062 2282 vocis
2084 2264 2154 2292 pro-

215 2291 316 2320 ductio
339 2296 371 2320 ut
391 2291 493 2321 iolium
518 2294 547 2321 in
572 2292 755 2331 Capitolium.
799 2297 885 2326 Dac.

378 2333 570 2364 Meflibile.
616 2335 638 2363 Α
662 2336 775 2365 medeor
796 2339 946 2377 medihile,
969 2345 1002 2368 ut
1026 2351 1042 2369 a
1064 2339 1209 2376 medicor,
1232 2338 1414 2368 medicabile.
1459 2338 1547 2368 Dac-

377 2374 652 2406 Mecliterream.
703 2376 917 2409 Medium-eum.
963 2384 998 2411 Ut
1028 2383 1149 2411 Graecis
1180 2386 1343 2422 μεσογεῖον.
1387 2380 1636 2411 Mediterraneum
1667 2385 1765 2409 tamen
1795 2390 1862 2408 usus
1892 2379 2028 2408 obtinuit.
2068 2377 2151 2406 Dae.

218 2417 354 2446 Glossae:
385 2417 632 2457 mediterraneus,
657 2417 823 2459 μεσόγαιος.
869 2423 1093 2461 inedita-ranei,
1117 2425 1336 2464 μεσυγεωτικοί.
1384 2423 1490 2452 Goth·
