2263 2668
240 125 315 161 212

1007 124 1232 161 ARUSIANI
1266 125 1408 162 MESSI

239 219 434 255 Abhorrere
464 219 569 253 illum.
596 217 666 251 cic.
699 226 763 262 pro
790 214 989 252 Cluentio¹:
1021 218 1135 254 Nemo
1160 221 1258 254 illum
1290 221 1442 255 convivio
1475 221 1626 267 dignum
1659 221 1861 256 iudicabat:
1900 235 2017 259 omnes
2049 237 2175 272 asper-

338 271 530 311 nabantur,
562 279 678 302 omnes
703 268 958 311 abhorrebant,
985 281 1118 314 omnes,
1152 276 1189 306 ut
1215 273 1371 317 aliquam
1397 274 1585 307 immanem
1610 285 1656 307 ac
1676 275 1913 319 perniciosam
1940 275 2086 310 bestiam
2107 289 2176 323 pe-

337 327 500 366 stemque,
521 317 726 365 fugiebant.
777 320 971 355 Abhorrere
997 323 1039 356 ab
1065 323 1135 357 illo.
1159 324 1293 359 Terent.
1321 322 1481 369 Hecyr.²:
1507 324 1712 359 Abhorrere
1736 326 1892 360 animum.
1917 326 1998 361 huic
2022 328 2124 363 video
2151 341 2176 365 a

336 373 474 418 nuptiis.

235 442 370 477 Adnare
402 439 446 472 ad
479 451 552 472 eam
584 451 665 472 rem.
701 437 770 472 cic.
804 438 848 472 de
880 440 968 485 Rep.
995 438 1074 475 11.³:
1115 442 1161 476 Ut
1196 443 1248 476 ad
1279 454 1356 477 eam
1391 442 1528 483 urbem.
1564 455 1670 489 quam
1702 445 1853 488 incolas,

333 491 469 525 Adnare
494 491 543 523 iiii
569 491 625 524 rei.
653 489 747 535 Virg.
775 491 915 524 Aeneid.
942 493 967 525 1.
978 489 1005 527 ⁴:
1030 493 1112 528 Huc
1134 495 1244 540 pauci
1269 495 1392 528 vestris
1418 495 1627 530 adnavimus
1654 497 1732 530 oris.

1883 446 1996 491 possit
2021 446 2172 482 adnare.

232 559 428 605 Adgredior
454 560 557 592 illum.
585 559 680 603 Virg.
706 558 845 592 Aeneid.
868 557 964 594 lv.⁵:
1000 561 1142 596 Talibus
1168 563 1385 608 adgreditur
1416 562 1583 598 Venerem
1611 563 1781 599 Saturnia
1813 564 1927 601 dictis.
1977 564 2174 611 Adgredior

333 611 378 644 ad
403 611 507 644 illum.
531 610 600 644 Cic.
628 621 692 655 pro
716 609 906 645 Cluentio⁰z
934 612 1145 659 Adgredior
1170 615 1221 647 ad
1248 615 1388 647 crimen.

231 679 464 715 Accommoda
489 679 569 712 huic
594 678 650 713 rei.
678 678 770 723 Virg.
799 679 938 713 Aeneid.
967 678 1058 716 ΧΠ.
1084 682 1325 716 Accommoda
1341 681 1476 727 fraudi
1498 682 1756 728 Armorumque
1782 683 1881 717 dolis.
1934 670 2171 719 Acconimodo

331 731 375 764 ad
402 731 489 763 hanc
515 741 594 763 rem.
627 729 696 764 Cic.
723 741 787 774 pro
814 730 1006 765 Cluentiossz
1038 733 1128 766 Arte
1154 735 1310 779 quadam
1332 734 1540 778 praeditus,
1567 735 1618 767 ad
1644 735 1805 768 libidines
1832 735 2172 770 adolescentulorum

332 782 540 815 excitandas
566 782 844 815 accommodata.

899 782 1154 818 Accommod0³¹
1184 786 1264 818 huic
1290 785 1347 817 rei.
1376 785 1469 829 Virg.
1497 786 1580 820 Aen.
1596 786 1658 819 11.:
1683 786 1874 830 Later-ique
1900 797 2041 820 accom—
2059 786 2169 834 [492]

331 833 452 866 modat
480 844 604 866 ensem.
655 833 889 867 Accommodo
916 835 959 868 ad
986 835 1074 870 hanc
1094 833 1206 870 rem¹⁰.
1235 836 1304 870 Cic.
1331 836 1373 869 de
1399 837 1488 881 Rep.
1514 837 1559 870 L:
1585 837 1872 872 Accommodabo
1890 837 1941 872 ad
1967 849 2022 880 ea,
2046 839 2078 872 si
2085 843 2171 884 pot-

330 894 406 925 ero‚
436 895 575 918 omnem
610 885 811 917 orationem.

227 950 341 995 Aeger
362 952 459 987 illius,
486 953 604 988 Salust.
631 955 714 990 Hist.
730 956 805 989 1111.
816 949 854 987 ¹¹:
884 954 1026 988 Consilii
1051 966 1173 1001 aeger.

1224 956 1340 1001 Aeger
1359 955 1430 988 illo.
1457 955 1554 988 Idem
1580 956 1680 990 Bello
1707 953 1848 991 Catil.¹²:
1873 955 2030 991 Pedibus
2044 967 2168 1003 aeger.

328 1003 444 1048 Aegre
470 1004 553 1038 mihi
574 1011 629 1039 est.
657 1008 791 1040 Terent.
819 1003 994 1050 Hecyr.¹³:
1020 1006 1162 1052 Nequid
1188 1018 1302 1052 aegre
1328 1010 1416 1041 esset
1441 1007 1536 1040 mihi.

226 1070 454 1106 Avulsumilli.
479 1073 666 1119 virg-Aen.
685 1076 744 1109 11.:
776 1072 1045 1120 Avulsamquefl
1068 1076 1221 1109 humeris
1248 1080 1364 1122 caput.
1391 1076 1552 1110 Avulsum
1579 1075 1622 1109 ab
1649 1075 1718 1108 illo.
1746 1076 1882 1110 Terent.
1908 1070 2037 1111 Eun.¹⁵:
2063 1074 2169 1110 Hunc

326 1128 448 1168 sperat
473 1135 511 1158 se
538 1137 561 1159 a
582 1138 637 1161 me
668 1128 829 1161 avellere.

225 1190 385 1235 Applicat
410 1192 490 1227 huic
512 1195 570 1230 rei.
599 1195 693 1239 Virg.
722 1194 860 1228 Aeneid.
888 1190 1011 1227 XILffiz
1040 1194 1172 1228 Terrae
1205 1196 1364 1240 applicat
1391 1196 1514 1240 ipsum.
1567 1195 1728 1240 Applicat
1753 1193 1798 1227 ad
1816 1193 1905 1228 hanc
1927 1205 2008 1228 rem.
2036 1193 2108 1229 Cic.
2133 1193 2168 1227 in

326 1243 489 1276 Siciliensi
503 1242 543 1279 ¹⁷:
571 1245 618 1280 Se
644 1246 694 1279 ad
721 1247 912 1279 amicitiam
939 1257 974 1290 1¹·
989 1257 1016 1277 r.
1041 1246 1221 1291 fidemque
1247 1248 1451 1292 applicavit.

227 1292 304 1338 Ago
330 1294 388 1326 iila
410 1307 457 1328 re.
493 1296 563 1330 Cic.
597 1308 660 1341 pro
692 1298 830 1342 Ligario
850 1294 890 1329 ¹⁵³:
929 1296 1046 1343 Quam
1081 1298 1144 1330 isto
1177 1299 1281 1331 modo
1308 1310 1331 1331 a
1358 1302 1392 1332 te
1418 1298 1485 1343 agi
1515 1297 1703 1330 maluisset.
1756 1297 1835 1341 Ago
1861 1296 1954 1329 illam
1981 1307 2062 1330 rem.
2097 1296 2177 1331 Sal.v

325 1345 410 1381 Hist.
433 1347 493 1380 111.
504 1344 543 1381 ¹⁹:
563 1349 804 1382 Amittendum
829 1359 962 1381 morem
987 1349 1080 1382 hune
1105 1360 1205 1394 quem
1232 1350 1352 1395 agitis.
1378 1350 1472 1395 Vin-g.
1500 1349 1629 1394 Georg.
1640 1344 1748 1382 1V.²⁰:
1774 1347 1993 1393 BIagnisque
2020 1348 2165 1393 agitant

323 1396 387 1430 sub
414 1398 552 1443 legibus
578 1411 711 1433 aevum.

225 1446 305 1480 Adit
331 1448 374 1481 ad
400 1449 504 1485 illum.
531 1451 601 1486 Cic.
629 1451 673 1484 ad
699 1450 852 1484 Anxium.
878 1449 953 1483 Lib.
980 1450 1006 1485 Ι.
1016 1446 1057 1483 ²¹:
1082 1450 1145 1485 Ad
1169 1450 1221 1485 M.
1243 1451 1410 1485 Bibulum
1437 1452 1609 1486 adierunt.
1662 1451 1741 1484 Ter.
1773 1447 1927 1483 Andr.²²:

311 1568 340 1604 1)
364 1568 435 1608 Cap.
464 1571 512 1601 14.
539 1570 614 1599 Tum
645 1580 688 1598 ac
713 1571 918 1609 perniciosam
949 1569 1019 1599 cod.
1053 1570 1107 1599 Gu.
1138 1576 1173 1598 et

226 1617 310 1646 pern.
336 1610 408 1639 cod.
430 1611 465 1641 A.
492 1612 530 1641 M.
546 1629 587 1634 —-
609 1614 639 1650 2)
670 1613 728 1642 Ter.
749 1614 841 1649 Jlecy.
871 1611 925 1642 IV.
949 1613 978 1642 4.
1002 1614 1050 1644 92.
1078 1613 1111 1641 A.
1134 1613 1172 1641 M.

227 1652 365 1678 animum
381 1653 453 1681 huic
467 1654 500 1683 A.
518 1655 587 1684 Mai.
603 1655 674 1682 huic
691 1656 827 1683 animum
842 1654 913 1682 Cod.
930 1654 985 1682 Gu.
1009 1670 1051 1676 —
1072 1655 1102 1692 3)
1126 1656 1174 1683 De

228 1692 301 1728 Rq).
325 1693 347 1720 I.
367 1696 454 1726 1001.
477 1697 568 1724 edidit
588 1697 621 1725 A.
636 1697 691 1733 M.‚
723 1697 773 1735 qui
801 1696 939 1724 codicem
963 1696 1015 1724 lib.
1031 1696 1071 1725 II.
1094 1697 1172 1725 indi-

231 1743 297 1761 care
321 1735 401 1763 dicit.
430 1738 478 1764 De
499 1738 627 1774 Republ.
647 1740 756 1767 omisso
781 1739 850 1766 libri
875 1748 997 1766 numero
1017 1739 1087 1767 Cod.
1114 1739 1170 1770 Gu.

229 1775 304 1804 Tum
326 1776 402 1804 idem
431 1778 500 1807 cod.
533 1781 588 1807 Gn.
633 1781 671 1807 Ut
694 1779 743 1808 ad
768 1792 844 1808 eam.
874 1780 1019 1810 adeam.
1061 1781 1171 1810 Deinde

223 1819 324 1856 possit
341 1823 465 1856 uterque
489 1820 559 1850 cod.
579 1823 681 1858 possis
704 1822 758 1852 Ed.
786 1823 851 1851 Mai.
874 1823 1019 1860 Fragmm.
1043 1823 1078 1851 de
1099 1824 1171 1862 Rep.

228 1876 271 1881 —
292 1859 320 1899 4)
351 1861 437 1898 Virg.
458 1862 536 1890 Aen.
565 1863 587 1893 I.
615 1864 685 1895 538.
709 1864 741 1891 A.
763 1864 826 1894 Mai.
848 1865 924 1894 Tum
938 1866 1036 1904 Pauci
1061 1868 1172 1894 nostris

230 1901 302 1930 Cod.
326 1902 358 1932 A.
380 1903 445 1931 Mai.
483 1904 534 1932 sed
564 1910 643 1934 recte
663 1907 769 1934 rastri-9
791 1906 860 1934 Cod.
884 1908 940 1936 Gu.
968 1925 1008 1930 —
1039 1909 1066 1944 5)
1090 1908 1172 1937 Idem

230 1944 303 1973 IIII.
328 1947 377 1976 92.
396 1945 429 1973 Α.
450 1946 488 1975 M.
506 1948 580 1975 Tum
599 1958 653 1986 pro
676 1949 841 1984 Saturnia,
865 1950 944 1987 quod
961 1950 1080 1979 exhibet
1100 1951 1171 1980 Cod.

231 1986 307 2022 Gu.‚
325 1988 526 2016 Sanctis-sima
549 1989 668 2018 exhibet
693 1990 763 2021 Cod.
784 1990 817 2019 A.
836 1990 875 2019 Μ.
898 2008 940 2013 -
966 1995 993 2027 6)
1016 1992 1071 2021 Ad
1091 1993 1175 2022 illud

231 2028 302 2057 cod.
323 2028 356 2058 A.
375 2029 453 2057 Maii.
479 2031 522 2058 ad
542 2032 631 2059 illam
656 2032 726 2060 Cod.
749 2032 803 2060 Gu.
826 2032 919 2061 Locus
947 2039 989 2062 est
1014 2045 1028 2063 e
1056 2046 1121 2075 cap.
1143 2039 1171 2068 3.

230 2086 272 2091 —
292 2070 322 2107 7)
343 2071 543 2101 Accommedo
571 2074 645 2101 lzuic
667 2085 690 2104 r.
719 2075 790 2102 Cod.
819 2075 873 2102 Gu.
900 2075 1005 2104 Versus
1029 2083 1071 2105 est
1100 2081 1172 2111 522.

230 2112 282 2140 ubi
309 2112 389 2141 haud
415 2115 502 2143 dubie
537 2115 635 2144 editur
666 2115 887 2150 accommoda,
922 2118 1001 2155 quod
1034 2120 1126 2148 Maius
1157 2131 1173 2149 e

232 2156 304 2185 cod.
326 2165 379 2184 suo
398 2157 498 2186 edidit.
520 2158 736 2186 Accommodo
765 2159 852 2187 etiam
877 2159 907 2186 in
933 2162 1066 2198 exemplo
1092 2163 1170 2200 Virg.

233 2198 304 2226 cod.
328 2197 384 2226 Gu.
404 2215 446 2220 —
475 2198 501 2238 8)
526 2200 737 2228 Accommodo
762 2206 840 2229 recte
864 2201 934 2229 Cod.
962 2202 1017 2230 Gn.
1038 2204 1172 2232 Accum-

233 2239 338 2268 moda
359 2240 429 2269 Cod.
454 2241 487 2270 A.
505 2242 542 2272 M.
570 2243 665 2271 Locus
693 2248 736 2271 est
758 2252 772 2270 e
795 2253 857 2282 cap.
881 2245 928 2275 13.
956 2244 1029 2272 Tum
1051 2256 1171 2274 accom-

233 2282 389 2310 modatum
415 2283 446 2311 in
476 2285 610 2324 exemplo
640 2285 712 2312 Cod.
738 2285 794 2313 Gu.
822 2301 864 2306 —
893 2289 923 2320 9)
952 2286 1169 2316 Adcommodo

233 2324 291 2354 hoc
312 2325 378 2353 loco
400 2325 517 2354 exhibet
539 2327 611 2356 cod.
636 2327 707 2362 Gu.‚
732 2328 810 2364 quod
828 2327 1004 2356 vocabulum
1028 2329 1113 2357 etiam
1138 2331 1170 2359 iu

235 2368 368 2407 exemplo
401 2368 533 2398 subiecto
564 2369 605 2398 ita
628 2369 773 2408 scriptum
798 2374 904 2398 exstat.
931 2371 1016 2408 Virg.
1041 2371 1114 2400 Aen.
1130 2373 1169 2402 II.

1978 1449 2166 1484 Adeamne

1216 1573 1286 1603 393.
1310 1571 1342 1600 A.
1366 1571 1436 1600 Mai.
1467 1587 1509 1592 —
1540 1573 1582 1605 10)
1605 1567 1825 1598 Adcommoda
1848 1568 1919 1598 Cod.
1944 1568 1999 1597 Gu.
2017 1572 2106 1607 atque
2130 1568 2164 1598 in

1216 1614 1351 1652 exemplo
1377 1612 1637 1641 adcommodabo.
1661 1612 1737 1640 Tum
1763 1611 1826 1640 Cic.
1850 1610 1885 1639 de
1912 1611 1988 1650 Rep.
2014 1608 2038 1639 Ῐ.
2070 1613 2163 1643 1001.

1215 1656 1249 1683 A.
1267 1656 1334 1684 Mai.
1355 1656 1415 1684 Cic.
1433 1655 1467 1683 de
1486 1655 1615 1693 quhl.
1638 1655 1745 1683 omisso
1763 1663 1886 1682 numero
1904 1654 1976 1683 Cod.
1995 1653 2051 1683 Gu.
2069 1653 2164 1682 Dein-

1216 1698 1251 1725 de
1273 1698 1343 1728 Cod.
1365 1698 1435 1726 Maii
1455 1699 1608 1726 omnium
1632 1703 1707 1727 orat.
1728 1696 1800 1726 cod.
1822 1697 1877 1724 Gu.
1896 1706 2026 1724 omnem
2050 1706 2091 1724 or.
2107 1695 2162 1725 Ed.

1212 1740 1358 1778 Fragmm.
1381 1741 1417 1769 de
1440 1741 1512 1778 Rep.
1538 1739 1674 1768 exhibet:
1706 1749 1820 1767 omnem
1846 1738 1935 1766 illam
1970 1748 2011 1768 or.
2037 1754 2078 1759 —-
2115 1736 2160 1777 11)

1214 1783 1277 1811 Sal.
1307 1784 1390 1810 His-t,
1418 1783 1492 1811 IIII.
1519 1785 1568 1814 12.
1600 1783 1634 1810 A.
1658 1781 1696 1810 M.
1729 1782 1842 1809 Salust.
1879 1781 1935 1809 Ils.
1964 1780 2050 1809 Hist.
2088 1780 2161 1808 Cod.

1215 1825 1271 1852 Gu.
1295 1825 1383 1863 Apud
1402 1825 1480 1852 Geri.
1498 1827 1548 1856 31.
1569 1840 1612 1846 -
1635 1827 1678 1858 152)
1701 1821 1785 1851 Idem
1811 1822 1878 1852 Cat.
1899 1825 1948 1854 62.
1972 1824 2005 1852 A.
2028 1822 2065 1853 Μ,
2089 1822 2160 1861 Cap.

1212 1869 1262 1899 59.
1287 1867 1369 1896 Cort.
1393 1867 1472 1897 Gerl.
1497 1883 1539 1888 —
1567 1866 1614 1904 13)
1636 1864 1735 1904 Aegre
1763 1866 1847 1893 inest.
1874 1865 1936 1895 Ter.
1957 1865 2051 1903 IIecy.
2075 1867 2105 1896 2.
2132 1868 2159 1896 1.

1214 1911 1262 1941 30.
1294 1910 1328 1938 A.
1359 1909 1428 1938 Mai.
1461 1908 1549 1944 Quod
1577 1907 1711 1936 dedimus
1739 1912 1783 1936 est
1808 1907 1840 1935 in
1865 1907 1937 1936 cod.
1962 1908 2019 1936 Gu.
2038 1907 2161 1936 Volebat

1213 1951 1354 1980 librarius
1379 1952 1517 1980 fortasse:
1540 1951 1638 1989 Aegre
1659 1951 1701 1977 mi
1725 1955 1775 1977 est.
1794 1966 1836 1970 -
1859 1949 1903 1989 14)
1925 1950 2084 1978 Amissum
2102 1949 2160 1978 illi.

1219 1994 1304 2033 Virg.
1323 1995 1400 2023 Aen.
1424 1992 1467 2022 Π.
1491 1994 1562 2025 558.
1584 1992 1803 2030 Ami-§samque
1824 1992 1897 2021 Cod.
1917 1992 1950 2020 A.
1976 1992 2051 2023 Maii.
2070 1993 2161 2021 Recte

1215 2036 1287 2066 Cod.
1304 2037 1360 2064 Gu.
1375 2035 1494 2065 exhibet
1510 2034 1667 2073 utrobique
1682 2036 1833 2063 avulsam.
1858 2051 1899 2055 —
1922 2033 1967 2074 15)
1996 2035 2056 2063 Ter.
2071 2035 2158 2063 Eun.

1213 2082 1243 2111 3.
1261 2082 1289 2110 3.
1306 2081 1355 2110 14.
1376 2079 1410 2107 A.
1424 2078 1464 2107 M.
1485 2078 1560 2107 Tum
1582 2077 1654 2105 cod.
1675 2078 1707 2105 A.
1730 2077 1800 2105 Maii
1820 2077 1953 2112 evellere,-
1976 2082 2057 2106 recte
2085 2076 2157 2106 eod.

1215 2121 1272 2149 Gu.
1297 2121 1429 2150 avellere.
1452 2137 1487 2141 —
1519 2120 1565 2157 16)
1592 2120 1677 2157 Virg.
1699 2119 1770 2149 Aen.
1794 2117 1870 2148 XII.
1895 2122 1964 2150 303.
1990 2120 2025 2149 A.
2043 2119 2080 2148 M.
2109 2135 2151 2143 —

1216 2165 1262 2201 17)
1288 2164 1357 2202 Cap.
1375 2163 1443 2194 1.In
1459 2162 1543 2191 Verr.
1557 2162 1620 2192 Act.
1636 2162 1673 2192 11.
1692 2165 1740 2194 11.
1763 2161 1943 2200 compendia
1956 2165 1989 2201 [ἲ.
2005 2165 2034 2192 f.
2051 2161 2159 2191 desunt

1214 2205 1244 2233 in
1267 2206 1337 2235 eod.
1360 2206 1417 2234 Gu.
1441 2205 1530 2244 Apud
1553 2204 1724 2233 Ciceronem
1746 2209 1844 2233 autem
1866 2205 2041 2243 plerumque
2061 2204 2158 2233 editur

1213 2248 1372 2286 applicuit.
1394 2265 1436 2270 —
1459 2246 1507 2288 18)
1531 2247 1599 2286 Cap.
1619 2249 1649 2278 4.
1669 2246 1740 2278 Iste
1756 2245 1844 2274 modo
1866 2246 1936 2276 Cod.
1952 2246 1986 2276 A.
2007 2247 2045 2277 M.
2068 2247 2156 2275 Recte

1213 2292 1291 2318 isto
1316 2289 1402 2318 modo
1424 2290 1495 2318 cod.
1517 2290 1572 2318 Gu.
1594 2305 1636 2311 —
1664 2291 1707 2327 19)
1730 2289 1764 2318 A.
1780 2289 1818 2319 M.
1835 2299 1989 2317 numerum
2011 2292 2038 2320 9.
2057 2298 2155 2326 appo-

1212 2332 1280 2361 suit.
1304 2333 1399 2361 Locus
1417 2333 1589 2371 desumptus
1611 2336 1655 2360 est
1671 2342 1707 2360 ex
1730 2331 1862 2360 oratione
1883 2331 1922 2360 M.
1941 2330 2044 2359 Licinii
2058 2333 2094 2358 tr.
2111 2329 2153 2368 pl.

1211 2374 1248 2402 ad
1271 2374 1402 2412 plebem,
1423 2385 1498 2414 quae
1517 2375 1629 2413 integra
1651 2379 1696 2403 est
1722 2378 1852 2410 servata,
1872 2372 1932 2401 'ubi
1955 2370 2152 2400 omittendum.
