2263 2668
222 164 296 199 632
647 151 996 186 COMMENTARH
1020 151 1070 185 IN
1095 150 1240 185 PAULI
1265 150 1463 185 DIACONI
1489 152 1744 187 EXCERPTA

249 260 344 287 tarent
391 250 538 282 interdum
567 246 598 274 in
627 244 722 272 solida
752 243 824 271 sella
853 243 998 274 sedentes
1038 243 1113 274 Vide
1135 243 1290 274 silentium.
1313 245 1369 274 Da
1379 256 1403 275 c.
1450 245 1491 274 De
1513 246 1653 285 auspiciis
1673 247 1842 286 repetendis
1867 248 1904 276 cf.
1928 250 2009 277 Serv.
2033 250 2070 278 ad
2092 250 2172 290 Virg.

226 279 360 330 Aen-11⁷
380 297 466 328 178„
489 299 576 328 quein
599 286 757 325 exscripsit
779 286 848 313 Dae.

347 321 355 334 ⁵
386 335 417 365 R
436 342 503 373 pro
528 330 559 359 S.
606 330 645 357 De
667 329 756 357 huius
779 328 895 356 litterae
919 328 1080 357 mutatione
1103 328 1134 357 in
1156 330 1175 357 S
1198 340 1284 369 saepe
1307 330 1377 359 alibi
1400 329 1514 359 dictum
1537 336 1589 360 est.
1612 330 1700 360 Dac.
1730 333 1749 359 S
1765 342 1820 370 pro
1838 333 1869 361 R.
1897 330 2002 364 Goth.
2035 332 2172 366 Lasibus‚

226 384 301 414 Vide
324 381 486 410 Varronem
501 374 550 402 IV.
574 372 611 401 de
634 372 732 409 lingua
756 370 833 409 (VII.
855 373 1006 409 pag.312.
1030 370 1104 410 Sp.).
1147 370 1254 401 Idem.

386 417 587 448 Rorarios.
632 414 833 442 Glossarium:
857 412 1002 452 Rogmii,
1026 411 1248 454 ἀκροβολισταί.
1282 415 1356 444 Male
1379 415 1450 453 legit
1466 414 1596 454 Rogarii
1616 426 1671 454 pro
1688 414 1820 446 Rorarii.
1847 415 1893 445 Sc
1903 415 1948 445 al.
1980 417 2061 447 Idem
2079 417 2174 448 Varro

224 467 275 497 lib·
289 464 339 494 VI,
362 460 437 501 (VII.
460 469 526 499 pag.
538 459 611 490 341.
636 456 717 496 Sp.):
753 455 879 486 Rorarii
901 455 975 485 dicti
996 467 1014 485 a
1037 467 1115 495 rore,
1145 458 1196 498 qui
1219 456 1324 487 bellum
1348 458 1568 487 committebant
1590 455 1673 496 anie,
1704 457 1769 488 ideo
1792 458 1872 499 quod
1894 468 1962 489 ante
1983 467 2063 490 rorat
2084 472 2173 501 quam

221 508 307 549 pluit.
351 505 447 534 Plaut.
467 504 497 531 in
520 499 701 530 frivolaria:

865 560 903 564 -—
948 558 990 564 -
1033 558 1075 564 —
1116 544 1270 584 sequimini
1291 543 1347 574 hac

800 583 895 614 Sultis
917 583 1042 623 legiones
1064 596 1160 615 omnes
1183 586 1344 616 Lavernae.
1394 585 1452 615 Ubi
1474 586 1582 616 rorarii

800 626 903 658 Estis?
933 627 979 656 En
1001 635 1076 658 suni.
1126 628 1184 658 Ubi
1205 637 1271 658 sunt
1294 627 1437 658 accensi?
1468 628 1552 658 Ecce.

225 687 320 716 Gloss.
344 683 467 719 rorarii,
501 678 721 719 ἅκροβυλισταί.
767 678 809 707 Ita
832 679 908 707 enim
931 678 1104 716 legendum,
1139 691 1198 709 non
1222 681 1347 720 rogarii,
1384 685 1566 708 monuerunt
1588 680 1735 718 Scaliger,
1766 681 1926 710 Vulcanius
1950 685 2004 711 etc.
2050 680 2173 710 Rorarii

223 730 313 759 iidem
335 726 432 757 velites
456 729 484 752 et
507 722 675 751 Fer-entarii.
698 721 787 750 Dac.
833 722 875 750 Cs.
900 722 1037 751 Creuzer.
1061 722 1141 752 Antt.
1164 724 1247 751 Rom.
1271 733 1338 761 pag.
1352 726 1423 755 283.
1448 727 1477 752 et
1501 723 1552 761 qui
1576 722 1617 750 ibi
1641 728 1710 751 sunt
1734 724 1865 752 excitati.

386 774 538 804 Robum.
585 773 690 801 Graeci
713 770 841 808 ξανθόν.
874 772 936 801 Vet.
955 772 1106 812 iuscript.:
1133 772 1274 803 Omnibus
1296 775 1381 803 annis
1403 772 1495 803 vitulo
1519 772 1605 803 robco
1628 781 1654 802 et
1676 785 1761 803 verre.
1796 775 1833 804 Et
1855 774 1936 803 hunc
1959 784 2020 804 esse
2043 774 2173 803 Deorum

223 821 354 850 colorem
376 818 470 847 refert
493 817 614 846 Servius
638 815 675 844 ad
698 815 776 844 illud
800 816 878 853 Virg.
903 815 1002 853 Eclog.
1021 815 1074 853 VI,
1097 818 1192 854 (22.):

799 864 975 905 Sanguineis
988 866 1123 908 frontem
1146 868 1235 897 moris
1258 874 1283 896 et
1306 874 1435 908 tempora
1456 868 1562 908 pingit.

221 920 332 958 Multi,
363 919 477 958 inquit,
509 917 545 947 ob
568 917 624 947 Ῐιοο
647 916 757 947 dictum
778 924 901 957 putant,
929 916 1010 957 quod
1032 917 1134 947 rubeus
1159 917 1240 948 color
1261 919 1390 948 Deorum
1412 920 1459 949 sit.
1508 918 1592 947 Unde
1614 926 1639 947 et
1663 918 1872 959 triumphantes
1883 918 1961 961 face
1982 919 2124 957 miniato,
2147 926 2174 948 et

220 966 251 994 in
276 961 423 1003 Capitolio
447 961 557 1000 Iupiter
578 961 608 989 in
632 959 778 1001 quadriga
802 960 937 988 minium.
981 960 1053 989 Inde
1080 971 1209 999 quercus
1239 961 1328 990 robur
1356 962 1449 999 dicta,
1487 962 1556 1000 quia
1583 962 1644 990 eius
1671 972 1762 990 venae
1786 973 1851 990 euin
1876 963 2008 991 colorem
2030 962 2174 992 referunt.

220 1007 325 1036 Robur
347 1005 452 1041 etiam,
482 1003 541 1032 hoc
563 1008 608 1032 est
631 1004 795 1038 fortitudo,
825 1002 860 1030 ab
884 1012 917 1030 eo
941 1003 1040 1031 colore
1063 1014 1170 1032 nomen
1192 1004 1332 1043 sumpsit,
1364 1005 1388 1033 si
1412 1005 1531 1034 Festum
1555 1005 1699 1033 audimus.
1744 1005 1800 1033 Sed
1825 1005 1924 1043 potius
1947 1010 1989 1033 est
2010 1004 2045 1032 ab
2070 1005 2173 1033 Aeolio

221 1050 338 1090 ῥῶβορ,
363 1048 482 1087 ρὥορ,
507 1044 608 1086 ῥώμη,
632 1046 789 1074 fortitudo.
813 1044 901 1074 Dac.
932 1044 1037 1074 Robus
1057 1058 1170 1087 quoque
1192 1048 1221 1075 in
1245 1058 1368 1078 carcere.
1399 1048 1443 1076 Ex
1465 1048 1572 1076 robore
1596 1048 1665 1075 olim
1690 1047 1797 1075 fiebant
1819 1058 1921 1084 arcae,
1947 1047 2052 1086 quibus
2075 1047 2175 1075 inclu-

221 1092 368 1122 debantur
385 1089 529 1125 malefici,
552 1090 631 1117 unde
655 1093 757 1127 postea
780 1088 897 1116 roboris
913 1098 1020 1116 nomen
1037 1098 1139 1118 carcer
1154 1089 1287 1118 retinuit.
1320 1088 1486 1119 Robustum
1505 1101 1649 1119 carcerem
1668 1090 1744 1118 dixit
1761 1091 1854 1122 Plaut,
1873 1090 1973 1129 (Cure.
1992 1090 2025 1126 V,
2048 1092 2077 1126 3,
2102 1088 2174 1128 14.).

221 1134 331 1166 Idem.
360 1132 474 1162 Robur·
504 1132 582 1160 Hinc
600 1132 711 1160 Glossis
728 1129 848 1167 Robur,
872 1129 1046 1170 μελάνδρυς.
1073 1130 1175 1161 Goth.
1208 1131 1312 1160 Rebus
1334 1143 1448 1173 quoque
1470 1138 1524 1162 etc.
1562 1134 1676 1161 Lucret.
1694 1133 1748 1169 111,
1773 1134 1905 1170 (1029.):
1932 1131 2038 1162 Carcer
2059 1139 2085 1160 et
2107 1131 2175 1161 hor·

220 1176 317 1206 ribilis
340 1174 375 1204 de
396 1186 475 1204 sasso
498 1175 587 1203 iactu'
612 1173 761 1209 deorsum,
788 1172 933 1210 Verbera,
958 1174 1124 1213 carnifices,
1148 1173 1252 1211 robur,
1273 1175 1332 1214 pix
1354 1174 1484 1212 lamina,
1507 1174 1598 1204 tedae.
1638 1177 1733 1205 plaut.
1756 1176 1786 1203 in
1810 1175 1938 1203 Poenulo
1962 1174 2012 1212 (V,
2036 1177 2070 1210 3,
2093 1174 2174 1212 53.):

225 1220 264 1249 Ut
287 1230 339 1259 ego
363 1217 516 1246 detrudam
541 1216 582 1245 acl
605 1216 717 1253 molas,
741 1214 808 1244 inde
827 1226 916 1255 porro
940 1214 981 1244 ad
1000 1224 1134 1255 puteum,
1160 1224 1248 1257 atque
1270 1216 1417 1246 robustum
1442 1217 1582 1247 codicem.
1620 1219 1657 1246 Et
1679 1219 1708 1246 in
1734 1218 1883 1256 Captiveis
1906 1217 1962 1257 (V,
1985 1220 2022 1253 2,
2046 1215 2104 1257 9.):
2128 1216 2175 1246 At

220 1272 273 1301 ego
287 1261 412 1303 faciam
434 1267 465 1289 ut
485 1258 628 1299 pendeas,
652 1270 720 1287 nam
742 1260 773 1287 in
796 1258 884 1287 robur
905 1265 932 1286 te
951 1265 1042 1287 totum
1068 1257 1145 1287 dabo
1169 1260 1236 1297 (sed
1259 1260 1385 1296 legitur:
1410 1260 1457 1289 At
1479 1272 1531 1300 ego
1544 1260 1669 1301 faciam
1693 1268 1724 1289 ut
1743 1260 1875 1300 pudeat3
1898 1270 1965 1288 nam
1989 1260 2019 1288 in
2041 1258 2174 1288 ruborem

220 1312 248 1333 te
269 1311 361 1333 totum
385 1302 495 1341 dabo.)
534 1302 667 1331 Valerius
683 1301 731 1330 VI.
756 1302 863 1340 cap.3.
888 1299 923 1329 cle
945 1300 1047 1329 robore
1067 1302 1258 1341 praecipitati
1279 1310 1353 1330 sunt.
1378 1303 1471 1332 Tacit.
1509 1303 1672 1331 Annalium
1690 1303 1743 1339 VI,
1765 1306 1862 1340 (29.):
1889 1301 1995 1331 Robur
2016 1309 2042 1330 et
2063 1312 2174 1330 saxum

220 1347 428 1375 minitantium.
474 1346 542 1380 Quo
571 1345 638 1373 loco
666 1344 760 1372 robur
789 1348 818 1372 et
845 1353 949 1371 saxum
972 1348 1052 1372 recte
1076 1344 1298 1381 coniunguntur
1321 1350 1446 1383 propter
1468 1346 1640 1374 affinitatem
1665 1356 1777 1384 poenae
1801 1355 1868 1374 cam
1891 1344 2136 1384 praecipitatione
2158 1353 2174 1372 e

220 1400 311 1426 saxo,
340 1388 377 1417 de
401 1398 457 1427 qua
480 1388 548 1416 vide
571 1388 654 1418 [25.
679 1387 709 1415 in
732 1386 781 1415 fin.
805 1386 834 1415 ff.
857 1385 894 1414 de
917 1386 1029 1425 poenis.
1075 1386 1259 1422 Quibusdam
1280 1385 1386 1415 Robur
1408 1393 1459 1416 aut
1482 1387 1568 1416 robus
1591 1388 1712 1416 videtur
1734 1388 1811 1416 idem
1835 1398 1898 1416 esse
1921 1398 1956 1415 ac
1979 1387 2100 1416 eculeus
2123 1390 2175 1414 aut

221 1432 374 1470 equuleus.
407 1432 448 1459 Ac
471 1440 507 1459 ne
531 1430 599 1469 quid
624 1430 717 1469 (quod
741 1430 777 1457 ad
801 1428 882 1457 hunc
905 1429 1003 1457 locun]
1028 1428 1180 1468 pertinet,)
1204 1430 1346 1465 omittam,
1371 1430 1524 1458 sciendum
1549 1435 1592 1458 est
1615 1430 1689 1458 duas
1714 1430 1842 1458 carceris
1865 1435 1966 1468 partes
1988 1429 2173 1468 praecipuas,

221 1474 342 1511 Robur,
366 1474 401 1502 de
426 1483 484 1511 quo
508 1483 588 1501 nunc
611 1473 722 1501 dictum
747 1477 806 1500 est:
831 1476 860 1500 et
883 1472 1067 1509 Tullianum,
1094 1472 1129 1500 de
1152 1482 1212 1510 quo
1235 1472 1304 1501 vide
1327 1472 1497 1501 Sallustium
1521 1474 1599 1510 (Cat.
1623 1473 1735 1510 c.55.).
1782 1471 1893 1500 Idem.

384 1522 608 1563 Robigalia.
653 1523 800 1561 Interpres
830 1523 912 1551 Arati
941 1523 1060 1551 Latinus
1090 1527 1219 1551 testatur
1246 1522 1327 1550 hunc
1357 1523 1433 1551 diem
1459 1534 1473 1551 a
1499 1524 1593 1552 Numa
1625 1533 1692 1560 rege
1723 1534 1800 1552 anno
1830 1523 1985 1552 undecimo
2015 1524 2097 1560 regni
2127 1522 2174 1550 sui

222 1567 416 1597 constitutum
439 1566 538 1595 fuisse.
562 1566 647 1595 Ant.
670 1565 765 1603 Aug.
803 1565 897 1593 Varro
921 1565 972 1594 lib.
988 1565 1020 1594 V.
1045 1565 1106 1603 (Vt.
1129 1575 1195 1604 pag.
1211 1568 1281 1597 199.
1306 1564 1385 1603 Sp.):
1413 1564 1574 1604 Robigalia
1599 1564 1679 1594 dicta
1702 1576 1720 1593 a
1743 1564 1871 1604 Robigo.
1906 1564 2071 1594 Secundum
2094 1576 2174 1604 sege-

221 1619 261 1640 tes
283 1610 351 1639 huic
374 1609 436 1639 Deo
458 1609 661 1647 sacrificatur,
684 1619 719 1635 ne
742 1606 843 1646 robigo
866 1615 987 1646 occupet
1008 1614 1122 1645 segetes.
1165 1608 1239 1636 Ptin.
1262 1607 1311 1635 lib.
1327 1608 1433 1636 XVIII.
1458 1618 1522 1645 cap.
1540 1610 1606 1640 19.:
1637 1606 1803 1646 Robigalia
1825 1607 1925 1636 Numa
1948 1607 2073 1636 instituit
2094 1617 2174 1635 anno

223 1654 302 1693 regni
324 1653 369 1681 sui
391 1650 561 1687 undecimo,
585 1662 659 1690 quae
682 1661 759 1678 nunc
781 1657 908 1689 aguntur
931 1657 998 1678 ante
1021 1648 1095 1677 diem
1119 1651 1269 1690 septimum
1293 1648 1447 1678 Kalendas
1466 1650 1588 1686 Maias,
1611 1651 1749 1690 quoniam
1774 1657 1842 1679 tunc
1853 1649 1925 1690 fere
1945 1657 2050 1689 segetes
2072 1648 2174 1688 robigo

223 1702 354 1735 occupat.
398 1693 469 1722 Hoc
492 1700 602 1732 tempus
628 1692 727 1721 Varro
751 1690 923 1720 determinat
944 1691 1005 1721 sole
1029 1692 1123 1720 Tauri
1143 1689 1256 1731 partem
1281 1691 1423 1721 decimam
1450 1692 1609 1730 obtinente,
1645 1693 1720 1721 sicut
1747 1699 1817 1721 tunc
1836 1691 1958 1732 ferebat
1985 1692 2071 1720 ratio.
2116 1689 2175 1720 Sed

222 1748 288 1766 vera
311 1747 415 1767 caussa
440 1743 497 1771 est,
534 1742 601 1775 post
626 1734 686 1764 dies
708 1733 890 1773 undeviginti
911 1734 948 1763 ab
971 1735 1156 1775 aequinoctio
1178 1745 1264 1763 verno
1285 1747 1337 1774 per
1358 1733 1391 1764 id
1414 1734 1619 1775 quatriduum,
1652 1735 1735 1763 varia
1760 1735 1889 1773 gentium
1920 1733 2117 1764 observatione
2143 1733 2175 1762 in

224 1787 357 1819 quartum
380 1777 452 1807 Kal.
478 1777 583 1807 Maias
615 1778 697 1806 canis
727 1776 851 1813 occidit,
887 1776 969 1805 siclus
997 1785 1023 1805 et
1050 1788 1103 1816 per
1130 1789 1159 1805 se
1186 1777 1332 1806 vehemens
1356 1785 1382 1806 et
1405 1779 1453 1806 cui
1472 1776 1675 1816 praeoccidere
1697 1775 1864 1806 caniculam
1887 1788 1998 1806 necesse
2019 1777 2065 1806 sit.
2111 1776 2174 1804 Hoc

225 1831 340 1850 sacrum
365 1832 415 1849 sue
438 1826 467 1849 et
490 1831 561 1849 cane
584 1819 797 1858 peragebatur,
822 1830 950 1857 quorum
967 1825 1035 1848 exta
1053 1829 1121 1847 cum
1139 1819 1228 1848 thure
1246 1825 1274 1848 et
1292 1819 1362 1848 vino
1378 1821 1436 1848 Deo
1454 1820 1663 1849 offerebantur.
1700 1819 1788 1848 Ovid.
1803 1819 1881 1848 Fast.
1895 1819 1945 1856 IV,
1968 1816 2173 1858 (907-seqq.);

227 1863 263 1892 de
284 1864 416 1901 robigine
440 1868 538 1892 autem
562 1864 604 1891 sic
627 1863 716 1891 Pha:
754 1860 890 1902 Plerique
918 1861 1021 1891 dia-ere
1049 1873 1142 1890 rorem
1171 1863 1298 1890 inustum
1327 1861 1387 1891 sole
1409 1863 1473 1891 acri
1489 1862 1635 1902 frugibus
1656 1861 1799 1901 rubiginis
1822 1872 1955 1891 caussam
1978 1872 2045 1890 esse.
2090 1861 2174 1897 Quae

229 1907 370 1934 sententia
394 1911 437 1934 est
460 1906 559 1934 Ovidii
585 1905 676 1943 (Fast.
693 1904 749 1940 IV,
771 1906 871 1942 920.):
901 1903 935 1933 Si
957 1903 1070 1934 culmos
1087 1904 1177 1933 Titan
1200 1903 1357 1944 incalfacit
1379 1903 1454 1933 udos
1475 1905 1560 1934 Tunc
1582 1904 1664 1934 locus
1686 1911 1726 1932 est
1748 1905 1824 1941 irae,
1848 1904 1927 1932 Diva
1948 1902 2077 1933 timenda
2097 1910 2174 1932 tuae.

228 1946 338 1985 Nempe
362 1949 462 1976 vivam
487 1948 659 1986 llobiginem
682 1947 732 1975 hic
756 1947 828 1975 dicit
848 1947 992 1983 Ovidius,
1029 1947 1132 1975 Festus
1153 1947 1299 1985 Robigum
1325 1948 1426 1977 neum.
1457 1947 1545 1978 Dae.
1590 1949 1630 1976 De
1653 1947 1792 1985 rubigine
1814 1946 1889 1975 adde
1911 1956 1987 1986 quae
2007 1946 2115 1986 scripsi
2137 1946 2175 1975 ad

229 1989 312 2020 l.15.
335 1991 398 2026 §2
423 1990 452 2017 in
475 1991 566 2019 verbo
590 1996 641 2019 aut
664 1990 734 2018 satis
758 1990 876 2018 fervore
898 2000 959 2017 non
982 1995 1108 2020 assueto.
1132 1990 1163 2018 ff.
1185 1990 1286 2019 locati.
1334 1988 1438 2018 Goth.

392 2029 565 2070 Rogatio.
610 2032 803 2070 Rogationem
827 2033 959 2071 appellat
981 2033 1060 2062 sext.
1083 2033 1258 2071 Pompeius,
1286 2032 1366 2070 quod
1387 2032 1575 2071 privilegium
1599 2031 1719 2067 Cicero;
1748 2041 1810 2060 eam
1832 2032 1943 2070 legem,
1972 2041 2031 2070 qua
2052 2030 2091 2060 de
2112 2041 2174 2060 uno

229 2071 403 2112 pluribusve
424 2072 607 2110 hominibus,
632 2080 684 2104 aut
706 2075 742 2103 de
765 2085 822 2103 una
847 2075 1020 2113 pluribusve
1043 2074 1131 2103 rebus
1155 2075 1351 2104 constitutum
1374 2079 1427 2103 est.
1464 2075 1548 2112 Legis
1571 2074 1672 2112 itaque
1694 2084 1786 2112 genus
1808 2085 1888 2111 esse,
1910 2074 1943 2103 id
1964 2078 2024 2110 est,
2046 2073 2174 2113 speciem

231 2115 396 2154 quandam,
432 2115 636 2153 intelligimus3
671 2123 698 2145 et
724 2122 759 2146 ut
781 2118 886 2145 Gallus
908 2118 1009 2146 Aelius
1038 2117 1170 2154 dicebat,
1204 2128 1265 2146 non
1290 2117 1386 2146 omnis
1409 2118 1459 2145 lex
1481 2118 1596 2154 rogatio
1620 2122 1678 2151 est3
1714 2119 1809 2146 omnis
1831 2122 1929 2146 tamen
1951 2116 2067 2155 rogatio
2088 2116 2174 2145 iustis

231 2157 359 2186 comitiis
380 2161 497 2193 rogata,
522 2158 571 2186 lex
596 2164 646 2187 est.
680 2159 760 2187 Haec
782 2165 825 2187 est
848 2160 927 2189 Festi
951 2160 1105 2189 sententia.
1138 2161 1171 2189 In
1193 2160 1293 2189 verbis
1316 2164 1412 2188 autem
1436 2165 1480 2188 est
1502 2159 1638 2188 nonnihil
1660 2160 1842 2188 mendosum.
1876 2160 2011 2198 Namque
2033 2163 2102 2188 ante
2123 2159 2175 2187 illa

231 2199 321 2229 verba
343 2199 413 2234 (non
432 2205 525 2237 potest
547 2211 603 2228 non
627 2203 695 2238 esse)
719 2202 814 2237 deest,
839 2207 872 2230 ut
895 2203 1041 2239 arbitror,
1063 2203 1188 2232 verbum
1212 2202 1383 2242 (Rogatio).
1421 2203 1479 2231 Sed
1502 2213 1681 2241 quamquam
1704 2202 1778 2231 haec
1800 2203 1838 2231 sit
1859 2202 1939 2231 Festi
1961 2202 2080 2241 opinio,
2101 2200 2174 2230 mihi

231 2241 392 2280 rogationis
411 2240 535 2268 verbum
558 2241 645 2269 latius
667 2248 764 2280 patere
786 2244 919 2281 videtur,
945 2250 972 2274 et
989 2255 1090 2274 omnes
1106 2246 1196 2283 leges,
1220 2245 1256 2273 de
1280 2245 1388 2284 quibus
1411 2245 1448 2273 ad
1472 2245 1616 2285 populum
1638 2245 1767 2281 seratur,
1792 2244 2053 2284 comprehendere.
2083 2244 2174 2281 Leges

235 2294 304 2313 vero
326 2283 402 2311 latae
424 2287 511 2318 sunt,
542 2292 607 2310 cum
628 2293 675 2311 eas
698 2286 828 2323 populus
851 2289 983 2326 accepit·‚
1019 2292 1102 2316 antea
1127 2288 1327 2326 promulgatae
1348 2288 1508 2324 dicuntur,
1538 2298 1606 2316 cum
1627 2287 1801 2317 trinundino
1824 2288 1871 2317 die
1893 2292 1964 2316 sunt
1984 2286 2170 2326 propositae3

233 2325 351 2364 rogatio
371 2335 441 2353 vero
463 2324 512 2361 fit,
542 2335 608 2353 cuni
631 2333 771 2362 rogantur
794 2329 904 2358 tribus:
945 2328 1050 2359 Velitis
1075 2330 1198 2360 iubeatis
1219 2331 1262 2358 ita
1273 2331 1365 2369 fieri,-
1397 2331 1422 2358 si
1444 2331 1488 2359 uti
1509 2341 1597 2370 rogas
1618 2330 1844 2368 responderint,
1875 2335 1939 2358 tum
1960 2330 2010 2358 lex
2033 2333 2084 2358 est.
2127 2327 2172 2355 Ex

234 2368 333 2399 verbis
361 2371 458 2396 tamen
483 2367 634 2405 Capitonis
657 2377 670 2394 a
696 2367 790 2395 Gellio
814 2370 912 2399 relatis
936 2372 985 2399 lib.
998 2373 1036 2400 X.
1060 2382 1124 2411 cap.
1138 2377 1188 2405 20.
1213 2377 1242 2401 et
1265 2383 1301 2401 ex
1324 2373 1458 2402 Gelliana
1484 2373 1731 2411 interpretatione
1759 2373 1898 2412 suspicor
1927 2372 2042 2409 aliquos
2069 2369 2171 2404 fuisse,

235 2410 343 2451 quibus
366 2409 540 2438 huiusmodi
564 2409 719 2449 privilegia
747 2409 826 2447 leges
850 2422 911 2440 non
939 2413 1128 2449 videremus-3
1165 2415 1232 2443 ideo
1261 2416 1443 2445 credendum
1465 2426 1528 2445 esse
1550 2416 1590 2444 eis
1611 2425 1719 2444 nomen
1741 2415 1885 2453 generalis
1907 2414 1987 2442 illius
2010 2411 2170 2449 rogationis
