2263 2668
748 103 977 138 EXEMPLA
1014 102 1381 141 ELOCUTIONUM.
1962 111 2038 147 247

197 198 290 231 illam
316 207 388 230 rem
398 192 432 229 ¹⁹.
459 194 554 240 Virg.
580 194 665 229 Aen.
692 195 734 231 I.:
766 197 953 231 Maturate
973 195 1125 242 jugam.
1154 197 1224 233 Cic.
1250 210 1315 244 pro
1342 199 1514 236 cluentio:
1546 201 1642 239 Huic
1666 207 1813 238 mortem
1838 205 2044 244 maturabat

199 249 366 283 inimicus.
394 247 462 281 Sal.
489 248 574 281 Hist.
598 247 639 281 1.:
664 246 811 294 Fugam
835 247 1052 283 maturabat.

95 301 262 336 Ministrat
288 301 380 333 illam
403 295 517 334 rem²⁰.
542 298 640 343 Virg.
664 300 747 335 Aen.
775 301 822 335 1.:
847 301 963 334 Furor
989 311 1095 333 arma
1120 300 1306 334 ministrat.
1340 300 1504 338 Ministrat
1529 305 1593 339 illis
1619 307 1727 342 rebus.
1753 306 1849 352 Virg.
1873 308 1956 341 Aen.
1983 309 2041 344 X.:

199 352 285 397 Ipse
311 351 436 385 sedens
459 350 666 395 clavumque
690 352 787 398 regit
807 353 960 397 velisque
985 353 1169 385 ministrat.

95 404 251 438 Metuens
276 403 376 437 illius.
411 401 503 446 Virg.
529 402 613 434 Aen.
642 400 732 438 V.²¹:
765 404 815 438 Et
845 403 1009 449 quicquid
1035 407 1148 436 tecum
1174 403 1369 437 invalidum
1395 409 1615 452 metuensque
1634 409 1763 453 pericli
1790 413 1848 445 est.
1888 409 2043 445 Metuens

198 452 326 490 illud'22.
351 453 420 487 Sal.
447 453 539 498 Iug.:
572 453 765 488 IIIetuentes
793 455 968 500 pericula.
1004 454 1126 488 Metuit
1151 455 1226 487 illis.
1263 455 1359 501 Virg.
1387 457 1470 490 Aen.
1498 457 1587 492 X.²³:
1625 460 1712 493 Tum
1739 460 1855 494 decuit
1881 462 2042 495 metuisse

198 507 275 540 tuis.
326 505 481 538 Metuens
512 503 582 539 hoc
622 502 736 540 fieriu.
788 506 883 540 Idem
917 506 1046 551 Georg.
1082 507 1125 541 1.:
1174 506 1303 540 Arctos
1352 506 1486 541 Oceani
1525 515 1712 544 metuentes
1752 523 1903 557 aequore
1939 514 2041 558 tingi.

194 556 317 591 Metuit
343 567 383 589 ex
408 556 479 588 illo.
514 555 581 589 Sal.
609 556 680 590 Cat.
692 553 732 590 ²⁵:
766 557 968 592 Periculum
995 569 1037 590 ex
1063 557 1132 591 illis
1158 558 1287 591 metuit.
1321 558 1443 592 Metuit
1470 560 1511 593 ab
1537 558 1637 596 inoffi.
1669 563 1804 596 Terent.
1830 565 1903 596 An·
1931 563 2038 610 [533]

199 609 287 640 dria:
318 607 437 654 Quam
464 608 568 640 metui
595 620 619 641 a
650 608 832 653 Chryside.
861 609 931 643 Cic.
959 620 1022 653 pro
1049 609 1191 642 Roscio:
1219 609 1277 643 Ab
1304 621 1343 643 eo
1370 621 1413 643 ne
1439 612 1573 656 aliquid
1598 612 1747 647 metuit?

95 659 227 693 Mando
263 655 391 691 terra²⁷.
432 659 526 703 Virg.
553 659 638 692 Aen.
669 658 801 694 Vnst:
838 660 991 694 Mandet
1028 660 1133 694 humo
1164 661 1279 697 solita.
1315 661 1446 695 Mando
1472 668 1586 698 terrae.
1619 666 1715 699 Idem
1740 665 1878 700 Bucol.:
1916 664 2039 707 Terra,

200 710 262 744 tibi
287 709 428 743 mando.

95 762 224 796 Molior
249 761 309 794 tibi
337 758 448 794 re1n23.
481 760 577 794 Idem
612 761 740 806 Georg.
775 762 819 796 1.:
846 762 1001 796 Insidias
1027 762 1150 796 avibus
1175 764 1299 797 moliri.
1342 763 1469 798 Molior
1494 764 1637 800 inillam
1662 778 1743 801 rem.
1782 766 1879 800 Idem
1912 766 2041 811 Georg.

197 813 273 846 IV.:
299 812 348 845 Et
372 812 534 845 validam
560 813 594 845 in
620 813 698 846 vitis
723 814 845 847 molire
872 814 1061 859 bipennem.

95 865 218 898 Missus
244 866 278 897 in
304 864 398 896 illam
422 860 534 898 rem29.
568 864 664 897 Idem
691 865 774 898 Aen.
803 866 878 901 VL:
913 865 1044 899 Missus
1070 865 1104 898 in
1135 865 1319 910 imperium
1344 876 1527 911 magnum.
1559 867 1679 902 Missus
1701 869 1757 904 illi.
1787 869 1884 902 Idem
1911 868 2040 913 Georg.

200 912 292 951 11.³⁰:
319 915 423 949 Levis
448 916 583 948 innatat
604 916 706 949 alnus
732 916 846 949 Missa
871 917 988 952 Pado.

94 967 216 1001 Medio
243 967 330 1000 illius
355 978 419 1011 pro
446 967 505 999 illo
532 966 655 1000 medio.
683 967 751 1000 Sal.
774 964 909 1002 Hist.³¹:
941 967 1025 1002 Diei
1050 967 1175 1001 medio.
1202 966 1298 1012 Virg.
1324 968 1410 1004 Aen.
1432 968 1526 1002 VIL:
1563 968 1658 1004 Tecti
1683 971 1804 1005 medio.
1832 970 1928 1015 Virg.
1955 970 2038 1003 Aen.

198 1018 274 1052 XL:
300 1018 396 1051 Ecce
417 1017 543 1063 fugae
566 1018 691 1051 medio.
1920 1017 1921 1020 ’

94 1069 198 1103 Mora
225 1074 272 1103 est
298 1081 361 1113 pro
387 1070 420 1102 in
446 1081 539 1102 mora
566 1067 654 1103 θείῃ.
689 1069 784 1114 Virg.
812 1070 896 1103 Aen.
924 1070 999 1103 IX.:
1033 1070 1124 1103 Rem
1150 1080 1324 1114 magnam
1350 1081 1529 1116 nunquam
1561 1073 1668 1106 moris
1687 1072 1781 1118 sore.
1825 1072 1947 1105 Motae
1977 1071 2040 1105 illis

198 1125 256 1154 est.
281 1121 416 1154 Terent.
439 1120 609 1164 Adelph:
636 1120 693 1154 Ne
716 1132 839 1155 morae
859 1122 945 1155 meis
967 1123 1096 1167 nuptiis
1117 1124 1255 1166 egomet
1278 1118 1405 1157 siem33.
1428 1122 1585 1155 Similiter
1609 1123 1678 1157 Cic.
1702 1135 1764 1168 pro
1788 1124 1942 1169 Ligario:
1969 1122 2041 1157 Sa-

197 1173 262 1206 luti
281 1173 398 1205 civilia
421 1172 554 1205 initioso
580 1183 653 1205 esse
674 1170 881 1206 vellemusffl.
913 1174 1008 1207 Idem
1037 1185 1100 1217 pro
1127 1169 1303 1206 Flacco-³³:
1342 1172 1476 1220 Quibus
1505 1174 1586 1207 odio
1611 1179 1689 1209 sunt
1722 1179 1862 1209 nostrae
1889 1185 2038 1217 secures,

195 1235 319 1256 nomen
345 1222 548 1265 acerbitati,
574 1224 769 1269 scriptura,
797 1225 958 1258 decimae
974 1229 1163 1270 portarum
1190 1224 1302 1257 morti.

94 1290 211 1326 Macta
235 1291 284 1324 illi
309 1288 428 1324 Deo³⁶.
463 1291 558 1337 Virg.
582 1292 692 1325 V111.2
725 1292 866 1326 Diaetat
903 1294 1013 1326 lectas
1038 1293 1084 1326 de
1116 1304 1212 1327 more
1241 1292 1398 1326 bidentes
1431 1293 1629 1340 Legiserae
1664 1294 1785 1329 Cereri
1821 1293 2039 1339 Phoeboque.

196 1342 291 1388 Virg.
316 1343 400 1376 Aen.
427 1343 485 1376 IX.
495 1340 537 1377 ³⁷:
565 1343 777 1377 BIactcmtur
805 1355 958 1390 corpora
985 1344 1098 1378 morti.
1802 1366 1806 1371 ·

94 1476 166 1507 Cod.
184 1476 218 1506 A.
240 1477 279 1507 Μ.
298 1477 379 1516 VIrg.
398 1477 470 1509 Aen.
487 1479 509 1515 I,
531 1481 600 1512 137.
623 1480 684 1512 Cic.
704 1491 762 1518 pro
788 1480 852 1509 Clu.
875 1483 924 1512 61.
954 1480 985 1508 A.
1008 1480 1046 1509 M.

95 1520 281 1548 maturabit
304 1522 380 1549 male
397 1522 468 1550 cod.
485 1523 519 1552 A.
540 1523 577 1551 M.
607 1524 670 1552 Sal.
687 1524 772 1553 llas-t.
789 1523 811 1551 L
835 1526 883 1556 21.
901 1524 1046 1561 Fragmm.

93 1562 145 1590 lib.
162 1562 181 1599 I,
197 1563 247 1594 53.
265 1563 315 1591 ubi
327 1574 354 1592 v.
366 1564 447 1594 Gerl.
470 1581 512 1588 —
534 1563 580 1605 20)
596 1566 755 1594 Ministrat
768 1567 855 1594 illam
873 1577 942 1595 rem.
962 1566 1046 1595 Hanc

93 1604 315 1643 eloquutionem
335 1616 401 1634 cum
424 1617 471 1640 ex,
489 1607 589 1635 omisit
610 1609 682 1638 Cod.
708 1610 739 1636 A.
767 1609 805 1637 M.
833 1609 911 1645 Vir-g.
935 1608 1005 1637 Aen.
1021 1609 1043 1646 I,

94 1647 165 1679 150.
186 1648 262 1676 Tum
280 1648 367 1687 Virg.
383 1649 458 1679 Aen.
478 1650 519 1677 X.
541 1652 612 1682 218.
639 1651 671 1681 A.
687 1651 724 1680 M.
754 1650 810 1679 Cla
819 1652 958 1689 vimque
975 1663 1044 1690 ge-

92 1691 150 1718 rit
173 1690 244 1718 Cod.
275 1691 331 1719 Gu.
359 1707 400 1712 —-
429 1691 477 1731 21)
502 1691 582 1720 ldem
612 1694 647 1723 V.
677 1696 747 1725 716.
770 1694 857 1722 A-M.
886 1694 980 1722 Verba
1004 1697 1045 1724 Ec

92 1732 245 1771 quicquid
262 1738 360 1761 tecum
383 1734 556 1763 invalidum
579 1735 681 1764 addidi
704 1747 718 1765 e
744 1736 816 1766 Cod.
841 1736 896 1764 Gu.
934 1753 969 1758 —·
1001 1736 1046 1775 22)

92 1774 326 1813 Eloquutionem
348 1777 483 1805 flletuens
507 1776 590 1805 illud
611 1778 647 1808 A.
665 1779 704 1807 M.
729 1779 811 1807 uncis
828 1779 962 1808 inclusit.
983 1780 1046 1808 Sal.

94 1816 164 1854 lug.
188 1817 237 1849 44.
263 1818 299 1847 A.
330 1819 369 1848 M.
403 1819 475 1857 cap.
509 1822 560 1852 40.
583 1821 651 1851 edd.
683 1822 764 1850 cort.
798 1822 876 1851 Gerl.
909 1822 1046 1850 Ceterum

93 1864 246 1887 metuens
263 1871 328 1898 per.
351 1862 423 1890 Cod.
439 1863 496 1893 Gu.
524 1880 565 1885 —·
595 1862 644 1902 23)
669 1864 755 1901 Wrg.
778 1864 852 1893 Aen.
874 1865 914 1894 X.
936 1866 985 1895 94.
1010 1864 1045 1893 A.

92 1901 132 1929 M.
160 1916 201 1922 ——
233 1902 276 1938 24)
301 1902 381 1932 Haec
401 1905 556 1944 eloquutio
580 1915 648 1934 cum
671 1916 716 1934 ex.
739 1906 820 1934 deest
848 1906 927 1944 apud
952 1907 986 1934 A.
1003 1906 1043 1934 Μ.

93 1943 176 1981 Virg.
191 1942 242 1972 Ge.
259 1943 280 1980 l.
300 1946 374 1978 246.
397 1963 440 1969 -
462 1946 509 1988 25)
533 1948 597 1976 Sal.
623 1948 688 1977 Cat.
713 1949 762 1979 55.
784 1949 817 1977 A.
842 1948 880 1977 Μ.
905 1948 974 1985 Cap.
991 1950 1040 1979 52.

93 1985 160 2014 edd.
186 1985 267 2013 Cort.
289 1986 370 2017 Gerl.
409 2006 444 2011 —-
470 1993 513 2024 26)
538 1990 619 2018 Haec
639 1991 793 2029 eloquuzio
814 2001 881 2018 cum
906 1990 1042 2027 proxime

93 2028 241 2066 superiori
267 2030 402 2068 exemplo
430 2032 543 2060 excidit
563 2032 596 2060 in
617 2032 690 2062 Cod.
721 2033 777 2061 Gu.
807 2033 916 2060 Contra
940 2041 1041 2059 exem-

92 2071 176 2109 plum
191 2070 326 2108 proxime
349 2082 471 2110 sequens
487 2084 501 2102 e
518 2074 583 2104 Ter.
608 2075 732 2113 petitum
749 2076 829 2102 abest
847 2085 861 2101 a
879 2073 949 2101 cod.
963 2073 1040 2102 A.M.

92 2112 263 2141 Ter.Andr.
278 2112 302 2149 I,
319 2116 405 2148 1,79.
422 2116 471 2144 ubi
489 2127 579 2154 quam
600 2117 773 2155 plerumque
791 2116 948 2144 omittitur.
976 2116 1038 2144 cic.

87 2165 146 2194 pro
171 2155 259 2184 ROSC.
281 2156 331 2186 50·
356 2155 389 2185 Α.
411 2157 450 2186 Μ.
473 2159 522 2186 ubi
544 2159 611 2188 edd.
633 2160 753 2187 metuis,
783 2173 825 2179 --·
852 2161 896 2191 27)
921 2157 1036 2185 lllmzdo

92 2202 173 2225 terra
187 2202 213 2224 et
236 2202 331 2224 terrae
353 2197 384 2226 C.
406 2200 440 2228 A.
462 2200 499 2230 Μ.
527 2202 614 2239 Virg.
632 2201 709 2230 Aen.
728 2201 832 2229 VIIII.
856 2201 928 2230 214.
947 2199 980 2228 A.
997 2199 1035 2228 M.

91 2239 168 2268 Tum
187 2239 288 2270 solita,
306 2242 347 2269 Et
365 2241 430 2271 Ecl.
449 2242 536 2271 VIII.
554 2245 604 2275 93.
621 2243 656 2271 A.
671 2243 706 2272 M.
727 2241 832 2270 omissa
844 2241 1036 2279 eloquutione

92 2280 208 2311 filando
225 2287 329 2310 terrae.
343 2298 385 2304 —
406 2281 454 2317 23)
471 2285 593 2312 Alollior
613 2286 700 2313 illam
714 2286 811 2319 irum,
837 2283 912 2312 miro
929 2293 1036 2321 errore,

92 2324 164 2353 Cod.
180 2324 237 2353 Gu.
264 2322 346 2353 Idem
374 2325 481 2363 Θωνὶς.
507 2328 529 2355 I.
547 2329 619 2358 271.
637 2327 670 2356 A.
693 2326 729 2354 M.
751 2326 869 2354 Alollt'rt'
893 2326 962 2355 Cod.
980 2327 1036 2354 Gu.

92 2366 176 2404 Quae
195 2366 330 2406 sequitur
354 2367 509 2406 eloquutio
536 2378 605 2397 cum
631 2368 768 2408 exemplo
795 2368 979 2398 desideratur
1005 2369 1036 2398 in

1091 1480 1161 1511 cod.
1187 1479 1221 1509 A.
1244 1480 1282 1509 M.
1309 1478 1421 1509 Invitis
1442 1482 1559 1510 mollire
1587 1482 1657 1513 cod.
1686 1482 1741 1512 Gu.
1766 1482 1859 1510 Locus
1889 1485 1933 1509 est
1958 1480 2037 1517 Virg.

1091 1524 1196 1561 Georg.
1225 1523 1273 1560 IV,
1296 1525 1367 1555 331.
1396 1540 1438 1546 -—
1465 1525 1511 1561 29)
1538 1525 1655 1552 Missus
1678 1527 1711 1552 in.
1733 1526 1821 1552 illum
1848 1524 1918 1553 Cod.
1941 1523 1976 1552 A.
1997 1523 2036 1551 M.

1090 1565 1175 1594 Idem
1196 1566 1272 1594 Aen.
1302 1565 1358 1595 VI.
1386 1568 1455 1598 813.
1487 1567 1520 1596 A.
1543 1567 1582 1595 M.
1615 1584 1650 1588 —-
1682 1568 1730 1601 30)
1756 1566 1839 1595 Idem
1868 1567 1974 1603 Georg.
1998 1566 2039 1594 H.

1089 1611 1160 1641 452.
1176 1609 1208 1638 A.
1231 1609 1269 1637 Μ.
1284 1625 1325 1630 —
1347 1609 1392 1647 31)
1416 1608 1477 1635 Sal.
1492 1610 1575 1638 llis-t.
1594 1608 1616 1636 l.
1637 1611 1687 1640 22.
1707 1611 1740 1638 A.
1763 1610 1801 1638 M.
1826 1609 1969 1646 Fragmm.
1986 1607 2037 1635 lib.

1091 1651 1110 1687 Ι,
1126 1654 1177 1683 62.
1206 1652 1285 1679 Gerl.
1307 1650 1364 1678 Sed
1380 1651 1411 1678 in
1428 1650 1499 1678 eod.
1527 1650 1581 1681 Gu.
1605 1650 1714 1679 diserte
1730 1656 1847 1679 notatus
1865 1655 1909 1679 est
1929 1659 2038 1678 nume-

1090 1704 1140 1721 rus
1158 1693 1225 1721 libri
1246 1693 1281 1721 H.
1303 1691 1402 1719 Medio
1428 1691 1490 1719 diei
1512 1691 1570 1720 hoc
1601 1693 1707 1721 ordine
1728 1694 1798 1722 Cod.
1828 1694 1862 1722 A.
1886 1692 1924 1721 M.
1951 1692 2037 1729 Virg.

1089 1736 1164 1764 Aen,
1189 1736 1258 1764 VII.
1284 1733 1361 1772 (59.)
1391 1735 1469 1761 Tecti
1488 1734 1595 1762 medio.
1616 1735 1695 1763 Haec
1716 1736 1822 1763 desunt
1845 1734 1925 1772 apud
1941 1736 1976 1762 A.
1997 1734 2037 1762 Μ.

1093 1779 1179 1815 Virg.
1202 1777 1275 1806 Aen.
1291 1774 1350 1803 XI.
1371 1777 1442 1807 547.
1465 1775 1498 1804 A.
1517 1777 1555 1804 Μ.
1579 1792 1621 1798 -
1650 1780 1694 1811 32)
1717 1777 1773 1806 Hic
1798 1777 1893 1805 omnis
1922 1775 2037 1804 articu-

1089 1820 1136 1848 lus
1161 1828 1253 1855 usque
1278 1818 1313 1845 ad
1335 1827 1363 1847 v.
1390 1820 1480 1846 mom·
1500 1818 1582 1847 deest
1600 1819 1632 1847 in
1650 1818 1720 1848 Cod.
1741 1820 1775 1847 A.
1801 1819 1838 1847 M.
1862 1818 1943 1856 Virg.
1965 1818 2036 1847 Aen.

1088 1862 1144 1897 IX,
1168 1863 1237 1892 232.
1261 1861 1337 1888 Rem
1354 1871 1498 1900 magnam
1507 1862 1700 1899 pretiumque
1715 1863 1904 1900 nzoraesore.
1927 1877 1968 1883 —
1991 1863 2036 1895 33)

1087 1904 1151 1931 Ter.
1169 1902 1221 1930 Ad.
1234 1902 1285 1937 IV,
1300 1903 1329 1939 5,
1353 1905 1402 1936 78.
1419 1903 1452 1931 In
1469 1903 1541 1932 cod.
1562 1904 1615 1932 Gu.
1635 1909 1692 1932 est:
1715 1910 1826 1943 egomet
1843 1910 1955 1939 stem,
1974 1903 1993 1932 i.
2011 1912 2035 1931 e.

1086 1947 1174 1981 siem,
1199 1944 1280 1982 quod
1296 1944 1373 1974 dedi.
1402 1961 1443 1967 —
1470 1944 1517 1984 34)
1535 1946 1596 1976 cic.
1619 1956 1674 1985 pro
1689 1947 1786 1985 Liger.
1806 1957 1829 1978 c,
1851 1949 1881 1979 5.
1902 1945 1954 1973 ubi
1969 1945 2035 1973 edi-

1084 1992 1151 2015 tur:
1180 1987 1282 2015 Saluta*
1306 1988 1383 2014 civis
1403 1988 1578 2017 calamitosi
1601 1990 1772 2018 consultum
1801 2000 1860 2017 esse
1882 1988 2033 2018 vellemus.

1084 2030 1224 2067 Apertum
1244 2034 1300 2066 est,
1325 2030 1555 2060 Grammaticum
1575 2032 1722 2062 voluisse:
1746 2032 1850 2061 Saluti
1868 2032 1929 2059 civi
1945 2030 2033 2058 cala-

1084 2074 1190 2099 mitoso
1212 2082 1273 2100 esse
1291 2082 1317 2101 ν.
1339 2088 1382 2094 --
1404 2071 1451 2114 35)
1476 2074 1537 2103 Cic.
1561 2084 1616 2113 pro
1631 2075 1730 2103 Flacc.
1758 2085 1783 2103 c.
1805 2077 1833 2106 8.
1851 2074 1901 2102 ubi
1927 2073 2034 2110 legitur

1082 2116 1251 2153 scriptura,
1275 2113 1430 2149 decumae,
1447 2118 1621 2154 portorium
1637 2118 1735 2146 morti.
1760 2117 1894 2145 Ceterum
1914 2115 1946 2144 iu
1962 2115 2034 2143 eod.

1083 2157 1139 2185 Gu.
1162 2156 1248 2185 etiam
1274 2157 1481 2195 acerbitatis,
1510 2160 1586 2188 male
1609 2159 1760 2198 duplicata
1788 2170 1803 2187 s
1826 2169 1884 2197 seq.
1906 2168 1972 2186 voc.
1992 2173 2033 2179 ·--

1078 2198 1125 2239 36)
1148 2200 1252 2227 stlacta
1265 2201 1330 2227 Deo
1355 2199 1389 2230 A.
1406 2200 1444 2228 M.
1468 2198 1549 2230 Idem
1577 2202 1667 2231 VIII.
1685 2203 1755 2233 544.
1779 2202 1813 2230 A.
1837 2202 1875 2230 M.
1892 2201 2031 2229 splactac

1084 2241 1154 2272 Cod.
1180 2246 1272 2279 uterq.
1306 2242 1403 2270 laetas
1438 2243 1509 2273 cod.
1551 2243 1607 2273 Gu.
1636 2244 1732 2273 Verba
1767 2245 1928 2283 Legiferae
1972 2241 2032 2270 Ce-

1079 2285 1138 2312 reri
1170 2284 1348 2323 Phoeboque
1380 2285 1482 2315 addidi
1512 2295 1528 2315 e
1554 2286 1626 2317 cod.
1658 2288 1715 2315 Gu.
1748 2303 1789 2308 —
1834 2286 1890 2324 37)
1919 2284 2030 2313 Acces-

1079 2326 1117 2355 sit
1144 2325 1202 2355 hoc
1226 2327 1395 2367 exemplum
1426 2337 1442 2357 e
1469 2329 1543 2360 Cod.
1573 2330 1628 2359 Gu.
1653 2329 1749 2359 Locus
1776 2333 1820 2358 est
1849 2329 1928 2365 Virg.
1956 2326 2027 2354 Aen-

1078 2368 1136 2407 XI,
1168 2372 1239 2402 197.
