2263 2668
509 136 574 169 DE
601 132 993 170 SIGNIFICATIONE
1024 133 1310 171 VERBORUM.
1364 134 1511 169 LIBER
1535 133 1626 167 XIV.
1972 134 2047 169 605

90 230 290 261 vetustissima
318 229 381 267 Iege
411 229 504 257 fracta
536 234 639 257 extant
662 228 784 266 vestigia
809 227 974 266 productae
998 225 1058 254 diei
1080 226 1126 254 his
1148 227 1264 257 verbis:
1296 252 1302 259 .
1327 251 1333 257 .
1357 251 1362 257 .
1387 250 1393 257 .
1420 228 1471 258 Eae
1493 227 1566 256 hace
1587 225 1649 266 lege
1669 224 1831 255 tribuendei
1852 237 1957 256 caussa
1976 239 2047 267 pro-

92 273 220 303 deixerit
243 275 284 310 is,
321 280 351 300 ut
374 272 399 300 ei
421 269 501 310 quod
524 279 598 300 recte
618 271 741 312 factum
765 282 823 298 esse
844 269 935 305 volet,
963 268 1075 307 facito.
1108 268 1205 298 Scae.
1250 271 1380 300 Prodere
1402 282 1494 310 porro
1520 270 1607 306 dare,
1644 275 1673 298 et
1696 280 1756 298 nou
1779 269 1874 298 solum
1898 270 2046 308 decipere,

92 317 241 352 deserere,
264 315 314 345 sed
333 320 361 343 et
378 315 406 342 iu
425 315 520 342 lucem
537 315 640 349 edere,
664 319 792 352 posteris
812 312 934 341 tradere.
961 312 1034 339 Item
1050 310 1173 349 prodere
1189 318 1230 341 est
1245 316 1396 352 proferre,
1421 314 1595 354 producere.
1618 312 1736 341 Terent.
1754 311 1880 349 And.=11,
1906 315 1932 348 1,
1956 311 2047 352 (13.):

631 383 669 387 -
715 383 748 386 -.
804 363 841 392 Ut
865 362 979 402 aliquot
1001 360 1103 389 sallem
1127 364 1236 402 nuptiis
1255 364 1366 403 prodat
1390 365 1459 394 dies.

94 419 144 447 Est
165 416 286 456 prodita
310 415 370 444 dies
393 416 456 444 dies
479 416 637 454 producta.
672 416 728 444 Sed
755 416 846 443 falsus
870 419 912 442 est
928 413 1071 450 Scaliger,
1097 414 1148 451 qui
1171 415 1262 443 tradit
1283 415 1403 454 prodita
1425 415 1486 445 dies
1506 415 1586 444 idem
1608 425 1672 443 esse
1695 413 1774 452 quod
1796 413 1944 454 prodicta.
1975 414 2048 443 Nam

91 459 211 500 prodita
235 465 279 488 est
301 459 431 498 prolata,
456 463 484 486 at
505 457 644 496 prodicta
668 464 711 487 est
734 458 905 496 praedicta,
927 456 1141 495 praenuntiata.
1188 457 1219 485 In
1242 459 1343 486 verbis
1366 459 1486 487 Catonis
1510 459 1621 497 optime
1644 457 1736 485 Scal.;
1767 468 1831 486 cum
1852 454 2049 495 proditionem

92 514 153 532 non
174 501 302 531 haberes.
348 502 397 529 Sic
419 501 599 540 spectionem
625 506 653 529 et
677 500 891 529 nuntiationem
914 501 944 527 in
969 498 1177 535 auguralibuS,
1200 500 1246 527 ius
1269 501 1413 539 spiciendi
1438 506 1465 529 et
1488 500 1654 529 nuntiandi.
1693 498 1766 527 Vide
1789 498 1917 537 Spectio.
1957 498 2048 528 Duc.

256 543 473 572 Pavimenta
496 543 672 573 Poenica.
719 544 794 579 Quia
811 542 946 571 Numidia
969 543 1104 579 generosi
1130 544 1285 572 marmoris
1309 544 1401 574 ferax,
1423 543 1512 572 Dac.
1549 542 1623 571 Vide
1640 552 1730 581 supra
1750 540 1898 580 Obpuviat
1920 545 1949 569 et
1970 541 2048 570 infra

93 586 173 618 Puls.
221 585 324 615 Goth.

258 628 462 657 Prolatum.
507 627 639 657 Achilles
673 626 836 656 Aristarchi
866 627 963 655 dictus
993 627 1028 654 ad
1062 625 1259 655 differentiam
1287 626 1410 656 Achillis
1436 628 1583 663 Aeschyli.
1625 627 1722 655 Huius
1747 625 1908 654 Aristarchi
1931 625 2047 663 Tragici

91 672 254 701 meminere
279 671 464 705 Athenaeus,
495 671 615 706 Suidas,
653 671 797 699 Stobaeus
826 669 956 698 secundo
981 668 1187 707 Physicoium.
1235 670 1357 698 Achillis
1382 662 1544 700 Aristarchi
1568 669 1736 707 tragoediae
1758 668 1847 696 habes
1871 668 2048 696 mentionem

93 715 172 755 apud
197 715 346 743 Plautum.
392 713 539 742 Isidorus:
581 712 763 753 Tragoedias
776 713 846 755 fere
867 723 964 741 omnes
986 723 1025 740 ex
1050 710 1170 739 Graecis
1192 711 1342 741 transtulit
1366 712 1493 747 Ennius,
1527 712 1671 753 plurimas
1693 709 1861 750 Euripidis,
1891 708 2050 739 nonnullas

92 756 274 787 Aristarchi.
302 755 399 785 Scal.
438 756 517 785 Aere
539 756 569 784 id
594 762 634 785 est
659 757 782 795 clypeo,
808 755 876 793 quia
900 765 935 782 ex
960 763 1026 783 aere
1049 753 1167 781 fiebant.
1202 755 1279 792 Virg.
1296 756 1317 783 1.
1342 756 1413 784 Aen.
1438 756 1508 793 (111,
1531 757 1634 793 286.):

671 808 750 837 Aere
773 817 846 836 cavo
871 805 1003 846 clypeum
1026 806 1128 843 magni
1148 813 1295 844 gestamen
1318 805 1459 836 Abantis.

94 857 232 895 Prolata,
257 858 288 886 id
312 862 356 886 est
378 862 534 896 protense,
557 858 701 896 proiecto.
745 858 792 886 Sic
816 858 896 896 apud
919 844 1049 886 Macrobi
1072 856 1204 895 proiecta
1226 864 1310 885 scuta
1334 862 1494 896 protensa,
1520 856 1655 896 prolata,
1678 854 1786 884 ictibus
1811 853 1935 882 obiecta.
1962 853 2048 883 Dac.

93 901 222 930 Glossis:
256 899 396 937 Prolata,
425 898 445 938 ἦ
469 901 661 939 ἐξενεχθεῖσα.
690 899 796 931 Goth.
844 901 914 929 Post
939 898 1090 928 Prolatum
1117 909 1177 926 non
1201 899 1323 927 dubium
1347 905 1405 937 est,
1430 900 1502 938 quin
1525 899 1614 935 haec,
1637 908 1713 936 quae
1735 896 1906 932 subiiciam,
1928 895 1978 924 hic
2000 895 2051 924 de·

93 944 271 973 siderentur.
310 944 413 971 Parret
436 943 594 972 dicendum
619 943 804 980 existimant,
829 954 916 981 quam
940 942 1184 970 consuetudinem
1209 942 1342 970 ostendit
1366 943 1507 980 formula,
1532 952 1607 980 quae
1630 946 1672 969 est
1693 947 1800 980 parret.
1838 939 1881 967 Ab
1904 949 1938 967 eo
1961 948 2050 977 parra

92 987 155 1015 avis
172 987 302 1015 sinistra.
332 986 368 1014 Et
390 986 452 1014 eius
477 986 652 1024 significatio
678 986 790 1014 eadem.
823 986 862 1014 De
886 986 978 1014 verbo
999 991 1097 1024 parret
1121 984 1235 1021 gemino
1260 996 1289 1012 rr
1312 985 1380 1014 vide
1403 995 1502 1024 supra.
1533 985 1652 1012 Parram
1676 984 1717 1011 ait
1740 982 1866 1018 dictam,
1889 981 1958 1019 quia
1981 991 2048 1019 par-

91 1034 169 1066 reat,
196 1028 256 1057 hoc
280 1033 323 1056 est
346 1034 503 1067 appareat,
534 1034 562 1057 et
584 1039 645 1057 sese
669 1028 788 1056 obiiciat
813 1028 931 1058 obviam
955 1027 1222 1067 praetereuntibus.
1268 1027 1487 1067 Inauspicatam
1511 1032 1610 1056 autem
1635 1026 1723 1054 fuisse
1747 1029 1776 1053 et
1799 1021 1917 1055 ἐνόδιον
1940 1023 2049 1054 adver-

92 1082 158 1101 sum
181 1071 347 1111 auspicium
371 1071 469 1100 facere
493 1072 609 1100 solitam
631 1071 678 1100 vel
704 1081 779 1099 unus
804 1071 944 1099 Horatius
968 1070 1052 1099 testis
1076 1070 1132 1098 erit
1156 1069 1224 1108 (Od.
1243 1070 1301 1105 ΙΙΙ,
1325 1073 1381 1108 27,
1407 1069 1463 1109 1.):

675 1120 787 1162 Impios
807 1133 914 1161 parrae
937 1121 1089 1151 recinentis
1113 1131 1196 1149 omen
1218 1120 1328 1149 Ducat.

92 1164 167 1196 Jos.
192 1163 292 1194 Scal.

259 1207 443 1237 Penitam.
477 1206 536 1246 (Ad
559 1205 683 1246 p-ZII.)
715 1206 791 1236 Vide
815 1206 926 1236 Penem.
950 1207 1038 1236 Ant.
1061 1206 1158 1246 Aug.
1204 1206 1354 1235 Arnobius
1376 1206 1453 1235 libro
1471 1206 1534 1234 VL:
1562 1204 1662 1233 nenias
1684 1202 1820 1243 offasque
1839 1202 1969 1241 penitas,
1998 1201 2051 1229 ubi

91 1250 157 1288 lego
181 1250 302 1279 taenias.
340 1249 424 1278 Sicut
447 1250 476 1278 in
501 1249 620 1278 eodem:
644 1248 716 1289 quit]
739 1257 849 1285 tuceta,
873 1249 946 1290 quid
968 1251 1106 1285 naeniae,
1130 1248 1202 1290 quid
1223 1248 1328 1290 offae?
1352 1250 1432 1277 Idem
1457 1248 1603 1276 mendum.
1642 1245 1806 1283 Legendum
1830 1245 1907 1273 enim
1931 1244 2050 1274 taeniae.

92 1292 172 1328 Quid
198 1297 295 1320 essent
318 1292 431 1320 taeniae
453 1293 501 1320 vel
524 1293 678 1320 taeniacoe
700 1292 769 1320 vide
794 1302 869 1330 quae
893 1293 1041 1331 superiori
1065 1303 1143 1320 anno
1166 1293 1196 1320 in
1223 1292 1384 1320 Varronem
1409 1292 1445 1320 de
1468 1302 1499 1320 re
1525 1291 1636 1319 rustica
1658 1289 1837 1317 notavimus.
1862 1285 1962 1315 Scal.
1993 1286 2051 1315 Sed

92 1336 166 1364 mire
190 1334 307 1362 fallitur
330 1334 469 1372 Scaliger.
502 1335 666 1362 Taeniacae
692 1335 831 1363 Varronis
855 1345 913 1362 non
941 1340 1010 1363 sunt
1033 1336 1153 1363 naeniae
1175 1335 1308 1364 Arnobii.
1340 1335 1420 1363 Audi
1444 1334 1532 1362 modo
1557 1338 1589 1361 ut
1613 1332 1728 1360 naenias
1751 1340 1818 1358 suas
1839 1330 2051 1367 interpretetur

93 1377 257 1406 Arnobius:
291 1375 379 1414 Quod
402 1377 431 1404 in
454 1375 582 1405 secundo
604 1377 690 1405 situm
715 1384 771 1413 est,
802 1377 916 1415 inquit,
939 1378 1066 1416 respicit
1090 1378 1166 1405 enim
1192 1377 1227 1405 ad
1252 1378 1317 1414 illa,
1342 1376 1414 1417 quid
1437 1377 1557 1405 taeniae.
1603 1373 1737 1402 Intestini
1758 1379 1799 1401 est
1819 1372 1980 1411 porrectio,
2001 1383 2052 1411 per

91 1431 178 1461 quam
200 1417 347 1459 proluvies
368 1417 464 1446 editur
487 1420 583 1447 succis
603 1430 656 1458 per
677 1420 831 1448 exsiccata
854 1418 1002 1450 vitalibus.
1052 1419 1126 1461 Offa
1157 1427 1251 1448 autem
1272 1421 1372 1459 penita
1396 1427 1452 1456 est,
1489 1430 1552 1448 cum
1574 1414 1722 1457 particula
1746 1415 1863 1443 visceris
1886 1412 1981 1443 cauda
2001 1425 2053 1452 pe-

90 1463 169 1492 coris
190 1468 354 1501 amputata.
388 1461 491 1499 Neque
514 1461 590 1489 iliud
614 1462 650 1489 de
673 1462 813 1491 taeniacis
837 1472 969 1500 unquam
994 1463 1142 1491 Arnobius
1167 1463 1266 1491 dicere
1290 1463 1453 1500 potuisset,
1477 1461 1557 1500 quod
1582 1460 1617 1488 de.
1639 1457 1751 1486 naeniis
1773 1457 1837 1485 iure
1862 1457 1954 1493 dixit,
1980 1466 2053 1494 quas

91 1506 178 1535 etiam
201 1504 339 1533 intestina
362 1503 420 1532 iam
444 1504 661 1542 interpretatus
683 1510 728 1533 est
750 1505 864 1533 Festus.
900 1505 939 1533 De
964 1505 1064 1543 penita
1090 1506 1147 1533 offa
1169 1506 1264 1534 Plaut.
1283 1505 1342 1533 Mil.
1363 1506 1445 1533 Glor.
1464 1505 1520 1540 III,
1547 1507 1573 1540 1,
1597 1502 1707 1539 (164.):
1730 1498 1831 1540 Aufer
1852 1498 1936 1527 illam
1958 1498 2052 1539 offam

88 1549 227 1588 penitam.
266 1547 368 1574 Penita
392 1547 555 1585 penultima
577 1547 742 1585 producta,
766 1553 799 1576 ut
823 1547 940 1576 differat
962 1558 976 1575 a
998 1549 1112 1586 penita,
1138 1547 1169 1575 id
1192 1552 1235 1576 est
1258 1548 1378 1585 intima,
1401 1547 1566 1586 penultima
1590 1548 1736 1582 correpta.
1761 1542 1849 1571 Dae.
1886 1541 1959 1570 Vide
1981 1539 2053 1582 Offa

88 1591 198 1631 penita.
248 1587 353 1618 Gotlz.

256 1631 442 1659 Privatae.
487 1630 618 1659 Macrob.
641 1630 692 1658 lib.
708 1631 728 1660 I.
754 1632 789 1667 (c.
808 1634 867 1666 16.)
891 1633 1025 1660 Saturn.:
1063 1630 1138 1660 Sunt
1158 1639 1308 1670 praeterea
1323 1631 1425 1672 feriae
1447 1631 1586 1670 propriae
1599 1627 1803 1670 familiarum.
1850 1625 1925 1654 Sunt
1946 1626 2052 1665 singu-

91 1674 204 1710 lorum,
240 1680 271 1701 ut
300 1671 445 1701 natalium
465 1671 685 1713 fulgurumque
712 1674 921 1711 susceptiones,
959 1675 1024 1702 ilem
1046 1673 1190 1715 funerum
1219 1682 1305 1714 atque
1327 1675 1540 1713 expiationum.
1588 1671 1746 1699 Denecales
1770 1669 1861 1698 feriae
1884 1678 1959 1707 quae
1981 1668 2050 1704 sint,

89 1717 160 1745 vide
182 1716 213 1744 in
236 1715 320 1743 litera
345 1716 378 1743 D.
408 1715 495 1744 Ant.
519 1715 614 1755 Aug.
660 1716 738 1744 Infra
766 1715 954 1755 operationes
978 1715 1138 1745 Denecales
1167 1717 1350 1745 coniunctim
1380 1718 1451 1753 legit
1475 1716 1607 1743 Ursinus.
1646 1713 1735 1749 Quod
1764 1711 1835 1740 mihi
1861 1721 1918 1739 non
1945 1711 2049 1748 placet.

97 1758 223 1798 Operari
247 1758 323 1785 enim
348 1762 375 1786 et
390 1757 498 1797 facere
518 1767 575 1796 pro
599 1758 786 1786 sacrificandi
809 1759 903 1787 verbo
927 1764 1040 1787 veteres
1064 1759 1257 1798 usurpabant.
1292 1759 1369 1797 Virg.
1394 1759 1459 1794 (Ge.
1474 1758 1503 1793 I,
1528 1759 1625 1793 339.):
1655 1755 1757 1784 Laetis
1780 1761 1913 1794 Operam
1936 1754 1966 1781 in
1988 1751 2051 1780 7²2?-

92 1800 145 1829 bis.
174 1801 276 1829 Horat.
301 1800 370 1835 (Od.
393 1799 447 1835 111,
476 1802 528 1835 14,
552 1802 611 1834 6.):
637 1800 762 1829 Prodeat
785 1801 870 1829 iustis
892 1809 1012 1840 operata
1033 1801 1125 1829 Divis.
1156 1802 1228 1830 Vide
1245 1801 1337 1831 Sacer
1358 1812 1450 1830 mons.
1472 1800 1559 1829 Dac.
1593 1799 1665 1827 Vide
1682 1797 1812 1826 Macrob.
1828 1797 1850 1825 I.
1866 1797 1984 1824 Sanum.
1999 1797 2047 1826 16.

91 1843 177 1872 Adde
199 1843 276 1871 infra
301 1841 371 1871 Sine
392 1842 487 1871 sacris
509 1841 675 1871 haereditas
697 1849 724 1872 et
748 1842 955 1883 Propudianus
974 1855 1091 1884 porcus.
1139 1842 1242 1873 Goth.

258 1884 489 1914 Pudicitiae.
534 1885 697 1914 Monstrum
727 1886 812 1914 verbi
840 1892 884 1915 est
913 1887 941 1914 in
974 1887 1030 1915 hac
1054 1886 1188 1924 periodo.
1233 1886 1289 1915 Sed
1315 1890 1388 1924 puto
1411 1885 1452 1914 ita
1475 1884 1712 1913 conficiendum:
1749 1880 1915 1911 Pudicitiae
1933 1880 2048 1918 signum

90 1929 122 1956 in
135 1926 214 1969 foro
231 1926 344 1956 Boario
365 1935 421 1963 est,
446 1927 497 1955 ubi
515 1927 687 1957 Aimiliana
709 1927 792 1957 aedis
814 1936 854 1957 est
873 1928 1023 1958 Herculis.
1058 1929 1183 1957 Deinde:
1207 1928 1248 1958 ad
1270 1927 1443 1957 milliarium
1468 1926 1561 1964 IIII„
1586 1937 1621 1955 ex
1645 1936 1704 1964 quo
1727 1925 1840 1953 factum
1862 1922 1914 1950 illi.
1945 1921 2046 1950 Aimi-

90 1969 174 2000 liana
197 1968 282 1998 aedes
304 1970 440 1998 Herculis
463 1969 592 2005 dictum,
617 1976 649 1999 ut
671 1971 751 2009 apud
774 1970 856 1999 hunc
878 1972 975 2010 ipsuin
1000 1972 1087 2000 aedes
1110 1972 1189 2000 Iovis
1213 1971 1371 2001 Metellina.
1409 1970 1481 1999 Vide
1504 1971 1532 1998 in
1562 1970 1709 2008 Tarpeiae.
1734 1965 1835 1996 Scal.
1875 1965 1953 2002 Lego
1976 1973 2048 2003 pro·

91 2013 159 2052 pius
183 2012 219 2040 ad
243 2012 438 2050 scripturam:
472 2012 639 2042 Pudicitiae
659 2014 773 2053 signum
797 2015 827 2042 in
847 2013 918 2053 foro
942 2013 1054 2043 Boario
1077 2021 1133 2049 est,
1156 2013 1206 2042 ubi
1229 2013 1374 2042 Fuluiana
1398 2021 1438 2041 est
1462 2010 1547 2042 aedes
1569 2010 1717 2040 Herculis.
1762 2007 1905 2037 Patriciae
1927 2006 2048 2045 pudici-

90 2057 147 2084 tiae
171 2055 311 2083 sacellum
333 2055 437 2083 Festus
459 2055 613 2091 intelligit,
637 2056 718 2094 quod
742 2056 798 2084 suit
821 2056 858 2084 ad
881 2056 982 2084 aedem
1006 2057 1164 2085 rotundam
1187 2057 1333 2085 Herculis.
1373 2056 1446 2084 Vide
1470 2065 1559 2093 supra
1584 2052 1718 2082 Plebeiae
1735 2050 1908 2091 pudicitiae.
1944 2050 1975 2078 P.
1995 2049 2047 2077 Vi-

90 2104 157 2128 ctor
180 2098 209 2126 in
233 2101 264 2129 8.
289 2097 371 2126 urbis
393 2098 526 2135 regione:
556 2097 663 2127 Forum
687 2097 844 2134 Bomium,
871 2097 1020 2127 Sacellum
1041 2097 1205 2138 pudicitiae
1225 2099 1387 2137 patriciae,
1410 2097 1510 2127 Aedes
1533 2094 1674 2126 Herculis
1695 2094 1815 2123 victoris
1839 2091 1928 2127 duae,
1952 2090 2046 2120 altera

90 2141 132 2170 ad
152 2148 270 2179 portam
292 2141 494 2179 trigeminam,
528 2140 622 2169 altera
643 2141 674 2169 in
692 2140 770 2181 foro
794 2139 905 2170 Boario
929 2142 1101 2180 cognomine
1123 2141 1251 2170 rotunda
1273 2148 1298 2169 et
1319 2151 1423 2180 parva.
1468 2141 1543 2178 Lege
1571 2139 1665 2167 infra:
1703 2136 1776 2165 Item
1800 2135 1849 2163 via
1871 2134 1983 2163 Latina
2005 2131 2046 2161 ad

88 2182 263 2213 milliarium
286 2185 315 2213 4.
330 2182 478 2222 fortunae
497 2182 656 2213 muliebris,
697 2184 734 2211 Ut
756 2183 867 2221 optime
892 2184 961 2212 viris
985 2184 1082 2212 doctis
1105 2183 1359 2218 animadversum,
1389 2193 1426 2212 ex
1448 2183 1500 2211 1111
1522 2183 1633 2211 sactum
1655 2177 1710 2209 illi.
1755 2179 1795 2206 De
1817 2178 1953 2206 fortunae
1976 2185 2043 2204 mu—

89 2225 191 2255 liebris
214 2225 375 2254 simulacro
398 2229 427 2253 et
451 2225 522 2253 aede
544 2225 592 2253 via
611 2225 709 2254 Latina
734 2225 770 2254 ad
794 2231 933 2264 quartum
955 2226 1127 2254 milliarium
1150 2227 1181 2254 in
1204 2226 1375 2254 memoriam
1399 2226 1541 2254 liberatae
1564 2223 1647 2253 urbis
1670 2221 1705 2250 ab
1725 2220 1878 2250 obsidione
1895 2221 1924 2247 C.
1941 2216 2041 2246 Marcii

91 2268 259 2304 Coriolani,
299 2268 509 2296 intercessione
532 2268 668 2296 veturiae
691 2272 719 2296 ct
743 2268 934 2304 Vohrmniae,
970 2269 1152 2298 consecratis
1175 2269 1243 2297 vide
1267 2269 1388 2306 Dionys.
1409 2268 1460 2297 lib.
1475 2268 1548 2297 VIII.
1573 2269 1613 2306 (c.
1627 2265 1678 2296 55.
1703 2264 1870 2303 pag-525)
1891 2258 2039 2289 Plutffl'Ch·

88 2313 120 2341 in
143 2310 301 2339 Coriolano
328 2310 462 2347 (c.37.).
504 2310 599 2339 Valer.
623 2311 701 2340 Max.
727 2310 776 2339 lib.
792 2311 812 2341 I.
835 2321 900 2350 cap.
913 2314 943 2344 8.
987 2312 1059 2340 Eius
1086 2312 1275 2340 simulacrum
1299 2322 1314 2339 a
1338 2311 1428 2340 semel
1455 2311 1558 2350 nuptis
1586 2313 1701 2338 tantum
1732 2304 1868 2335 coronari
1899 2305 1939 2331 sas
1968 2305 2039 2330 erat.

89 2354 212 2384 Servius
236 2354 272 2382 ad
295 2353 373 2382 illud
393 2353 442 2383 lv.
466 2353 538 2383 Aen.
559 2353 659 2392 (19.):

669 2393 752 2426 Huic
774 2396 826 2425 uni
837 2395 952 2439 forsan
972 2397 1057 2436 potui
1078 2395 1263 2426 succumbere
1285 2394 1397 2436 culpae.
