<?xml version="1.0" encoding="UTF-8"?>
<!DOCTYPE html PUBLIC "-//W3C//DTD XHTML 1.0 Transitional//EN"
    "http://www.w3.org/TR/xhtml1/DTD/xhtml1-transitional.dtd">
<html xmlns="http://www.w3.org/1999/xhtml" xml:lang="en" lang="en">
 <head>
  <title>
</title>
<meta http-equiv="Content-Type" content="text/html;charset=utf-8" />
  <meta name='ocr-system' content='tesseract 3.04.00' />
  <meta name='ocr-capabilities' content='ocr_page ocr_carea ocr_par ocr_line ocrx_word'/>
</head>
<body>
  <div class='ocr_page' id='page_1' title='image "./corpusgrammatico01linduoft_1123.png"; bbox 0 0 2263 2668; ppageno 0'>
   <div class='ocr_carea' id='block_1_1' title="bbox 510 129 2055 171">
    <p class='ocr_par' dir='ltr' id='par_1_1' title="bbox 510 129 2055 171">
     <span class='ocr_line' id='line_1_1' title="bbox 510 129 2055 171; baseline 0.003 -5"><span class='ocrx_word' id='word_1_1' title='bbox 510 132 575 166; x_wconf 79' lang='lat' dir='ltr'>DE</span> <span class='ocrx_word' id='word_1_2' title='bbox 602 129 990 166; x_wconf 83' lang='lat' dir='ltr'>SIGNIFICATIONE</span> <span class='ocrx_word' id='word_1_3' title='bbox 1019 130 1304 168; x_wconf 83' lang='lat' dir='ltr'>VERBORUM.</span> <span class='ocrx_word' id='word_1_4' title='bbox 1356 132 1504 167; x_wconf 87' lang='lat' dir='ltr'>LIBER</span> <span class='ocrx_word' id='word_1_5' title='bbox 1530 131 1638 166; x_wconf 87' lang='lat' dir='ltr'>XVII.</span> <span class='ocrx_word' id='word_1_6' title='bbox 1980 136 2055 171; x_wconf 72' lang='lat'>697</span> 
     </span>
    </p>
   </div>
   <div class='ocr_carea' id='block_1_2' title="bbox 97 221 2055 2431">
    <p class='ocr_par' dir='ltr' id='par_1_2' title="bbox 100 221 2055 391">
     <span class='ocr_line' id='line_1_2' title="bbox 100 221 2055 265; baseline 0.002 -10"><span class='ocrx_word' id='word_1_7' title='bbox 100 232 197 255; x_wconf 80' lang='lat' dir='ltr'>tamen</span> <span class='ocrx_word' id='word_1_8' title='bbox 219 230 262 254; x_wconf 86' lang='lat' dir='ltr'>est</span> <span class='ocrx_word' id='word_1_9' title='bbox 284 221 434 264; x_wconf 69' lang='grc' dir='ltr'><em>ἁλμυρόν,</em></span> <span class='ocrx_word' id='word_1_10' title='bbox 464 225 515 254; x_wconf 80' lang='lat' dir='ltr'>sed</span> <span class='ocrx_word' id='word_1_11' title='bbox 540 222 710 265; x_wconf 79' lang='grc' dir='ltr'><strong><em>ὀξάλμυρον</em></strong></span> <span class='ocrx_word' id='word_1_12' title='bbox 733 228 788 254; x_wconf 86' lang='lat' dir='ltr'>etc.</span> <span class='ocrx_word' id='word_1_13' title='bbox 832 222 944 252; x_wconf 83' lang='lat' dir='ltr'>Deinde</span> <span class='ocrx_word' id='word_1_14' title='bbox 968 227 997 251; x_wconf 81' lang='lat' dir='ltr'>et</span> <span class='ocrx_word' id='word_1_15' title='bbox 1017 234 1112 262; x_wconf 87' lang='lat' dir='ltr'>pravo</span> <span class='ocrx_word' id='word_1_16' title='bbox 1134 225 1247 254; x_wconf 84' lang='lat' dir='ltr'>iudicio</span> <span class='ocrx_word' id='word_1_17' title='bbox 1270 230 1398 255; x_wconf 87' lang='lat' dir='ltr'>utuntur</span> <span class='ocrx_word' id='word_1_18' title='bbox 1422 225 1477 254; x_wconf 86' lang='lat' dir='ltr'>viri</span> <span class='ocrx_word' id='word_1_19' title='bbox 1500 224 1595 261; x_wconf 88' lang='lat' dir='ltr'>docti,</span> <span class='ocrx_word' id='word_1_20' title='bbox 1630 225 1681 262; x_wconf 84' lang='lat' dir='ltr'>qui</span> <span class='ocrx_word' id='word_1_21' title='bbox 1703 225 1733 253; x_wconf 86' lang='lat' dir='ltr'>in</span> <span class='ocrx_word' id='word_1_22' title='bbox 1756 234 1846 254; x_wconf 80' lang='lat' dir='ltr'>versu</span> <span class='ocrx_word' id='word_1_23' title='bbox 1868 227 1955 257; x_wconf 90' lang='lat' dir='ltr'>Ennii</span> <span class='ocrx_word' id='word_1_24' title='bbox 1979 240 2055 259; x_wconf 86' lang='lat' dir='ltr'>con-</span> 
     </span>
     <span class='ocr_line' id='line_1_3' title="bbox 100 265 2055 307; baseline 0.002 -10"><span class='ocrx_word' id='word_1_25' title='bbox 100 269 224 297; x_wconf 86' lang='lat' dir='ltr'>iunctim</span> <span class='ocrx_word' id='word_1_26' title='bbox 253 268 354 305; x_wconf 83' lang='lat' dir='ltr'>legunt</span> <span class='ocrx_word' id='word_1_27' title='bbox 378 265 554 297; x_wconf 77' lang='lat' dir='ltr'>salmacida</span> <span class='ocrx_word' id='word_1_28' title='bbox 577 266 688 307; x_wconf 82' lang='lat' dir='ltr'>spolia,</span> <span class='ocrx_word' id='word_1_29' title='bbox 725 276 792 294; x_wconf 91' lang='lat' dir='ltr'>cum</span> <span class='ocrx_word' id='word_1_30' title='bbox 815 265 851 294; x_wconf 90' lang='lat' dir='ltr'>de</span> <span class='ocrx_word' id='word_1_31' title='bbox 874 266 939 294; x_wconf 87' lang='lat' dir='ltr'>viro</span> <span class='ocrx_word' id='word_1_32' title='bbox 962 266 1044 294; x_wconf 88' lang='lat' dir='ltr'>molli</span> <span class='ocrx_word' id='word_1_33' title='bbox 1069 272 1097 296; x_wconf 89' lang='lat' dir='ltr'>et</span> <span class='ocrx_word' id='word_1_34' title='bbox 1120 268 1285 297; x_wconf 83' lang='lat' dir='ltr'>Salmacide</span> <span class='ocrx_word' id='word_1_35' title='bbox 1308 269 1468 306; x_wconf 85' lang='lat' dir='ltr'>loquatur,</span> <span class='ocrx_word' id='word_1_36' title='bbox 1507 267 1558 306; x_wconf 91' lang='lat' dir='ltr'>qui</span> <span class='ocrx_word' id='word_1_37' title='bbox 1581 267 1664 296; x_wconf 77' lang='lat' dir='ltr'>daret</span> <span class='ocrx_word' id='word_1_38' title='bbox 1687 268 1783 307; x_wconf 85' lang='lat' dir='ltr'>spolia</span> <span class='ocrx_word' id='word_1_39' title='bbox 1807 268 1843 297; x_wconf 89' lang='lat' dir='ltr'>de</span> <span class='ocrx_word' id='word_1_40' title='bbox 1864 279 1895 298; x_wconf 86' lang='lat' dir='ltr'>se</span> <span class='ocrx_word' id='word_1_41' title='bbox 1917 269 2055 302; x_wconf 82' lang='lat' dir='ltr'>hostibus</span> 
     </span>
     <span class='ocr_line' id='line_1_4' title="bbox 101 308 2054 350; baseline 0.002 -11"><span class='ocrx_word' id='word_1_42' title='bbox 101 313 165 340; x_wconf 80' lang='lat' dir='ltr'>sine</span> <span class='ocrx_word' id='word_1_43' title='bbox 188 311 329 348; x_wconf 76' lang='lat' dir='ltr'>sanguine</span> <span class='ocrx_word' id='word_1_44' title='bbox 353 314 382 338; x_wconf 91' lang='lat' dir='ltr'>et</span> <span class='ocrx_word' id='word_1_45' title='bbox 405 309 522 338; x_wconf 84' lang='lat' dir='ltr'>sudore.</span> <span class='ocrx_word' id='word_1_46' title='bbox 545 310 636 339; x_wconf 79' lang='lat' dir='ltr'>Duc.</span> <span class='ocrx_word' id='word_1_47' title='bbox 670 310 712 337; x_wconf 85' lang='lat' dir='ltr'>De</span> <span class='ocrx_word' id='word_1_48' title='bbox 733 309 801 337; x_wconf 86' lang='lat' dir='ltr'>loco</span> <span class='ocrx_word' id='word_1_49' title='bbox 825 308 910 337; x_wconf 86' lang='lat' dir='ltr'>Ennii</span> <span class='ocrx_word' id='word_1_50' title='bbox 934 308 973 337; x_wconf 84' lang='lat' dir='ltr'>cf.</span> <span class='ocrx_word' id='word_1_51' title='bbox 995 309 1089 338; x_wconf 85' lang='lat' dir='ltr'>Beier.</span> <span class='ocrx_word' id='word_1_52' title='bbox 1113 310 1151 339; x_wconf 88' lang='lat' dir='ltr'>ad</span> <span class='ocrx_word' id='word_1_53' title='bbox 1175 311 1234 340; x_wconf 85' lang='lat' dir='ltr'>Cic.</span> <span class='ocrx_word' id='word_1_54' title='bbox 1259 311 1295 340; x_wconf 90' lang='lat' dir='ltr'>de</span> <span class='ocrx_word' id='word_1_55' title='bbox 1318 311 1376 341; x_wconf 86' lang='lat' dir='ltr'>Off.</span> <span class='ocrx_word' id='word_1_56' title='bbox 1391 312 1420 348; x_wconf 89' lang='lat' dir='ltr'>I,</span> <span class='ocrx_word' id='word_1_57' title='bbox 1446 313 1495 342; x_wconf 83' lang='lat'>18.</span> <span class='ocrx_word' id='word_1_58' title='bbox 1521 315 1590 340; x_wconf 86' lang='lat' dir='ltr'>tom.</span> <span class='ocrx_word' id='word_1_59' title='bbox 1602 310 1624 339; x_wconf 86' lang='lat'>1.</span> <span class='ocrx_word' id='word_1_60' title='bbox 1641 320 1708 348; x_wconf 84' lang='lat' dir='ltr'>pag.</span> <span class='ocrx_word' id='word_1_61' title='bbox 1724 310 1793 343; x_wconf 79' lang='lat'>142.</span> <span class='ocrx_word' id='word_1_62' title='bbox 1806 321 1867 350; x_wconf 86' lang='lat' dir='ltr'>seq.</span> <span class='ocrx_word' id='word_1_63' title='bbox 1890 312 1942 341; x_wconf 88' lang='lat' dir='ltr'>ubi</span> <span class='ocrx_word' id='word_1_64' title='bbox 1966 314 2054 344; x_wconf 87' lang='lat' dir='ltr'>etiam</span> 
     </span>
     <span class='ocr_line' id='line_1_5' title="bbox 102 353 526 391; baseline 0 -9"><span class='ocrx_word' id='word_1_65' title='bbox 102 354 139 382; x_wconf 90' lang='lat' dir='ltr'>de</span> <span class='ocrx_word' id='word_1_66' title='bbox 162 354 241 382; x_wconf 83' lang='lat' dir='ltr'><strong>Festi</strong></span> <span class='ocrx_word' id='word_1_67' title='bbox 264 354 331 382; x_wconf 89' lang='lat' dir='ltr'>loco</span> <span class='ocrx_word' id='word_1_68' title='bbox 355 353 526 391; x_wconf 72' lang='lat' dir='ltr'>exponitur.</span> 
     </span>
    </p>

    <p class='ocr_par' dir='ltr' id='par_1_3' title="bbox 100 391 2054 521">
     <span class='ocr_line' id='line_1_6' title="bbox 266 391 2054 435; baseline 0.002 -12"><span class='ocrx_word' id='word_1_69' title='bbox 266 394 399 424; x_wconf 85' lang='lat' dir='ltr'>Salias</span> <span class='ocrx_word' id='word_1_70' title='bbox 421 395 596 434; x_wconf 75' lang='lat' dir='ltr'>virgines.</span> <span class='ocrx_word' id='word_1_71' title='bbox 621 392 682 433; x_wconf 80' lang='lat' dir='ltr'>(Ad</span> <span class='ocrx_word' id='word_1_72' title='bbox 705 404 732 433; x_wconf 87' lang='lat' dir='ltr'>p.</span> <span class='ocrx_word' id='word_1_73' title='bbox 747 391 831 433; x_wconf 79' lang='lat'>255.)</span> <span class='ocrx_word' id='word_1_74' title='bbox 853 393 961 421; x_wconf 87' lang='lat' dir='ltr'>Nullae</span> <span class='ocrx_word' id='word_1_75' title='bbox 984 399 1069 423; x_wconf 87' lang='lat' dir='ltr'>erant</span> <span class='ocrx_word' id='word_1_76' title='bbox 1091 395 1185 423; x_wconf 84' lang='lat' dir='ltr'>Saliae</span> <span class='ocrx_word' id='word_1_77' title='bbox 1206 395 1352 433; x_wconf 81' lang='lat' dir='ltr'>virgines,</span> <span class='ocrx_word' id='word_1_78' title='bbox 1375 395 1428 424; x_wconf 87' lang='lat' dir='ltr'>sed</span> <span class='ocrx_word' id='word_1_79' title='bbox 1451 396 1476 424; x_wconf 87' lang='lat' dir='ltr'>si</span> <span class='ocrx_word' id='word_1_80' title='bbox 1503 395 1622 433; x_wconf 87' lang='lat' dir='ltr'>quando</span> <span class='ocrx_word' id='word_1_81' title='bbox 1647 404 1724 433; x_wconf 86' lang='lat' dir='ltr'>opus</span> <span class='ocrx_word' id='word_1_82' title='bbox 1748 400 1825 424; x_wconf 84' lang='lat' dir='ltr'>esset</span> <span class='ocrx_word' id='word_1_83' title='bbox 1847 396 1976 435; x_wconf 68' lang='lat' dir='ltr'>virgines</span> <span class='ocrx_word' id='word_1_84' title='bbox 1998 400 2054 427; x_wconf 81' lang='lat' dir='ltr'>Sa-</span> 
     </span>
     <span class='ocr_line' id='line_1_7' title="bbox 100 435 2053 477; baseline 0.003 -11"><span class='ocrx_word' id='word_1_85' title='bbox 100 438 209 467; x_wconf 86' lang='lat' dir='ltr'>liorum</span> <span class='ocrx_word' id='word_1_86' title='bbox 232 438 325 466; x_wconf 83' lang='lat' dir='ltr'>sacris</span> <span class='ocrx_word' id='word_1_87' title='bbox 349 437 518 472; x_wconf 76' lang='lat' dir='ltr'>admoveri,</span> <span class='ocrx_word' id='word_1_88' title='bbox 551 441 613 464; x_wconf 90' lang='lat' dir='ltr'>tum</span> <span class='ocrx_word' id='word_1_89' title='bbox 636 437 705 465; x_wconf 85' lang='lat' dir='ltr'>illae</span> <span class='ocrx_word' id='word_1_90' title='bbox 726 436 902 465; x_wconf 68' lang='lat' dir='ltr'>dicebantur</span> <span class='ocrx_word' id='word_1_91' title='bbox 924 435 1036 473; x_wconf 84' lang='lat' dir='ltr'>Saliae,</span> <span class='ocrx_word' id='word_1_92' title='bbox 1065 438 1134 466; x_wconf 89' lang='lat' dir='ltr'>dum</span> <span class='ocrx_word' id='word_1_93' title='bbox 1159 438 1245 466; x_wconf 84' lang='lat' dir='ltr'>Saliis</span> <span class='ocrx_word' id='word_1_94' title='bbox 1267 443 1386 477; x_wconf 86' lang='lat' dir='ltr'>praesto</span> <span class='ocrx_word' id='word_1_95' title='bbox 1410 443 1501 467; x_wconf 83' lang='lat' dir='ltr'>erant.</span> <span class='ocrx_word' id='word_1_96' title='bbox 1547 438 1588 466; x_wconf 85' lang='lat' dir='ltr'>De</span> <span class='ocrx_word' id='word_1_97' title='bbox 1611 437 1745 476; x_wconf 75' lang='lat' dir='ltr'>apicibus</span> <span class='ocrx_word' id='word_1_98' title='bbox 1768 448 1819 466; x_wconf 88' lang='lat' dir='ltr'>suo</span> <span class='ocrx_word' id='word_1_99' title='bbox 1841 439 1907 467; x_wconf 88' lang='lat' dir='ltr'>loco</span> <span class='ocrx_word' id='word_1_100' title='bbox 1931 440 2053 471; x_wconf 88' lang='lat' dir='ltr'>dictum.</span> 
     </span>
     <span class='ocr_line' id='line_1_8' title="bbox 100 477 733 521; baseline -0.003 -12"><span class='ocrx_word' id='word_1_101' title='bbox 100 481 191 512; x_wconf 86' lang='lat' dir='ltr'>Dac.</span> <span class='ocrx_word' id='word_1_102' title='bbox 225 480 298 508; x_wconf 83' lang='lat' dir='ltr'>Vide</span> <span class='ocrx_word' id='word_1_103' title='bbox 321 481 351 508; x_wconf 91' lang='lat' dir='ltr'>in</span> <span class='ocrx_word' id='word_1_104' title='bbox 373 478 576 521; x_wconf 68' lang='lat' dir='ltr'><em>Regifugium.</em></span> <span class='ocrx_word' id='word_1_105' title='bbox 626 477 733 508; x_wconf 75' lang='lat' dir='ltr'>Goth.</span> 
     </span>
    </p>

    <p class='ocr_par' dir='ltr' id='par_1_4' title="bbox 101 518 2054 687">
     <span class='ocr_line' id='line_1_9' title="bbox 266 518 2053 565; baseline -0.001 -14"><span class='ocrx_word' id='word_1_106' title='bbox 266 520 467 561; x_wconf 80' lang='lat' dir='ltr'><strong><em>Spondere.</em></strong></span> <span class='ocrx_word' id='word_1_107' title='bbox 514 522 537 548; x_wconf 93' lang='lat' dir='ltr'><strong>A</strong></span> <span class='ocrx_word' id='word_1_108' title='bbox 560 526 682 560; x_wconf 87' lang='lat' dir='ltr'>sponte,</span> <span class='ocrx_word' id='word_1_109' title='bbox 715 526 749 549; x_wconf 89' lang='lat' dir='ltr'>ut</span> <span class='ocrx_word' id='word_1_110' title='bbox 772 521 865 550; x_wconf 85' lang='lat' dir='ltr'>Varro</span> <span class='ocrx_word' id='word_1_111' title='bbox 889 520 937 549; x_wconf 91' lang='lat' dir='ltr'>lib.</span> <span class='ocrx_word' id='word_1_112' title='bbox 954 519 986 548; x_wconf 88' lang='lat' dir='ltr'>V.</span> <span class='ocrx_word' id='word_1_113' title='bbox 1011 518 1072 560; x_wconf 90' lang='lat' dir='ltr'>(VI.</span> <span class='ocrx_word' id='word_1_114' title='bbox 1096 522 1246 559; x_wconf 64' lang='grc' dir='ltr'><strong>ρος-245.</strong></span> <span class='ocrx_word' id='word_1_115' title='bbox 1271 521 1352 562; x_wconf 88' lang='lat' dir='ltr'>Sp.):</span> <span class='ocrx_word' id='word_1_116' title='bbox 1388 521 1537 561; x_wconf 72' lang='lat' dir='ltr'><strong><em>Spondere</em></strong></span> <span class='ocrx_word' id='word_1_117' title='bbox 1559 529 1599 551; x_wconf 81' lang='lat' dir='ltr'>est</span> <span class='ocrx_word' id='word_1_118' title='bbox 1623 520 1717 551; x_wconf 73' lang='lat' dir='ltr'>dicere</span> <span class='ocrx_word' id='word_1_119' title='bbox 1739 520 1867 560; x_wconf 74' lang='lat' dir='ltr'>spondeo</span> <span class='ocrx_word' id='word_1_120' title='bbox 1890 535 1908 551; x_wconf 81' lang='lat' dir='ltr'>a</span> <span class='ocrx_word' id='word_1_121' title='bbox 1932 533 2053 565; x_wconf 67' lang='lat' dir='ltr'>sponse,-</span> 
     </span>
     <span class='ocr_line' id='line_1_10' title="bbox 101 562 2053 604; baseline 0.001 -11"><span class='ocrx_word' id='word_1_122' title='bbox 101 575 169 593; x_wconf 84' lang='lat' dir='ltr'>riam</span> <span class='ocrx_word' id='word_1_123' title='bbox 192 563 225 593; x_wconf 75' lang='lat' dir='ltr'>id</span> <span class='ocrx_word' id='word_1_124' title='bbox 245 564 331 593; x_wconf 80' lang='lat' dir='ltr'>valet.</span> <span class='ocrx_word' id='word_1_125' title='bbox 376 563 434 592; x_wconf 80' lang='lat' dir='ltr'>Sed</span> <span class='ocrx_word' id='word_1_126' title='bbox 457 563 576 592; x_wconf 88' lang='lat' dir='ltr'>omnino</span> <span class='ocrx_word' id='word_1_127' title='bbox 599 564 733 602; x_wconf 84' lang='lat' dir='ltr'>spondeo</span> <span class='ocrx_word' id='word_1_128' title='bbox 758 574 773 592; x_wconf 86' lang='lat' dir='ltr'>a</span> <span class='ocrx_word' id='word_1_129' title='bbox 798 564 911 591; x_wconf 82' lang='lat' dir='ltr'>Graeco</span> <span class='ocrx_word' id='word_1_130' title='bbox 936 562 1068 600; x_wconf 72' lang='grc' dir='ltr'><em>σπένδω,</em></span> <span class='ocrx_word' id='word_1_131' title='bbox 1100 564 1176 600; x_wconf 76' lang='lat' dir='ltr'>libo,</span> <span class='ocrx_word' id='word_1_132' title='bbox 1208 565 1287 603; x_wconf 87' lang='lat' dir='ltr'>quod</span> <span class='ocrx_word' id='word_1_133' title='bbox 1310 565 1340 592; x_wconf 88' lang='lat' dir='ltr'>in</span> <span class='ocrx_word' id='word_1_134' title='bbox 1364 565 1532 594; x_wconf 83' lang='lat' dir='ltr'>foederibus</span> <span class='ocrx_word' id='word_1_135' title='bbox 1556 565 1691 594; x_wconf 75' lang='lat' dir='ltr'><strong>libarent.</strong></span> <span class='ocrx_word' id='word_1_136' title='bbox 1736 565 1841 592; x_wconf 84' lang='lat' dir='ltr'>Postea</span> <span class='ocrx_word' id='word_1_137' title='bbox 1866 567 1992 604; x_wconf 87' lang='lat' dir='ltr'>sactum,</span> <span class='ocrx_word' id='word_1_138' title='bbox 2020 573 2053 597; x_wconf 91' lang='lat' dir='ltr'>ut</span> 
     </span>
     <span class='ocr_line' id='line_1_11' title="bbox 101 604 2054 648; baseline 0.002 -13"><span class='ocrx_word' id='word_1_139' title='bbox 101 608 152 646; x_wconf 91' lang='lat' dir='ltr'>qui</span> <span class='ocrx_word' id='word_1_140' title='bbox 175 612 204 635; x_wconf 90' lang='lat' dir='ltr'>et</span> <span class='ocrx_word' id='word_1_141' title='bbox 226 608 288 635; x_wconf 87' lang='lat' dir='ltr'>sine</span> <span class='ocrx_word' id='word_1_142' title='bbox 311 607 455 635; x_wconf 75' lang='lat' dir='ltr'>libatione</span> <span class='ocrx_word' id='word_1_143' title='bbox 478 607 680 644; x_wconf 71' lang='lat' dir='ltr'>promitteret,</span> <span class='ocrx_word' id='word_1_144' title='bbox 709 604 849 644; x_wconf 79' lang='lat' dir='ltr'>spondere</span> <span class='ocrx_word' id='word_1_145' title='bbox 871 605 1036 642; x_wconf 83' lang='lat' dir='ltr'>diceretur,</span> <span class='ocrx_word' id='word_1_146' title='bbox 1076 612 1104 634; x_wconf 84' lang='lat' dir='ltr'>et</span> <span class='ocrx_word' id='word_1_147' title='bbox 1128 608 1177 646; x_wconf 88' lang='lat' dir='ltr'>qui</span> <span class='ocrx_word' id='word_1_148' title='bbox 1201 608 1440 646; x_wconf 73' lang='lat' dir='ltr'>repromitteret,</span> <span class='ocrx_word' id='word_1_149' title='bbox 1472 605 1649 647; x_wconf 78' lang='lat' dir='ltr'>respondere.</span> <span class='ocrx_word' id='word_1_150' title='bbox 1679 606 1766 636; x_wconf 78' lang='lat' dir='ltr'>Duc.</span> <span class='ocrx_word' id='word_1_151' title='bbox 1814 605 1988 648; x_wconf 79' lang='lat' dir='ltr'>Compositis</span> <span class='ocrx_word' id='word_1_152' title='bbox 2008 622 2054 639; x_wconf 85' lang='lat' dir='ltr'>re-</span> 
     </span>
     <span class='ocr_line' id='line_1_12' title="bbox 102 646 906 687; baseline -0.001 -9"><span class='ocrx_word' id='word_1_153' title='bbox 102 649 154 678; x_wconf 74' lang='lat' dir='ltr'>bus</span> <span class='ocrx_word' id='word_1_154' title='bbox 177 648 294 678; x_wconf 81' lang='lat' dir='ltr'>divinis.</span> <span class='ocrx_word' id='word_1_155' title='bbox 339 649 423 677; x_wconf 80' lang='lat' dir='ltr'>Adde</span> <span class='ocrx_word' id='word_1_156' title='bbox 446 659 535 687; x_wconf 75' lang='lat' dir='ltr'>supra</span> <span class='ocrx_word' id='word_1_157' title='bbox 562 648 755 687; x_wconf 79' lang='lat' dir='ltr'>Consponsor.</span> <span class='ocrx_word' id='word_1_158' title='bbox 802 646 906 678; x_wconf 74' lang='lat' dir='ltr'>Goth.</span> 
     </span>
    </p>

    <p class='ocr_par' dir='ltr' id='par_1_5' title="bbox 100 689 2052 942">
     <span class='ocr_line' id='line_1_13' title="bbox 265 689 2052 731; baseline 0.001 -11"><span class='ocrx_word' id='word_1_159' title='bbox 265 690 438 722; x_wconf 76' lang='lat' dir='ltr'>Salicem.</span> <span class='ocrx_word' id='word_1_160' title='bbox 468 691 527 730; x_wconf 85' lang='lat' dir='ltr'>(Ad</span> <span class='ocrx_word' id='word_1_161' title='bbox 551 690 677 730; x_wconf 82' lang='lat' dir='ltr'>p.255.)</span> <span class='ocrx_word' id='word_1_162' title='bbox 709 689 805 727; x_wconf 75' lang='lat' dir='ltr'>Idem,</span> <span class='ocrx_word' id='word_1_163' title='bbox 843 691 879 719; x_wconf 91' lang='lat' dir='ltr'>de</span> <span class='ocrx_word' id='word_1_164' title='bbox 904 691 1024 727; x_wconf 83' lang='lat' dir='ltr'>Verrio,</span> <span class='ocrx_word' id='word_1_165' title='bbox 1062 696 1094 719; x_wconf 92' lang='lat' dir='ltr'>ut</span> <span class='ocrx_word' id='word_1_166' title='bbox 1121 692 1179 720; x_wconf 83' lang='lat' dir='ltr'>iam</span> <span class='ocrx_word' id='word_1_167' title='bbox 1202 702 1298 731; x_wconf 82' lang='lat' dir='ltr'><strong>saepe.</strong></span> <span class='ocrx_word' id='word_1_168' title='bbox 1343 693 1425 721; x_wconf 81' lang='lat' dir='ltr'>Salix</span> <span class='ocrx_word' id='word_1_169' title='bbox 1449 698 1546 721; x_wconf 86' lang='lat' dir='ltr'>autem</span> <span class='ocrx_word' id='word_1_170' title='bbox 1569 704 1584 721; x_wconf 89' lang='lat' dir='ltr'>a</span> <span class='ocrx_word' id='word_1_171' title='bbox 1608 692 1755 728; x_wconf 84' lang='lat' dir='ltr'>saliendo,</span> <span class='ocrx_word' id='word_1_172' title='bbox 1792 692 1874 730; x_wconf 86' lang='lat' dir='ltr'>quod</span> <span class='ocrx_word' id='word_1_173' title='bbox 1897 697 1926 722; x_wconf 89' lang='lat' dir='ltr'>et</span> <span class='ocrx_word' id='word_1_174' title='bbox 1947 694 2052 722; x_wconf 89' lang='lat' dir='ltr'>Servio</span> 
     </span>
     <span class='ocr_line' id='line_1_14' title="bbox 100 731 2051 774; baseline 0.001 -10"><span class='ocrx_word' id='word_1_175' title='bbox 100 735 261 774; x_wconf 83' lang='lat' dir='ltr'>probatur,</span> <span class='ocrx_word' id='word_1_176' title='bbox 293 734 394 771; x_wconf 80' lang='lat' dir='ltr'>Eclog.</span> <span class='ocrx_word' id='word_1_177' title='bbox 418 734 458 773; x_wconf 82' lang='lat' dir='ltr'>(l.</span> <span class='ocrx_word' id='word_1_178' title='bbox 482 744 546 773; x_wconf 74' lang='lat' dir='ltr'>pag.</span> <span class='ocrx_word' id='word_1_179' title='bbox 559 736 590 765; x_wconf 84' lang='lat'>6.</span> <span class='ocrx_word' id='word_1_180' title='bbox 615 734 668 762; x_wconf 87' lang='lat' dir='ltr'>Ed.</span> <span class='ocrx_word' id='word_1_181' title='bbox 694 733 800 772; x_wconf 79' lang='lat' dir='ltr'>l)an.):</span> <span class='ocrx_word' id='word_1_182' title='bbox 836 731 959 770; x_wconf 79' lang='lat' dir='ltr'>Salicii,</span> <span class='ocrx_word' id='word_1_183' title='bbox 987 734 1098 772; x_wconf 86' lang='lat' dir='ltr'>inquit..</span> <span class='ocrx_word' id='word_1_184' title='bbox 1127 734 1247 774; x_wconf 76' lang='lat' dir='ltr'>virgulti</span> <span class='ocrx_word' id='word_1_185' title='bbox 1268 746 1374 773; x_wconf 76' lang='lat' dir='ltr'>genus,</span> <span class='ocrx_word' id='word_1_186' title='bbox 1404 734 1513 764; x_wconf 79' lang='lat' dir='ltr'>dictum</span> <span class='ocrx_word' id='word_1_187' title='bbox 1537 746 1584 772; x_wconf 84' lang='lat' dir='ltr'>eo,</span> <span class='ocrx_word' id='word_1_188' title='bbox 1616 734 1695 774; x_wconf 77' lang='lat' dir='ltr'>quod</span> <span class='ocrx_word' id='word_1_189' title='bbox 1716 733 1787 763; x_wconf 82' lang='lat' dir='ltr'>salit</span> <span class='ocrx_word' id='word_1_190' title='bbox 1809 745 1845 764; x_wconf 83' lang='lat' dir='ltr'>ac</span> <span class='ocrx_word' id='word_1_191' title='bbox 1867 736 1960 774; x_wconf 76' lang='lat' dir='ltr'>surgit</span> <span class='ocrx_word' id='word_1_192' title='bbox 1982 737 2051 766; x_wconf 82' lang='lat' dir='ltr'>cito.</span> 
     </span>
     <span class='ocr_line' id='line_1_15' title="bbox 100 776 2052 816; baseline 0.001 -10"><span class='ocrx_word' id='word_1_193' title='bbox 100 778 181 806; x_wconf 85' lang='lat' dir='ltr'>lllud</span> <span class='ocrx_word' id='word_1_194' title='bbox 204 777 353 815; x_wconf 81' lang='lat' dir='ltr'>improbat</span> <span class='ocrx_word' id='word_1_195' title='bbox 376 782 473 804; x_wconf 84' lang='lat' dir='ltr'>tamen</span> <span class='ocrx_word' id='word_1_196' title='bbox 498 777 619 812; x_wconf 71' lang='lat' dir='ltr'>Festus,</span> <span class='ocrx_word' id='word_1_197' title='bbox 657 786 752 814; x_wconf 91' lang='lat' dir='ltr'>neque</span> <span class='ocrx_word' id='word_1_198' title='bbox 775 776 899 812; x_wconf 80' lang='lat' dir='ltr'>iniuria,</span> <span class='ocrx_word' id='word_1_199' title='bbox 935 777 1047 815; x_wconf 82' lang='lat' dir='ltr'>quippe</span> <span class='ocrx_word' id='word_1_200' title='bbox 1071 777 1120 814; x_wconf 87' lang='lat' dir='ltr'>qui</span> <span class='ocrx_word' id='word_1_201' title='bbox 1144 777 1251 805; x_wconf 82' lang='lat' dir='ltr'>sentiat</span> <span class='ocrx_word' id='word_1_202' title='bbox 1274 778 1391 805; x_wconf 82' lang='lat' dir='ltr'>salicem</span> <span class='ocrx_word' id='word_1_203' title='bbox 1417 788 1431 805; x_wconf 82' lang='lat' dir='ltr'>a</span> <span class='ocrx_word' id='word_1_204' title='bbox 1456 780 1569 806; x_wconf 83' lang='lat' dir='ltr'>Graeco</span> <span class='ocrx_word' id='word_1_205' title='bbox 1593 778 1668 813; x_wconf 89' lang='lat' dir='ltr'>dici,</span> <span class='ocrx_word' id='word_1_206' title='bbox 1705 786 1810 815; x_wconf 85' lang='lat' dir='ltr'>nempe</span> <span class='ocrx_word' id='word_1_207' title='bbox 1833 777 1868 805; x_wconf 84' lang='lat' dir='ltr'>ab</span> <span class='ocrx_word' id='word_1_208' title='bbox 1891 776 1987 816; x_wconf 75' lang='grc' dir='ltr'><strong><em>ἓλική,</em></strong></span> <span class='ocrx_word' id='word_1_209' title='bbox 2022 783 2052 807; x_wconf 84' lang='lat' dir='ltr'>at</span> 
     </span>
     <span class='ocr_line' id='line_1_16' title="bbox 100 818 2050 858; baseline 0.001 -10"><span class='ocrx_word' id='word_1_210' title='bbox 100 819 191 848; x_wconf 81' lang='lat' dir='ltr'>helice</span> <span class='ocrx_word' id='word_1_211' title='bbox 212 820 248 847; x_wconf 88' lang='lat' dir='ltr'>ab</span> <span class='ocrx_word' id='word_1_212' title='bbox 271 819 456 854; x_wconf 69' lang='grc' dir='ltr'><em>ἑλίσσεσθαι,</em></span> <span class='ocrx_word' id='word_1_213' title='bbox 481 819 658 853; x_wconf 72' lang='grc' dir='ltr'><em>πλέκεσθαι,</em></span> <span class='ocrx_word' id='word_1_214' title='bbox 683 818 765 856; x_wconf 84' lang='lat' dir='ltr'>quod</span> <span class='ocrx_word' id='word_1_215' title='bbox 788 818 826 846; x_wconf 84' lang='lat' dir='ltr'>sit</span> <span class='ocrx_word' id='word_1_216' title='bbox 847 819 1005 855; x_wconf 83' lang='lat' dir='ltr'>flexibilis,</span> <span class='ocrx_word' id='word_1_217' title='bbox 1028 819 1146 848; x_wconf 85' lang='lat' dir='ltr'>tortilis.</span> <span class='ocrx_word' id='word_1_218' title='bbox 1184 819 1265 848; x_wconf 82' lang='lat' dir='ltr'>Nihil</span> <span class='ocrx_word' id='word_1_219' title='bbox 1288 820 1405 850; x_wconf 65' lang='lat' dir='ltr'>certius⁴</span> <span class='ocrx_word' id='word_1_220' title='bbox 1427 820 1517 851; x_wconf 74' lang='lat' dir='ltr'>Dae,</span> <span class='ocrx_word' id='word_1_221' title='bbox 1561 820 1688 858; x_wconf 86' lang='lat' dir='ltr'>Propius</span> <span class='ocrx_word' id='word_1_222' title='bbox 1711 830 1726 847; x_wconf 90' lang='lat' dir='ltr'>a</span> <span class='ocrx_word' id='word_1_223' title='bbox 1751 829 1778 848; x_wconf 89' lang='lat' dir='ltr'>v.</span> <span class='ocrx_word' id='word_1_224' title='bbox 1801 819 1873 856; x_wconf 73' lang='grc' dir='ltr'><em>ἕλιξ,</em></span> <span class='ocrx_word' id='word_1_225' title='bbox 1903 830 1992 858; x_wconf 87' lang='lat' dir='ltr'>quam</span> <span class='ocrx_word' id='word_1_226' title='bbox 2014 821 2050 849; x_wconf 91' lang='lat' dir='ltr'>ab</span> 
     </span>
     <span class='ocr_line' id='line_1_17' title="bbox 100 859 2050 901; baseline 0 -9"><span class='ocrx_word' id='word_1_227' title='bbox 100 863 181 900; x_wconf 77' lang='grc' dir='ltr'><em>ἑλὶκη</em></span> <span class='ocrx_word' id='word_1_228' title='bbox 205 863 282 900; x_wconf 72' lang='lat' dir='ltr'>(sive</span> <span class='ocrx_word' id='word_1_229' title='bbox 304 859 400 900; x_wconf 73' lang='grc' dir='ltr'>ἓλική)</span> <span class='ocrx_word' id='word_1_230' title='bbox 424 862 586 890; x_wconf 72' lang='lat' dir='ltr'>derivatur.</span> <span class='ocrx_word' id='word_1_231' title='bbox 630 860 759 889; x_wconf 83' lang='lat' dir='ltr'>Arcades</span> <span class='ocrx_word' id='word_1_232' title='bbox 789 866 887 889; x_wconf 77' lang='lat' dir='ltr'>tamen</span> <span class='ocrx_word' id='word_1_233' title='bbox 911 859 1008 901; x_wconf 75' lang='grc' dir='ltr'><em>ἕλικήν</em></span> <span class='ocrx_word' id='word_1_234' title='bbox 1031 872 1085 900; x_wconf 85' lang='lat' dir='ltr'>pro</span> <span class='ocrx_word' id='word_1_235' title='bbox 1109 862 1197 890; x_wconf 83' lang='lat' dir='ltr'>salice</span> <span class='ocrx_word' id='word_1_236' title='bbox 1220 862 1349 898; x_wconf 81' lang='lat' dir='ltr'>dixisse,</span> <span class='ocrx_word' id='word_1_237' title='bbox 1386 867 1489 890; x_wconf 80' lang='lat' dir='ltr'>auctor</span> <span class='ocrx_word' id='word_1_238' title='bbox 1513 868 1556 891; x_wconf 84' lang='lat' dir='ltr'>est</span> <span class='ocrx_word' id='word_1_239' title='bbox 1579 862 1776 901; x_wconf 76' lang='lat' dir='ltr'>Theophrast.</span> <span class='ocrx_word' id='word_1_240' title='bbox 1800 862 1837 890; x_wconf 87' lang='lat' dir='ltr'>de</span> <span class='ocrx_word' id='word_1_241' title='bbox 1858 862 1935 892; x_wconf 89' lang='lat' dir='ltr'>Hist.</span> <span class='ocrx_word' id='word_1_242' title='bbox 1957 863 2050 901; x_wconf 87' lang='lat' dir='ltr'>plant.</span> 
     </span>
     <span class='ocr_line' id='line_1_18' title="bbox 101 900 1943 942; baseline 0.001 -9"><span class='ocrx_word' id='word_1_243' title='bbox 101 905 158 941; x_wconf 79' lang='lat'>111,</span> <span class='ocrx_word' id='word_1_244' title='bbox 185 906 233 936; x_wconf 83' lang='lat'>14.</span> <span class='ocrx_word' id='word_1_245' title='bbox 258 906 321 940; x_wconf 81' lang='lat'>(13.</span> <span class='ocrx_word' id='word_1_246' title='bbox 342 904 413 941; x_wconf 61' lang='lat' dir='ltr'>fia).</span> <span class='ocrx_word' id='word_1_247' title='bbox 450 905 492 932; x_wconf 87' lang='lat' dir='ltr'>Cs.</span> <span class='ocrx_word' id='word_1_248' title='bbox 516 903 645 942; x_wconf 81' lang='lat' dir='ltr'>Hesych.</span> <span class='ocrx_word' id='word_1_249' title='bbox 668 903 721 932; x_wconf 80' lang='lat' dir='ltr'>sub</span> <span class='ocrx_word' id='word_1_250' title='bbox 746 913 774 932; x_wconf 78' lang='lat' dir='ltr'>v-</span> <span class='ocrx_word' id='word_1_251' title='bbox 795 900 902 942; x_wconf 80' lang='grc' dir='ltr'><strong><em>Ἑλίκη.</em></strong></span> <span class='ocrx_word' id='word_1_252' title='bbox 942 905 1044 932; x_wconf 77' lang='lat' dir='ltr'>Graeci</span> <span class='ocrx_word' id='word_1_253' title='bbox 1069 905 1174 933; x_wconf 85' lang='lat' dir='ltr'>usitate</span> <span class='ocrx_word' id='word_1_254' title='bbox 1198 905 1273 941; x_wconf 82' lang='grc' dir='ltr'><strong><em>ἰτέα,</em></strong></span> <span class='ocrx_word' id='word_1_255' title='bbox 1297 905 1344 933; x_wconf 93' lang='lat' dir='ltr'>cui</span> <span class='ocrx_word' id='word_1_256' title='bbox 1368 910 1503 933; x_wconf 86' lang='lat' dir='ltr'>nostrum</span> <span class='ocrx_word' id='word_1_257' title='bbox 1533 904 1646 941; x_wconf 76' lang='lat' dir='ltr'>Weide‚</span> <span class='ocrx_word' id='word_1_258' title='bbox 1676 902 1776 934; x_wconf 74' lang='lat' dir='ltr'>Wiede</span> <span class='ocrx_word' id='word_1_259' title='bbox 1797 905 1943 934; x_wconf 88' lang='lat' dir='ltr'>convenit.</span> 
     </span>
    </p>

    <p class='ocr_par' dir='ltr' id='par_1_6' title="bbox 97 945 2052 1241">
     <span class='ocr_line' id='line_1_19' title="bbox 264 945 2052 986; baseline 0.001 -12"><span class='ocrx_word' id='word_1_260' title='bbox 264 945 447 976; x_wconf 81' lang='lat' dir='ltr'>Salinum.</span> <span class='ocrx_word' id='word_1_261' title='bbox 479 947 545 986; x_wconf 84' lang='lat' dir='ltr'>(Ad</span> <span class='ocrx_word' id='word_1_262' title='bbox 569 958 598 985; x_wconf 92' lang='lat' dir='ltr'>p.</span> <span class='ocrx_word' id='word_1_263' title='bbox 612 945 701 984; x_wconf 76' lang='lat'>255.)</span> <span class='ocrx_word' id='word_1_264' title='bbox 731 946 809 981; x_wconf 83' lang='lat' dir='ltr'>Quia</span> <span class='ocrx_word' id='word_1_265' title='bbox 831 947 992 975; x_wconf 84' lang='lat' dir='ltr'>salinorum</span> <span class='ocrx_word' id='word_1_266' title='bbox 1016 947 1205 985; x_wconf 77' lang='lat' dir='ltr'>impositione</span> <span class='ocrx_word' id='word_1_267' title='bbox 1229 958 1328 976; x_wconf 77' lang='lat' dir='ltr'>sacrae</span> <span class='ocrx_word' id='word_1_268' title='bbox 1352 947 1462 976; x_wconf 77' lang='lat' dir='ltr'>fiebant</span> <span class='ocrx_word' id='word_1_269' title='bbox 1486 958 1609 976; x_wconf 83' lang='lat' dir='ltr'>mensae.</span> <span class='ocrx_word' id='word_1_270' title='bbox 1655 947 1765 978; x_wconf 81' lang='lat' dir='ltr'>Arnob.</span> <span class='ocrx_word' id='word_1_271' title='bbox 1791 947 1841 976; x_wconf 93' lang='lat' dir='ltr'>lib.</span> <span class='ocrx_word' id='word_1_272' title='bbox 1854 947 1905 976; x_wconf 83' lang='lat' dir='ltr'>IL:</span> <span class='ocrx_word' id='word_1_273' title='bbox 1941 946 2052 978; x_wconf 71' lang='lat' dir='ltr'>Sacros</span> 
     </span>
     <span class='ocr_line' id='line_1_20' title="bbox 97 988 2052 1029; baseline 0.001 -11"><span class='ocrx_word' id='word_1_274' title='bbox 97 988 204 1029; x_wconf 80' lang='lat' dir='ltr'>facitis</span> <span class='ocrx_word' id='word_1_275' title='bbox 233 1000 347 1018; x_wconf 69' lang='lat' dir='ltr'>mensas</span> <span class='ocrx_word' id='word_1_276' title='bbox 374 988 537 1018; x_wconf 81' lang='lat' dir='ltr'>salinorum</span> <span class='ocrx_word' id='word_1_277' title='bbox 566 990 702 1028; x_wconf 80' lang='lat' dir='ltr'>appositu</span> <span class='ocrx_word' id='word_1_278' title='bbox 723 997 749 1017; x_wconf 82' lang='lat' dir='ltr'>el</span> <span class='ocrx_word' id='word_1_279' title='bbox 771 989 937 1018; x_wconf 80' lang='lat' dir='ltr'>simulacris</span> <span class='ocrx_word' id='word_1_280' title='bbox 961 990 1095 1018; x_wconf 81' lang='lat' dir='ltr'>Deorum.</span> <span class='ocrx_word' id='word_1_281' title='bbox 1137 990 1210 1018; x_wconf 84' lang='lat' dir='ltr'>Vide</span> <span class='ocrx_word' id='word_1_282' title='bbox 1232 991 1264 1018; x_wconf 87' lang='lat' dir='ltr'>in</span> <span class='ocrx_word' id='word_1_283' title='bbox 1290 989 1404 1019; x_wconf 73' lang='lat' dir='ltr'>ZlIensa.</span> <span class='ocrx_word' id='word_1_284' title='bbox 1447 991 1483 1018; x_wconf 78' lang='lat' dir='ltr'>Et</span> <span class='ocrx_word' id='word_1_285' title='bbox 1505 990 1573 1019; x_wconf 86' lang='lat' dir='ltr'>inde</span> <span class='ocrx_word' id='word_1_286' title='bbox 1598 995 1656 1026; x_wconf 87' lang='lat' dir='ltr'>est,</span> <span class='ocrx_word' id='word_1_287' title='bbox 1685 1000 1740 1018; x_wconf 87' lang='lat' dir='ltr'>cur</span> <span class='ocrx_word' id='word_1_288' title='bbox 1764 989 1844 1027; x_wconf 82' lang='lat' dir='ltr'>figuli</span> <span class='ocrx_word' id='word_1_289' title='bbox 1866 990 1996 1018; x_wconf 80' lang='lat' dir='ltr'>salinum</span> <span class='ocrx_word' id='word_1_290' title='bbox 2020 991 2052 1019; x_wconf 84' lang='lat' dir='ltr'>in</span> 
     </span>
     <span class='ocr_line' id='line_1_21' title="bbox 101 1031 2052 1072; baseline 0.001 -12"><span class='ocrx_word' id='word_1_291' title='bbox 101 1042 198 1060; x_wconf 84' lang='lat' dir='ltr'>mensa</span> <span class='ocrx_word' id='word_1_292' title='bbox 227 1042 339 1071; x_wconf 87' lang='lat' dir='ltr'>ponere</span> <span class='ocrx_word' id='word_1_293' title='bbox 368 1032 453 1060; x_wconf 87' lang='lat' dir='ltr'>veriti</span> <span class='ocrx_word' id='word_1_294' title='bbox 483 1032 558 1067; x_wconf 84' lang='lat' dir='ltr'>sint,</span> <span class='ocrx_word' id='word_1_295' title='bbox 593 1042 629 1060; x_wconf 87' lang='lat' dir='ltr'>ne</span> <span class='ocrx_word' id='word_1_296' title='bbox 659 1031 773 1060; x_wconf 85' lang='lat' dir='ltr'>scilicet</span> <span class='ocrx_word' id='word_1_297' title='bbox 804 1037 927 1068; x_wconf 78' lang='lat' dir='ltr'>iterum,</span> <span class='ocrx_word' id='word_1_298' title='bbox 962 1032 1005 1060; x_wconf 91' lang='lat' dir='ltr'>uti</span> <span class='ocrx_word' id='word_1_299' title='bbox 1037 1033 1126 1061; x_wconf 84' lang='lat' dir='ltr'>semel</span> <span class='ocrx_word' id='word_1_300' title='bbox 1151 1034 1261 1061; x_wconf 79' lang='lat' dir='ltr'>sactum</span> <span class='ocrx_word' id='word_1_301' title='bbox 1286 1037 1346 1066; x_wconf 81' lang='lat' dir='ltr'>est,</span> <span class='ocrx_word' id='word_1_302' title='bbox 1382 1043 1448 1060; x_wconf 87' lang='lat' dir='ltr'>cnm</span> <span class='ocrx_word' id='word_1_303' title='bbox 1473 1032 1686 1070; x_wconf 85' lang='lat' dir='ltr'>praetereuntis</span> <span class='ocrx_word' id='word_1_304' title='bbox 1710 1032 1863 1060; x_wconf 86' lang='lat' dir='ltr'>cuiusdam</span> <span class='ocrx_word' id='word_1_305' title='bbox 1886 1033 2052 1072; x_wconf 82' lang='lat' dir='ltr'>petulantia</span> 
     </span>
     <span class='ocr_line' id='line_1_22' title="bbox 99 1074 2050 1114; baseline 0.001 -12"><span class='ocrx_word' id='word_1_306' title='bbox 99 1075 225 1103; x_wconf 87' lang='lat' dir='ltr'>salinum</span> <span class='ocrx_word' id='word_1_307' title='bbox 249 1085 264 1103; x_wconf 87' lang='lat' dir='ltr'>e</span> <span class='ocrx_word' id='word_1_308' title='bbox 287 1085 385 1103; x_wconf 86' lang='lat' dir='ltr'>mensa</span> <span class='ocrx_word' id='word_1_309' title='bbox 415 1074 495 1112; x_wconf 76' lang='lat' dir='ltr'>siguli</span> <span class='ocrx_word' id='word_1_310' title='bbox 524 1075 554 1102; x_wconf 88' lang='lat' dir='ltr'>in</span> <span class='ocrx_word' id='word_1_311' title='bbox 584 1074 736 1102; x_wconf 78' lang='lat' dir='ltr'>fornacem</span> <span class='ocrx_word' id='word_1_312' title='bbox 767 1074 931 1102; x_wconf 85' lang='lat' dir='ltr'>coniectum</span> <span class='ocrx_word' id='word_1_313' title='bbox 960 1075 1031 1109; x_wconf 82' lang='lat' dir='ltr'>fuit,</span> <span class='ocrx_word' id='word_1_314' title='bbox 1067 1075 1181 1113; x_wconf 85' lang='lat' dir='ltr'>polluta</span> <span class='ocrx_word' id='word_1_315' title='bbox 1208 1075 1364 1112; x_wconf 68' lang='lat' dir='ltr'>religione,</span> <span class='ocrx_word' id='word_1_316' title='bbox 1400 1075 1489 1103; x_wconf 82' lang='lat' dir='ltr'>simili</span> <span class='ocrx_word' id='word_1_317' title='bbox 1512 1085 1608 1114; x_wconf 82' lang='lat' dir='ltr'>poena</span> <span class='ocrx_word' id='word_1_318' title='bbox 1633 1075 1778 1103; x_wconf 87' lang='lat' dir='ltr'>incuriam</span> <span class='ocrx_word' id='word_1_319' title='bbox 1801 1075 1925 1103; x_wconf 88' lang='lat' dir='ltr'>luerent.</span> <span class='ocrx_word' id='word_1_320' title='bbox 1963 1075 2050 1104; x_wconf 78' lang='lat' dir='ltr'>Dae.</span> 
     </span>
     <span class='ocr_line' id='line_1_23' title="bbox 99 1116 2051 1155; baseline 0 -10"><span class='ocrx_word' id='word_1_321' title='bbox 99 1116 181 1145; x_wconf 86' lang='lat' dir='ltr'>Nihil</span> <span class='ocrx_word' id='word_1_322' title='bbox 204 1118 285 1145; x_wconf 84' lang='lat' dir='ltr'>aliud</span> <span class='ocrx_word' id='word_1_323' title='bbox 310 1118 454 1153; x_wconf 83' lang='lat' dir='ltr'>salinum,</span> <span class='ocrx_word' id='word_1_324' title='bbox 486 1127 573 1155; x_wconf 87' lang='lat' dir='ltr'>quam</span> <span class='ocrx_word' id='word_1_325' title='bbox 599 1117 725 1154; x_wconf 84' lang='lat' dir='ltr'>patella,</span> <span class='ocrx_word' id='word_1_326' title='bbox 755 1116 784 1144; x_wconf 85' lang='lat' dir='ltr'>in</span> <span class='ocrx_word' id='word_1_327' title='bbox 809 1118 925 1155; x_wconf 84' lang='lat' dir='ltr'>qnadiis</span> <span class='ocrx_word' id='word_1_328' title='bbox 949 1118 1094 1155; x_wconf 75' lang='lat' dir='ltr'>primitiae</span> <span class='ocrx_word' id='word_1_329' title='bbox 1118 1128 1183 1146; x_wconf 82' lang='lat' dir='ltr'>cuin</span> <span class='ocrx_word' id='word_1_330' title='bbox 1209 1118 1267 1146; x_wconf 82' lang='lat' dir='ltr'>sale</span> <span class='ocrx_word' id='word_1_331' title='bbox 1291 1117 1506 1153; x_wconf 80' lang='lat' dir='ltr'>offerebantur,</span> <span class='ocrx_word' id='word_1_332' title='bbox 1542 1118 1585 1146; x_wconf 86' lang='lat' dir='ltr'>uti</span> <span class='ocrx_word' id='word_1_333' title='bbox 1608 1118 1699 1146; x_wconf 77' lang='lat' dir='ltr'>refert</span> <span class='ocrx_word' id='word_1_334' title='bbox 1722 1118 1829 1145; x_wconf 87' lang='lat' dir='ltr'>Acron.</span> <span class='ocrx_word' id='word_1_335' title='bbox 1853 1117 1890 1145; x_wconf 85' lang='lat' dir='ltr'>ad</span> <span class='ocrx_word' id='word_1_336' title='bbox 1913 1117 1962 1145; x_wconf 86' lang='lat' dir='ltr'>illa</span> <span class='ocrx_word' id='word_1_337' title='bbox 1986 1117 2051 1146; x_wconf 84' lang='lat' dir='ltr'>Ho-</span> 
     </span>
     <span class='ocr_line' id='line_1_24' title="bbox 99 1158 2051 1202; baseline 0 -14"><span class='ocrx_word' id='word_1_338' title='bbox 99 1161 183 1195; x_wconf 83' lang='lat' dir='ltr'>ratii,</span> <span class='ocrx_word' id='word_1_339' title='bbox 208 1161 256 1188; x_wconf 84' lang='lat' dir='ltr'>cui</span> <span class='ocrx_word' id='word_1_340' title='bbox 275 1167 427 1197; x_wconf 76' lang='lat' dir='ltr'>paternum</span> <span class='ocrx_word' id='word_1_341' title='bbox 445 1158 583 1199; x_wconf 77' lang='lat' dir='ltr'>Splendet</span> <span class='ocrx_word' id='word_1_342' title='bbox 606 1160 636 1187; x_wconf 87' lang='lat' dir='ltr'>in</span> <span class='ocrx_word' id='word_1_343' title='bbox 658 1170 757 1187; x_wconf 74' lang='lat' dir='ltr'>mensa</span> <span class='ocrx_word' id='word_1_344' title='bbox 780 1160 857 1188; x_wconf 76' lang='lat' dir='ltr'>tenui</span> <span class='ocrx_word' id='word_1_345' title='bbox 879 1158 1004 1188; x_wconf 82' lang='lat' dir='ltr'>salinum</span> <span class='ocrx_word' id='word_1_346' title='bbox 1029 1160 1100 1197; x_wconf 83' lang='lat' dir='ltr'>(od.</span> <span class='ocrx_word' id='word_1_347' title='bbox 1116 1160 1159 1196; x_wconf 83' lang='grc' dir='ltr'>ΙΙ,</span> <span class='ocrx_word' id='word_1_348' title='bbox 1186 1163 1233 1195; x_wconf 81' lang='lat'>16,</span> <span class='ocrx_word' id='word_1_349' title='bbox 1260 1160 1333 1197; x_wconf 82' lang='grc'>13.).</span> <span class='ocrx_word' id='word_1_350' title='bbox 1356 1158 1462 1189; x_wconf 74' lang='lat' dir='ltr'>Goth.</span> <span class='ocrx_word' id='word_1_351' title='bbox 1492 1159 1562 1188; x_wconf 89' lang='lat' dir='ltr'>Cum</span> <span class='ocrx_word' id='word_1_352' title='bbox 1579 1159 1713 1202; x_wconf 74' lang='lat' dir='ltr'>fornax.</span> <span class='ocrx_word' id='word_1_353' title='bbox 1746 1160 1846 1188; x_wconf 87' lang='lat' dir='ltr'>Potest</span> <span class='ocrx_word' id='word_1_354' title='bbox 1869 1170 1931 1188; x_wconf 87' lang='lat' dir='ltr'>esse</span> <span class='ocrx_word' id='word_1_355' title='bbox 1953 1169 2051 1188; x_wconf 86' lang='lat' dir='ltr'>exem-</span> 
     </span>
     <span class='ocr_line' id='line_1_25' title="bbox 100 1200 814 1241; baseline -0.001 -11"><span class='ocrx_word' id='word_1_356' title='bbox 100 1203 150 1241; x_wconf 87' lang='lat' dir='ltr'>plo</span> <span class='ocrx_word' id='word_1_357' title='bbox 175 1203 232 1240; x_wconf 83' lang='lat' dir='ltr'>legi</span> <span class='ocrx_word' id='word_1_358' title='bbox 251 1205 302 1232; x_wconf 83' lang='grc'>27.</span> <span class='ocrx_word' id='word_1_359' title='bbox 327 1203 436 1239; x_wconf 66' lang='lat' dir='ltr'>§.9.ss&#39;.</span> <span class='ocrx_word' id='word_1_360' title='bbox 461 1202 497 1230; x_wconf 86' lang='lat' dir='ltr'>ad</span> <span class='ocrx_word' id='word_1_361' title='bbox 520 1202 538 1230; x_wconf 90' lang='lat' dir='ltr'>l.</span> <span class='ocrx_word' id='word_1_362' title='bbox 562 1201 660 1240; x_wconf 78' lang='lat' dir='ltr'>Aquil.</span> <span class='ocrx_word' id='word_1_363' title='bbox 704 1200 814 1230; x_wconf 79' lang='lat' dir='ltr'>Idem.</span> 
     </span>
    </p>

    <p class='ocr_par' dir='ltr' id='par_1_7' title="bbox 98 1243 2053 1487">
     <span class='ocr_line' id='line_1_26' title="bbox 262 1243 2050 1284; baseline -0.001 -11"><span class='ocrx_word' id='word_1_364' title='bbox 262 1243 491 1274; x_wconf 75' lang='lat' dir='ltr'>salentinos.</span> <span class='ocrx_word' id='word_1_365' title='bbox 537 1245 585 1272; x_wconf 81' lang='lat' dir='ltr'>Ait</span> <span class='ocrx_word' id='word_1_366' title='bbox 608 1245 726 1280; x_wconf 79' lang='lat' dir='ltr'>Festus,</span> <span class='ocrx_word' id='word_1_367' title='bbox 759 1244 859 1272; x_wconf 84' lang='lat' dir='ltr'>Cretas</span> <span class='ocrx_word' id='word_1_368' title='bbox 883 1248 911 1272; x_wconf 85' lang='lat' dir='ltr'>et</span> <span class='ocrx_word' id='word_1_369' title='bbox 934 1244 1068 1282; x_wconf 78' lang='lat' dir='ltr'>illyrios,</span> <span class='ocrx_word' id='word_1_370' title='bbox 1107 1245 1188 1283; x_wconf 86' lang='lat' dir='ltr'>quod</span> <span class='ocrx_word' id='word_1_371' title='bbox 1212 1255 1264 1284; x_wconf 86' lang='lat' dir='ltr'>per</span> <span class='ocrx_word' id='word_1_372' title='bbox 1288 1255 1366 1273; x_wconf 85' lang='lat' dir='ltr'>mare</span> <span class='ocrx_word' id='word_1_373' title='bbox 1388 1250 1538 1280; x_wconf 84' lang='lat' dir='ltr'>errarent,</span> <span class='ocrx_word' id='word_1_374' title='bbox 1577 1244 1746 1273; x_wconf 87' lang='lat' dir='ltr'>Salentinos</span> <span class='ocrx_word' id='word_1_375' title='bbox 1770 1244 1864 1273; x_wconf 88' lang='lat' dir='ltr'>dictos</span> <span class='ocrx_word' id='word_1_376' title='bbox 1886 1249 1915 1273; x_wconf 83' lang='lat' dir='ltr'>et</span> <span class='ocrx_word' id='word_1_377' title='bbox 1938 1249 2050 1282; x_wconf 87' lang='lat' dir='ltr'>postea,</span> 
     </span>
     <span class='ocr_line' id='line_1_27' title="bbox 100 1284 2053 1325; baseline -0.001 -9"><span class='ocrx_word' id='word_1_378' title='bbox 100 1288 240 1316; x_wconf 87' lang='lat' dir='ltr'>societate</span> <span class='ocrx_word' id='word_1_379' title='bbox 262 1287 338 1315; x_wconf 71' lang='lat' dir='ltr'>sucta</span> <span class='ocrx_word' id='word_1_380' title='bbox 363 1297 429 1315; x_wconf 87' lang='lat' dir='ltr'>cum</span> <span class='ocrx_word' id='word_1_381' title='bbox 453 1287 662 1322; x_wconf 77' lang='lat' dir='ltr'>Locrensibus,</span> <span class='ocrx_word' id='word_1_382' title='bbox 686 1286 788 1314; x_wconf 86' lang='lat' dir='ltr'>ltaliae</span> <span class='ocrx_word' id='word_1_383' title='bbox 811 1287 971 1325; x_wconf 62' lang='lat' dir='ltr'>appulsam,</span> <span class='ocrx_word' id='word_1_384' title='bbox 1000 1287 1068 1315; x_wconf 86' lang='lat' dir='ltr'>inde</span> <span class='ocrx_word' id='word_1_385' title='bbox 1091 1287 1242 1325; x_wconf 82' lang='lat' dir='ltr'>regionem</span> <span class='ocrx_word' id='word_1_386' title='bbox 1266 1284 1394 1325; x_wconf 78' lang='lat' dir='ltr'>aliquam</span> <span class='ocrx_word' id='word_1_387' title='bbox 1419 1298 1472 1316; x_wconf 89' lang='lat' dir='ltr'>suo</span> <span class='ocrx_word' id='word_1_388' title='bbox 1497 1288 1616 1316; x_wconf 85' lang='lat' dir='ltr'>nomine</span> <span class='ocrx_word' id='word_1_389' title='bbox 1638 1287 1763 1322; x_wconf 82' lang='lat' dir='ltr'>dixisse,</span> <span class='ocrx_word' id='word_1_390' title='bbox 1793 1297 1899 1325; x_wconf 86' lang='lat' dir='ltr'>nempe</span> <span class='ocrx_word' id='word_1_391' title='bbox 1922 1286 2053 1314; x_wconf 84' lang='lat' dir='ltr'>Salenti-</span> 
     </span>
     <span class='ocr_line' id='line_1_28' title="bbox 100 1329 2049 1368; baseline -0.001 -9"><span class='ocrx_word' id='word_1_392' title='bbox 100 1341 153 1359; x_wconf 87' lang='lat' dir='ltr'>nos</span> <span class='ocrx_word' id='word_1_393' title='bbox 177 1340 297 1368; x_wconf 85' lang='lat' dir='ltr'>campos</span> <span class='ocrx_word' id='word_1_394' title='bbox 318 1335 373 1358; x_wconf 87' lang='lat' dir='ltr'>cet.</span> <span class='ocrx_word' id='word_1_395' title='bbox 408 1330 516 1358; x_wconf 82' lang='lat' dir='ltr'>Vei-um</span> <span class='ocrx_word' id='word_1_396' title='bbox 534 1334 577 1357; x_wconf 87' lang='lat' dir='ltr'>est</span> <span class='ocrx_word' id='word_1_397' title='bbox 595 1329 700 1357; x_wconf 84' lang='lat' dir='ltr'>duceni</span> <span class='ocrx_word' id='word_1_398' title='bbox 719 1329 906 1357; x_wconf 85' lang='lat' dir='ltr'>Cretensium</span> <span class='ocrx_word' id='word_1_399' title='bbox 924 1329 1113 1358; x_wconf 76' lang='lat' dir='ltr'>idomeneum</span> <span class='ocrx_word' id='word_1_400' title='bbox 1138 1341 1191 1368; x_wconf 89' lang='lat' dir='ltr'>per</span> <span class='ocrx_word' id='word_1_401' title='bbox 1214 1330 1387 1359; x_wconf 83' lang='lat' dir='ltr'>seditionem</span> <span class='ocrx_word' id='word_1_402' title='bbox 1411 1331 1530 1368; x_wconf 86' lang='lat' dir='ltr'>pulsum</span> <span class='ocrx_word' id='word_1_403' title='bbox 1551 1330 1588 1358; x_wconf 87' lang='lat' dir='ltr'>ad</span> <span class='ocrx_word' id='word_1_404' title='bbox 1611 1340 1707 1367; x_wconf 71' lang='lat' dir='ltr'>regem</span> <span class='ocrx_word' id='word_1_405' title='bbox 1727 1329 1899 1367; x_wconf 71' lang='lat' dir='ltr'>Illyriorum</span> <span class='ocrx_word' id='word_1_406' title='bbox 1923 1329 2049 1365; x_wconf 80' lang='lat' dir='ltr'>venisse,</span> 
     </span>
     <span class='ocr_line' id='line_1_29' title="bbox 100 1371 2051 1411; baseline -0.001 -10"><span class='ocrx_word' id='word_1_407' title='bbox 100 1385 115 1401; x_wconf 88' lang='lat' dir='ltr'>a</span> <span class='ocrx_word' id='word_1_408' title='bbox 140 1383 199 1411; x_wconf 89' lang='lat' dir='ltr'>quo</span> <span class='ocrx_word' id='word_1_409' title='bbox 222 1373 352 1410; x_wconf 84' lang='lat' dir='ltr'>acceptis</span> <span class='ocrx_word' id='word_1_410' title='bbox 376 1372 470 1410; x_wconf 85' lang='lat' dir='ltr'>copiis</span> <span class='ocrx_word' id='word_1_411' title='bbox 495 1382 561 1400; x_wconf 79' lang='lat' dir='ltr'>Cum</span> <span class='ocrx_word' id='word_1_412' title='bbox 582 1371 778 1399; x_wconf 85' lang='lat' dir='ltr'>Locrensibus</span> <span class='ocrx_word' id='word_1_413' title='bbox 802 1371 951 1409; x_wconf 82' lang='lat' dir='ltr'>plerisque</span> <span class='ocrx_word' id='word_1_414' title='bbox 977 1373 1112 1410; x_wconf 76' lang='lat' dir='ltr'>profugis</span> <span class='ocrx_word' id='word_1_415' title='bbox 1137 1373 1315 1401; x_wconf 83' lang='lat' dir='ltr'>coniunctus</span> <span class='ocrx_word' id='word_1_416' title='bbox 1339 1377 1368 1401; x_wconf 87' lang='lat' dir='ltr'>et</span> <span class='ocrx_word' id='word_1_417' title='bbox 1391 1373 1520 1401; x_wconf 88' lang='lat' dir='ltr'>amicitia</span> <span class='ocrx_word' id='word_1_418' title='bbox 1545 1383 1597 1411; x_wconf 90' lang='lat' dir='ltr'>per</span> <span class='ocrx_word' id='word_1_419' title='bbox 1619 1373 1744 1400; x_wconf 81' lang='lat' dir='ltr'>similem</span> <span class='ocrx_word' id='word_1_420' title='bbox 1768 1382 1887 1400; x_wconf 87' lang='lat' dir='ltr'>causam</span> <span class='ocrx_word' id='word_1_421' title='bbox 1910 1371 2051 1408; x_wconf 80' lang='lat' dir='ltr'>sociatus,</span> 
     </span>
     <span class='ocr_line' id='line_1_30' title="bbox 98 1414 2050 1454; baseline -0.001 -10"><span class='ocrx_word' id='word_1_422' title='bbox 98 1416 210 1445; x_wconf 88' lang='lat' dir='ltr'>Locros</span> <span class='ocrx_word' id='word_1_423' title='bbox 233 1415 362 1453; x_wconf 75' lang='lat' dir='ltr'>appulit,</span> <span class='ocrx_word' id='word_1_424' title='bbox 399 1415 448 1442; x_wconf 74' lang='lat' dir='ltr'>uhi</span> <span class='ocrx_word' id='word_1_425' title='bbox 474 1414 559 1442; x_wconf 84' lang='lat' dir='ltr'>Locri</span> <span class='ocrx_word' id='word_1_426' title='bbox 584 1414 626 1442; x_wconf 89' lang='lat' dir='ltr'>illi</span> <span class='ocrx_word' id='word_1_427' title='bbox 650 1414 752 1442; x_wconf 83' lang='lat' dir='ltr'>ltaliae</span> <span class='ocrx_word' id='word_1_428' title='bbox 776 1424 792 1442; x_wconf 85' lang='lat' dir='ltr'>a</span> <span class='ocrx_word' id='word_1_429' title='bbox 815 1414 966 1453; x_wconf 76' lang='lat' dir='ltr'>prioribus</span> <span class='ocrx_word' id='word_1_430' title='bbox 992 1415 1093 1443; x_wconf 80' lang='lat' dir='ltr'>Locris</span> <span class='ocrx_word' id='word_1_431' title='bbox 1117 1415 1220 1443; x_wconf 82' lang='lat' dir='ltr'>Ozolis</span> <span class='ocrx_word' id='word_1_432' title='bbox 1243 1416 1305 1444; x_wconf 89' lang='lat' dir='ltr'>sive</span> <span class='ocrx_word' id='word_1_433' title='bbox 1330 1415 1468 1454; x_wconf 83' lang='lat' dir='ltr'>Opuntiis</span> <span class='ocrx_word' id='word_1_434' title='bbox 1490 1415 1638 1444; x_wconf 86' lang='lat' dir='ltr'>Idomenei</span> <span class='ocrx_word' id='word_1_435' title='bbox 1662 1415 1820 1444; x_wconf 84' lang='lat' dir='ltr'>comitibus</span> <span class='ocrx_word' id='word_1_436' title='bbox 1844 1414 1926 1443; x_wconf 84' lang='lat' dir='ltr'>dicti.</span> <span class='ocrx_word' id='word_1_437' title='bbox 1971 1414 2050 1442; x_wconf 85' lang='lat' dir='ltr'>Mar-</span> 
     </span>
     <span class='ocr_line' id='line_1_31' title="bbox 99 1457 411 1487; baseline -0.006 0"><span class='ocrx_word' id='word_1_438' title='bbox 99 1459 199 1487; x_wconf 87' lang='lat' dir='ltr'>cianus</span> <span class='ocrx_word' id='word_1_439' title='bbox 224 1457 411 1486; x_wconf 72' lang='lat' dir='ltr'>Heracleote:</span> 
     </span>
    </p>

    <p class='ocr_par' dir='ltr' id='par_1_8' title="bbox 701 1497 1423 1540">
     <span class='ocr_line' id='line_1_32' title="bbox 701 1497 1423 1540; baseline 0.001 -10"><span class='ocrx_word' id='word_1_440' title='bbox 701 1499 789 1530; x_wconf 75' lang='grc' dir='ltr'>Εἰσὶν</span> <span class='ocrx_word' id='word_1_441' title='bbox 813 1497 842 1530; x_wconf 67' lang='grc' dir='ltr'>δ’</span> <span class='ocrx_word' id='word_1_442' title='bbox 862 1498 985 1530; x_wconf 65' lang='grc' dir='ltr'><em>ἄποικοι</em></span> <span class='ocrx_word' id='word_1_443' title='bbox 1010 1504 1066 1530; x_wconf 76' lang='grc' dir='ltr'>τῶν</span> <span class='ocrx_word' id='word_1_444' title='bbox 1089 1498 1258 1531; x_wconf 67' lang='grc' dir='ltr'><strong><em>Ὀπυντίων</em></strong></span> <span class='ocrx_word' id='word_1_445' title='bbox 1282 1503 1423 1540; x_wconf 73' lang='grc' dir='ltr'><em>Λοκρῶν,</em></span> 
     </span>
    </p>

    <p class='ocr_par' dir='ltr' id='par_1_9' title="bbox 99 1540 2052 1665">
     <span class='ocr_line' id='line_1_33' title="bbox 692 1540 1393 1582; baseline 0.001 -10"><span class='ocrx_word' id='word_1_446' title='bbox 692 1540 788 1572; x_wconf 61' lang='lat' dir='ltr'>v&#39;Evtoi</span> <span class='ocrx_word' id='word_1_447' title='bbox 812 1541 841 1572; x_wconf 79' lang='grc' dir='ltr'>δὲ</span> <span class='ocrx_word' id='word_1_448' title='bbox 865 1545 994 1582; x_wconf 77' lang='grc' dir='ltr'><strong><em>Λοκρῶν</em></strong></span> <span class='ocrx_word' id='word_1_449' title='bbox 1018 1544 1093 1580; x_wconf 81' lang='grc' dir='ltr'><em>φασὶ</em></span> <span class='ocrx_word' id='word_1_450' title='bbox 1115 1547 1173 1573; x_wconf 78' lang='grc' dir='ltr'>τῶν</span> <span class='ocrx_word' id='word_1_451' title='bbox 1197 1544 1228 1573; x_wconf 80' lang='grc' dir='ltr'>ἐν</span> <span class='ocrx_word' id='word_1_452' title='bbox 1252 1541 1393 1579; x_wconf 48' lang='lat' dir='ltr'>’offiium</span> 
     </span>
     <span class='ocr_line' id='line_1_34' title="bbox 99 1582 2052 1625; baseline -0.002 -10"><span class='ocrx_word' id='word_1_453' title='bbox 99 1588 123 1615; x_wconf 83' lang='lat' dir='ltr'>A</span> <span class='ocrx_word' id='word_1_454' title='bbox 147 1585 248 1614; x_wconf 87' lang='lat' dir='ltr'>Locris</span> <span class='ocrx_word' id='word_1_455' title='bbox 272 1586 301 1612; x_wconf 89' lang='lat' dir='ltr'>in</span> <span class='ocrx_word' id='word_1_456' title='bbox 324 1584 476 1622; x_wconf 64' lang='lat' dir='ltr'>Iapygiam</span> <span class='ocrx_word' id='word_1_457' title='bbox 506 1583 641 1620; x_wconf 85' lang='lat' dir='ltr'>devenit,</span> <span class='ocrx_word' id='word_1_458' title='bbox 680 1585 730 1612; x_wconf 92' lang='lat' dir='ltr'>ubi</span> <span class='ocrx_word' id='word_1_459' title='bbox 754 1585 914 1619; x_wconf 84' lang='lat' dir='ltr'>Salentini,</span> <span class='ocrx_word' id='word_1_460' title='bbox 951 1585 1029 1614; x_wconf 89' lang='lat' dir='ltr'>unde</span> <span class='ocrx_word' id='word_1_461' title='bbox 1052 1586 1158 1614; x_wconf 83' lang='lat' dir='ltr'>Strabo</span> <span class='ocrx_word' id='word_1_462' title='bbox 1182 1586 1230 1614; x_wconf 91' lang='lat' dir='ltr'>lib.</span> <span class='ocrx_word' id='word_1_463' title='bbox 1245 1586 1292 1614; x_wconf 94' lang='lat' dir='ltr'>VI.</span> <span class='ocrx_word' id='word_1_464' title='bbox 1317 1584 1508 1625; x_wconf 78' lang='lat' dir='ltr'>(pag.281.);</span> <span class='ocrx_word' id='word_1_465' title='bbox 1551 1582 1624 1619; x_wconf 82' lang='grc' dir='ltr'>Τοὺς</span> <span class='ocrx_word' id='word_1_466' title='bbox 1647 1583 1675 1614; x_wconf 78' lang='grc' dir='ltr'>δὲ</span> <span class='ocrx_word' id='word_1_467' title='bbox 1700 1582 1898 1618; x_wconf 74' lang='grc' dir='ltr'><strong><em>Σαλεντῖνους</em></strong></span> <span class='ocrx_word' id='word_1_468' title='bbox 1926 1584 2052 1621; x_wconf 73' lang='grc' dir='ltr'><strong><em>Κρητῶν</em></strong></span> 
     </span>
     <span class='ocr_line' id='line_1_35' title="bbox 99 1626 1147 1665; baseline -0.004 -6"><span class='ocrx_word' id='word_1_469' title='bbox 99 1626 249 1663; x_wconf 67' lang='grc' dir='ltr'><strong><em>ἐποίκους</em></strong></span> <span class='ocrx_word' id='word_1_470' title='bbox 273 1628 375 1664; x_wconf 80' lang='grc' dir='ltr'><em>φασίν.</em></span> <span class='ocrx_word' id='word_1_471' title='bbox 423 1627 587 1664; x_wconf 87' lang='lat' dir='ltr'>Utrumque</span> <span class='ocrx_word' id='word_1_472' title='bbox 609 1627 651 1654; x_wconf 87' lang='lat' dir='ltr'>sic</span> <span class='ocrx_word' id='word_1_473' title='bbox 675 1626 776 1663; x_wconf 68' lang='lat' dir='ltr'>virgil.</span> <span class='ocrx_word' id='word_1_474' title='bbox 799 1627 850 1656; x_wconf 91' lang='lat' dir='ltr'>lib.</span> <span class='ocrx_word' id='word_1_475' title='bbox 866 1627 915 1655; x_wconf 82' lang='lat'>111.</span> <span class='ocrx_word' id='word_1_476' title='bbox 939 1628 1012 1656; x_wconf 88' lang='lat' dir='ltr'>Aen.</span> <span class='ocrx_word' id='word_1_477' title='bbox 1036 1627 1147 1665; x_wconf 77' lang='lat'>(400.):</span> 
     </span>
    </p>

    <p class='ocr_par' dir='ltr' id='par_1_10' title="bbox 700 1668 1374 1708">
     <span class='ocr_line' id='line_1_36' title="bbox 700 1668 1374 1708; baseline 0.001 -11"><span class='ocrx_word' id='word_1_478' title='bbox 700 1668 764 1698; x_wconf 77' lang='lat' dir='ltr'>Hic</span> <span class='ocrx_word' id='word_1_479' title='bbox 786 1677 812 1697; x_wconf 78' lang='lat' dir='ltr'>ei</span> <span class='ocrx_word' id='word_1_480' title='bbox 834 1668 947 1698; x_wconf 74' lang='lat' dir='ltr'>Naritii</span> <span class='ocrx_word' id='word_1_481' title='bbox 966 1677 1124 1708; x_wconf 76' lang='lat' dir='ltr'>posuerunt</span> <span class='ocrx_word' id='word_1_482' title='bbox 1145 1671 1258 1699; x_wconf 85' lang='lat' dir='ltr'>moenia</span> <span class='ocrx_word' id='word_1_483' title='bbox 1281 1669 1374 1699; x_wconf 82' lang='lat' dir='ltr'>Locri</span> 
     </span>
    </p>

    <p class='ocr_par' dir='ltr' id='par_1_11' title="bbox 701 1710 1322 1752">
     <span class='ocr_line' id='line_1_37' title="bbox 701 1710 1322 1752; baseline 0.002 -13"><span class='ocrx_word' id='word_1_484' title='bbox 701 1711 738 1740; x_wconf 78' lang='lat' dir='ltr'>Et</span> <span class='ocrx_word' id='word_1_485' title='bbox 762 1710 931 1741; x_wconf 76' lang='lat' dir='ltr'>Salentinos</span> <span class='ocrx_word' id='word_1_486' title='bbox 954 1711 1066 1742; x_wconf 77' lang='lat' dir='ltr'>obsedit</span> <span class='ocrx_word' id='word_1_487' title='bbox 1089 1712 1181 1742; x_wconf 79' lang='lat' dir='ltr'>milite</span> <span class='ocrx_word' id='word_1_488' title='bbox 1203 1723 1322 1752; x_wconf 80' lang='lat' dir='ltr'>campos</span> 
     </span>
    </p>

    <p class='ocr_par' dir='ltr' id='par_1_12' title="bbox 99 1752 1992 1835">
     <span class='ocr_line' id='line_1_38' title="bbox 699 1752 1023 1793; baseline 0 -11"><span class='ocrx_word' id='word_1_489' title='bbox 699 1753 822 1793; x_wconf 77' lang='lat' dir='ltr'>Lyctius</span> <span class='ocrx_word' id='word_1_490' title='bbox 845 1752 1023 1783; x_wconf 77' lang='lat' dir='ltr'>Idomeneus.</span> 
     </span>
     <span class='ocr_line' id='line_1_39' title="bbox 99 1794 1992 1835; baseline -0.001 -10"><span class='ocrx_word' id='word_1_491' title='bbox 99 1796 155 1825; x_wconf 90' lang='lat' dir='ltr'>Sed</span> <span class='ocrx_word' id='word_1_492' title='bbox 181 1796 217 1825; x_wconf 89' lang='lat' dir='ltr'>de</span> <span class='ocrx_word' id='word_1_493' title='bbox 241 1796 460 1824; x_wconf 82' lang='lat' dir='ltr'>Salentinorum</span> <span class='ocrx_word' id='word_1_494' title='bbox 484 1796 601 1824; x_wconf 83' lang='lat' dir='ltr'>nomine</span> <span class='ocrx_word' id='word_1_495' title='bbox 624 1796 751 1835; x_wconf 82' lang='lat' dir='ltr'>amplius</span> <span class='ocrx_word' id='word_1_496' title='bbox 774 1797 984 1834; x_wconf 87' lang='lat' dir='ltr'>quaerendum.</span> <span class='ocrx_word' id='word_1_497' title='bbox 1008 1797 1096 1827; x_wconf 81' lang='lat' dir='ltr'>Dae.</span> <span class='ocrx_word' id='word_1_498' title='bbox 1141 1797 1184 1826; x_wconf 78' lang='lat' dir='ltr'>Cf.</span> <span class='ocrx_word' id='word_1_499' title='bbox 1209 1797 1302 1825; x_wconf 89' lang='lat' dir='ltr'>Varro</span> <span class='ocrx_word' id='word_1_500' title='bbox 1328 1797 1406 1834; x_wconf 88' lang='lat' dir='ltr'>apud</span> <span class='ocrx_word' id='word_1_501' title='bbox 1431 1796 1491 1825; x_wconf 90' lang='lat' dir='ltr'>Val.</span> <span class='ocrx_word' id='word_1_502' title='bbox 1514 1795 1642 1824; x_wconf 84' lang='lat' dir='ltr'>Probum</span> <span class='ocrx_word' id='word_1_503' title='bbox 1667 1795 1705 1823; x_wconf 86' lang='lat' dir='ltr'>ad</span> <span class='ocrx_word' id='word_1_504' title='bbox 1729 1794 1808 1832; x_wconf 80' lang='lat' dir='ltr'>Virg.</span> <span class='ocrx_word' id='word_1_505' title='bbox 1830 1794 1929 1830; x_wconf 86' lang='lat' dir='ltr'>Eclog.</span> <span class='ocrx_word' id='word_1_506' title='bbox 1946 1794 1992 1824; x_wconf 88' lang='lat' dir='ltr'>VI.</span> 
     </span>
    </p>

    <p class='ocr_par' dir='ltr' id='par_1_13' title="bbox 98 1835 2054 2431">
     <span class='ocr_line' id='line_1_40' title="bbox 265 1835 2053 1878; baseline -0.003 -11"><span class='ocrx_word' id='word_1_507' title='bbox 265 1838 473 1868; x_wconf 70' lang='lat' dir='ltr'>Seculares.</span> <span class='ocrx_word' id='word_1_508' title='bbox 520 1839 613 1867; x_wconf 84' lang='lat' dir='ltr'>Verba</span> <span class='ocrx_word' id='word_1_509' title='bbox 637 1839 715 1867; x_wconf 84' lang='lat' dir='ltr'>Festi</span> <span class='ocrx_word' id='word_1_510' title='bbox 743 1839 784 1867; x_wconf 83' lang='lat' dir='ltr'>ita</span> <span class='ocrx_word' id='word_1_511' title='bbox 807 1840 1004 1877; x_wconf 82' lang='lat' dir='ltr'>interpretor,</span> <span class='ocrx_word' id='word_1_512' title='bbox 1040 1845 1072 1868; x_wconf 89' lang='lat' dir='ltr'>ut</span> <span class='ocrx_word' id='word_1_513' title='bbox 1096 1841 1178 1878; x_wconf 84' lang='lat' dir='ltr'>prius</span> <span class='ocrx_word' id='word_1_514' title='bbox 1203 1840 1296 1875; x_wconf 73' lang='lat' dir='ltr'>dicat,</span> <span class='ocrx_word' id='word_1_515' title='bbox 1337 1849 1393 1876; x_wconf 78' lang='lat' dir='ltr'>qno</span> <span class='ocrx_word' id='word_1_516' title='bbox 1417 1843 1506 1877; x_wconf 88' lang='lat' dir='ltr'>pacto</span> <span class='ocrx_word' id='word_1_517' title='bbox 1531 1838 1643 1866; x_wconf 83' lang='lat' dir='ltr'>exactis</span> <span class='ocrx_word' id='word_1_518' title='bbox 1665 1837 1784 1875; x_wconf 83' lang='lat' dir='ltr'>regibus</span> <span class='ocrx_word' id='word_1_519' title='bbox 1807 1847 1876 1872; x_wconf 66' lang='lat' dir='ltr'>ager</span> <span class='ocrx_word' id='word_1_520' title='bbox 1899 1835 2053 1873; x_wconf 80' lang='lat' dir='ltr'>Tarquinii</span> 
     </span>
     <span class='ocr_line' id='line_1_41' title="bbox 100 1879 2053 1921; baseline -0.002 -11"><span class='ocrx_word' id='word_1_521' title='bbox 100 1881 227 1921; x_wconf 84' lang='lat' dir='ltr'>Superbi</span> <span class='ocrx_word' id='word_1_522' title='bbox 257 1881 334 1919; x_wconf 82' lang='lat' dir='ltr'>regis</span> <span class='ocrx_word' id='word_1_523' title='bbox 358 1882 443 1909; x_wconf 80' lang='lat' dir='ltr'>Marti</span> <span class='ocrx_word' id='word_1_524' title='bbox 468 1887 657 1910; x_wconf 75' lang='lat' dir='ltr'>consecratus</span> <span class='ocrx_word' id='word_1_525' title='bbox 681 1882 737 1918; x_wconf 84' lang='lat' dir='ltr'>sit,</span> <span class='ocrx_word' id='word_1_526' title='bbox 772 1891 953 1920; x_wconf 85' lang='lat' dir='ltr'>campusque</span> <span class='ocrx_word' id='word_1_527' title='bbox 977 1883 1099 1910; x_wconf 85' lang='lat' dir='ltr'>Martius</span> <span class='ocrx_word' id='word_1_528' title='bbox 1123 1883 1236 1917; x_wconf 82' lang='lat' dir='ltr'>dictus,</span> <span class='ocrx_word' id='word_1_529' title='bbox 1274 1892 1358 1920; x_wconf 86' lang='lat' dir='ltr'>quein</span> <span class='ocrx_word' id='word_1_530' title='bbox 1385 1891 1486 1919; x_wconf 80' lang='lat' dir='ltr'>agrum</span> <span class='ocrx_word' id='word_1_531' title='bbox 1511 1881 1623 1919; x_wconf 88' lang='lat' dir='ltr'>populo</span> <span class='ocrx_word' id='word_1_532' title='bbox 1648 1881 1731 1908; x_wconf 82' lang='lat' dir='ltr'>Rom.</span> <span class='ocrx_word' id='word_1_533' title='bbox 1755 1879 1956 1917; x_wconf 85' lang='lat' dir='ltr'>diripiendum</span> <span class='ocrx_word' id='word_1_534' title='bbox 1981 1888 2053 1906; x_wconf 87' lang='lat' dir='ltr'>con-</span> 
     </span>
     <span class='ocr_line' id='line_1_42' title="bbox 99 1920 2054 1963; baseline -0.003 -10"><span class='ocrx_word' id='word_1_535' title='bbox 99 1929 249 1953; x_wconf 84' lang='lat' dir='ltr'>cesserant</span> <span class='ocrx_word' id='word_1_536' title='bbox 273 1925 415 1952; x_wconf 82' lang='lat' dir='ltr'>Consules</span> <span class='ocrx_word' id='word_1_537' title='bbox 439 1935 475 1953; x_wconf 81' lang='lat' dir='ltr'>ex</span> <span class='ocrx_word' id='word_1_538' title='bbox 499 1926 526 1952; x_wconf 77' lang='lat' dir='ltr'>S.</span> <span class='ocrx_word' id='word_1_539' title='bbox 548 1925 577 1952; x_wconf 86' lang='lat' dir='ltr'>C.</span> <span class='ocrx_word' id='word_1_540' title='bbox 623 1924 692 1952; x_wconf 80' lang='lat' dir='ltr'>Post</span> <span class='ocrx_word' id='word_1_541' title='bbox 714 1924 786 1952; x_wconf 83' lang='lat' dir='ltr'>haec</span> <span class='ocrx_word' id='word_1_542' title='bbox 810 1925 922 1953; x_wconf 86' lang='lat' dir='ltr'>dicitur</span> <span class='ocrx_word' id='word_1_543' title='bbox 944 1924 980 1953; x_wconf 91' lang='lat' dir='ltr'>de</span> <span class='ocrx_word' id='word_1_544' title='bbox 1002 1935 1052 1952; x_wconf 88' lang='lat' dir='ltr'>ara</span> <span class='ocrx_word' id='word_1_545' title='bbox 1074 1929 1209 1963; x_wconf 68' lang='lat' dir='ltr'>reperta,</span> <span class='ocrx_word' id='word_1_546' title='bbox 1242 1924 1301 1952; x_wconf 83' lang='lat' dir='ltr'>Diti</span> <span class='ocrx_word' id='word_1_547' title='bbox 1324 1935 1358 1952; x_wconf 84' lang='lat' dir='ltr'>ac</span> <span class='ocrx_word' id='word_1_548' title='bbox 1383 1924 1574 1962; x_wconf 85' lang='lat' dir='ltr'>Proserpinae</span> <span class='ocrx_word' id='word_1_549' title='bbox 1598 1927 1784 1958; x_wconf 82' lang='lat' dir='ltr'>consecrata,</span> <span class='ocrx_word' id='word_1_550' title='bbox 1819 1922 1848 1950; x_wconf 91' lang='lat' dir='ltr'>in</span> <span class='ocrx_word' id='word_1_551' title='bbox 1871 1920 1974 1949; x_wconf 86' lang='lat' dir='ltr'>eodem</span> <span class='ocrx_word' id='word_1_552' title='bbox 1998 1930 2054 1948; x_wconf 86' lang='lat' dir='ltr'>ex-</span> 
     </span>
     <span class='ocr_line' id='line_1_43' title="bbox 98 1963 2052 2006; baseline -0.002 -10"><span class='ocrx_word' id='word_1_553' title='bbox 98 1973 193 1996; x_wconf 86' lang='lat' dir='ltr'>tremo</span> <span class='ocrx_word' id='word_1_554' title='bbox 217 1967 323 1995; x_wconf 84' lang='lat' dir='ltr'>Martio</span> <span class='ocrx_word' id='word_1_555' title='bbox 354 1977 477 2005; x_wconf 86' lang='lat' dir='ltr'>campo,</span> <span class='ocrx_word' id='word_1_556' title='bbox 515 1967 567 2005; x_wconf 90' lang='lat' dir='ltr'>qui</span> <span class='ocrx_word' id='word_1_557' title='bbox 595 1967 680 1995; x_wconf 87' lang='lat' dir='ltr'>locus</span> <span class='ocrx_word' id='word_1_558' title='bbox 704 1967 865 1995; x_wconf 86' lang='lat' dir='ltr'>Terentum</span> <span class='ocrx_word' id='word_1_559' title='bbox 895 1968 1080 2006; x_wconf 86' lang='lat' dir='ltr'>appellatur,</span> <span class='ocrx_word' id='word_1_560' title='bbox 1115 1967 1240 1996; x_wconf 83' lang='lat' dir='ltr'>demissa</span> <span class='ocrx_word' id='word_1_561' title='bbox 1271 1966 1359 2005; x_wconf 86' lang='lat' dir='ltr'>pedes</span> <span class='ocrx_word' id='word_1_562' title='bbox 1382 1967 1488 2004; x_wconf 82' lang='lat' dir='ltr'>viginti</span> <span class='ocrx_word' id='word_1_563' title='bbox 1510 1966 1588 1994; x_wconf 75' lang='lat' dir='ltr'>infra</span> <span class='ocrx_word' id='word_1_564' title='bbox 1610 1971 1730 1994; x_wconf 80' lang='lat' dir='ltr'>terram.</span> <span class='ocrx_word' id='word_1_565' title='bbox 1772 1964 1840 1992; x_wconf 89' lang='lat' dir='ltr'>Illic</span> <span class='ocrx_word' id='word_1_566' title='bbox 1863 1964 1892 1991; x_wconf 86' lang='lat' dir='ltr'>P.</span> <span class='ocrx_word' id='word_1_567' title='bbox 1916 1963 1946 1991; x_wconf 80' lang='lat' dir='ltr'>R·</span> <span class='ocrx_word' id='word_1_568' title='bbox 1969 1973 2052 1991; x_wconf 80' lang='lat' dir='ltr'>sacra</span> 
     </span>
     <span class='ocr_line' id='line_1_44' title="bbox 99 2005 2051 2048; baseline -0.003 -10"><span class='ocrx_word' id='word_1_569' title='bbox 99 2010 186 2046; x_wconf 85' lang='lat' dir='ltr'>fecit,</span> <span class='ocrx_word' id='word_1_570' title='bbox 210 2015 333 2038; x_wconf 82' lang='lat' dir='ltr'>auctore</span> <span class='ocrx_word' id='word_1_571' title='bbox 357 2010 386 2038; x_wconf 84' lang='lat' dir='ltr'>P.</span> <span class='ocrx_word' id='word_1_572' title='bbox 405 2009 522 2038; x_wconf 87' lang='lat' dir='ltr'>Valerio</span> <span class='ocrx_word' id='word_1_573' title='bbox 547 2010 700 2048; x_wconf 83' lang='lat' dir='ltr'>Poplicola</span> <span class='ocrx_word' id='word_1_574' title='bbox 722 2010 865 2046; x_wconf 81' lang='lat' dir='ltr'>Consule,</span> <span class='ocrx_word' id='word_1_575' title='bbox 890 2015 921 2038; x_wconf 85' lang='lat' dir='ltr'>ut</span> <span class='ocrx_word' id='word_1_576' title='bbox 947 2010 1042 2038; x_wconf 76' lang='lat' dir='ltr'>valer.</span> <span class='ocrx_word' id='word_1_577' title='bbox 1066 2010 1144 2038; x_wconf 76' lang='lat' dir='ltr'>Max.</span> <span class='ocrx_word' id='word_1_578' title='bbox 1167 2009 1217 2038; x_wconf 92' lang='lat' dir='ltr'>lib.</span> <span class='ocrx_word' id='word_1_579' title='bbox 1231 2010 1267 2038; x_wconf 90' lang='lat'>11.</span> <span class='ocrx_word' id='word_1_580' title='bbox 1292 2019 1356 2048; x_wconf 83' lang='lat' dir='ltr'>cap.</span> <span class='ocrx_word' id='word_1_581' title='bbox 1375 2013 1400 2040; x_wconf 90' lang='lat'>1.</span> <span class='ocrx_word' id='word_1_582' title='bbox 1425 2008 1557 2037; x_wconf 77' lang='lat' dir='ltr'>tradidit.</span> <span class='ocrx_word' id='word_1_583' title='bbox 1592 2008 1682 2044; x_wconf 85' lang='lat' dir='ltr'>Quod</span> <span class='ocrx_word' id='word_1_584' title='bbox 1704 2006 1840 2045; x_wconf 82' lang='lat' dir='ltr'>sequitur</span> <span class='ocrx_word' id='word_1_585' title='bbox 1862 2005 1899 2034; x_wconf 83' lang='lat' dir='ltr'>de</span> <span class='ocrx_word' id='word_1_586' title='bbox 1923 2005 2051 2044; x_wconf 90' lang='lat' dir='ltr'>Popillio</span> 
     </span>
     <span class='ocr_line' id='line_1_45' title="bbox 99 2047 2050 2090; baseline -0.003 -10"><span class='ocrx_word' id='word_1_587' title='bbox 99 2053 227 2081; x_wconf 85' lang='lat' dir='ltr'>Laenate</span> <span class='ocrx_word' id='word_1_588' title='bbox 251 2058 277 2080; x_wconf 69' lang='lat' dir='ltr'>et</span> <span class='ocrx_word' id='word_1_589' title='bbox 301 2062 378 2080; x_wconf 88' lang='lat' dir='ltr'>anno</span> <span class='ocrx_word' id='word_1_590' title='bbox 403 2053 607 2089; x_wconf 80' lang='lat' dir='ltr'>nonagesimo,</span> <span class='ocrx_word' id='word_1_591' title='bbox 637 2052 783 2090; x_wconf 82' lang='lat' dir='ltr'>pertinet,</span> <span class='ocrx_word' id='word_1_592' title='bbox 814 2052 843 2080; x_wconf 88' lang='lat' dir='ltr'>ni</span> <span class='ocrx_word' id='word_1_593' title='bbox 866 2053 971 2086; x_wconf 83' lang='lat' dir='ltr'>fallor,</span> <span class='ocrx_word' id='word_1_594' title='bbox 1001 2053 1037 2080; x_wconf 88' lang='lat' dir='ltr'>ad</span> <span class='ocrx_word' id='word_1_595' title='bbox 1061 2063 1109 2081; x_wconf 87' lang='lat' dir='ltr'>eos</span> <span class='ocrx_word' id='word_1_596' title='bbox 1133 2053 1221 2081; x_wconf 90' lang='lat' dir='ltr'>ludos</span> <span class='ocrx_word' id='word_1_597' title='bbox 1244 2052 1409 2088; x_wconf 84' lang='lat' dir='ltr'>seculares,</span> <span class='ocrx_word' id='word_1_598' title='bbox 1441 2051 1490 2090; x_wconf 88' lang='lat' dir='ltr'>qui</span> <span class='ocrx_word' id='word_1_599' title='bbox 1514 2051 1603 2090; x_wconf 85' lang='lat' dir='ltr'>primi</span> <span class='ocrx_word' id='word_1_600' title='bbox 1625 2051 1663 2079; x_wconf 87' lang='lat' dir='ltr'>M.</span> <span class='ocrx_word' id='word_1_601' title='bbox 1686 2050 1804 2079; x_wconf 80' lang='lat' dir='ltr'>Valerio</span> <span class='ocrx_word' id='word_1_602' title='bbox 1828 2047 1974 2082; x_wconf 76' lang='lat' dir='ltr'>Maximo,</span> <span class='ocrx_word' id='word_1_603' title='bbox 2001 2049 2050 2086; x_wconf 84' lang='lat' dir='ltr'>Sp.</span> 
     </span>
     <span class='ocr_line' id='line_1_46' title="bbox 99 2090 2050 2133; baseline -0.004 -10"><span class='ocrx_word' id='word_1_604' title='bbox 99 2095 241 2133; x_wconf 78' lang='lat' dir='ltr'>Verginio</span> <span class='ocrx_word' id='word_1_605' title='bbox 265 2095 402 2123; x_wconf 82' lang='lat' dir='ltr'>Tricosto</span> <span class='ocrx_word' id='word_1_606' title='bbox 428 2096 509 2124; x_wconf 89' lang='lat' dir='ltr'>Coss.</span> <span class='ocrx_word' id='word_1_607' title='bbox 533 2095 602 2123; x_wconf 82' lang='lat' dir='ltr'>sacti</span> <span class='ocrx_word' id='word_1_608' title='bbox 625 2098 693 2123; x_wconf 86' lang='lat' dir='ltr'>sunt</span> <span class='ocrx_word' id='word_1_609' title='bbox 715 2105 794 2123; x_wconf 88' lang='lat' dir='ltr'>anno</span> <span class='ocrx_word' id='word_1_610' title='bbox 819 2095 899 2123; x_wconf 80' lang='lat' dir='ltr'>urbis</span> <span class='ocrx_word' id='word_1_611' title='bbox 921 2097 1012 2130; x_wconf 58' lang='lat'>2972,</span> <span class='ocrx_word' id='word_1_612' title='bbox 1045 2095 1068 2123; x_wconf 88' lang='lat' dir='ltr'>si</span> <span class='ocrx_word' id='word_1_613' title='bbox 1093 2095 1185 2123; x_wconf 81' lang='lat' dir='ltr'>fastos</span> <span class='ocrx_word' id='word_1_614' title='bbox 1208 2095 1388 2133; x_wconf 83' lang='lat' dir='ltr'>Capitolinos</span> <span class='ocrx_word' id='word_1_615' title='bbox 1411 2104 1588 2132; x_wconf 86' lang='lat' dir='ltr'>sequamur;</span> <span class='ocrx_word' id='word_1_616' title='bbox 1624 2093 1648 2121; x_wconf 85' lang='lat' dir='ltr'>si</span> <span class='ocrx_word' id='word_1_617' title='bbox 1672 2093 1849 2126; x_wconf 86' lang='lat' dir='ltr'>Varronem,</span> <span class='ocrx_word' id='word_1_618' title='bbox 1883 2092 1955 2121; x_wconf 79' lang='lat'>298.</span> <span class='ocrx_word' id='word_1_619' title='bbox 1979 2090 2050 2117; x_wconf 85' lang='lat' dir='ltr'>Lae-</span> 
     </span>
     <span class='ocr_line' id='line_1_47' title="bbox 98 2132 2049 2178; baseline -0.004 -12"><span class='ocrx_word' id='word_1_620' title='bbox 98 2143 165 2166; x_wconf 83' lang='lat' dir='ltr'>nate</span> <span class='ocrx_word' id='word_1_621' title='bbox 191 2138 354 2166; x_wconf 77' lang='lat' dir='ltr'>nuuinviro</span> <span class='ocrx_word' id='word_1_622' title='bbox 383 2147 534 2166; x_wconf 86' lang='lat' dir='ltr'>sacrorum</span> <span class='ocrx_word' id='word_1_623' title='bbox 565 2136 770 2166; x_wconf 81' lang='lat' dir='ltr'>faciendorum</span> <span class='ocrx_word' id='word_1_624' title='bbox 800 2147 898 2166; x_wconf 87' lang='lat' dir='ltr'>causa.</span> <span class='ocrx_word' id='word_1_625' title='bbox 942 2138 983 2165; x_wconf 84' lang='lat' dir='ltr'>l)e</span> <span class='ocrx_word' id='word_1_626' title='bbox 1006 2137 1052 2165; x_wconf 88' lang='lat' dir='ltr'>his</span> <span class='ocrx_word' id='word_1_627' title='bbox 1074 2137 1152 2166; x_wconf 86' lang='lat' dir='ltr'>ludis</span> <span class='ocrx_word' id='word_1_628' title='bbox 1175 2138 1276 2176; x_wconf 89' lang='lat' dir='ltr'>primis</span> <span class='ocrx_word' id='word_1_629' title='bbox 1298 2148 1334 2165; x_wconf 85' lang='lat' dir='ltr'>ex</span> <span class='ocrx_word' id='word_1_630' title='bbox 1359 2136 1527 2174; x_wconf 87' lang='lat' dir='ltr'>quindecim</span> <span class='ocrx_word' id='word_1_631' title='bbox 1551 2137 1683 2164; x_wconf 83' lang='lat' dir='ltr'>virorum</span> <span class='ocrx_word' id='word_1_632' title='bbox 1705 2132 1849 2163; x_wconf 77' lang='lat' dir='ltr'>sententia</span> <span class='ocrx_word' id='word_1_633' title='bbox 1873 2132 2049 2178; x_wconf 74' lang='lat' dir='ltr'>Censorinus</span> 
     </span>
     <span class='ocr_line' id='line_1_48' title="bbox 99 2173 2049 2219; baseline -0.004 -12"><span class='ocrx_word' id='word_1_634' title='bbox 99 2181 157 2216; x_wconf 81' lang='lat' dir='ltr'>(De</span> <span class='ocrx_word' id='word_1_635' title='bbox 181 2180 229 2208; x_wconf 86' lang='lat' dir='ltr'>die</span> <span class='ocrx_word' id='word_1_636' title='bbox 251 2184 310 2209; x_wconf 87' lang='lat' dir='ltr'>nat.</span> <span class='ocrx_word' id='word_1_637' title='bbox 336 2190 361 2207; x_wconf 90' lang='lat' dir='ltr'>c.</span> <span class='ocrx_word' id='word_1_638' title='bbox 376 2180 439 2217; x_wconf 88' lang='lat'>17.)</span> <span class='ocrx_word' id='word_1_639' title='bbox 463 2180 598 2218; x_wconf 75' lang='lat' dir='ltr'>locuples</span> <span class='ocrx_word' id='word_1_640' title='bbox 622 2182 703 2208; x_wconf 80' lang='lat' dir='ltr'>testis</span> <span class='ocrx_word' id='word_1_641' title='bbox 728 2185 781 2209; x_wconf 87' lang='lat' dir='ltr'>est.</span> <span class='ocrx_word' id='word_1_642' title='bbox 825 2180 878 2208; x_wconf 82' lang='lat' dir='ltr'>Illa</span> <span class='ocrx_word' id='word_1_643' title='bbox 901 2190 989 2216; x_wconf 86' lang='lat' dir='ltr'>vero,</span> <span class='ocrx_word' id='word_1_644' title='bbox 1015 2190 1090 2218; x_wconf 82' lang='lat' dir='ltr'>quae.</span> <span class='ocrx_word' id='word_1_645' title='bbox 1112 2185 1278 2218; x_wconf 83' lang='lat' dir='ltr'>sequuntur</span> <span class='ocrx_word' id='word_1_646' title='bbox 1301 2180 1365 2216; x_wconf 77' lang='lat' dir='ltr'>(stis</span> <span class='ocrx_word' id='word_1_647' title='bbox 1378 2178 1506 2219; x_wconf 77' lang='lat' dir='ltr'>furulis)</span> <span class='ocrx_word' id='word_1_648' title='bbox 1530 2178 1632 2207; x_wconf 74' lang='lat' dir='ltr'>hostiis</span> <span class='ocrx_word' id='word_1_649' title='bbox 1644 2177 1749 2219; x_wconf 79' lang='lat' dir='ltr'>furvis</span> <span class='ocrx_word' id='word_1_650' title='bbox 1770 2176 1958 2214; x_wconf 87' lang='lat' dir='ltr'>interpretor.</span> <span class='ocrx_word' id='word_1_651' title='bbox 1997 2173 2049 2201; x_wconf 79' lang='lat' dir='ltr'>His</span> 
     </span>
     <span class='ocr_line' id='line_1_49' title="bbox 99 2218 2046 2260; baseline -0.004 -10"><span class='ocrx_word' id='word_1_652' title='bbox 99 2222 175 2250; x_wconf 85' lang='lat' dir='ltr'>enini</span> <span class='ocrx_word' id='word_1_653' title='bbox 201 2222 258 2250; x_wconf 79' lang='lat' dir='ltr'>Diti</span> <span class='ocrx_word' id='word_1_654' title='bbox 283 2227 311 2250; x_wconf 87' lang='lat' dir='ltr'>et</span> <span class='ocrx_word' id='word_1_655' title='bbox 332 2222 528 2260; x_wconf 83' lang='lat' dir='ltr'>Proserpinae</span> <span class='ocrx_word' id='word_1_656' title='bbox 552 2222 700 2250; x_wconf 82' lang='lat' dir='ltr'>faciebant</span> <span class='ocrx_word' id='word_1_657' title='bbox 724 2222 819 2250; x_wconf 84' lang='lat' dir='ltr'>tribus</span> <span class='ocrx_word' id='word_1_658' title='bbox 849 2222 1003 2257; x_wconf 81' lang='lat' dir='ltr'>noctibus,</span> <span class='ocrx_word' id='word_1_659' title='bbox 1040 2222 1129 2260; x_wconf 85' lang='lat' dir='ltr'>idque</span> <span class='ocrx_word' id='word_1_660' title='bbox 1152 2223 1309 2251; x_wconf 82' lang='lat' dir='ltr'>centesimo</span> <span class='ocrx_word' id='word_1_661' title='bbox 1334 2232 1453 2259; x_wconf 87' lang='lat' dir='ltr'>quoque</span> <span class='ocrx_word' id='word_1_662' title='bbox 1476 2221 1523 2249; x_wconf 88' lang='lat' dir='ltr'>vel</span> <span class='ocrx_word' id='word_1_663' title='bbox 1547 2221 1705 2249; x_wconf 78' lang='lat' dir='ltr'>centesimo</span> <span class='ocrx_word' id='word_1_664' title='bbox 1729 2218 1843 2248; x_wconf 81' lang='lat' dir='ltr'>decimo</span> <span class='ocrx_word' id='word_1_665' title='bbox 1867 2226 1956 2250; x_wconf 88' lang='lat' dir='ltr'>anno,</span> <span class='ocrx_word' id='word_1_666' title='bbox 1989 2225 2046 2252; x_wconf 85' lang='lat' dir='ltr'>qua</span> 
     </span>
     <span class='ocr_line' id='line_1_50' title="bbox 99 2257 2048 2304; baseline -0.005 -11"><span class='ocrx_word' id='word_1_667' title='bbox 99 2265 136 2293; x_wconf 90' lang='lat' dir='ltr'>de</span> <span class='ocrx_word' id='word_1_668' title='bbox 159 2274 246 2292; x_wconf 74' lang='lat' dir='ltr'>causa</span> <span class='ocrx_word' id='word_1_669' title='bbox 270 2265 417 2293; x_wconf 78' lang='lat' dir='ltr'>seculares</span> <span class='ocrx_word' id='word_1_670' title='bbox 440 2264 505 2293; x_wconf 91' lang='lat' dir='ltr'>ludi</span> <span class='ocrx_word' id='word_1_671' title='bbox 529 2265 722 2299; x_wconf 75' lang='lat' dir='ltr'>dicebantur,</span> <span class='ocrx_word' id='word_1_672' title='bbox 752 2265 832 2302; x_wconf 80' lang='lat' dir='ltr'>quod</span> <span class='ocrx_word' id='word_1_673' title='bbox 856 2265 1007 2293; x_wconf 87' lang='lat' dir='ltr'>saeculum</span> <span class='ocrx_word' id='word_1_674' title='bbox 1031 2265 1059 2293; x_wconf 89' lang='lat' dir='ltr'>id</span> <span class='ocrx_word' id='word_1_675' title='bbox 1084 2265 1226 2304; x_wconf 88' lang='lat' dir='ltr'>temporis</span> <span class='ocrx_word' id='word_1_676' title='bbox 1250 2264 1377 2303; x_wconf 84' lang='lat' dir='ltr'>spatium</span> <span class='ocrx_word' id='word_1_677' title='bbox 1402 2264 1598 2302; x_wconf 88' lang='lat' dir='ltr'>appellarent.</span> <span class='ocrx_word' id='word_1_678' title='bbox 1635 2262 1702 2292; x_wconf 86' lang='lat' dir='ltr'>Vid.</span> <span class='ocrx_word' id='word_1_679' title='bbox 1727 2260 1877 2290; x_wconf 76' lang='lat' dir='ltr'>censorin.</span> <span class='ocrx_word' id='word_1_680' title='bbox 1903 2262 1967 2304; x_wconf 77' lang='lat' dir='ltr'>post</span> <span class='ocrx_word' id='word_1_681' title='bbox 1992 2257 2048 2285; x_wconf 85' lang='lat' dir='ltr'>Va-</span> 
     </span>
     <span class='ocr_line' id='line_1_51' title="bbox 99 2299 2048 2346; baseline -0.006 -10"><span class='ocrx_word' id='word_1_682' title='bbox 99 2308 152 2336; x_wconf 87' lang='lat' dir='ltr'>ler.</span> <span class='ocrx_word' id='word_1_683' title='bbox 175 2307 251 2335; x_wconf 83' lang='lat' dir='ltr'>Max.</span> <span class='ocrx_word' id='word_1_684' title='bbox 278 2311 307 2334; x_wconf 90' lang='lat' dir='ltr'>et</span> <span class='ocrx_word' id='word_1_685' title='bbox 330 2307 434 2336; x_wconf 83' lang='lat' dir='ltr'>Horat.</span> <span class='ocrx_word' id='word_1_686' title='bbox 456 2307 487 2335; x_wconf 87' lang='lat' dir='ltr'>in</span> <span class='ocrx_word' id='word_1_687' title='bbox 510 2308 654 2344; x_wconf 86' lang='lat' dir='ltr'>Carmine,</span> <span class='ocrx_word' id='word_1_688' title='bbox 678 2312 707 2335; x_wconf 86' lang='lat' dir='ltr'>et</span> <span class='ocrx_word' id='word_1_689' title='bbox 730 2307 864 2335; x_wconf 83' lang='lat' dir='ltr'>Zosimus</span> <span class='ocrx_word' id='word_1_690' title='bbox 887 2308 967 2346; x_wconf 86' lang='lat' dir='ltr'>apud</span> <span class='ocrx_word' id='word_1_691' title='bbox 991 2307 1127 2336; x_wconf 87' lang='lat' dir='ltr'>Politian.</span> <span class='ocrx_word' id='word_1_692' title='bbox 1151 2312 1179 2336; x_wconf 89' lang='lat' dir='ltr'>et</span> <span class='ocrx_word' id='word_1_693' title='bbox 1204 2318 1279 2346; x_wconf 85' lang='lat' dir='ltr'>quae</span> <span class='ocrx_word' id='word_1_694' title='bbox 1299 2305 1472 2344; x_wconf 77' lang='lat' dir='ltr'>onuphrius</span> <span class='ocrx_word' id='word_1_695' title='bbox 1495 2310 1593 2334; x_wconf 83' lang='lat' dir='ltr'>noster</span> <span class='ocrx_word' id='word_1_696' title='bbox 1616 2305 1652 2333; x_wconf 87' lang='lat' dir='ltr'>de</span> <span class='ocrx_word' id='word_1_697' title='bbox 1675 2304 1754 2333; x_wconf 84' lang='lat' dir='ltr'>ludis</span> <span class='ocrx_word' id='word_1_698' title='bbox 1777 2299 1975 2331; x_wconf 82' lang='lat' dir='ltr'>saecularibus</span> <span class='ocrx_word' id='word_1_699' title='bbox 1998 2309 2048 2327; x_wconf 83' lang='lat' dir='ltr'>ac-</span> 
     </span>
     <span class='ocr_line' id='line_1_52' title="bbox 100 2342 2046 2388; baseline -0.001 -11"><span class='ocrx_word' id='word_1_700' title='bbox 100 2349 284 2378; x_wconf 82' lang='lat' dir='ltr'>curatissime</span> <span class='ocrx_word' id='word_1_701' title='bbox 307 2349 436 2388; x_wconf 75' lang='lat' dir='ltr'>scripsit.</span> <span class='ocrx_word' id='word_1_702' title='bbox 468 2350 544 2378; x_wconf 88' lang='lat' dir='ltr'>Vide</span> <span class='ocrx_word' id='word_1_703' title='bbox 565 2351 724 2378; x_wconf 60' lang='lat' dir='ltr'>&#39;lere-nrum.</span> <span class='ocrx_word' id='word_1_704' title='bbox 747 2349 836 2378; x_wconf 73' lang='lat' dir='ltr'>Ant.</span> <span class='ocrx_word' id='word_1_705' title='bbox 858 2350 952 2388; x_wconf 76' lang='lat' dir='ltr'>Aug.</span> <span class='ocrx_word' id='word_1_706' title='bbox 984 2349 1057 2378; x_wconf 82' lang='lat' dir='ltr'>Post</span> <span class='ocrx_word' id='word_1_707' title='bbox 1079 2357 1191 2379; x_wconf 77' lang='lat' dir='ltr'>centum</span> <span class='ocrx_word' id='word_1_708' title='bbox 1216 2360 1309 2378; x_wconf 79' lang='lat' dir='ltr'>annos</span> <span class='ocrx_word' id='word_1_709' title='bbox 1320 2348 1446 2388; x_wconf 76' lang='lat' dir='ltr'>fiebant.</span> <span class='ocrx_word' id='word_1_710' title='bbox 1478 2348 1533 2376; x_wconf 84' lang='lat' dir='ltr'>Hie</span> <span class='ocrx_word' id='word_1_711' title='bbox 1548 2348 1666 2376; x_wconf 84' lang='lat' dir='ltr'>Festum</span> <span class='ocrx_word' id='word_1_712' title='bbox 1690 2347 1824 2384; x_wconf 72' lang='lat' dir='ltr'>sequitur</span> <span class='ocrx_word' id='word_1_713' title='bbox 1848 2342 1969 2376; x_wconf 72' lang='lat' dir='ltr'>Paulus,</span> <span class='ocrx_word' id='word_1_714' title='bbox 1994 2342 2046 2370; x_wconf 67' lang='lat' dir='ltr'>sed</span> 
     </span>
     <span class='ocr_line' id='line_1_53' title="bbox 101 2385 2047 2431; baseline -0.003 -11"><span class='ocrx_word' id='word_1_715' title='bbox 101 2404 115 2420; x_wconf 77' lang='lat' dir='ltr'>a</span> <span class='ocrx_word' id='word_1_716' title='bbox 141 2392 243 2421; x_wconf 85' lang='lat' dir='ltr'>Verrio</span> <span class='ocrx_word' id='word_1_717' title='bbox 267 2392 403 2421; x_wconf 83' lang='lat' dir='ltr'>diversus</span> <span class='ocrx_word' id='word_1_718' title='bbox 427 2392 495 2421; x_wconf 88' lang='lat' dir='ltr'>abit.</span> <span class='ocrx_word' id='word_1_719' title='bbox 542 2393 663 2422; x_wconf 85' lang='lat' dir='ltr'>Verrius</span> <span class='ocrx_word' id='word_1_720' title='bbox 686 2392 778 2428; x_wconf 82' lang='lat' dir='ltr'>enim,</span> <span class='ocrx_word' id='word_1_721' title='bbox 817 2397 850 2420; x_wconf 86' lang='lat' dir='ltr'>ut</span> <span class='ocrx_word' id='word_1_722' title='bbox 874 2397 956 2431; x_wconf 85' lang='lat' dir='ltr'>patet</span> <span class='ocrx_word' id='word_1_723' title='bbox 978 2402 1014 2420; x_wconf 86' lang='lat' dir='ltr'>ex</span> <span class='ocrx_word' id='word_1_724' title='bbox 1038 2397 1136 2422; x_wconf 87' lang='lat' dir='ltr'>vetere</span> <span class='ocrx_word' id='word_1_725' title='bbox 1159 2392 1275 2421; x_wconf 83' lang='lat' dir='ltr'>Horatii</span> <span class='ocrx_word' id='word_1_726' title='bbox 1298 2392 1476 2430; x_wconf 86' lang='lat' dir='ltr'>interprete,</span> <span class='ocrx_word' id='word_1_727' title='bbox 1508 2390 1596 2419; x_wconf 87' lang='lat' dir='ltr'>ludos</span> <span class='ocrx_word' id='word_1_728' title='bbox 1619 2389 1784 2418; x_wconf 77' lang='lat' dir='ltr'>saeculares</span> <span class='ocrx_word' id='word_1_729' title='bbox 1804 2389 1871 2424; x_wconf 75' lang='lat' dir='ltr'>post</span> <span class='ocrx_word' id='word_1_730' title='bbox 1894 2385 1993 2412; x_wconf 80' lang='lat' dir='ltr'>decem</span> <span class='ocrx_word' id='word_1_731' title='bbox 2018 2389 2047 2412; x_wconf 75' lang='lat' dir='ltr'>et</span> 
     </span>
    </p>
   </div>
   <div class='ocr_carea' id='block_1_3' title="bbox 146 2441 1654 2475">
    <p class='ocr_par' dir='ltr' id='par_1_14' title="bbox 146 2441 1654 2475">
     <span class='ocr_line' id='line_1_54' title="bbox 146 2441 1654 2475; baseline 0.002 -5"><span class='ocrx_word' id='word_1_732' title='bbox 146 2441 314 2470; x_wconf 71' lang='lat' dir='ltr'>GRAMMAT.</span> <span class='ocrx_word' id='word_1_733' title='bbox 333 2452 402 2470; x_wconf 67' lang='lat' dir='ltr'>mr.</span> <span class='ocrx_word' id='word_1_734' title='bbox 426 2442 459 2471; x_wconf 86' lang='lat' dir='ltr'>ll.</span> <span class='ocrx_word' id='word_1_735' title='bbox 1543 2443 1577 2475; x_wconf 89' lang='lat' dir='ltr'>T</span> <span class='ocrx_word' id='word_1_736' title='bbox 1590 2447 1602 2474; x_wconf 76' lang='lat' dir='ltr'>t</span> <span class='ocrx_word' id='word_1_737' title='bbox 1616 2447 1628 2473; x_wconf 79' lang='lat' dir='ltr'>t</span> <span class='ocrx_word' id='word_1_738' title='bbox 1642 2446 1654 2473; x_wconf 84' lang='lat' dir='ltr'>t</span> 
     </span>
    </p>
   </div>
  </div>
 </body>
</html>
