2263 2668
231 169 307 203 524
655 159 999 194 COMMENTARII
1025 161 1073 194 IN
1099 159 1244 194 PAULI
1271 157 1469 193 DIACONI
1494 158 1749 194 EXCERPTA

233 260 390 297 Quamvis,
414 257 524 296 inquit,
546 255 656 282 bonum
679 252 768 280 suerit
791 252 922 289 initium,
953 257 1052 281 tamen
1076 258 1179 291 negate
1203 263 1320 291 semper
1343 252 1486 279 futurum.
1514 250 1617 280 Scal.
1661 252 1736 290 Lege
1759 260 1900 291 negumate
1921 263 1936 280 a
1960 264 2046 293 nego,
2077 256 2179 294 negino

233 305 294 332 sive
318 312 428 341 negano
453 303 484 326 ut
507 308 522 324 a
546 303 631 332 nato,
661 295 778 331 ηαιίηος
800 293 897 335 fuco,
915 293 1044 335 fuciuo;
1074 306 1186 335 coquo,
1218 296 1362 334 coquino‚·
1392 294 1482 330 trice,
1512 295 1628 323 iricino.
1653 293 1755 324 Scal.
1800 295 1995 323 Retinendum
2020 305 2179 335 negumate,

233 347 273 375 ita
296 345 373 374 enim
395 351 450 380 pro
474 345 615 377 ncgunate
637 348 656 365 n
679 347 823 365 converso
846 338 876 365 in
899 349 945 373 m,
970 342 1004 365 ut
1026 338 1055 366 in
1078 339 1227 377 maginari
1249 348 1303 376 pro
1327 336 1473 374 nuginari.
1496 335 1587 365 Dac.
1624 338 1667 368 Cf.
1691 337 1789 365 Herm.
1806 337 1899 366 Elem.
1922 337 2074 366 doctrinae
2095 345 2180 369 metr.

233 387 399 427 pag.614.,
436 381 485 420 qui
508 381 625 408 facilius
652 380 740 407 etiam
764 377 962 408 molimentum
987 380 1092 408 coniici
1114 391 1199 419 posse
1222 391 1276 419 pro
1301 378 1473 407 moventium
1497 378 1578 407 dicit.
1623 379 1752 408 Verbum
1776 390 1930 418 negumare
1953 390 2114 418 procusum
2136 387 2181 411 est

234 431 272 458 ad
294 436 425 456 normam
448 424 584 452 illorum:
623 430 805 458 auciumare,
835 429 1012 460 aestumare3
1047 423 1084 452 cf.
1108 433 1182 461 quae
1204 433 1292 460 supra
1316 421 1447 450 diximus
1471 421 1508 449 ad
1531 431 1559 450 v.
1582 421 1709 451 Auctor.
1755 422 1881 450 Dubium
1904 432 1962 450 non
1986 429 2046 458 est,
2077 434 2181 462 negare

234 468 429 507 compositum
453 476 514 495 esse
538 475 575 493 ex
599 476 640 492 ne
663 469 690 492 et
714 465 790 504 ajo,
829 465 877 492 cui
906 465 1066 503 posteriori
1094 465 1256 504 respondet
1280 463 1464 492 Sanscritum
1488 461 1598 492 Eh'vel
1621 464 1673 501 Ab,
1714 465 1827 500 dicere,
1867 464 1958 494 Goth.
1983 463 2065 501 aika,
2102 465 2179 496 dico.

233 513 325 540 Vetus
347 511 439 549 igitur
463 510 555 537 forma
579 507 636 535 suit
658 506 739 534 haud
762 506 851 536 dubie
873 505 931 535 ἅῘιο
956 512 984 535 et
1008 507 1081 543 Allo,
1112 508 1192 536 unde
1215 506 1354 540 ηε-ἆήο,
1382 509 1410 533 et
1432 505 1502 533 inde
1526 504 1612 545 viI-30,-
1643 511 1672 536 et
1694 508 1743 536 aio
1766 507 1910 545 simplex,
1936 508 2022 535 cuius
2046 508 2180 546 penulti-

232 565 308 583 mam
331 554 451 581 brevem
475 551 560 579 etiam
584 550 674 578 suisse
697 548 837 578 credibile
861 554 905 578 est
928 560 963 578 ex
987 550 1133 588 disyllabo
1156 550 1288 586 aiebam,
1318 547 1433 583 aihum,
1465 549 1670 587 monosyllabo
1694 551 1754 585 ais,
1778 550 1830 578 ait.
1874 550 1940 577 Non
1964 555 2060 579 tamen
2084 550 2180 579 minus

233 595 375 625 credibile
399 599 458 630 est,
494 594 524 621 in
549 592 734 631 productiori
757 592 851 621 forma
874 604 994 631 negumo
1023 594 1283 632 antepenultimam
1313 590 1493 629 produxisse
1515 592 1648 630 priscos,
1689 602 1781 631 quare
1803 602 1920 621 versum
1944 592 2047 621 Marcii
2069 593 2112 621 sic
2135 593 2180 621 le·-

233 639 360 677 gendum
384 647 445 666 esse
469 635 716 664 existimaverim:

811 675 1004 714 Quanitimvis
1026 676 1223 707 molimc‘nium
1248 673 1375 704 dudnum
1400 675 1559 715 neguma‘te.

395 720 561 759 Negriiu.
586 718 645 759 (Ad
667 730 696 758 p.
713 717 794 758 177.)
821 719 929 747 Dubito
955 720 1024 758 quid
1049 720 1105 748 hoc
1128 720 1210 749 verbi
1236 719 1288 754 sit3
1320 724 1393 757 puto
1420 724 1514 747 tamen
1538 719 1596 747 ritu
1620 729 1679 747 esse
1702 730 1757 758 pro
1781 719 1849 756 rite3
1879 730 1930 748 nec
1953 719 2027 753 ritu,
2057 720 2179 757 negritu,

234 770 267 792 ut
290 774 341 792 nec
364 764 469 799 otium,
499 763 653 800 negotium.
699 762 776 800 Ergo
801 772 854 790 nec
878 762 951 799 rite,
981 773 1048 791 cum
1069 773 1129 792 non
1151 767 1231 791 recte
1255 766 1313 790 est:
1343 763 1397 789 rite
1419 766 1515 790 autem
1538 766 1567 790 et
1590 761 1647 790 ritu
1670 762 1706 790 ad
1730 762 1871 790 sacrificia
1895 766 1923 790 et
1945 761 2066 799 auguria
2088 762 2181 800 perti-

233 815 301 834 nere
324 810 426 833 uotum
450 809 502 832 est.
547 804 635 833 Dac.

395 845 549 876 Nebulo.
586 846 701 874 Nebulo
718 843 860 884 μάλθων,
886 843 901 876 ὅ
925 845 959 876 τοὶ
983 847 1045 877 ἴδια
1067 846 1166 885 λάθρα
1188 843 1386 885 καταφαγών,
1411 846 1537 882 εἰκαῖος,
1563 842 1580 876 ὅ
1595 843 1696 884 λάθρα
1712 844 1837 881 ἄσωτος.
1861 847 2053 875 Glossarium.
2077 844 2180 875 Scal.

233 887 347 917 Nebulo
369 887 415 916 vel
436 889 532 917 inanis
553 888 599 917 vel
620 900 711 917 vanus
734 896 784 916 aut
808 887 907 917 mollis
930 896 961 917 ut
982 897 1023 918 est
1044 889 1157 918 nebula.
1195 890 1298 917 Donat.
1335 888 1373 916 Et
1395 888 1509 916 Horatii
1534 888 1706 927 interpres:
1729 888 1894 917 Nebulones
1916 890 1985 917 vani
2005 895 2031 916 et
2054 887 2127 917 leves
2149 895 2181 916 ut

233 929 347 959 nebula.
393 931 506 959 Gloss.:
536 930 652 960 Nebulo
675 927 691 961 ὅ
715 929 748 960 τὰ
773 932 833 961 ἴδια
856 928 957 971 λάθρα
978 931 1176 973 καταφαγὼν,
1206 932 1332 967 εἰκαῖος,
1362 928 1461 971 λάθρα
1484 929 1607 967 ἄσωτος.
1632 931 1685 960 Da
1696 943 1720 961 c.
1767 931 1852 961 Adde
1873 931 2001 960 Nonium
2025 931 2055 959 iu
2077 929 2180 959 Nebu—

233 971 313 1001 lones
336 973 416 1012 (pag.
433 973 504 1010 18).
552 971 658 1002 Goth.

396 1014 682 1054 Negabunclum.
726 1014 932 1055 Negibundum
953 1027 1009 1056 pro
1033 1015 1252 1057 negabunclum,
1276 1020 1309 1044 ut
1326 1016 1416 1044 artire
1433 1026 1489 1055 pro
1506 1020 1618 1053 artare,
1642 1015 1796 1055 impetrire
1814 1026 1868 1055 pro
1883 1016 2053 1056 impetrare.
2076 1013 2178 1045 Scal.

232 1057 288 1085 Alii
312 1056 524 1096 Negabumlus.
574 1056 677 1087 Goth.

395 1099 633 1140 Neutiquam.
678 1100 734 1128 Hic
756 1110 876 1136 versuS,
908 1101 1071 1140 neutiquam
1097 1113 1147 1130 cor
1170 1106 1225 1130 etc.
1249 1101 1361 1129 citatur
1384 1111 1398 1128 a
1424 1101 1565 1129 Cicerone
1589 1100 1692 1137 (Acad.
1715 1101 1806 1139 prior.
1824 1100 1866 1137 ΙΙ,
1892 1102 1951 1138 17.)
1976 1101 2004 1128 in
2028 1099 2181 1128 Academi—

232 1141 273 1169 cis
297 1141 359 1169 sine
382 1147 486 1180 poetae
509 1147 609 1170 tamen
633 1143 759 1170 nomine.
801 1143 951 1170 Ciceronis
975 1148 1072 1171 autem
1095 1144 1178 1172 locus
1202 1148 1283 1172 extat
1306 1144 1336 1171 in
1359 1143 1436 1172 libro
1460 1143 1497 1172 de
1521 1143 1711 1172 universitate
1734 1141 1861 1183 (c.11.).
1886 1142 1976 1172 Dac.
2022 1142 2103 1171 Haec
2127 1142 2180 1170 Ur-

232 1184 311 1212 sinus
335 1189 502 1212 nolaverat.
546 1185 590 1215 Cf.
614 1185 758 1222 Fragmm.
780 1195 845 1224 pag.
862 1187 930 1216 178.

395 1226 562 1266 Nepotes.
606 1228 765 1256 Maximam
789 1232 901 1266 partem
925 1227 1030 1255 horum
1055 1228 1214 1256 verborum
1236 1228 1313 1256 Festi
1336 1238 1373 1256 ex
1395 1228 1494 1256 verbis
1513 1228 1596 1257 Pauli
1620 1227 1876 1267 interpretaberis,
1904 1231 2023 1266 praeter
2046 1226 2076 1255 id
2100 1225 2180 1264 quod

232 1267 269 1296 de
292 1268 395 1296 Tuscis
418 1269 503 1297 initio
526 1269 653 1305 dicitur,
680 1270 820 1309 quodque
842 1270 871 1298 in
897 1269 953 1298 fine
975 1267 1115 1300 πόδεσσιν
1138 1271 1280 1309 scriptum
1304 1275 1355 1298 est.
1400 1272 1441 1298 De
1464 1272 1567 1299 Tuscis
1591 1270 1664 1299 nihil
1689 1271 1771 1299 aliud
1794 1270 1906 1306 habeo,
1938 1280 2024 1308 quam
2048 1279 2092 1297 me
2115 1268 2181 1306 opi-

232 1310 311 1346 nari,
336 1311 448 1339 Tuscos
471 1321 503 1339 eo
528 1314 645 1340 nomine
668 1323 748 1342 usos.
795 1313 939 1341 Graecum
964 1319 1060 1340 autem
1086 1323 1148 1341 esse
1171 1312 1315 1349 cognovi,
1343 1323 1408 1340 cum
1431 1312 1504 1340 mihi
1528 1314 1651 1341 Fulvius
1676 1314 1813 1348 Ursinus,
1838 1313 1900 1341 eius
1924 1313 2038 1350 linguae
2063 1311 2180 1349 peritis-

231 1352 341 1389 simus,
381 1364 395 1382 a
420 1364 478 1391 quo
510 1355 601 1382 multa
624 1355 655 1382 in
677 1354 736 1383 hoc
757 1355 832 1383 libro
857 1355 1009 1383 emendata
1033 1360 1115 1391 sunt,
1156 1355 1283 1383 ostendit
1305 1355 1493 1393 Apollonium
1518 1356 1632 1384 lib.IV.
1654 1356 1694 1395 (v.
1710 1357 1810 1387 1745.)
1836 1361 1865 1383 et
1886 1355 2011 1384 Theocr.
2037 1354 2113 1392 Idyl.
2130 1356 2180 1385 17.

232 1398 272 1430 (v.
284 1396 346 1431 25.)
371 1395 400 1423 in
424 1395 477 1424 hac
499 1397 711 1434 significatione
739 1397 795 1425 hoc
819 1397 909 1425 verbo
933 1398 985 1426 uti.
1026 1397 1197 1426 Eustathius
1221 1407 1340 1436 quoque
1363 1397 1439 1425 idem
1464 1397 1590 1426 affirmat
1613 1398 1641 1425 in
1666 1402 1693 1427 A
1716 1398 1823 1435 Odyss.
1861 1398 1935 1425 Fieri
1960 1399 2045 1425 etiam
2069 1400 2179 1434 potest,

232 1441 263 1465 ut
287 1437 439 1475 Apollonii
464 1449 582 1468 carmen
606 1440 740 1468 retulerit
762 1440 879 1476 Festus,
905 1440 988 1468 cuius
1012 1440 1078 1468 finis
1102 1445 1158 1469 est:
1194 1442 1277 1474 Τεοῖς
1299 1437 1474 1470 νεπόδεσσιν
1499 1440 1610 1478 ἑτοίμη.
1657 1440 1750 1475 Quem
1776 1450 1847 1468 vero
1871 1439 2014 1476 significet
2036 1439 2094 1466 illis
2117 1438 2179 1476 syl-

231 1478 304 1507 labis
329 1478 412 1518 (ckus
434 1481 520 1520 inter)
545 1493 581 1510 an
605 1481 826 1518 Aristarchum,
850 1483 898 1510 vel
923 1482 1153 1519 Callimachum,
1181 1483 1324 1518 aliumve,
1356 1482 1441 1510 nobis
1464 1483 1610 1510 incertum
1635 1488 1688 1512 est.
1711 1482 1798 1511 Ani.
1819 1483 1916 1521 Aug.
1958 1482 2086 1520 Nepotes
2109 1485 2179 1508 sunt

230 1518 387 1562 ἅπογόνοι,
412 1524 531 1552 Graecis
553 1524 638 1552 etiam
662 1525 785 1560 νέποδες
809 1524 883 1553 dicti
906 1536 919 1552 a
943 1537 982 1554 νε
1006 1526 1151 1563 privativa
1175 1525 1322 1562 particula
1345 1530 1376 1553 et
1397 1522 1488 1560 ποῦς,
1511 1535 1578 1563 pes,
1602 1525 1836 1560 fundamentum,
1859 1524 1928 1562 quia
1949 1523 2177 1552 fundamentum

231 1574 288 1592 uon
313 1570 409 1594 essent
430 1566 563 1604 generis3
586 1565 665 1602 πούς
688 1568 782 1603 enim,
805 1571 838 1594 ut
860 1567 968 1595 Latinis
989 1579 1039 1605 pes
1062 1577 1117 1605 pro
1141 1567 1342 1594 fundamento.
1388 1567 1481 1595 Plaut.
1505 1567 1619 1595 Asinar.
1644 1567 1715 1603 (111,
1737 1569 1774 1603 3,
1798 1568 1898 1602 138.):

804 1616 868 1655 Ego
892 1624 979 1656 capul
1001 1617 1069 1645 huic
1091 1625 1209 1656 argento
1224 1616 1281 1659 fui
1303 1615 1391 1646 hodie
1413 1616 1593 1656 rcperiundo.

890 1658 954 1698 Ego
974 1671 1024 1698 pes
1037 1659 1102 1700 fui.

231 1707 300 1735 lnde
324 1712 444 1746 nepotes
467 1709 540 1737 dicti
563 1710 676 1748 perditi
699 1720 733 1738 ac
756 1710 925 1738 luxuriosae
947 1710 1026 1739 vitae
1049 1710 1198 1747 homines,
1235 1709 1320 1737 cuius
1346 1709 1389 1738 rei
1419 1709 1564 1738 rationem
1594 1710 1670 1739 infra
1695 1710 1797 1738 Festus
1827 1709 1926 1745 dabit,
1966 1709 2014 1737 cui
2043 1713 2073 1737 et
2102 1708 2179 1737 hanc

231 1754 313 1787 potes
337 1750 446 1779 addere
469 1752 549 1790 quod
574 1751 734 1791 nepotibus
757 1762 874 1790 semper
896 1753 1052 1790 indulgent
1074 1754 1136 1789 avi,
1176 1757 1337 1780 connivent
1363 1762 1463 1780 eorum
1487 1752 1603 1781 delictis
1627 1763 1660 1781 ac
1684 1753 1848 1792 impediunt
1870 1752 1940 1791 quin
1963 1762 1995 1780 ea
2018 1752 2049 1779 in
2071 1761 2178 1790 paren-

231 1795 290 1819 tum
314 1793 522 1822 conscientiam
546 1796 683 1831 veniant,
708 1795 785 1823 unde
808 1795 829 1823 ii
851 1800 954 1833 postea
980 1806 1105 1832 nequam
1129 1795 1260 1823 evadunt
1282 1799 1311 1822 et
1332 1794 1478 1825 dissoluti.
1509 1795 1586 1824 Hinc
1609 1803 1760 1836 nepotaius
1782 1796 1812 1823 in
1833 1795 1920 1833 gloss.
1944 1791 2065 1824 οἷσωτία.
2088 1793 2177 1823 Duc.

235 1831 320 1880 Quod
343 1846 399 1864 non
425 1837 526 1876 magi&
572 1838 663 1866 Aliud
691 1842 811 1876 etymon
842 1837 964 1866 affertur
987 1850 1003 1866 a
1024 1838 1126 1877 Nepa,
1165 1847 1239 1875 quae
1263 1837 1384 1866 devorat
1409 1848 1508 1866 omnes
1529 1838 1607 1866 filios
1632 1849 1690 1866 uno
1714 1843 1851 1877 excepto.
1898 1835 1986 1876 Quod
2007 1844 2092 1865 notus
2111 1842 2178 1875 post

233 1880 278 1902 szt.
311 1876 436 1911 Quidam
461 1883 567 1917 putant
590 1885 710 1919 nepotes
734 1891 749 1908 a
775 1880 896 1908 Graecis
919 1880 1049 1916 νέποὸας
1071 1880 1245 1920 appellatos.
1292 1877 1397 1908 Goth.

235 1955 240 1960 ι
268 1955 273 1961 ,
391 1919 523 1960 Nepos.
570 1923 644 1952 Vide
672 1923 701 1951 in
727 1923 933 1952 coniectaneis,
963 1922 1060 1952 Scal.
1105 1924 1148 1951 lta
1172 1932 1226 1960 ego
1248 1921 1331 1950 huuc
1353 1922 1452 1950 locum
1475 1922 1546 1950 olim
1570 1923 1776 1962 expleveram,
1813 1927 2021 1961 praeterquam
2044 1919 2125 1959 quod
2145 1919 2175 1948 in

234 1955 304 1984 1lhs:
329 1979 453 1991 .....
476 1963 549 1993 chus
573 1987 580 1994 .
603 1988 609 1994 .
635 1987 658 2001 .,
684 1965 858 1994 Callimachi
881 1965 983 1994 locum
1006 1965 1096 1994 latere
1118 1965 1302 2004 putavetim:

805 2031 847 2037 -
889 2033 931 2037 -
975 2033 1014 2038 -
1059 2013 1096 2046 οὗ
1120 2015 1175 2057 γὰρ
1199 2013 1317 2055 ἐργάτιν
1340 2015 1440 2054 τρέφω

256 2097 261 2102 ¹
337 2098 342 2103 ι
809 2056 868 2096 Τὴν
893 2061 1029 2098 μοῦσαν,
1064 2056 1104 2094 ὥς
1127 2057 1144 2089 o‘
1169 2062 1257 2094 Κεῖος
1276 2055 1411 2098 Ὗλλίχου
1435 2058 1553 2094 νέπους.

232 2097 412 2128 Slmonldem
435 2100 581 2142 intelligit.
606 2107 690 2138 Dae.
737 2109 780 2137 Cf.
801 2109 916 2137 Mulier.
940 2110 988 2138 die
1011 2109 1164 2138 Etrusker.
1188 2109 1293 2138 t0n1.1.
1317 2119 1382 2148 pag.
1397 2111 1446 2141 13.

234 2190 239 2194 .
313 2190 319 2196 ι
362 2190 367 2196 “
394 2148 560 2196 Nefasti.
605 2157 751 2192 Quantam
774 2159 918 2188 iacturam
942 2160 1116 2195 fecerimus,
1147 2165 1210 2189 tum
1234 2170 1271 2188 ex
1295 2160 1375 2189 Pauli
1399 2160 1528 2199 epitome
1550 2160 1636 2188 nimis
1659 2160 1777 2188 concisa
1801 2164 1828 2187 et
1851 2158 1952 2194 brevi,
1975 2164 2037 2187 tum
2060 2169 2098 2187 ex
2120 2159 2173 2188 hu-

231 2198 277 2236 UJS
299 2189 385 2237 lfbnw
410 2201 460 2239 (ΙΨ
484 2199 578 2242 θΧ-ξὸξς
600 2209 693 2235 Paene
716 2201 829 2238 dicam,
853 2202 954 2231 clade:
978 2213 1014 2230 ex
1037 2202 1083 2230 his
1107 2213 1181 2241 quae
1205 2203 1351 2239 scribam,
1374 2203 1562 2231 manifestum
1586 2207 1639 2231 est.
1681 2203 1742 2240 Ego
1766 2202 1842 2230 enim
1866 2212 1902 2230 ex
1925 2201 2085 2230 dimidiatis
2109 2212 2175 2230 ver-

231 2232 332 2279 ⁸¹⁰¹Jl¹⁸
353 2233 431 2261 Fesn
455 2244 598 2272 0⁰¹¹¹¹0¹0n
635 2251 700 2269 eum
729 2244 874 2282 principio
905 2245 1030 2273 nominis
1053 2245 1326 2284 interpretationem
1350 2246 1454 2274 ass'erre
1477 2255 1564 2284 quam
1589 2245 1700 2280 Varro,
1741 2245 1866 2272 Ovidius
1889 2249 1918 2272 et
1940 2244 2108 2272 Macrobius
2129 2245 2174 2273 di-

231 2273 330 2303 luc¹de
361 2277 540 2314 ⁰⁵t⁹¹¹d¹¹¹¹t2
582 2285 615 2307 ut
644 2284 747 2311 nefasti
779 2286 840 2314 dies
871 2288 929 2315 sint
953 2298 1007 2326 per
1030 2298 1105 2326 quos
1131 2288 1193 2316 dies
1218 2289 1297 2316 nefas
1321 2289 1359 2316 sit
1382 2288 1437 2316 sari
1459 2293 1627 2326 praetorem
1652 2287 1716 2323 Do,
1746 2286 1838 2323 Dico,
1868 2285 2004 2315 Addico.
2047 2286 2173 2315 Addidit

229 2320 348 2354 postea,
370 2322 405 2346 ut
429 2319 535 2366 Paulus
559 2326 656 2358 notat,
681 2326 787 2361 quibus
809 2328 914 2357 litteris
936 2329 967 2357 hi
991 2330 1052 2358 dies
1077 2335 1218 2359 notentur
1241 2331 1269 2358 in
1292 2331 1402 2366 Fastis,
1432 2336 1466 2359 ut
1489 2341 1556 2358 cum
1582 2335 1660 2358 totus
1682 2329 1745 2358 dies
1768 2330 1898 2358 nefastus
1921 2334 1964 2357 est
1985 2329 2019 2357 N.
2042 2333 2171 2363 notetur,

229 2368 296 2405 cum
319 2369 389 2406 vero
414 2370 512 2409 prlore
535 2368 618 2401 parte
631 2365 714 2411 diei,
739 2372 799 2395 tum
822 2370 856 2397 N.
880 2376 908 2399 et
932 2373 977 2405 P.;
1008 2373 1045 2400 ita
1070 2373 1146 2401 enim
1170 2374 1353 2411 interpretor
1375 2373 1449 2402 illud
1473 2373 1565 2411 (nep.)
1588 2377 1619 2401 et
1641 2372 1715 2400 illud
1739 2371 1845 2411 (riores
1868 2369 1949 2411 sunt)
1973 2370 2052 2408 quod
2074 2370 2170 2408 ipsum

228 2411 258 2429 m
286 2401 368 2430 fastis
397 2402 521 2433 Achillis
550 2406 638 2435 Masei
667 2407 753 2436 editis
776 2420 790 2437 a
815 2411 906 2440 Paulo
935 2413 1068 2442 Manutio
1099 2415 1178 2443 idem
1200 2416 1325 2453 Paulus,
1364 2421 1393 2444 et
1423 2420 1490 2445 ante
1520 2425 1587 2444 eum
1610 2415 1754 2444 Octavius
1776 2412 1973 2451 Pantagathus
2001 2412 2171 2442 acutissime
