2263 2668
209 185 284 220 404
639 183 983 219 COMMENTARII
1008 183 1057 217 IN
1084 183 1227 218 PAULI
1252 184 1448 219 DtACONl
1474 184 1728 220 EXCERPTA

208 291 264 311 ται.
304 281 377 307 Sane
400 277 477 316 apud
500 278 639 305 Senecam
665 276 789 315 epistola
809 275 939 304 CXVIII.
976 276 1121 304 Desinare
1142 287 1195 316 per
1218 277 1249 306 N
1270 277 1390 316 legitur.
1429 276 1613 314 Imbecillae,
1641 278 1754 316 inquil,
1779 281 1881 308 mentis
1901 281 1959 309 ista
1982 289 2047 310 sunt
2069 281 2154 311 verba

208 331 234 351 et
256 321 312 350 hac
335 320 513 349 desinatione
534 318 764 347 misericordiam
790 320 946 358 captantis.
977 317 1076 347 Scal.
1121 319 1287 357 Legendum
1316 325 1349 348 ut
1377 320 1407 348 in
1433 321 1469 349 al.
1492 320 1558 349 cod.
1582 319 1720 349 desinare.
1766 321 1918 357 Desinere,
1956 334 2010 362 ope
2040 325 2155 354 seilicet

209 365 387 397 destitutus3
411 362 538 389 Glossar.
571 362 732 390 Diesvatur
753 363 920 400 βοηθεῖται.
954 361 1029 398 Lege
1053 361 1224 398 Desinatur,
1250 361 1285 393 οὐ
1307 364 1472 401 βοηθεῖται.
1504 363 1592 392 Forte
1617 363 1704 392 etiam
1726 361 1855 393 desivare
1876 369 1988 394 rectum
2011 367 2049 395 sit
2072 368 2154 406 quasi

208 407 336 435 desinere
358 406 468 432 iuvare.
514 403 602 438 Quod
627 403 765 432 deiuvare
789 404 866 432 dixit
890 404 982 432 Plaut.
1005 404 1035 431 in
1058 403 1192 433 Trinum.
1210 405 1251 441 II,
1276 408 1309 440 2,
1333 406 1399 444 (71.
1424 405 1476 435 Ed.
1502 408 1616 442 meae):

696 448 834 474 Deserere
857 444 959 482 illum,
994 453 1020 474 et
1044 444 1178 476 deiuvare
1200 448 1230 475 in
1254 446 1337 475 rebus
1360 446 1494 476 advorsis
1513 446 1613 486 pudet.

208 491 268 519 Nisi
291 489 332 517 ibi
353 487 439 517 etiam
463 485 592 516 desivare
614 490 839 518 restituendum.
865 488 952 517 Dac.
999 489 1153 522 Desinai·e;
1186 490 1263 518 unde
1288 489 1417 518 Glossis:
1455 490 1610 519 Desinator
1633 487 1819 529 ἀβοήθητος.
1867 488 1971 520 Goth.

371 528 587 559 Dissulcus.
632 530 782 560 Disulcus.
829 531 1028 560 Glossarium:
1059 530 1192 561 Dis-ulcis
1215 532 1435 570 χυροςδιαίτης,
1466 530 1598 570 διαύλαξ.
1646 534 1735 571 Lege:
1768 535 1869 571 χοῖρος
1893 534 2033 572 διχαίτης.
2057 532 2153 564 Scal.

207 571 372 602 Dis-sulcus.
418 573 526 600 Porcus
555 573 605 610 qui
634 578 710 601 setas
738 574 767 602 in
798 574 894 602 fronte
924 574 963 602 ita
993 573 1103 602 divisas
1133 573 1221 603 habet
1252 579 1284 603 ut
1312 574 1343 602 in
1373 574 1470 604 media
1501 575 1586 613 quasi
1614 576 1716 605 sulcus
1739 575 1897 606 efficiatur.
1928 575 2015 605 Dac.
2060 575 2155 606 Setas.

209 616 283 645 Vide
306 625 394 654 supra
419 614 527 643 Biseta.
577 614 680 644 Goth.

371 658 561 687 Disertus,
607 657 630 685 A
653 658 836 687 disserendo.
881 658 1031 687 Disserere
1053 664 1147 688 autem
1171 659 1295 687 verbum
1319 664 1362 688 est
1385 659 1562 688 tralatitium
1586 671 1600 688 a
1623 670 1656 689 re
1679 660 1804 698 agraria.
1849 660 1943 689 Varro
1965 659 2016 690 lib.
2031 660 2067 691 V.
2092 658 2155 699 (VI,

206 711 237 740 p.
250 700 321 732 241.
346 701 427 738 Sp.):
472 699 559 737 Quod
581 698 724 737 dicimus,
763 699 876 729 disserit
897 708 1012 739 partes,
1051 702 1116 730 item
1140 712 1240 738 areas,
1274 700 1454 730 translatitio
1478 714 1567 742 aeque
1589 714 1629 731 esc
1650 703 1729 742 agris
1750 701 1836 732 verbo
1860 703 1976 731 utimur.
2020 701 2100 731 Nam
2124 710 2156 731 ut

206 741 294 772 olitor
323 741 436 770 disserit
467 742 496 770 in
525 753 609 770 areas
637 743 682 771 sui
708 744 844 783 cuiusque
863 743 976 782 generis
999 755 1056 780 res,
1087 744 1130 773 sic
1152 745 1181 772 in
1205 744 1336 773 oratione
1358 745 1409 784 qui
1421 743 1521 785 facit,
1553 743 1684 776 disertus.
1708 745 1761 774 Da
1772 757 1796 775 c.
1836 746 1981 775 Disertus.
2021 745 2153 773 Glossis:

207 782 315 825 λόγιος.
340 782 441 813 Goth.
479 784 512 813 A
535 783 710 814 disserendo.
750 786 878 814 Glussis:
902 783 1034 822 disserit,
1057 787 1214 824 διασαφεῖ,
1238 788 1452 825 ὁιασαφηνίζει.
1485 788 1618 823 Diserte,
1644 788 1780 824 ἑκτικῶς,
1803 787 1970 827 ἔλλογίμως.
2002 785 2111 816 Idem.

371 827 601 865 Dignorani.
646 829 806 868 Dignorat.
839 828 1038 857 Glossarium:
1061 830 1229 868 Dignorat,
1253 826 1443 860 ἀναπτύσσει.
1473 829 1531 858 Sed
1549 830 1653 858 melius
1669 831 1761 859 infra:
1785 831 1933 866 Diceret,
1957 826 2154 869 διαγινώσκει.

207 868 296 906 Lege:
319 868 476 899 Dienorat.
503 868 603 898 Scal.
636 871 815 909 Dignorant.
850 870 946 899 Gloss.
970 869 1104 900 dienorat
1125 869 1322 911 ἀναγινώσκει
1344 871 1361 899 ἰ,
1386 882 1409 900 e.
1434 871 1538 910 signat.
1576 873 1648 901 Nam
1671 873 1827 910 dignorare
1850 877 1893 901 est
1916 872 2047 909 signare,
2069 877 2154 900 notas

205 911 331 939 inurere.
365 911 446 948 Virg.
470 913 588 949 (Georg.
607 912 664 948 ΠΙ,
691 914 789 949 158.);
813 911 849 940 Et
873 913 991 942 nomina
1011 914 1105 952 gentis
1128 914 1253 945 inurunt.
1285 915 1360 943 Nota
1389 914 1485 943 inusta
1509 914 1589 943 dicta
1615 915 1770 944 character
1793 915 1906 943 Colum.
1929 914 1979 943 lib.
1995 917 2043 946 11.
2068 917 2154 946 e.2.:

205 952 267 982 Nec
289 953 384 981 minus
406 954 519 982 maiora
543 953 745 994 quadrupedia
769 954 934 984 charactere
956 956 1067 994 signari
1089 954 1198 985 debent.
1243 957 1310 992 Quo
1343 957 1407 985 loco
1437 957 1515 986 forte
1539 968 1576 986 an
1599 958 1741 997 deceptus
1765 957 1870 995 Scalig.
1893 957 1923 985 in
1948 957 2153 986 Coniectaneis

205 995 322 1024 notavit
345 996 590 1033 instrumentum,
620 1007 679 1036 quo
704 1003 850 1036 perurunt
873 998 932 1026 dici
956 997 1106 1027 character
1126 998 1167 1026 rei
1190 1000 1317 1028 rusticae
1340 999 1512 1028 auctoribus
1536 1001 1616 1039 quod
1640 1001 1747 1029 falsum
1769 1006 1825 1029 est:
1856 1010 1922 1028 nam
1945 999 1981 1028 de
2003 1004 2071 1028 nota
2095 999 2153 1027 im-

205 1048 307 1076 pressa
331 1037 483 1067 character
505 1050 621 1078 semper
645 1040 755 1068 dicitur
777 1045 811 1068 ut
835 1046 863 1069 et
887 1040 1031 1069 Graecum
1054 1039 1203 1080 χαρακτήρ
1227 1047 1256 1070 et
1278 1039 1422 1083 χάραγμα.
1446 1042 1500 1071 Da
1510 1053 1535 1071 c.
1571 1044 1751 1082 Dignorant.
1783 1044 1937 1072 Denotant.
1968 1042 2079 1071 Glossis
2104 1042 2152 1070 Di-

206 1085 327 1118 gnorat,
352 1077 540 1112 ἀναπτύσσει.
581 1083 648 1111 Alio
673 1083 738 1110 loco
765 1083 883 1112 Dicorat
907 1080 1133 1122 διαγιγνώσκει;
1156 1084 1206 1112 alii
1230 1085 1346 1123 legunt:
1374 1085 1543 1116 Dtcnorant.
1591 1084 1695 1116 Goth.

370 1124 584 1154 Disseriim.
629 1125 722 1154 Plaut.
746 1125 838 1155 StiCll.
858 1126 884 1160 I,
908 1127 942 1161 3,
966 1124 1062 1163 (87.):

823 1167 891 1197 Fuit
915 1166 1073 1205 disseram,
1107 1179 1202 1197 verum
1226 1167 1258 1197 id
1279 1181 1330 1199 usu
1351 1169 1478 1210 perdidi.

205 1207 241 1236 Et
266 1207 366 1236 Livius
391 1207 592 1237 Andronicus:

833 1253 930 1292 Tuque
953 1251 1024 1280 mihi
1046 1260 1167 1282 narrato
1191 1255 1289 1283 omnia
1314 1253 1452 1284 disertim.

204 1291 291 1321 Dac.
329 1293 471 1321 Disertim
491 1304 545 1333 pro
570 1292 682 1324 diserte.
720 1295 761 1323 Ac
784 1295 872 1333 plane
894 1295 1005 1323 Nonius
1029 1295 1059 1323 in
1084 1295 1221 1324 Disertim
1246 1298 1324 1335 (pag.
1338 1299 1409 1330 509.
1431 1297 1548 1336 Merc.).
1583 1297 1720 1325 Glossae:
1744 1296 1925 1335 Disceptim‚
1950 1294 2070 1333 σαφῶς,
2094 1305 2151 1332 φα-

204 1336 305 1372 νερῶς.
352 1333 457 1365 Goth.

368 1378 557 1406 Distisum
579 1385 613 1407 et
633 1379 823 1418 pertisum.
870 1379 907 1408 Ut
929 1390 944 1407 a
968 1377 1059 1408 caedo
1084 1378 1206 1417 occido,-
1236 1381 1278 1409 sic
1301 1391 1317 1409 a
1340 1380 1433 1411 taedet
1457 1380 1608 1418 diuisum,
1639 1380 1814 1416 distaesum,
1846 1385 1875 1409 et
1894 1380 2050 1419 pertisum,
2079 1389 2150 1418 per-

205 1424 326 1448 taesum.
370 1419 456 1448 Dae.

367 1461 581 1492 Delubrum.
628 1463 744 1501 Duplex
767 1468 810 1491 est
832 1462 919 1492 huius
944 1464 1071 1493 nominis
1094 1464 1286 1503 significatio,
1310 1475 1376 1494 nam
1400 1470 1429 1494 et
1451 1477 1507 1505 pro
1527 1466 1578 1495 Dei
1601 1465 1760 1493 simulacro
1783 1469 1811 1493 et
1834 1475 1889 1503 pro
1913 1464 1980 1492 loco
1998 1463 2058 1492 Deo
2079 1473 2150 1491 con-

204 1508 316 1532 secrato
340 1504 470 1543 ponitur.
517 1505 612 1533 Varro
637 1505 715 1543 apud
737 1506 923 1535 Mam-obium
945 1507 994 1535 lib.
1009 1507 1059 1535 ΙΙΙ.
1082 1508 1202 1536 Servius
1225 1508 1274 1536 lib.
1286 1508 1322 1538 ΙΙ.
1345 1513 1371 1536 et
1395 1508 1442 1537 IV.
1467 1510 1538 1537 Aen.
1569 1508 1713 1536 Asconius
1736 1506 1812 1535 hanc
1836 1507 1910 1535 Festi
1932 1505 2150 1545 interpretatio-

203 1557 269 1575 nem
294 1547 515 1585 reprehendens
538 1547 566 1576 in
593 1547 721 1578 Divinat.
746 1549 944 1588 An1.Aug.
982 1550 1088 1578 Graeci
1113 1550 1305 1578 Grammatici
1327 1551 1517 1590 καθίδρυμα,
1549 1549 1673 1587 ξόανον,
1704 1546 1858 1587 ἀνάθημα.
1882 1547 1982 1578 Scal.
2020 1548 2149 1576 Simula-

205 1599 286 1617 crum
311 1589 456 1627 ligneum,
481 1590 560 1628 quod
584 1590 623 1618 sit
645 1590 708 1618 sine
731 1588 807 1619 libro
829 1591 847 1619 i.
872 1601 895 1619 e.
918 1592 1033 1620 cortice.
1068 1592 1148 1620 Idem
1170 1594 1252 1621 Serv.
1270 1592 1320 1621 IV.
1345 1593 1429 1622 Aen.:
1453 1593 1519 1622 Aut
1542 1600 1616 1622 certe
1638 1591 1763 1631 ligneum
1786 1589 1976 1620 simulacrum
1999 1589 2150 1619 delubrum

205 1630 344 1667 dicimus,
371 1643 390 1660 a
412 1630 504 1668 libro,
529 1631 584 1661 hoc
606 1640 646 1660 est
670 1643 737 1661 raso
760 1631 840 1671 ligno
854 1632 996 1674 factum,
1026 1633 1107 1673 quod
1131 1632 1239 1663 Graece
1261 1631 1403 1670 ξόανον
1427 1633 1543 1665 dicitur.
1588 1634 1638 1662 Sic
1659 1631 1753 1671 ξόανα
1774 1630 1943 1673 ἀγάλματα,
1973 1633 2079 1663 εἴδωλα
2101 1642 2150 1661 ex-

205 1675 287 1711 ponit
310 1673 456 1712 Hesych.;
490 1675 525 1703 ab
549 1674 606 1702 hoc
629 1674 719 1712 igitur
743 1675 868 1703 delubro
892 1677 953 1704 sive
976 1676 1135 1705 simulacro
1158 1677 1267 1715 templa
1290 1677 1370 1706 dicta
1393 1677 1525 1707 delubra.
1570 1677 1627 1705 Sed
1650 1677 1740 1714 magis
1763 1676 1860 1714 placet
1883 1675 2008 1704 aliorum
2032 1681 2150 1703 senten-

205 1716 259 1750 tia,
296 1718 345 1754 qui
369 1721 475 1755 putant
499 1716 623 1745 delubra
647 1717 725 1746 dicta
749 1728 764 1745 a
788 1717 936 1754 delubris,
971 1717 1029 1746 hoc
1052 1724 1095 1747 est
1119 1719 1268 1756 fontibus,
1305 1730 1380 1758 quae
1403 1724 1471 1748 ante
1496 1720 1605 1758 templa
1627 1718 1866 1754 collocabantur,
1903 1722 1937 1746 ut
1958 1717 1994 1746 iis
2015 1716 2150 1746 homines

206 1763 270 1786 ante
298 1759 461 1797 ingressum
491 1759 691 1789 deluerentur.
737 1760 888 1788 Cornelius
912 1760 1036 1789 Fronto:
1073 1760 1255 1798 Deluhrum‚
1292 1763 1322 1791 in
1350 1773 1408 1802 quo
1435 1761 1566 1791 homines
1585 1759 1716 1801 pericula
1739 1771 1793 1789 sua
1815 1759 1944 1789 deluunt.
1989 1759 2151 1788 Delubrum

206 1800 293 1834 igitur
315 1812 329 1829 a
353 1800 503 1831 deluendo.
548 1802 669 1831 Servius
688 1803 722 1832 II.
749 1803 837 1831 Aen:
870 1801 955 1839 Alii,
988 1811 1019 1832 ut
1040 1801 1173 1840 Cincius,
1199 1803 1348 1833 delubrum
1373 1816 1431 1833 esse
1452 1803 1550 1833 locum
1573 1812 1640 1833 ante
1662 1801 1817 1843 templum,
1847 1801 1899 1831 ubi
1919 1813 1997 1842 aqua
2020 1802 2110 1832 currit
2132 1812 2151 1830 a

208 1840 354 1872 deluendo.
400 1845 434 1872 Et
457 1845 505 1873 lib.
519 1844 582 1875 IV.:
611 1843 775 1874 Delubrum
799 1853 894 1873 autem
918 1844 1045 1881 dictum,
1069 1853 1137 1882 aut,
1166 1853 1197 1875 ut
1218 1858 1307 1886 supra
1331 1846 1479 1883 diximus,
1507 1854 1627 1887 propter
1648 1845 1745 1876 locum
1768 1846 1798 1874 in
1820 1856 1877 1885 quo
1898 1855 2003 1874 manus
2024 1842 2150 1874 abluun-

208 1890 261 1911 tur.
284 1884 368 1914 Dae.
401 1886 483 1915 Hane
503 1887 577 1916 Festi
603 1888 878 1927 interpretationem
901 1887 1095 1927 reprehendit
1118 1889 1261 1917 Asconius
1283 1891 1313 1917 in
1339 1890 1465 1918 Divinat.
1489 1887 1727 1927 (pag.17.seq.).
1761 1888 1853 1916 Porro
1878 1887 2038 1916 Delubrum
2061 1886 2150 1924 signi-

208 1924 278 1952 ficat
301 1927 384 1954 etiam
410 1929 460 1957 nei
489 1930 680 1959 simulacrum
709 1935 737 1958 et
764 1931 864 1958 locum
894 1936 1107 1960 consecratum.
1156 1932 1195 1960 ne
1225 1942 1284 1970 quo
1313 1932 1382 1961 vide
1406 1932 1567 1960 Varronem
1595 1931 1675 1970 apud
1698 1930 1880 1959 Macrobium
1900 1929 1957 1966 ΙΙΙ,
1980 1940 2004 1961 c.
2019 1930 2049 1961 4.
2075 1930 2149 1957 Ser-—

208 1966 274 1994 vius
289 1967 323 1995 11.
345 1974 372 1996 et
394 1969 442 1999 IV.
465 1972 585 2001 Aeneid.
609 1978 638 2001 et
661 1973 774 2001 Glossis
799 1972 958 2002 Delubrum
988 1974 1178 2012 καθίδρυμα,
1218 1971 1344 2012 ξόανον,
1381 1969 1537 2012 ἀνάθημα.
1568 1972 1674 2003 Goth.
1718 1971 1883 2001 Delubrum
1913 1971 1964 2000 ubi
1995 1970 2149 2001 deluuntur

210 2010 228 2037 i·
247 2018 270 2036 ⁹·-
294 2009 454 2039 flbluunlur
475 2019 597 2052 peecata
653 2016 719 2051 Qua
742 2025 773 2044 re
797 2015 875 2054 apud
899 2016 1076 2045 Frontonem
1099 2016 1177 2054 lege:
1203 2017 1232 2045 in
1256 2028 1313 2057 quo
1336 2015 1465 2045 homines
1484 2023 1607 2055 peccata
1628 2027 1696 2052 sua,
1720 2026 1789 2054 pro:
1813 2013 1945 2054 pericula
1967 2024 2030 2043 sua.

372 2052 532 2085 Delicia.
576 2057 701 2095 Tignum
731 2058 810 2096 quod
836 2069 852 2086 a
876 2058 994 2096 fastigio
1024 2058 1094 2087 tecti
1124 2058 1161 2087 ad
1191 2059 1309 2087 ultimas
1336 2069 1430 2097 usque
1452 2058 1565 2096 tegulas
1589 2058 1734 2096 pertinet,
1770 2058 1810 2085 ita
1833 2062 1866 2085 ut
1888 2057 1966 2085 inter
1988 2056 2046 2085 duo
2068 2055 2148 2093 tigna

211 2090 295 2129 quasi
318 2092 415 2120 sulcus
437 2098 598 2133 tegularum
622 2100 784 2137 efficiatur,
814 2110 869 2140 per
891 2111 978 2139 quem
1002 2112 1078 2139 aqua
1102 2101 1257 2138 decurrat,
1286 2113 1301 2130 a
1325 2099 1504 2137 deiicienda,
1528 2100 1607 2139 quod
1632 2100 1700 2128 inde
1723 2110 1796 2138 aqua
1821 2099 1987 2127 deliciatur.
2034 2098 2148 2127 Gallice

208 2134 343 2172 gouliere.
387 2134 457 2180 Inde
479 2142 588 2168 tectum
612 2142 799 2180 deliciatum,
837 2144 908 2172 toict
932 2143 950 2171 ἁ
969 2144 1120 2182 goutieres.
1166 2144 1202 2173 Et
1224 2144 1339 2181 tegulae
1362 2143 1534 2176 deliciares‚
1572 2141 1640 2171 tuile
1659 2153 1765 2182 propre
1788 2141 1806 2170 ἃ
1826 2140 1907 2181 faire
1928 2139 1978 2169 des
1996 2140 2147 2180 goutieres.

212 2175 303 2223 Dae-⁸
331 2176 480 2213 Deliquiae
502 2179 637 2210 Vitruvio
660 2184 800 2214 dicuntur
821 2185 992 2214 huiusmodi
1013 2187 1110 2224 tigna,
1133 2186 1189 2223 vl,
1215 2190 1282 2218 αδ.
1307 2192 1336 2216 et
1358 2186 1437 2216 alias.
1477 2185 1586 2214 Delicia
1609 2185 1688 2224 apud
1710 2184 1838 2213 Nouium
1860 2194 1917 2223 pro
1939 2193 2008 2212 raro
2031 2193 2066 2212 ac
2088 2182 2148 2211 sin-

210 2218 314 2254 gulari.
342 2216 444 2247 Goth.
475 2219 662 2260 Fastigatum.
688 2227 855 2265 Fastigium.
901 2227 1007 2259 Idem.

372 2261 522 2300 Degere.
566 2263 664 2293 Malim
687 2268 783 2305 legere
807 2269 951 2309 degerere,
975 2276 1009 2299 ut
1032 2271 1061 2299 in
1084 2271 1230 2309 margine,
1254 2280 1434 2309 quamquam
1458 2274 1619 2307 utrumque
1642 2268 1715 2298 mibi
1737 2278 1828 2306 aeque
1850 2268 1983 2306 ignotum
2004 2271 2057 2297 est.
2086 2265 2146 2295 Nisi

211 2300 339 2340 ‘'l‘b'frffl'e
361 2304 457 2341 ‘’Fen-³
480 2304 676 2342 Pl'lVffliosseffl
699 2310 840 2346 significet
863 2323 877 2340 a
902 2311 937 2340 de
958 2314 1124 2352 privativo,
1149 2319 1181 2342 ut
1204 2312 1321 2342 denasei
1343 2324 1398 2352 pro
1421 2313 1514 2349 mori,
1540 2312 1583 2340 sie
1606 2310 1734 2352 degerere
1756 2310 1830 2339 nihil
1853 2321 1955 2348 agere,
1980 2314 2009 2339 et
2032 2309 2082 2348 qui
2101 2307 2144 2336 ni-

209 2343 252 2372 hil
274 2349 363 2382 agunt
386 2345 603 2383 quodammodo
627 2349 763 2379 videntur
786 2360 967 2391 exspectare.
1010 2355 1088 2384 Nihil
1111 2355 1192 2384 aliud
1215 2356 1381 2391 succuirit,
1411 2365 1491 2383 nunc
1513 2354 1641 2393 quidem.
1670 2354 1722 2382 Da
1733 2365 1756 2382 c.
1794 2355 1907 2392 Degere
1929 2357 1973 2382 est
1995 2350 2146 2388 cle-agere

209 2385 239 2415 h.
259 2396 283 2415 e.
306 2386 343 2435 att
365 2386 450 2416 finem
473 2398 574 2426 agere,
612 2390 719 2421 vivere.
765 2394 861 2428 Quare
892 2397 1013 2435 propria
1044 2398 1161 2427 videtur
1190 2399 1279 2427 fuisse
1302 2397 1476 2437 significatio
1496 2407 1586 2437 porro
1607 2397 1730 2432 versari,
1769 2394 1896 2436 amplius
1917 2393 2041 2429 morari,
2073 2393 2091 2420 i.
2115 2402 2143 2430 q.

210 2439 358 2468 opper1r1‚
384 2436 563 2469 exspectare.
