2263 2668
487 105 551 138 DE
577 102 965 138 SIGNIFtCATtONE
999 103 1279 141 VERBORUM.
1331 105 1478 139 LIBER
1504 104 1612 138 XVII.
1955 109 2029 143 719

75 198 134 227 lida
157 197 230 226 sella
253 197 372 233 sedere,
408 201 441 225 ut
469 208 560 237 supra
588 198 616 226 in
638 195 762 226 Silenfio
786 197 923 224 refertur.
968 197 1055 225 Recte
1080 202 1176 227 autem
1202 199 1324 228 Verrius
1347 198 1460 228 solidas
1482 196 1570 226 sellas
1592 202 1668 226 totas
1690 198 1910 237 interpretatur.
1955 202 2029 231 Nam

77 241 174 269 Verrii
197 240 383 278 temporibus
406 240 498 278 vulgo
522 245 579 269 tam
604 246 709 269 notum
733 245 793 268 crat
816 237 942 267 solidum
967 250 982 267 a
1005 239 1068 269 solo
1091 240 1219 277 dictum,
1254 252 1340 280 quam
1363 241 1457 270 solum
1481 241 1558 269 idem
1581 241 1696 277 valere,
1724 241 1804 279 quod
1826 249 1929 272 totum.
1972 245 2030 283 Igi-

73 289 126 312 tur
148 282 225 311 idem
249 288 291 311 est
315 293 349 311 ac
371 282 395 310 si
418 282 559 319 dixisset,
591 284 687 312 dictae
708 281 837 317 solidae,
874 282 954 318 quod
975 281 1071 319 solae,
1100 284 1131 312 id
1155 289 1197 312 est
1221 288 1308 314 totae.
1356 285 1455 320 Quare
1477 284 1562 312 vides
1585 282 1635 312 hic
1658 284 1853 323 praecipitem
1875 286 1951 314 Festi
1975 297 2029 315 ca-

73 326 168 355 lorem
191 326 221 353 in
243 325 490 363 reprehendendo
513 326 584 362 illo,
624 337 639 354 a
663 335 722 363 quo
747 329 824 353 tanta
854 323 931 352 bona
962 324 1117 355 didicerat.
1162 327 1270 355 Saltem
1300 327 1428 356 debebat
1456 326 1641 363 meminisse,
1680 327 1763 365 quod
1790 327 1860 356 alibi
1888 333 1971 358 notat
1993 330 2030 358 de

74 367 243 408 solfirreo,
272 366 376 396 solerte
399 373 427 396 et
449 366 574 396 solenne.
620 369 728 397 Verum
753 368 888 406 profecto
911 367 953 395 ita
977 372 1034 402 est;
1065 369 1102 396 ad
1124 369 1420 407 reprehendendum,
1450 380 1537 408 quam
1561 369 1598 397 ad
1622 369 1797 398 discendum
1821 372 2030 409 propensiores

74 420 187 440 sumuS.
211 410 300 438 Dae.
335 410 409 439 Vide
431 411 509 438 infra
534 409 627 441 Sella.
657 409 764 440 Goth.
799 410 881 438 Adde
904 409 967 439 Liv.
989 410 1099 446 lib.X,
1122 412 1206 449 (40).
1251 411 1359 442 Idem.

234 458 417 489 Silanun.
461 461 701 499 Subintelligitur
728 471 788 489 vox
818 461 933 497 vinum5
972 461 1089 490 silatum
1121 463 1239 498 vinum,
1278 474 1293 491 a
1316 464 1363 491 sili
1392 462 1504 500 herba,
1542 472 1630 500 quam
1660 462 1750 492 σέσιλι
1774 463 1879 492 Graeci
1909 469 2028 494 vocant.

74 502 240 531 Dioscorid.
265 492 381 531 lib.llI.
404 506 549 542 cap.51.:
588 503 679 533 Seseli
701 502 888 533 Massiliense
908 502 995 542 folia
1017 504 1169 544 foeniculi
1198 504 1284 534 habet
1313 507 1477 543 crassiora,
1514 503 1625 534 caulem
1649 505 1834 544 vegetiorem,
1871 505 2029 536 umbellam

73 544 186 580 anethi,
216 545 246 573 in
268 556 325 584 qua
348 557 441 574 semen
464 545 640 586 oblongum,
671 545 860 585 angulosum,
891 544 1057 584 degustanti
1079 549 1176 575 statim
1201 559 1283 585 acre,
1317 547 1409 577 radix
1432 547 1520 587 longa
1545 554 1603 584 est,
1631 545 1753 576 iucundi
1771 545 1872 576 odoris
1894 554 1949 578 etc.
1992 550 2030 578 Et

73 588 175 627 paullo
199 592 281 626 post:
321 587 423 617 Semen
446 600 511 617 cum
534 591 601 618 vino
622 597 724 628 potum
749 589 904 628 concoquit
927 595 952 616 et
968 587 1109 629 formino
1134 589 1262 619 discutit.
1308 590 1433 619 Silatum
1456 595 1571 623 autem,
1608 590 1688 628 quod
1711 596 1813 628 postea
1836 590 2027 628 ientaculum,

72 631 103 659 id
132 635 175 659 est
204 628 336 668 ἄκρατον
363 642 480 661 merum.
528 632 640 660 Closs:
674 630 785 666 lentat,
816 628 974 669 ἀκρατίζει.
1016 630 1198 661 Ientaculum
1221 631 1362 672 ἄκρατον.
1402 634 1443 661 De
1466 643 1549 661 mane
1572 633 1648 661 enim
1671 637 1786 661 veteres
1810 643 1923 661 merum
1948 633 2028 663 bibe-

72 672 160 709 bant,
183 673 231 702 vel
253 673 341 701 etiam
365 683 470 711 panem
496 673 564 702 vino
588 674 788 702 madefactum
813 674 1023 710 comedebant,
1047 679 1078 702 ut
1103 685 1139 702 ex
1161 675 1311 704 Athenaeo
1334 676 1426 704 refert
1446 674 1581 704 Eustath.
1628 675 1717 704 Dac.

240 722 557 765 Suffragatores.
585 725 644 764 (Ad
668 736 694 764 p.
708 723 792 762 266)
820 723 975 765 Suffiagat
1000 747 1006 753 .
1035 748 1040 753 .
1069 749 1074 753 .
1101 748 1107 755 .
1148 726 1236 762 Quod
1261 726 1357 755 dicam
1382 736 1512 755 asserere
1536 737 1595 755 non
1618 736 1755 765 possum,
1786 726 1837 755 sed
1859 731 1894 754 ut
1916 726 2029 765 aliquid

72 765 184 803 dicam,
219 766 260 794 ita
282 765 356 794 haec
379 767 468 795 scribi
491 778 577 806 posse
600 772 752 806 putarem:
791 767 1006 805 Solii-agatores
1031 767 1170 797 dicuntur
1193 774 1266 797 natu
1290 769 1416 797 maiores
1438 768 1485 805 hi,
1521 769 1571 808 qui
1593 769 1684 806 vulgo
1707 769 1737 796 iu
1761 778 1817 796 usu
1840 773 1923 797 erant
1946 774 1974 798 et
1996 774 2030 797 ut

71 809 170 837 minus
194 813 373 847 apparerent
395 810 495 837 iuncta
519 810 674 848 suffragia,
698 810 891 845 suffragator,
921 820 1007 848 qnam
1032 811 1156 849 quisque
1179 811 1242 839 sieri
1265 812 1368 848 vellet,
1390 811 1529 848 notabat,
1552 811 1692 850 privatim
1715 810 1834 849 scriptis
1857 811 2030 840 candidato-

71 861 138 879 rum
161 850 315 879 hominum
339 853 517 893 nominibus.
546 853 633 881 Ant.
657 853 752 892 Aug.
796 853 904 881 Notum
928 858 968 881 est
994 853 1132 891 antiquos
1157 854 1295 892 suffragia
1319 864 1378 882 non
1402 853 1573 892 scripsisse,
1604 853 1655 882 sed
1678 858 1792 892 puncto
1815 858 1941 882 notasse.
1978 854 2029 882 In-

71 898 171 922 certus
193 898 282 933 poeta
304 894 335 922 in
358 895 589 933 Epigrammate:

719 935 907 966 Ciconiarum
929 935 1032 978 Rufus
1053 938 1107 965 iste
1130 937 1275 975 conditor,

716 978 780 1007 Hic
803 987 843 1007 est
867 978 979 1008 duobus
1002 978 1161 1019 elegantior·
1183 980 1315 1017 Plancis,

715 1020 934 1062 Sufficgiorum
957 1030 1068 1062 puncta
1093 1034 1150 1051 non
1174 1022 1241 1052 tulit
1263 1031 1378 1063 septem.

720 1062 906 1093 Ciconiarum
928 1063 1055 1104 populus
1079 1072 1118 1093 est
1143 1064 1220 1093 ultus
1243 1073 1372 1095 mortem.

70 1115 161 1146 Dae.
192 1115 277 1144 Adde
299 1114 498 1154 Porphyrion.
520 1115 551 1144 iu
574 1115 659 1143 illum
685 1114 799 1143 Horatii
824 1115 898 1154 (Art.
914 1116 945 1144 P.
959 1115 1043 1156 343.)
1067 1125 1187 1144 versum
1215 1114 1307 1145 Omne
1329 1115 1397 1144 tulit
1417 1122 1567 1155 punctum.
1601 1115 1685 1143 Adde
1705 1115 1795 1144 Cicer.
1811 1125 1856 1153 pr.
1875 1116 1926 1144 Cn.
1945 1115 2029 1144 Plan-

70 1158 117 1186 cio
141 1158 226 1195 (22.).
275 1156 382 1186 Goth.

237 1208 402 1248 Struppi.
448 1208 600 1238 verbenae
630 1209 659 1237 in
690 1209 865 1237 fasciculum
895 1210 1040 1245 intortae,
1077 1218 1152 1246 quae
1180 1208 1212 1236 in
1240 1209 1447 1247 pulvinaribus
1473 1209 1600 1236 Deorum
1631 1208 1727 1246 capita
1753 1207 2027 1246 repraesentabant,

71 1251 150 1280 unde
174 1257 203 1280 et
231 1251 338 1291 Capita
363 1251 488 1280 Deorum
512 1252 706 1280 vocabantur.
737 1251 810 1279 Vide
834 1261 923 1289 supra
945 1250 1050 1290 Capita
1068 1251 1207 1282 Deorum.
1231 1251 1318 1280 Dac.
1350 1250 1446 1290 Apud
1466 1250 1580 1280 Urbem.
1611 1250 1690 1278 Haec
1712 1250 1829 1279 diversa
1853 1255 1921 1279 sunt
1943 1261 1958 1278 a
1979 1260 2028 1279 su-

69 1294 249 1333 perioribus.
289 1294 399 1322 Forsan
423 1294 473 1322 hic
496 1294 532 1322 de
555 1294 660 1323 suffete
684 1294 788 1332 agebat
811 1294 931 1330 Festus,
955 1293 991 1321 de
1016 1304 1075 1331 quo
1099 1294 1187 1324 infra.
1226 1294 1284 1322 Sed
1309 1294 1379 1332 quid
1405 1304 1459 1333 pro
1483 1303 1555 1322 voce
1578 1291 1663 1329 calo,
1686 1302 1762 1331 quae
1786 1298 1865 1322 certe
1888 1293 2028 1322 mendosa

69 1341 129 1373 est,
152 1337 259 1365 subiici
283 1336 402 1373 debeat,
428 1336 546 1375 assequi
569 1347 629 1365 non
652 1346 821 1375 possumne.
861 1336 987 1364 Videant
1011 1336 1138 1373 eruditi,
1166 1341 1195 1365 et
1216 1335 1266 1364 hic
1288 1336 1399 1375 ingenii
1422 1337 1466 1365 sui
1491 1346 1613 1364 acumen
1637 1335 1803 1364 intendant.
1827 1335 1916 1365 Dac.
1953 1335 2028 1364 Vide

69 1389 160 1418 supra
184 1380 215 1408 in
240 1378 392 1418 Stroppos.
440 1377 545 1410 Goth.

232 1429 474 1469 Secespitam.
518 1430 653 1459 Piiorem
675 1431 828 1459 notionem
853 1430 958 1459 iisdem
981 1429 1080 1458 verbis
1103 1430 1223 1459 Servius
1246 1430 1297 1459 lib.
1309 1430 1358 1459 lV.
1383 1430 1454 1459 Aen.
1479 1430 1558 1468 (pag.
1573 1429 1645 1461 343.
1670 1430 1704 1458 A.
1727 1430 1773 1459 ed.
1796 1430 1899 1467 Dan.):
1928 1428 2028 1459 Seces-

64 1473 129 1512 pita
152 1479 265 1509 autem,
288 1472 402 1510 inquit,
426 1480 468 1501 est
491 1471 583 1502 culter
605 1472 749 1512 oblongus
761 1472 900 1515 ferreus,
924 1471 1080 1500 manubrio
1103 1471 1226 1502 eburneo
1249 1471 1393 1508 rotundo,
1423 1471 1534 1508 solido,
1564 1473 1661 1501 vincto
1684 1471 1725 1500 ad
1747 1471 1884 1512 capulum
1908 1479 2026 1511 argento

67 1525 212 1555 auroque,
237 1516 314 1555 fixo
344 1514 438 1543 clavis
467 1517 578 1552 aeneis,
616 1527 674 1555 quo
697 1514 880 1544 Flaminicae
906 1515 1032 1552 virgines
1051 1515 1261 1555 pontfficesque
1283 1514 1324 1543 ad
1345 1516 1481 1544 sacraria
1503 1521 1639 1550 utuntur,
1676 1525 1766 1554 eaque
1787 1515 1847 1543 iam
1868 1525 1955 1543 sacra
1977 1522 2027 1543 est.

66 1556 250 1597 Appellatur
277 1564 371 1586 autem
396 1559 536 1596 secespita
558 1569 576 1585 α
600 1556 737 1588 secando.
783 1559 902 1586 Sueton.
925 1557 1023 1585 Tiber.
1041 1558 1107 1587 25.:
1143 1556 1224 1585 Nam
1246 1565 1273 1586 et
1295 1558 1369 1586 inter
1388 1558 1542 1597 pontifices
1563 1557 1745 1595 sacrificanti
1766 1555 1857 1586 simul
1874 1567 2026 1596 proseces—

64 1600 130 1639 pita
150 1598 318 1639 plumbeum
342 1598 468 1628 cultrum
490 1598 703 1629 subiiciendum
728 1602 850 1629 curavit.
896 1600 995 1627 Altera
1018 1599 1100 1627 notio
1125 1603 1185 1635 est,
1216 1610 1284 1628 cum
1308 1600 1450 1637 secespita
1474 1601 1602 1628 sumitur
1623 1610 1678 1638 pro
1701 1599 1827 1628 reticulo
1851 1609 1941 1628 aeneo
1963 1598 2026 1626 sive

67 1642 225 1678 cancellis,
247 1643 276 1670 in
302 1652 361 1679 quo
384 1642 490 1677 tubae,
516 1641 546 1670 id
571 1647 614 1671 est
637 1643 754 1670 canales
777 1643 840 1671 sive
863 1642 1007 1671 foramina
1029 1641 1133 1670 relicta
1157 1647 1241 1678 sunt,
1267 1647 1301 1671 ut
1323 1647 1353 1671 et
1375 1642 1464 1671 hodie
1486 1642 1517 1670 in
1540 1642 1631 1670 sacris
1655 1642 1791 1679 aedibus,
1814 1642 1844 1670 in
1867 1639 2026 1671 tribunali-

65 1683 122 1712 bus
145 1689 174 1712 et
197 1685 267 1713 alibi
290 1683 351 1712 fieri
375 1684 518 1712 videmus.
543 1684 628 1715 Dac.
668 1685 752 1713 Adde
775 1695 866 1724 supra
892 1684 995 1713 Scena.
1039 1685 1075 1712 Et
1098 1684 1173 1712 infra
1198 1684 1324 1715 Senium.
1353 1683 1456 1714 Goth.
1496 1683 1530 1713 Ῑη
1553 1686 1694 1714 sacrario⁴
1733 1684 1900 1713 Sacrarium
1922 1682 2026 1721 templi

66 1727 151 1755 locus
174 1727 318 1756 secretior
339 1731 415 1762 erat,
439 1731 472 1755 ut
495 1727 603 1765 adytus
627 1727 727 1763 locus,
759 1728 796 1756 ad
820 1738 907 1766 quem
932 1727 1004 1755 nulli
1028 1731 1090 1754 erat
1112 1727 1226 1763 aditus,
1257 1728 1312 1756 nisi
1335 1727 1491 1757 sacerdoti.
1536 1727 1569 1755 In
1593 1737 1628 1756 eo
1650 1737 1697 1756 res
1718 1736 1819 1756 sacrae
1841 1725 2026 1764 reponeban-

65 1775 125 1798 tur.
148 1769 168 1798 l.
183 1773 210 1801 1.
225 1770 254 1798 ff.
279 1770 315 1798 de
337 1779 436 1798 rerum
463 1770 522 1798 div.
547 1768 656 1799 Idem.
696 1769 731 1798 In
755 1769 862 1809 templo
885 1769 988 1798 Bonae
1012 1769 1098 1797 Deae.
1138 1769 1205 1797 Non
1236 1770 1317 1808 quod
1347 1770 1425 1798 ultra
1450 1769 1580 1798 Bovillas
1606 1770 1637 1797 in
1660 1769 1706 1796 via
1730 1769 1826 1808 Appia
1849 1769 1906 1796 suit
1928 1767 2024 1804 (cuius

65 1822 121 1850 pro
142 1812 254 1841 Milone
277 1813 382 1841 Cicero
404 1812 549 1850 meminit)
573 1812 623 1841 sed
648 1812 728 1850 quod
751 1813 782 1841 in
804 1813 968 1848 Aventino,
993 1812 1078 1840 cuius
1101 1812 1132 1840 P.
1156 1812 1259 1841 Victor
1282 1813 1352 1841 sacit
1374 1813 1564 1841 mentionem.
1608 1809 1714 1841 Idem.

232 1854 415 1884 Secivum.
443 1854 524 1891 (vid.
548 1857 674 1893 p.266.)
701 1855 812 1884 Secius.
844 1856 936 1893 Lege,
960 1859 993 1883 ut
1015 1854 1045 1882 in
1069 1854 1197 1892 Epitum.
1221 1854 1346 1885 Secium.
1370 1854 1460 1884 Dac.
1494 1854 1569 1882 Vide
1591 1864 1680 1892 supra
1702 1852 1858 1892 Secespita.
1895 1850 1999 1881 Goth.

232 1896 480 1939 Suffimenta
509 1905 596 1926 sunt
624 1909 728 1937 quae.
775 1898 833 1926 Pro
856 1897 959 1926 molito
983 1898 1059 1925 infra
1082 1897 1192 1926 Paulus
1215 1897 1339 1927 mollito.
1381 1897 1438 1925 Sed
1461 1895 1564 1926 molito
1587 1906 1656 1925 vera
1680 1897 1778 1925 lectio.
1818 1894 2023 1936 Suffimentum

65 1944 110 1968 est
131 1950 148 1968 a
170 1940 276 1981 suffio,
315 1940 392 1978 quod
418 1939 511 1982 asuo
536 1945 563 1968 et
585 1941 637 1979 fio.
683 1939 738 1969 Fio
761 1945 859 1969 autem
883 1940 919 1968 ab
942 1940 1063 1968 Aeolico
1087 1937 1157 1977 φύω
1179 1950 1235 1978 pro
1258 1939 1327 1970 θύω
1350 1939 1458 1981 suffio3
1492 1949 1597 1967 rursus
1620 1951 1635 1967 a
1658 1937 1727 1969 θύω
1749 1935 1867 1976 θυμός,
1901 1936 2023 1966 ΑΕΟΠΟΕ

65 1979 182 2021 φυμός,
214 1982 293 2011 uude
316 1983 450 2011 Latinum
465 1982 575 2022 fumus
598 1988 626 2011 et
640 1982 814 2022 fumigare,
844 1988 877 2011 ut
900 1994 916 2011 a
941 1984 1054 2011 Graeco
1077 1984 1205 2023 θυμιᾷν.
1245 1983 1329 2011 Unde
1352 1981 1481 2020 Hesych.
1504 1978 1619 2020 θυμός,
1649 1979 1746 2020 πνοή,
1778 1977 1848 2020 οῗήρ.
1889 1980 1913 2007 Α
1936 1978 2021 2019 suffio

64 2025 156 2062 igitur
177 2024 392 2066 suffimentum,
416 2035 481 2060 aer,
507 2025 589 2054 odor.
636 2026 782 2054 Glossar.:
810 2025 1032 2066 Suffimmtum,
1056 2027 1212 2063 θυμίαμα,·
1237 2025 1325 2066 suffio
1347 2022 1543 2062 ὑποθυμιάω.
1590 2024 1676 2053 Dae.

230 2067 387 2106 Serpsit.
432 2068 558 2102 Eadem,
585 2078 659 2105 quae
676 2078 767 2106 supra
786 2068 816 2096 in
834 2061 962 2106 Lpitom.
997 2068 1059 2096 Nisi
1085 2067 1164 2105 quod
1187 2061 1268 2105 quae*
1284 2068 1362 2096 infra
1386 2072 1554 2105 sequuntur
1578 2076 1646 2095 cum
1668 2066 1732 2094 istis
1755 2065 1798 2093 sic
1821 2063 2019 2092 continuanda

64 2114 138 2138 sunt
160 2108 218 2137 hoc
242 2112 331 2138 modo
354 2122 368 2138 s
390 2111 473 2138 litera
499 2110 611 2148 posita,
636 2116 667 2138 ut
688 2111 719 2146 ’ἑξ
742 2122 811 2145 sex,
836 2108 908 2140 ἔπι-οὶ
932 2115 1052 2148 septem.
1088 2111 1215 2147 serpula
1239 2111 1343 2148 serpsit
1367 2111 1408 2138 ait
1428 2109 1568 2145 Messala,
1591 2110 1621 2137 id
1645 2113 1689 2137 est
1709 2116 1831 2146 serpens
1852 2105 2019 2144 inrepserit.

64 2153 129 2180 Non
153 2151 293 2187 dubium,
319 2152 390 2189 quin
414 2153 453 2181 ita
477 2153 579 2180 Festus
603 2153 765 2190 scripserit.
813 2153 889 2181 Viris
914 2154 1027 2190 doctis,
1052 2153 1103 2191 qui
1125 2153 1174 2180 illa
1199 2153 1426 2189 disiuimerunt,
1449 2152 1525 2180 illud
1547 2151 1705 2191 imposuit,
1729 2149 1826 2188 quod,
1850 2149 1902 2177 ubi
1928 2147 2017 2181 Pauli,

62 2194 171 2222 ibidem
195 2194 282 2222 etiam
305 2194 383 2222 Festi
412 2195 503 2223 veiha
534 2195 621 2223 finem
652 2196 748 2223 facere
779 2195 986 2231 crediderunt,
1024 2196 1210 2224 immemores
1240 2195 1353 2223 scilicet
1375 2194 1535 2223 baibarum
1558 2197 1769 2222 racematorem
1795 2202 1853 2220 non
1876 2190 1950 2219 tanti
1973 2189 2018 2216 fa-

64 2246 130 2265 cere
152 2241 288 2264 veterum
318 2238 470 2275 exempla,
512 2242 543 2265 ut
568 2238 597 2265 in
620 2237 654 2265 iis
678 2238 884 2266 desciibundis
909 2248 1026 2276 operam
1051 2238 1207 2274 abutatur,
1247 2238 1299 2276 qui
1322 2238 1370 2266 vel
1392 2238 1470 2266 insi-a
1493 2238 1523 2265 in
1547 2236 1635 2265 Serra
1654 2234 1799 2275 praeliari
1821 2233 1904 2262 nobis
1929 2231 2016 2260 verba

63 2278 183 2307 Catonis
206 2278 364 2307 inviderat.
390 2279 476 2308 Dae.
517 2279 590 2308 Vide
613 2280 689 2308 insta
714 2279 846 2319 Serpula.
874 2279 981 2309 Goth.
1022 2279 1183 2319 Prospirat.
1222 2280 1295 2309 Vide
1318 2290 1408 2318 supra
1431 2280 1462 2308 in
1487 2278 1587 2308 Semis.
1633 2277 1747 2307 Idem.

227 2320 485 2361 Suffibulum.
530 2322 563 2350 In
587 2323 664 2360 lege.
696 2333 771 2358 quae
795 2323 905 2361 scripta
930 2328 993 2351 erat
1016 2323 1045 2351 in
1069 2323 1199 2351 saci-ario
1225 2323 1299 2351 Deae
1324 2322 1544 2360 Opeconsivae:
1574 2319 1669 2351 HOC
1691 2315 1891 2350 PRAETER
1918 2313 2016 2344 VIR—

66 2362 194 2394 GINES
224 2363 471 2393 VESTALEIS
497 2363 560 2394 AG
587 2364 890 2395 SACERDOTEM
917 2363 1148 2395 POBLICOM
1176 2364 1394 2394 INTROIRE
1419 2363 1563 2394 NEFAS
1592 2362 1716 2399 ESTO,
1753 2360 1795 2390 IS
1822 2357 1920 2388 CUM
1946 2356 2015 2386 IN—
