2263 2668
623 120 902 155 ΤΟΜΙ
1006 117 1525 158 SECUNDI.
1986 137 2047 160 xm

262 217 359 251 Haec
383 215 442 249 ille
467 215 511 248 ad
538 226 592 248 me
618 214 754 259 scripsit.
806 215 879 248 Iam
903 214 1030 259 gratiae
1052 224 1071 245 a
1092 223 1147 245 me
1173 217 1247 246 sunt
1272 214 1426 258 agendae
1451 217 1522 249 viro
1546 215 1843 261 praestantissimo,
1870 217 1926 261 qui
1949 229 2046 253 senex

99 269 307 317 grandaevus
341 267 454 301 adhuc
485 268 568 300 inter
600 267 690 299 vivos
723 270 756 299 et
787 267 872 300 vitae
905 277 981 299 suae
1013 264 1275 308 praeclarissime
1301 271 1396 300 actae
1420 269 1568 311 praemia
1596 269 1687 313 capit
1712 269 1911 313 largissima,
1953 272 2046 313 quod

98 327 190 356 tanto
217 332 276 355 suo
303 319 468 353 beneficio
496 319 674 351 editionem
698 318 788 350 Festi
814 323 961 351 nostram
987 316 1146 349 adiuvare
1172 316 1287 349 voluit.
1341 317 1497 352 Ceterum
1520 320 1564 352 de
1585 320 1713 354 Codice
1733 320 1930 354 Monacensi
1953 321 2047 355 haud

97 374 169 407 iure
195 372 320 411 statuit;
363 383 440 404 nam
467 371 510 403 ad
537 370 691 403 meliores
716 369 820 402 libros
845 369 1068 404 accensendus
1096 371 1162 408 est,
1205 368 1298 410 quod
1326 380 1365 401 ex
1392 370 1459 402 eius
1486 371 1701 413 lectionibus,
1741 372 1774 404 in
1800 373 1918 415 quibus
1945 384 2047 417 saepe

98 425 233 470 optimis
258 423 350 457 libris
373 423 549 463 consentit,
577 422 677 455 facile
703 426 853 466 apparet.
906 421 968 454 Est
994 425 1104 452 autem
1130 421 1380 462 membraneus,
1406 421 1535 456 formae
1560 423 1742 467 quadratae
1765 424 1916 465 minoris,
1942 424 2046 467 initio,

97 482 134 510 ut
159 476 290 509 videtur
316 474 418 507 seculi
444 474 501 508 Xl.
528 474 685 517 scriptus,
720 473 887 506 laterculis
912 473 946 505 in
970 472 1061 504 binas
1087 476 1198 515 partes
1226 471 1355 513 divisis,
1389 474 1550 518 scriptura
1576 475 1649 507 satis
1674 475 1794 517 nitida,
1831 475 1891 509 etsi
1917 475 2046 509 diversa

97 528 280 561 litterarum
307 525 553 570 magnitudine,
587 525 715 569 aliquot
741 525 841 558 etiam
867 524 1047 568 scripturae
1074 523 1276 566 compendia
1302 523 1416 556 habet.

262 578 352 611 Huic
378 577 487 610 codici
515 581 547 609 et
573 582 680 609 aetate
707 581 739 608 et
762 576 910 609 bonitate
933 577 1085 620 proxime
1109 574 1238 608 accedit
1258 575 1499 617 Berolinensis,
1525 577 1650 621 pariter
1670 576 1920 618 membraneus,
1948 582 2045 610 octo-

97 631 164 671 nis,
198 629 319 669 seculi,
357 633 393 661 ut
420 628 551 660 videtur
575 629 663 661 tertii
689 627 830 668 decimi,
867 638 966 670 quem
994 632 1025 660 et
1051 627 1123 671 ipse
1147 626 1292 669 inspexi,
1326 632 1359 660 et
1384 627 1488 660 varias
1515 628 1582 661 eius
1607 628 1766 662 lectiones
1791 627 1895 661 habui
1921 640 1941 661 a
1961 629 2044 662 Nie-

97 681 218 714 buhrio
245 680 289 712 ad
318 691 411 712 oram
438 679 589 712 editionis
612 679 721 713 Paulli
741 679 890 712 Venetae
915 679 945 711 ai
969 678 1077 712 1492.
1106 682 1262 711 enotatas.

262 731 381 764 Codex
404 731 600 775 Lipsiensis,
629 742 729 775 quem
755 730 962 765 bibliotheca
988 734 1130 763 asservat
1156 728 1347 774 oppidana,
1379 730 1621 764 recentissimae
1648 735 1697 764 est
1724 730 1837 763 aetatis
1864 733 1896 763 et
1918 730 2043 763 Varro—

95 784 145 816 nis
171 783 328 826 reliquias
352 793 418 815 una
444 783 599 818 continet.
652 783 683 815 ls
709 786 757 815 est
783 782 978 816 chartaceus
1006 788 1039 815 et
1063 782 1192 815 formae
1219 782 1400 822 maximae,
1432 782 1510 824 sed,
1542 787 1578 816 ut
1600 783 1746 823 videtur,
1781 794 1800 814 a
1826 782 1917 814 bono
1944 787 2044 824 atque

96 835 232 878 antiquo
258 835 344 867 libro
371 834 564 879 descriptus.
617 835 697 868 Eius
731 834 925 867 conferendi
957 834 1129 879 negotium
1164 833 1308 878 suscepit
1333 833 1539 867 Friclericus
1570 833 1734 867 Vilelmus
1760 833 1860 875 Otto,
1904 833 1949 866 de
1975 844 2043 877 quo

95 887 173 919 vide
196 897 283 930 quae
310 885 378 918 dixi
404 885 436 917 in
463 886 671 930 praefatione
697 885 800 918 Tomi
825 886 933 930 primi.

260 938 374 980 Atque
399 936 436 969 hi
463 937 597 971 codices
624 949 738 970 omnes
763 942 897 981 praeter
923 937 989 971 Gu.
1011 936 1045 969 1.
1074 947 1113 969 ea
1138 935 1258 969 virtute
1285 936 1471 978 excellunt,
1498 940 1553 977 ut,
1584 947 1670 980 quae
1695 936 1894 969 veterrimae
1920 934 2043 971 editio-

95 999 153 1022 nes
180 999 296 1021 omnes
321 988 400 1021 inde
421 1000 440 1021 a
461 1000 544 1023 voce
570 988 798 1022 Incomitae’are
822 1000 926 1032 usque
953 989 996 1021 ad
1023 988 1125 1020 finem
1151 987 1228 1020 libri
1249 988 1308 1020 lx.
1337 992 1369 1021 et
1395 987 1562 1031 quaedam
1589 999 1629 1021 ex
1655 988 1740 1020 libro
1761 987 1820 1021 XI.
1843 987 1970 1019 litterae
1991 986 2042 1022 M

94 1040 174 1074 loco
201 1051 261 1073 suo
289 1045 380 1073 mota
406 1044 439 1073 et
463 1040 505 1073 ad
533 1041 633 1073 finem
659 1041 758 1073 totius
784 1041 964 1085 Epitomae
990 1040 1112 1073 reiecta
1146 1038 1318 1081 exhibent,
1364 1051 1404 1072 ea
1430 1039 1540 1072 onmia
1567 1051 1627 1072 suo
1652 1039 1730 1073 loco
1758 1044 1790 1071 et
1816 1039 1900 1070 iusto
1927 1037 2042 1071 ordine

93 1092 203 1136 posita
229 1091 384 1125 habeant.
438 1091 533 1125 Unus
560 1092 626 1125 Gu.
643 1092 696 1135 l.,
722 1096 758 1124 ut
781 1091 936 1135 diximus,
969 1093 1029 1125 ista
1056 1091 1181 1132 omisit,
1208 1096 1443 1136 praeterquam
1471 1102 1557 1134 quae
1584 1102 1624 1124 ex
1649 1091 1736 1123 libro
1757 1090 1815 1123 XI.
1841 1089 1969 1122 litterae
1991 1088 2041 1123 M.

93 1144 127 1176 in
153 1143 352 1176 editionibus
378 1143 411 1175 in
438 1143 503 1176 tine
529 1144 638 1187 posita
663 1148 753 1184 sunt,
781 1155 868 1187 quae
892 1144 926 1176 in
949 1144 1034 1177 Cod.
1058 1144 1125 1178 Gu.
1143 1142 1176 1176 l.
1200 1154 1260 1176 suo
1288 1143 1406 1177 ordine
1432 1143 1588 1188 leguntur
1614 1153 1681 1175 non
1707 1142 1824 1174 omissa
1850 1151 1912 1174 nee
1934 1140 2042 1173 alieno

93 1195 173 1228 loco
207 1195 324 1239 posita.
376 1194 464 1227 Vide
498 1206 584 1238 quae
616 1195 800 1227 notavimus
834 1206 915 1240 pag.
932 1194 991 1230 79.
1017 1200 1084 1228 not.
1102 1194 1163 1230 46.
1218 1195 1396 1228 Praeterea
1427 1195 1459 1227 in
1492 1194 1611 1228 codice
1637 1192 1842 1227 Berolinensi
1867 1192 2043 1235 peculiaris

92 1247 206 1292 glossa
228 1245 407 1287 invenitur,
435 1257 520 1289 quae
545 1258 654 1290 neque
678 1246 712 1279 in
739 1246 913 1281 codicibus
940 1247 1010 1279 aliis
1038 1258 1146 1290 neque
1171 1247 1206 1280 in
1233 1247 1432 1280 editionibus
1456 1250 1648 1291 comparet,
1675 1255 1715 1278 ae
1735 1256 1776 1277 ne
1795 1244 1828 1276 in
1847 1243 2042 1287 fragmentis

92 1297 229 1342 quidem
255 1297 346 1330 Festi
379 1302 505 1331 servata
540 1303 595 1331 est.
650 1298 703 1332 Cf.
729 1310 816 1341 quae
843 1298 982 1332 diximus
1009 1298 1052 1331 ad
1078 1309 1160 1343 pag.
1179 1298 1240 1333 93.
1267 1303 1336 1333 not.
1352 1297 1412 1331 65.
1440 1303 1473 1331 et
1498 1309 1585 1342 quae
1611 1297 1654 1330 de
1682 1296 1842 1329 sententia
1867 1294 2042 1328 Niebuhrii

91 1348 274 1382 notavimus
301 1348 345 1381 ad
371 1360 450 1394 pag.
469 1348 554 1383 518.
581 1349 614 1382 in
641 1350 892 1383 commentariis.

255 1400 308 1433 Ex
334 1400 534 1434 editionibus
560 1401 620 1434 lias
646 1402 679 1434 in
705 1402 862 1435 auxilium
893 1402 1094 1436 vocavimus.
1147 1401 1194 1434 Et
1225 1401 1370 1446 primum
1403 1401 1541 1446 quidem
1575 1412 1649 1435 eam
1682 1399 1896 1439 contulimus,
1939 1407 2040 1440 quam

89 1451 251 1492 Ebertus,
283 1451 324 1484 V.
349 1451 419 1493 CL,
453 1453 486 1485 in
512 1453 621 1486 lexico
647 1453 923 1498 bibliographico
951 1454 1012 1486 sub
1039 1451 1220 1486 nosti-195.
1247 1458 1412 1496 recenset,
1446 1465 1533 1496 quae
1558 1453 1606 1486 ibi
1632 1453 1679 1486 sic
1705 1456 1752 1485 est
1777 1454 1907 1484 notata:
1942 1448 2038 1482 Sext.

92 1502 283 1547 Pompeius
308 1502 433 1536 Festus
458 1503 504 1537 de
529 1504 715 1538 verborum
744 1505 1013 1551 significatione.
1055 1504 1202 1538 Mediol.
1225 1504 1258 1539 3.
1297 1505 1387 1539 Non.
1410 1505 1508 1550 Aug.
1531 1503 1640 1537 1471.
1663 1503 1736 1549 sol.
1786 1503 1884 1535 Hanc
1915 1499 2040 1544 princi-

90 1564 171 1598 pem
198 1553 348 1588 diximus.
401 1555 484 1589 Eius
515 1555 674 1590 lectiones
707 1557 860 1590 dedimus
886 1557 1041 1601 integras·
1093 1557 1230 1589 Praeter
1255 1555 1343 1590 hanc
1366 1556 1531 1601 Scaligeri
1559 1560 1591 1588 et
1616 1554 1749 1589 Dacerii
1776 1553 1936 1586 editiones
1962 1550 2040 1583 dili-

91 1609 228 1650 genter,
255 1605 312 1638 ubi
340 1616 424 1650 opus
451 1618 521 1640 esse
546 1608 730 1649 videretur,
758 1608 967 1642 contulimus.
1021 1607 1077 1640 Ad
1102 1608 1192 1640 Festi
1217 1613 1328 1641 autem
1356 1608 1544 1652 fragmenta
1569 1610 1700 1650 praeter
1723 1605 1887 1650 Scaligeri
1913 1608 1946 1637 et
1967 1602 2040 1635 Da·-

92 1656 172 1690 cerii
198 1655 359 1689 editiones
385 1658 583 1692 contulimus
610 1659 791 1692 editionem
815 1660 923 1693 Fulvii
945 1659 1072 1701 Ursini,
1100 1665 1200 1702 quam
1228 1659 1414 1703 principem
1441 1659 1488 1691 ibi
1514 1658 1671 1698 diximus,
1698 1668 1738 1690 ex
1761 1668 1828 1700 qua
1850 1656 2040 1699 fragmenta

91 1707 150 1740 illa
176 1711 276 1750 atque
307 1707 449 1742 schedas
481 1711 602 1744 excudi
635 1711 836 1751 curavimus3
877 1716 1050 1756 praeterea
1074 1711 1210 1743 Antonii
1230 1711 1406 1755 Augustini
1433 1709 1612 1742 editionem
1639 1709 1683 1741 ad
1709 1719 1825 1741 manus
1850 1705 2038 1745 habuimus

92 1759 183 1792 cuius
209 1758 367 1793 lectiones
393 1760 478 1806 sigla
505 1761 598 1795 Ven.
624 1763 866 1808 insignivimus,
909 1775 997 1807 quae
1024 1767 1158 1795 eatenus
1182 1763 1337 1806 princeps
1365 1766 1427 1801 est,
1464 1765 1624 1804 quatenus
1650 1759 1810 1794 Antonius
1836 1757 2037 1803 Augustinus

90 1810 216 1855 primus
241 1810 320 1852 suit,
353 1812 409 1855 qui
438 1813 526 1846 Festi
551 1814 756 1859 fragmenta,
789 1815 847 1848 sed
876 1815 919 1848 ad
946 1816 1066 1847 iustum
1093 1814 1244 1846 ordinem
1271 1812 1521 1857 alphabeticum
1549 1813 1700 1856 disrupta
1726 1816 1759 1844 et
1783 1810 1891 1843 Paulli
1917 1808 2036 1853 glossis

91 1861 294 1902 intermixta,
336 1863 449 1897 edidit.
501 1865 539 1897 In
565 1865 617 1899 his
642 1867 720 1901 Ant.
746 1866 942 1911 Augustini⁷
980 1866 1159 1909 scaligeri,
1199 1869 1231 1896 et
1252 1864 1385 1896 Dacerii
1410 1863 1608 1897 editionibus
1634 1873 1744 1907 pauca
1769 1861 1936 1905 quaedam
1961 1864 2036 1892 tan·-

91 1924 193 1956 quam
221 1911 311 1945 Festi
338 1914 420 1957 (non
441 1915 567 1961 Paulli)
594 1918 768 1962 leguntur,
795 1929 881 1961 quae
907 1918 940 1950 in
967 1916 1078 1949 Fulvii
1105 1915 1217 1948 Ursini
1245 1915 1391 1948 editione
1416 1926 1483 1948 non
1508 1915 1725 1949 inveniuntur.
1777 1913 1865 1946 Vide
1890 1923 1977 1956 quae
2001 1911 2035 1944 in

91 1964 333 1998 commentariis
365 1966 427 1999 sub
461 1978 545 2001 voce
576 1969 705 2002 Tame
735 1973 767 2002 et
801 1970 845 2002 ad
880 1970 1027 2014 glossam
1061 1966 1293 1999 Tammodo
1327 1967 1474 2000 diximus.
1534 1967 1585 2000 Ea
1619 1967 1720 2011 igitur
1751 1968 1808 1998 aut
1840 1964 1883 1997 ab
1912 1962 2033 1996 Ursino

90 2016 264 2060 neglecta,
305 2020 379 2057 aut,
422 2029 524 2061 quum
551 2019 691 2054 Ursinus
719 2020 883 2055 Codicem
911 2019 1145 2052 Fal-nesianum
1179 2022 1349 2060 tractaret,
1391 2019 1458 2051 iam
1491 2018 1611 2051 detrita
1641 2023 1741 2061 atque
1767 2027 1865 2050 exesa
1890 2015 2033 2048 fuerunt.

91 2067 175 2100 Sunt
201 2071 310 2099 autem
337 2069 543 2111 paucissima.

254 2117 310 2150 Ad
335 2119 443 2152 Paulli
474 2122 711 2166 compendium
744 2122 936 2154 varietatem
972 2120 1120 2154 lectionis
1154 2120 1347 2164 conscripsit
1373 2120 1578 2154 Fridericus
1609 2120 1775 2154 J'ilelmus
1805 2118 1887 2153 Otto
1914 2128 1952 2151 ea
1977 2127 2033 2148 ra-

90 2168 196 2209 tione,
223 2179 323 2211 quam
350 2170 382 2202 in
408 2172 615 2215 praefatione
635 2173 737 2206 Tomi
764 2173 863 2217 primi
890 2183 970 2216 pag.
987 2172 1045 2205 IV.
1071 2171 1261 2216 significavi.
1315 2171 1412 2212 Quae
1438 2173 1493 2205 ille
1520 2173 1733 2217 conscripsit,
1761 2183 1801 2204 ea
1828 2180 1895 2215 ego
1922 2168 2031 2201 omnia

90 2219 338 2264 diligentissime
371 2223 497 2255 excussi
529 2229 629 2267 atque
660 2225 805 2264 correxi,
849 2224 893 2255 ita
926 2223 1081 2266 quidem,
1126 2227 1160 2255 ut
1195 2223 1263 2256 eius
1290 2223 1472 2257 orationem
1499 2224 1582 2256 nihil
1608 2229 1787 2264 mutarem,
1831 2221 1890 2255 sed
1917 2227 2029 2252 omnes

89 2271 337 2305 emendationes
365 2278 420 2305 aut
446 2285 651 2308 removerem
678 2280 733 2307 aut
760 2274 998 2316 examinarem,
1025 2279 1081 2307 aut
1108 2285 1207 2306 novas
1233 2274 1276 2307 de
1302 2286 1379 2307 meo
1407 2276 1596 2310 adiicerem.
1651 2276 1707 2310 Sic
1733 2273 1817 2308 nihil
1840 2284 1893 2306 me
1913 2271 2027 2302 incon-

89 2323 175 2356 sulto
195 2324 355 2355 mutatum
379 2329 443 2367 est,
471 2330 504 2358 et
526 2337 612 2369 quae
639 2331 711 2359 sunt
737 2330 879 2367 mutata,
905 2331 941 2358 ut
962 2337 981 2358 a
1002 2337 1056 2359 me
1080 2326 1231 2370 profecta
1254 2326 1433 2360 lectoribus
1457 2329 1677 2372 apparebunt.
1731 2325 1820 2360 Festi
1841 2322 2026 2366 fragmenta

89 2385 129 2408 ac
154 2373 295 2408 schedas
321 2375 410 2408 solus
437 2387 503 2422 ego
529 2378 687 2411 recensui.
736 2376 999 2411 Commentarios
1025 2378 1170 2411 virorum
1197 2377 1374 2412 doctorum
1398 2379 1576 2425 diligenter
1595 2380 1666 2424 ipse
1687 2374 1883 2416 examinavi,
1909 2378 2023 2404 recen-
