2263 2668
266 148 341 181 30⁰

1005 145 1184 178 MAX1M1
1220 145 1466 180 VICTORINI

432 240 463 272 2.
518 241 598 272 ltem
626 238 783 280 quicquid
806 238 888 271 inis
908 238 1070 281 syllabam
1091 240 1292 272 nominativo
1316 245 1348 272 et
1371 240 1516 284 genitivo
1547 241 1704 285 singulari
1736 242 1816 281 exit,
1843 243 1944 276 breve
1975 249 2038 285 est,
2067 244 2199 292 [1970]

268 296 303 323 ut
328 291 427 335 lapis,
456 292 533 335 apis.

268 342 377 374 frater.

268 404 334 431 res,
363 398 394 424 et
415 392 572 435 quicquid
593 392 639 424 sic
665 392 863 424 terminatur.

267 444 418 476 ctoribus.

587 289 756 331 Quicquid
780 289 811 321 in
835 300 855 321 r
884 290 1010 329 finitur,
1043 290 1075 321 in
1109 302 1231 334 genere
1264 292 1441 324 masculino
1469 293 1568 324 breve
1596 298 1659 332 est,
1696 298 1731 325 ut
1759 293 1896 334 doctor,
1930 300 2061 337 cantor,
2094 302 2201 341 pater,

430 343 515 374 Nam
538 340 693 383 quicquid
717 341 749 372 in
774 351 809 373 es
835 341 997 383 syllabam
1027 341 1197 385 pluraliter
1227 342 1335 374 finitur
1369 343 1505 387 longum
1539 348 1602 385 est,
1636 349 1671 376 ut
1696 344 1867 384 doctores,
1900 344 2065 387 homines,
2101 349 2201 381 arbo-

917 392 999 424 ltem
1030 393 1122 436 quod
1145 390 1229 425 exit¹
1259 395 1290 425 in
1319 393 1381 426 bus
1411 394 1592 438 syllabam,
1619 395 1722 428 breve
1750 401 1814 437 est,
1842 401 1878 429 ut
1904 398 2108 439 cantoribus,
2135 399 2198 431 do-

846 576 974 610 Seom.
1002 577 1042 612 X.
1081 576 1141 611 De
1172 588 1339 623 genere
1363 576 1620 623 femininffi.

432 669 463 701 l.
517 669 552 701 ln
575 680 699 713 genere
726 669 882 702 feminino
905 682 996 704 casus
1022 672 1237 704 nominativus
1267 672 1353 703 solus
1376 672 1422 705 sic
1452 668 1630 704 variaturff:
1666 671 1751 706 haec
1772 673 1906 713 tabula3
1932 674 2039 708 brevis
2064 678 2111 708 est
2135 685 2197 708 no-

267 721 432 760 minativo,
450 721 592 753 ablativo
614 721 715 765 longa
725 718 745 755 ⁴.

798 721 918 754 Omnia
944 723 1075 754 nomina
1098 723 1227 767 generis
1250 722 1393 755 feminini

1401 718 1424 763 ⁵,
1451 721 1556 766 quae⁶
1588 735 1612 756 a
1632 724 1739 756 littera
1766 726 1998 768 terminantur,
2024 727 2197 760 novissima

268 772 393 815 syllaba
415 772 446 803 in
471 772 671 804 nominativo
696 772 806 805 brevia
829 769 930 813 sunt⁷,
954 774 1098 806 ablativo
1120 771 1252 818 longass.

429 880 463 913 2.
517 880 633 914 Omnis
658 876 765 914 autem
791 893 882 915 casus
892 878 913 922 ⁹,
941 883 1162 926 cuiuscunque
1185 883 1332 927 generis,
1359 894 1394 915 m
1417 883 1524 915 littera
1544 880 1781 924 terminatusm,
1807 884 2011 919 novissimam
2036 886 2196 929 syllabam

266 933 402 976 longam
423 939 538 964 natura
560 933 685 966 habere
706 945 771 965 non
794 931 947 978 potes-tn,
974 935 1031 966 sed
1056 940 1110 966 aut
1130 936 1344 978 positionem,
1372 940 1427 967 aut
1450 935 1690 979 synaloepham
1715 940 1892 979 exspectat.

429 1051 461 1083 3.
513 1052 654 1084 Nomina
680 1053 809 1096 generis
840 1052 1002 1095 feminini,
1030 1064 1114 1096 quae
1142 1052 1172 1085 in
1199 1064 1234 1086 es
1253 1053 1412 1097 syllabam
1436 1053 1552 1086 finiunt
1566 1050 1599 1093 ¹²,
1626 1054 1651 1086 si
1674 1054 1792 1086 eadem
1815 1053 1888 1098 ipsa
1920 1053 2048 1097 syllaba
2077 1054 2110 1086 in
2133 1065 2197 1098 ge-

265 1102 364 1134 nitivo
387 1114 452 1135 non
473 1103 688 1146 producitur,
716 1109 781 1136 tam
805 1104 837 1136 in
859 1104 1076 1144 nominativo,
1103 1116 1202 1148 quam
1229 1105 1260 1137 in
1288 1105 1432 1137 ablativo
1457 1106 1571 1138 brevia
1598 1109 1680 1139 sunt.

263 1155 296 1186 in
318 1154 464 1197 genitivo
491 1154 704 1197 producitur,
731 1160 797 1187 tam
819 1155 850 1187 in
879 1156 1098 1198 nominativo,
1126 1167 1224 1199 quam
1248 1156 1279 1188 in
1302 1156 1447 1188 ablativo
1477 1157 1580 1201 longa
1604 1157 1729 1199 syllaba
1755 1156 1926 1188 novissima
1948 1162 1996 1188 est
2007 1153 2039 1192 ¹³.

1735 1105 1770 1138 Si
1793 1111 1902 1137 autem
1927 1105 2045 1137 eadem
2068 1105 2197 1149 syllaba

2094 1156 2196 1197 Quod

263 1205 340 1237 dico
368 1205 570 1248 exemplum,
589 1205 778 1238 huiusmodi
798 1203 894 1239 estu:
922 1206 1007 1240 llaec
1030 1207 1115 1245 lues3
1142 1218 1178 1240 es
1200 1208 1325 1250 syllaba
1357 1207 1462 1239 brevis
1489 1213 1552 1248 est,
1579 1209 1655 1250 quia
1677 1203 1874 1251 genitivus¹⁵
1900 1207 1966 1240 luis
1988 1207 2084 1240 facit:
2110 1207 2196 1240 haec

263 1256 362 1294 fides3
388 1256 450 1289 des
472 1256 599 1299 syllaba
620 1257 721 1301 longa
743 1262 790 1290 est
813 1263 1009 1301 propterea,
1036 1259 1113 1301 quia
1136 1259 1295 1303 genitivus
1319 1258 1476 1302 producit
1491 1255 1628 1297 illamffi3
1654 1259 1734 1291 facit
1756 1259 1840 1291 enim
1858 1257 1955 1291 huius
1975 1258 2064 1294 fidei.
2118 1259 2196 1300 Quo

263 1307 366 1339 modo
391 1313 439 1340 est
457 1307 542 1341 haec
569 1308 686 1346 facies;
714 1320 750 1341 es
774 1309 902 1351 syllaba
927 1309 1029 1354 longa
1052 1314 1115 1348 est,
1143 1310 1297 1353 quoniam
1307 1306 1329 1326 ¹⁷
1352 1310 1383 1341 in
1410 1310 1556 1354 genitivo
1583 1310 1797 1354 producitur,
1825 1309 1922 1342 huius
1942 1309 2048 1344 faciei.
2098 1309 2195 1354 Ergo

261 1370 342 1401 quas
373 1359 513 1401 syllabas
541 1360 702 1404 genitivus
730 1360 903 1403 producit,
931 1360 995 1393 hae
1022 1361 1053 1392 in
1080 1362 1279 1393 nominativo
1306 1367 1338 1393 et
1359 1362 1503 1393 ablativo
1533 1362 1655 1405 longae
1685 1366 1776 1403 sunt,
1803 1365 1840 1393 ut
1868 1360 1955 1395 haec
1978 1360 2073 1402 fides,
2103 1360 2194 1401 fidei,

262 1422 281 1442 a
307 1409 391 1448 fide;
417 1410 535 1451 facies,
563 1411 659 1443 faciei
677 1407 709 1450 ¹³,
737 1423 755 1443 a
780 1412 874 1444 facie.
922 1412 1013 1453 Quas
1043 1413 1185 1455 syllabas
1212 1412 1372 1456 genitivus
1400 1413 1552 1455 corripit,
1581 1418 1636 1445 aut
1659 1417 1778 1453 mutat,
1802 1412 1918 1444 breves
1943 1417 2015 1444 sunt
2044 1412 2195 1444 nomina—

259 1462 343 1501 tivo,
364 1461 509 1505 genitivo
538 1467 571 1494 et
597 1461 740 1494 ablativo
751 1459 789 1495 ¹⁵¹:
816 1463 903 1503 lues,
932 1464 1007 1504 luis,
1034 1464 1097 1496 lue.
1149 1463 1319 1506 Quicquid
1342 1463 1374 1495 in
1405 1464 1550 1508 genitivo
1578 1464 1608 1496 is
1640 1464 1766 1507 syllaba
1788 1463 1994 1502 terminatur,
2021 1463 2123 1495 breve
2148 1468 2196 1495 est

260 1513 293 1545 in
315 1513 478 1553 ablativo,
506 1513 562 1545 sed
589 1513 646 1546 hic
664 1518 711 1545 est
734 1514 913 1558 genitivus,
941 1525 1007 1557 quo
1025 1520 1270 1559 cognoscuntur
1287 1516 1484 1558 plerumque
1509 1515 1701 1547 novissimae
1727 1514 1876 1558 syllabae
1897 1514 2085 1557 nominum,
2110 1525 2195 1557 qua-

261 1565 307 1596 les
329 1575 397 1596 esse
420 1560 610 1603 ‹lebeant²⁰,
639 1570 673 1596 ut
697 1570 743 1597 est
765 1571 942 1608 paupertas
966 1573 998 1598 et
1019 1563 1156 1610 palus²¹.
1214 1566 1284 1599 Tas
1309 1567 1393 1598 euim
1418 1567 1495 1598 ideo
1517 1567 1619 1610 longa
1646 1570 1712 1607 est,
1739 1566 1816 1609 quia
1842 1566 2003 1610 genitivus
2019 1577 2092 1597 eam
2112 1576 2194 1609 pro-

261 1615 367 1651 ducit:
393 1615 532 1648 dicimus
554 1615 640 1648 enim
664 1617 885 1659 paupertatis,
912 1620 950 1649 ta
977 1617 1157 1660 producta:
1187 1621 1219 1650 et
1244 1617 1376 1661 paludis
1388 1615 1413 1634 ²²
1443 1617 1552 1649 media
1580 1618 1706 1660 syllaba
1733 1617 1915 1661 producta:
1947 1615 2119 1660 quomodo
2146 1621 2195 1649 est

346 1730 376 1770 1)
401 1731 494 1769 Quod
513 1734 545 1761 ίη,
567 1733 623 1761 bus
644 1734 794 1772 syllabam
813 1736 870 1762 exit
890 1735 936 1763 Pe.
954 1735 1073 1764 Putsch.
1112 1753 1149 1757 —
1177 1735 1207 1774 2)
1252 1737 1398 1764 minativo
1415 1742 1440 1764 et
1457 1736 1590 1764 ablativo
1605 1736 1655 1765 Pe.
1664 1737 1718 1765 ΒΓ.
1731 1741 1802 1764 sunt
1818 1737 1848 1764 in
1864 1736 2050 1764 nominativo
2066 1739 2093 1762 et
2106 1734 2193 1762 abla-

264 1773 421 1812 lnscriptio
447 1775 527 1803 deest
546 1775 577 1803 in
610 1776 730 1804 putsch.
755 1777 811 1804 Sed
833 1777 863 1804 in
887 1778 932 1805 Pe.
954 1777 1139 1807 inscribitur:
1172 1778 1208 1806 Itz
1251 1781 1312 1807 tivo
1329 1779 1448 1807 Putscb.
1466 1779 1569 1806 Statim
1590 1783 1623 1806 ut
1647 1778 1761 1806 addunt
1789 1779 1832 1808 Pe.
1849 1777 1971 1807 Putsch.
1988 1793 2030 1799 —
2058 1779 2106 1814 20)
2135 1774 2195 1804 Sed

260 1827 364 1852 genere
383 1817 563 1845 Foeminino.
584 1834 626 1838 —
646 1819 674 1854 3)
706 1820 741 1846 Ul
758 1819 959 1858 interponitur
979 1830 994 1847 a
1017 1820 1063 1849 Pe.
1087 1820 1206 1849 Putsch.
1250 1822 1301 1849 Ιιίε
1319 1823 1489 1859 genitivus,
1526 1831 1585 1859 quo
1612 1826 1833 1858 cognoscuntur
1859 1820 2039 1848 novissimae
2059 1818 2194 1856 syllabae

264 1874 306 1879 —
327 1858 354 1889 4)
376 1860 484 1886 Brevis
509 1864 566 1895 est,
586 1859 741 1888 ablativus
764 1862 873 1900 longas
892 1868 933 1890 est
959 1862 1007 1890 Pe.
1029 1862 1143 1891 Pulsch.
1166 1878 1208 1885 -—
1245 1864 1438 1902 plerumque,
1462 1864 1750 1891 nominativum
1767 1863 1870 1901 qualis
1883 1873 1942 1890 esse
1957 1861 2069 1897 debeat,
2092 1866 2192 1889 osten-

266 1901 298 1936 5)
318 1898 466 1928 Feminini
486 1903 603 1939 generis
626 1903 672 1933 Pe.
698 1903 815 1933 Putsch.
848 1921 883 1925 —-
916 1904 944 1943 6)
969 1905 1004 1932 la
1027 1905 1140 1934 addunt
1160 1906 1207 1935 Pe.
1250 1906 1295 1934 dit
1319 1907 1368 1935 Pe.
1395 1905 1512 1934 Putsch.
1536 1905 1670 1934 absurde.
1698 1921 1740 1927 ——
1769 1903 1816 1945 21)
1846 1905 1887 1933 Et
1910 1905 2007 1943 palas
2027 1903 2135 1932 desunt
2159 1903 2191 1932 in

267 1941 386 1970 Putsch.
409 1958 451 1963 —
472 1946 502 1977 7)
525 1945 638 1972 Brevia
661 1951 730 1972 sunt
753 1947 782 1973 ιἰι
806 1948 991 1975 nominative
1017 1948 1062 1975 Pe.
1087 1947 1206 1978 Putscb.
1250 1950 1298 1978 Pe.
1329 1948 1448 1977 Pulsch.
1472 1948 1561 1977 Paulo
1584 1952 1653 1986 post
1674 1946 1821 1985 producit
1847 1957 1912 1975 eam
1930 1947 1977 1975 Pe.
1997 1945 2119 1975 Putsch.
2148 1960 2191 1967 -—·

266 1999 307 2004 —
329 1982 358 2023 3)
386 1984 460 2011 Vero
484 1985 575 2023 longa
598 1987 643 2014 Pe.
659 1987 779 2017 Putsch.
801 2003 842 2009 —
871 1988 900 2028 9)
927 1990 1133 2018 Accu-salivas
1155 2001 1208 2018 ca—
1250 1994 1294 2025 22)
1320 1990 1430 2027 Palas,
1450 1989 1581 2029 paludis
1599 1991 1644 2018 Pe.
1667 1989 1789 2019 Putsch.
1814 1989 1917 2018 Paullo
1937 1993 2004 2017 ante
2025 1989 2102 2016 enim
2121 1991 2190 2025 post

267 2036 320 2053 sus
341 2026 388 2054 Pe.
419 2026 537 2055 Pulsch.
567 2044 608 2049 —
642 2029 688 2067 10)
707 2031 782 2067 Qui
799 2040 828 2056 m
851 2031 938 2059 litera
959 2034 1139 2061 terminatur
1155 2033 1207 2064 Pe.
1250 2043 1281 2062 v.
1299 2032 1432 2061 dicimus
1448 2034 1529 2061 deest
1544 2033 1573 2060 in
1583 2032 1748 2060 Pe.P·.1tsch
1781 2047 1822 2053 —
1843 2030 1888 2070 23)
1897 2032 1953 2059 Est
1971 2030 2071 2059 addidi
2084 2040 2100 2058 e
2117 2029 2188 2058 Cod.

269 2067 387 2098 Pulsch.
402 2084 445 2090 —
468 2068 510 2106 11)
534 2070 652 2098 [labere
662 2078 759 2109 potest
774 2077 887 2099 natura
896 2073 941 2103 Pe.
961 2075 1080 2104 Putsch.
1103 2092 1145 2097 ·—
1162 2075 1207 2112 12)
1250 2076 1321 2104 Bob.
1337 2076 1472 2104 Ceterum
1494 2075 1655 2103 notandum
1677 2079 1737 2108 est,
1760 2074 1857 2102 omitti
1872 2073 1904 2103 h.
1920 2074 1941 2102 l.
1954 2076 2134 2111 segmentum
2153 2072 2189 2100 de

268 2110 435 2138 Finiantur
463 2111 510 2139 Pe.
542 2112 659 2140 Pulsch.
692 2130 734 2135 —
770 2112 813 2152 13)
836 2115 945 2151 Longa
973 2123 1014 2144 est
1042 2119 1208 2145 novissima
1251 2118 1341 2146 verbo
1361 2119 1391 2146 in
1415 2118 1484 2146 Cod.
1505 2118 1578 2146 Bob.
1601 2116 1680 2155 quod
1700 2117 1776 2144 infra
1799 2116 1948 2155 sequitur,
1979 2113 2082 2144 ceteris
2103 2114 2188 2142 abso-

269 2152 389 2189 syllaba
407 2153 445 2181 Pe
476 2153 593 2182 Putsch.
621 2171 662 2175 —
692 2155 738 2193 14)
762 2157 949 2184 Huiusmodi
967 2165 1008 2186 est
1036 2161 1208 2198 exemplam,
1250 2161 1329 2191 lutis.
1349 2177 1392 2182 —
1411 2159 1457 2199 24)
1484 2158 1636 2198 Quomodo
1657 2159 1705 2187 Pe.
1726 2158 1846 2188 Putsch.
1868 2168 1967 2188 errore
1985 2166 2069 2195 saepe
2089 2155 2187 2185 obvio.

270 2200 304 2222 at
332 2195 377 2224 Pe.
400 2194 517 2223 Pulsch.
551 2212 592 2217 —
635 2200 676 2231 15)
703 2199 860 2225 Genitisus
886 2199 931 2226 Pe.
951 2200 1070 2232 putsch.
1099 2219 1141 2224 -
1164 2201 1207 2238 16)
1250 2219 1292 2225 —
1321 2202 1366 2241 25)
1386 2204 1435 2230 Et
1468 2208 1600 2241 tempora
1627 2202 1673 2230 Pe.
1701 2201 1820 2230 Putsch.
1857 2216 1900 2222 -
1933 2199 1981 2237 26)
2003 2198 2121 2227 Simili-⁵·
2146 2204 2188 2226 est

270 2238 349 2264 Eam
371 2237 418 2265 Pe.
449 2237 568 2266 Putsch.
604 2254 645 2259 —
681 2243 723 2274 17)
756 2242 909 2277 Quoniam
934 2247 1011 2270 recte
1041 2245 1114 2273 Cod.
1137 2245 1207 2273 Bob.
1244 2247 1349 2283 prima
1363 2246 1535 2283 coniugatio
1552 2245 1717 2272 novissima
1734 2243 1853 2281 syllaba
1872 2244 1905 2271 in
1925 2242 1999 2270 o.Pe.
2020 2240 2187 2270 Putsch.—-

273 2278 429 2315 Quomodo
454 2280 499 2308 Pe.
522 2279 640 2309 Putsch.
671 2297 704 2302 -
731 2281 775 2322 18)
798 2283 993 2319 lmine-fidei
1019 2286 1207 2324 afid37fa-
1248 2290 1293 2325 27)
1310 2289 1472 2316 Finianttc
1482 2299 1497 2315 ν
1516 2288 1562 2316 Pe.
1587 2285 1706 2315 Putsch.
1746 2302 1788 2308 —-
1816 2284 1862 2324 28)
1893 2285 1931 2313 Ut
1955 2283 2053 2311 addidi
2076 2293 2091 2311 e
2115 2283 2185 2312 cod.

271 2323 326 2348 clei
348 2321 464 2352 Putscli.
489 2322 707 2351 Nominativum
733 2325 832 2358 facies
854 2324 1045 2362 interponunt
1068 2329 1112 2357 Pe.
1137 2329 1207 2357 Cod.
1248 2329 1319 2358 Bob.
1339 2331 1413 2358 Tum
1433 2330 1549 2357 clamas
1562 2339 1677 2357 manes
1691 2327 1781 2358 sedes.
1804 2327 1873 2356 cod.
1891 2325 1961 2356 Bob.
1987 2341 2028 2346 —
2043 2324 2187 2364 29)P1'³e·

272 2363 343 2392 Bob.
362 2365 462 2392 Huius
484 2365 564 2393 abest
586 2376 600 2392 a
625 2366 695 2395 cod.
720 2382 756 2387 -
782 2366 827 2403 19)
850 2368 962 2395 Breves
984 2375 1070 2397 sunt:
1094 2371 1127 2398 Ιιι
1151 2382 1206 2399 ηο-

1248 2372 1358 2410 positio
1380 2372 1460 2401 deest
1484 2372 1515 2401 in
1539 2372 1586 2401 Pe.
1613 2370 1729 2400 Pulsch.
1760 2386 1800 2391 -—
1831 2368 1876 2407 30)
1908 2368 2059 2404 Clamare,
2089 2367 2188 2396 sedere
