2263 2668
233 196 308 231 530
660 187 1006 225 COMMENTARII
1032 192 1080 225 IN
1106 190 1249 225 PAULI
1275 189 1473 224 DIACONI
1498 190 1756 226 EXCERPTA

233 300 300 319 rum
322 287 439 317 latebat.
484 283 523 312 At
545 281 622 311 enim
643 291 732 318 vero,
762 281 820 310 iam
844 282 922 311 Festi
944 283 1034 312 verba
1058 284 1125 313 luce
1147 283 1209 323 ipsa
1233 283 1359 312 clariora
1382 287 1466 319 sunt,
1491 294 1588 322 neque
1611 289 1697 322 egent
1719 285 1982 323 interpretatione,
2006 288 2122 316 tametsi
2143 288 2180 317 ab

234 333 289 361 illo
305 331 421 359 dicatur
436 327 537 363 Augur
553 330 647 352 cotem
663 324 858 363 praecidisse,
882 336 940 354 non
964 337 1017 354 rex
1039 332 1071 355 ut
1094 326 1130 355 ab
1153 327 1216 355 aliis
1240 327 1389 365 proditur.
1419 325 1477 353 Sed
1502 337 1516 354 a
1540 327 1646 355 fabulis
1671 338 1729 356 non
1753 332 1796 357 est
1820 327 1963 364 exigenda
1987 328 2074 365 fides,
2098 341 2182 368 prae-

233 374 335 403 sertim
359 380 424 399 cum
448 368 616 396 Lactantius
638 367 715 395 idem
740 367 835 404 dicat,
866 368 948 406 quod
970 369 1084 398 Festus.
1129 369 1161 398 In
1184 369 1341 408 postremis
1365 367 1464 396 verbis
1488 369 1628 398 Plinianis
1652 370 1793 407 elegantia
1816 370 1944 398 latuerat
1966 380 2030 406 eos,
2060 372 2110 408 qui
2134 373 2182 401 lo-

235 426 303 445 cum
327 415 537 450 corruperunt.
581 410 654 438 Nam
678 407 761 438 illico
784 411 905 447 arescit,
936 422 1034 440 rursus
1055 412 1174 448 seritur,
1205 417 1261 440 est:
1297 409 1422 439 simulac
1444 413 1564 448 arescit,
1593 413 1691 441 statim
1713 413 1825 441 seritur.
1869 412 1992 441 Notabis
2015 418 2043 442 et
2067 414 2181 451 elegans

235 456 358 486 verbum
380 454 411 482 in
434 453 520 481 Festo
543 451 702 488 subserere,
735 452 816 490 quod
839 458 897 489 est,
928 454 1026 491 priore
1049 459 1111 483 sata
1134 454 1238 483 arbore
1261 454 1473 490 intermortua,
1505 454 1590 483 aliam
1614 454 1645 482 in
1669 455 1730 483 eius
1753 456 1852 483 locum
1876 465 1990 491 sercre3
2020 460 2181 494 praeterea,

233 508 299 527 cum
324 497 398 525 dicit
420 496 517 524 locum
541 499 763 531 consecratum,
794 505 859 524 eum
883 506 960 532 esse,
985 507 1074 535 quem
1097 501 1126 525 et
1147 494 1251 536 βωμόν
1275 495 1448 533 Dionysius,
1473 501 1502 524 et
1524 497 1573 525 alii
1597 498 1697 526 Puteal
1721 498 1878 526 vocabant.
1922 498 2023 536 Neque
2045 503 2182 537 praeter-

232 540 407 570 mittendum
431 538 511 577 quod
535 538 590 574 ait,
623 537 730 566 multas
753 538 795 566 ibi
817 538 890 566 ficus
914 544 996 567 natas
1020 539 1125 568 fuisse:
1161 540 1334 578 Dionysium
1358 548 1418 566 non
1441 538 1575 575 ficetum,
1605 540 1657 568 sed
1681 540 1856 579 simpliciter
1877 538 1952 579 ὕλην
1975 542 2104 580 βαθεῖαν
2126 551 2182 570 vo·

233 593 325 619 casse,
349 582 434 610 cuius
459 580 550 610 verba
573 580 646 608 haec
670 585 740 608 sunt
764 591 801 610 ex
825 581 875 610 lib.
890 581 911 609 l.
935 580 1013 620 (pag.
1026 583 1077 613 65.
1101 592 1164 621 cap.
1181 583 1257 621 79.):
1284 578 1323 610 Ἡ
1341 580 1371 611 ὁὲ
1394 579 1519 611 λύκαινα
1544 579 1580 612 ου’
1602 581 1678 621 μάλα
1701 581 1899 623 ἀγριαίνουσα
1921 585 1980 613 τῶν
2003 579 2181 622 ἀνθρώπων

232 627 268 665 τῇ
289 622 449 664 προσόδῳ,
479 619 546 653 ἀλλ’
570 620 665 660 ὥσπερ
690 620 727 653 ἂν
750 622 912 663 χειρόηθης
935 621 1091 654 ἀποστᾶσα
1113 627 1171 654 τῶν
1192 626 1315 664 βρεφῶν
1338 621 1450 662 ἠρέμα,
1474 624 1523 654 καὶ
1547 623 1622 655 κατὰ
1645 626 1759 663 πολλὴν
1782 623 1904 665 ἀλογίαν
1926 627 1980 655 τοῦ
2002 628 2182 664 ποιμενικοῦ

233 665 340 705 ὁμίλου
363 664 461 706 ἀπῄει.
496 666 545 696 καὶ
567 661 605 703 ἦν
628 663 682 705 γάρ
706 678 749 701 τις
773 664 809 696 οὐ
835 664 911 696 πολύ
936 664 1054 705 ἀπέχων
1077 666 1155 705 ἱερὸς
1178 670 1272 706 χῶρος
1294 664 1348 704 ’ὕλῃ
1371 667 1483 708 βαθείᾳ
1505 665 1681 707 συνηρεφής
1703 673 1760 697 etc.
1800 669 1873 705 Lege
1898 668 2021 706 reliqua.
2066 668 2180 698 Ennius

233 720 354 749 quoque
385 719 453 737 cum
483 708 519 736 de
549 708 648 736 eadem
679 718 710 737 re
738 709 925 747 loqueretur,
963 719 1000 737 ex
1030 719 1088 748 quo
1117 710 1167 737 illa
1192 720 1243 738 sua
1267 709 1457 747 transcripsit
1481 710 1638 749 Dionysius
1661 721 1735 750 pene
1759 711 1798 740 ad
1820 710 1961 746 verbum,
1997 721 2056 739 non
2080 711 2177 747 aliter,

234 763 322 791 quam
346 752 450 780 silvam
473 756 562 779 vocat
588 751 694 779 Annali
717 753 812 790 primo
836 751 927 790 (apud
952 752 1027 781 Non.
1052 762 1116 791 pag.
1129 754 1201 784 378.
1224 762 1253 781 v.
1274 750 1463 791 Parumper):

808 800 981 830 Indutuetur
1003 801 1045 831 ibi
1066 801 1278 843 lupu'fimina
1302 803 1451 841 conspicio
1474 814 1582 832 amens.

807 843 892 872 Hinc
914 855 1046 884 campom
1070 844 1156 874 celeri
1175 857 1264 885 passu
1283 856 1434 884 permensa
1454 856 1610 884 parumper

812 885 938 916 Coniicit
960 888 990 916 in
1012 886 1115 916 silvam
1139 900 1204 917 sese.
1250 906 1287 910 —
1333 903 1375 908 —

232 936 316 972 Quae
337 946 428 975 pene,
457 940 490 964 ut
511 935 592 972 dixi,
623 937 833 976 interpretatus
856 942 900 965 est
920 938 1019 976 lingua
1042 949 1093 967 sua
1118 938 1283 977 Dionysius.
1328 938 1469 966 Ultimum
1492 943 1547 975 est,
1580 938 1660 977 quod
1684 938 1768 977 ponit
1790 938 1894 967 Festus
1917 938 2008 967 fatum
2032 938 2177 968 libertatis

232 980 282 1008 Po.
306 980 359 1007 Ro.
381 978 414 1007 in
437 989 468 1007 ea
491 977 549 1006 ficu
573 979 658 1008 situm
683 980 787 1014 fuisse,
819 979 908 1018 idque
931 981 1082 1020 aruspices
1108 987 1136 1009 et
1159 991 1256 1010 sacras
1278 985 1372 1009 sortes
1396 981 1601 1019 admonuisse,
1638 986 1798 1020 propterea
1822 981 1979 1019 diligenter
2002 981 2178 1010 subsereba-

230 1027 295 1057 tur,
320 1021 411 1057 adeo,
436 1026 469 1049 ut
492 1031 559 1049 cum
579 1022 753 1050 Neronianis
776 1022 957 1061 temporibus
981 1029 1170 1052 exarescente
1193 1029 1317 1057 trunco,
1342 1029 1370 1052 et
1391 1023 1516 1052 mortuis
1539 1023 1700 1052 ramalibus
1724 1024 1873 1052 deminuta
1898 1029 1991 1060 esset,
2014 1024 2081 1052 loco
2104 1034 2177 1062 por-

230 1065 303 1092 tenti
326 1063 458 1092 habitum
482 1063 520 1092 sit
543 1075 556 1092 a
582 1066 693 1104 populo
719 1066 800 1093 Rom.
824 1070 929 1094 auctor
953 1066 1107 1095 Cornelius
1129 1067 1257 1095 Tacitus.
1291 1066 1370 1094 Idem
1394 1066 1503 1102 fatum,
1530 1071 1581 1094 aut
1605 1066 1629 1094 ei
1655 1067 1825 1105 proximum
1849 1077 1915 1094 casa
1939 1067 2058 1095 Romuli
2081 1067 2177 1094 conti-

231 1107 294 1135 neri
317 1106 475 1145 putabant,
513 1117 600 1144 quam
623 1108 842 1145 diligentissima
866 1108 1085 1145 observatione,
1124 1114 1152 1138 et
1175 1109 1258 1137 anxia
1283 1109 1492 1147 superstitione
1517 1109 1704 1143 reficiebant,
1742 1119 1837 1147 neque
1867 1109 2002 1137 sinebant
2030 1114 2177 1146 vetustate

231 1149 349 1178 collabi.
394 1149 484 1177 Cuius
508 1150 594 1177 etiam
620 1150 713 1178 simile
744 1156 890 1188 nugantur
914 1151 1019 1180 Graeci
1048 1151 1084 1180 de
1114 1162 1186 1180 nave
1209 1151 1322 1181 Thesei.
1353 1150 1454 1181 Scal.
1499 1151 1542 1179 Ita
1565 1152 1711 1190 Scaliger,
1747 1152 1799 1181 sed
1827 1152 1902 1180 male
1930 1150 2020 1180 licum
2043 1151 2176 1188 Navium,

231 1202 305 1230 quae
328 1192 357 1220 in
382 1191 519 1227 comitio,
552 1202 609 1220 non
634 1193 790 1230 distinguit
814 1205 828 1221 a
853 1193 910 1221 sicu
932 1195 1078 1223 Ruminali
1103 1194 1157 1223 sub
1182 1204 1238 1233 qua
1263 1193 1428 1222 infantibus
1451 1194 1521 1233 lupa
1543 1195 1679 1233 praebuit
1703 1195 1836 1223 Rumam.
1882 1194 2000 1222 Certum
2023 1194 2100 1222 enim
2121 1197 2176 1231 est,

230 1233 318 1262 sicum
342 1234 463 1262 Navi-am
487 1233 517 1261 in
542 1235 661 1263 comitio
685 1246 747 1263 non
771 1236 875 1273 fuisse,
900 1241 1055 1275 antequam
1077 1238 1155 1265 Attio
1180 1237 1273 1265 Navio
1298 1246 1410 1274 augure
1432 1237 1473 1264 ibi
1499 1238 1722 1266 transseminata
1745 1242 1828 1265 esset.
1872 1237 1996 1265 Necesse
2018 1241 2062 1265 est
2084 1236 2177 1274 igitur

230 1277 377 1305 diversam
401 1277 491 1305 fuisse
515 1277 550 1304 ab
574 1278 664 1306 altera
690 1279 853 1314 Ruminali,
894 1279 970 1307 unde
1002 1280 1030 1307 in
1055 1280 1206 1308 comitium
1230 1280 1382 1309 translata.
1427 1279 1463 1307 Et
1484 1279 1525 1307 ita
1548 1284 1606 1316 est,
1645 1280 1741 1309 suerat
1764 1279 1841 1308 enim
1863 1279 1936 1307 sicus
1961 1278 2122 1307 Ruminalis
2144 1279 2176 1307 in

231 1319 377 1347 Germalo.
424 1319 507 1347 Varr.
532 1320 643 1351 lib.IV.
668 1320 705 1348 de
730 1322 758 1350 L.
781 1322 811 1350 L.
835 1323 915 1359 (pag.
929 1324 979 1352 60.
1003 1323 1086 1361 Sp.):
1129 1321 1295 1351 Germalum
1319 1332 1337 1349 a
1365 1319 1517 1350 Germanis
1544 1320 1677 1351 Romulo
1706 1333 1743 1351 ac
1766 1320 1876 1359 Remo,
1913 1320 1992 1362 quod
2019 1319 2061 1349 acl
2076 1322 2175 1360 ficum

229 1360 432 1398 Ruminalem,
456 1369 480 1389 ei
504 1360 534 1390 Izi
556 1363 677 1398 inventi,
701 1374 758 1403 quo
780 1375 859 1403 aqua
881 1363 1000 1392 hiberna
1030 1364 1140 1393 Tiberis
1162 1376 1210 1393 eos
1232 1362 1373 1392 detulerat
1396 1364 1556 1402 expositos.
1599 1365 1770 1393 Cermalum
1793 1369 1890 1393 autem
1914 1374 2010 1403 prope
2032 1364 2175 1402 palatium

229 1403 319 1432 fuisse
347 1409 448 1432 notum
477 1408 536 1440 est,
574 1404 605 1432 in
635 1406 699 1443 ripa
722 1405 851 1441 Tiberis,
889 1407 938 1434 ubi
966 1408 1052 1434 etiam
1075 1417 1127 1435 sua
1151 1412 1246 1435 aetate
1269 1406 1359 1435 ficum
1382 1405 1567 1434 Ruminalem
1590 1407 1725 1435 extitisse
1748 1411 1848 1434 narrat
1869 1406 1936 1437 Liv.
1960 1406 2010 1434 lib.
2025 1406 2043 1434 l.
2068 1407 2175 1444 (c.6.):

229 1444 265 1473 In
286 1447 447 1485 proxima,
478 1446 592 1484 inquit,
624 1447 732 1476 alluvie
754 1447 804 1476 ubi
826 1460 902 1477 nunc
914 1449 997 1489 ficus
1020 1448 1190 1478 Ruminalis
1212 1457 1261 1479 est.
1306 1448 1375 1477 Fuit
1396 1448 1487 1486 igitur
1509 1448 1596 1486 longe
1619 1460 1634 1476 a
1659 1449 1780 1477 comitio
1803 1448 1875 1476 ficus
1898 1448 2071 1476 Ruminalis.
2116 1447 2173 1477 Sed

229 1487 301 1516 licus
324 1488 374 1516 illa
398 1488 490 1516 Navia
515 1499 590 1527 quae
614 1490 644 1517 in
668 1490 811 1525 Comitio,
847 1491 1010 1520 Ruminalis
1039 1493 1124 1520 etiam
1154 1492 1232 1520 dicta
1263 1491 1298 1519 ab
1327 1491 1379 1519 illa
1408 1491 1500 1519 altera
1524 1491 1672 1519 Ruminali
1696 1502 1771 1530 quae
1794 1491 1826 1519 in
1849 1491 1996 1519 Germalo.
2040 1490 2173 1529 Scalige-

227 1540 293 1558 rum
317 1530 423 1558 fefellit
447 1530 496 1558 hic
524 1532 610 1559 locus
633 1532 711 1560 Festi
734 1538 763 1560 et
786 1533 859 1561 alter
882 1534 983 1569 Plinii,
1023 1539 1147 1572 uterque
1177 1534 1252 1562 male
1281 1533 1462 1562 intellectus.
1507 1532 1581 1562 Vide
1603 1534 1778 1565 Ruminalis.
1823 1533 1865 1562 De
1891 1532 1950 1561 ficu
1971 1532 2064 1561 Navia
2087 1537 2115 1562 et
2136 1533 2173 1562 de

227 1572 293 1600 loco
316 1573 405 1601 Plinii
429 1573 584 1602 adeundus
608 1574 768 1603 Salmasius
791 1575 821 1602 iu
842 1576 934 1604 Solin.
966 1576 1033 1603 Eius
1058 1576 1145 1604 verba
1170 1576 1240 1604 olim
1261 1575 1322 1604 huc
1345 1576 1455 1604 referre
1478 1575 1693 1613 cogitaveram,
1718 1576 1787 1615 quia
1809 1576 1901 1604 multa
1923 1575 1972 1604 hic
1995 1575 2073 1613 vidi,
2097 1585 2174 1614 quae

227 1619 255 1643 et
276 1615 339 1654 ipse
363 1615 477 1644 viderat
499 1616 599 1654 prior,
635 1617 687 1645 sed
710 1618 772 1644 eius
796 1617 966 1646 dissertatio
989 1618 1079 1656 paulo
1104 1619 1233 1656 longior,
1267 1628 1359 1656 quare
1382 1618 1472 1645 satius
1497 1623 1556 1653 est,
1590 1622 1617 1646 te
1641 1618 1678 1646 ad
1700 1619 1845 1655 integrum
1870 1618 1980 1646 sontem
2003 1618 2172 1654 remittere3

227 1657 273 1685 adi
291 1668 320 1697 p.
335 1659 426 1689 1137.
443 1661 498 1686 etc.
514 1658 600 1687 Dac.
631 1657 691 1687 Sub
717 1657 812 1688 locum
836 1667 1047 1691 consecratum.
1075 1660 1130 1688 Hic
1154 1661 1240 1689 etiam
1263 1661 1356 1688 salsus
1380 1665 1423 1688 est
1439 1660 1585 1697 Scaliger,
1609 1661 1659 1699 qui
1684 1660 1787 1689 scribit
1807 1658 1909 1699 puteal
1928 1659 2080 1697 additum,
2104 1660 2172 1698 quia

227 1699 265 1727 ibi
290 1704 398 1739 puteus
420 1705 498 1736 erat,
532 1701 582 1738 qui
606 1700 642 1729 de
666 1702 748 1730 coelo
770 1706 877 1730 tactus.
922 1701 1028 1731 Puteal
1057 1703 1106 1731 hic
1138 1702 1212 1731 nihil
1242 1703 1322 1731 aliud
1352 1707 1396 1731 est
1419 1713 1509 1741 quam
1532 1713 1583 1731 ara
1607 1703 1680 1741 ipsa.
1726 1703 1881 1741 Dionysius
1905 1699 1965 1732 ὑπὸ
1987 1703 2080 1743 βωμῷ
2101 1703 2170 1740 τινὶ,

226 1742 279 1770 sub
302 1752 353 1770 ara
377 1742 506 1780 quadam
528 1743 674 1772 defossam
698 1745 875 1772 novaculam
903 1749 1039 1774 testatur.
1086 1745 1168 1774 Unde
1191 1746 1295 1774 Festus
1324 1744 1450 1784 optime:
1487 1744 1539 1773 sub
1571 1744 1668 1774 locum
1698 1752 1908 1774 consecratum.
1951 1745 2051 1781 Solus,
2088 1744 2169 1785 quod

227 1785 328 1821 sciam,
353 1785 465 1813 Plinius
487 1796 600 1814 sacram
623 1785 710 1814 ficum
735 1787 804 1815 sacit
828 1787 998 1825 fulguribus
1021 1787 1062 1816 ibi
1086 1788 1230 1824 conditis,
1254 1788 1305 1817 sed
1330 1788 1376 1816 vel
1400 1788 1473 1816 mire
1496 1787 1601 1823 fallor,
1625 1788 1672 1816 vel
1696 1788 1751 1816 alia
1774 1797 1855 1816 mens
1874 1787 1967 1815 Plinio
1990 1787 2062 1824 suit,
2086 1787 2173 1816 cuius

227 1826 314 1854 verba
337 1827 377 1855 sic
400 1827 586 1865 insolubilia,
623 1828 661 1857 ita
686 1829 761 1858 sorte
784 1830 972 1868 corrigenda:
1011 1828 1125 1860 Colitur
1136 1831 1219 1871 ficus
1241 1829 1330 1859 orbor
1352 1831 1382 1858 in
1394 1829 1472 1871 foro
1494 1830 1557 1869 ipso
1583 1828 1728 1866 Rumina,
1759 1837 1818 1859 iam
1841 1840 1928 1858 sacra
1952 1841 2039 1870 quam
2052 1828 2171 1870 fulgu-

229 1866 305 1895 ribus
333 1868 374 1897 ibi
402 1869 539 1901 conditis.
580 1871 647 1899 Non
676 1871 748 1899 dicit
772 1872 883 1900 Plinius
913 1872 1000 1900 ficum
1032 1883 1145 1901 sacram
1175 1873 1262 1901 fuisse
1292 1872 1460 1910 fulguribus
1488 1872 1529 1900 ibi
1559 1872 1705 1905 conditis,
1742 1872 1795 1901 sed
1823 1877 1963 1911 tanquam
1987 1871 2028 1900 ibi
2052 1871 2170 1910 fulgura

229 1907 347 1938 fuissent
369 1912 504 1950 condita,
541 1913 645 1952 quibus
669 1914 768 1942 verbis
790 1915 887 1943 innuit
910 1915 1011 1953 puteal
1034 1917 1095 1944 sive
1118 1926 1199 1944 aram
1227 1915 1414 1954 impositam,
1451 1919 1483 1943 ut
1513 1915 1586 1943 locis
1615 1915 1765 1953 fulguritis
1793 1914 1916 1944 solebat.
1960 1912 2054 1944 Aliae
2080 1914 2110 1942 ἰη
2138 1925 2171 1943 eo

228 1948 293 1978 loco
321 1953 479 1992 complures
495 1956 580 1995 ficus
608 1963 707 1985 essent.
751 1957 822 1986 Ideo
853 1958 942 1986 altam
972 1958 1075 1986 silvam
1107 1962 1194 1986 vocat
1218 1958 1340 1996 Dionys.
1365 1957 1414 1985 lib.
1428 1957 1450 1986 l.
1474 1958 1549 1996 (pag.
1563 1958 1615 1988 65.
1640 1958 1794 1996 cap.79.):
1832 1957 1894 1987 Καὶ
1921 1952 1960 1995 ἦν
1989 1954 2043 1998 γάρ
2067 1968 2111 1993 τις
2133 1952 2170 1987 οὔ

227 1989 300 2022 πολὺ
328 1990 442 2033 ἆπέχων
472 1996 551 2036 ἱερὸς
580 2000 674 2037 χῶρος
700 1996 757 2041 ῧλῃ
787 2000 898 2041 βαθείᾳ
928 1997 1113 2040 συνηρεφής.
1158 2001 1270 2028 Ennius
1301 2010 1420 2039 quoque
1451 2009 1518 2028 cum
1549 2000 1585 2029 de
1609 2010 1642 2028 ea
1664 2010 1695 2028 re
1718 1999 1905 2038 loqueretur,
1944 1998 2022 2028 unde
2045 1998 2095 2027 illa
2117 2008 2169 2027 sua

227 2035 412 2072 transcripsit
435 2038 590 2078 Dionysius
613 2051 690 2080 pene
714 2042 751 2071 ad
774 2042 916 2079 verbum,
941 2053 999 2071 non
1023 2043 1109 2072 aliter
1133 2053 1219 2082 quam
1244 2043 1348 2071 silvam
1373 2047 1475 2077 vocat3
1507 2042 1610 2070 Annal.
1625 2042 1646 2072 l.
1671 2043 1761 2082 (apud
1786 2042 1913 2071 Nouium
1937 2053 1965 2080 p.
1979 2043 2049 2073 378.
2071 2041 2137 2078 M.):

795 2091 977 2122 Endoiuetur
999 2092 1041 2122 ibi
1063 2092 1143 2132 lupu'
1157 2094 1278 2135 fimina
1302 2093 1450 2133 conspicio
1473 2105 1596 2122 amnem.

796 2134 880 2164 Hinc
901 2147 1035 2175 campum
1059 2135 1145 2166 celeri
1164 2148 1253 2176 passu
1266 2147 1417 2176 permensa
1435 2147 1592 2176 parumper

255 2215 261 2221 ·
799 2175 925 2206 Coniicit
948 2179 977 2207 in
1000 2177 1104 2207 silvam
1127 2191 1195 2208 sese.

224 2214 280 2244 ch
301 2216 410 2245 iterum
433 2223 514 2247 errat
535 2220 677 2259 Scaliger,
713 2228 764 2263 qui
788 2229 958 2266 complures
981 2229 1046 2257 illas
1069 2228 1143 2258 ficus
1165 2239 1201 2258 ex
1224 2229 1280 2258 ficu
1304 2229 1396 2258 Navia
1420 2232 1597 2267 propagatas
1620 2227 1779 2256 confundit
1801 2237 1868 2256 cum
1892 2227 1968 2256 silva
1988 2227 2058 2263 illa,
2091 2235 2166 2265 quae

222 2268 314 2297 prope
336 2259 425 2307 ficum
448 2261 632 2292 Ruminalem
654 2267 685 2293 in
709 2268 846 2298 Germalo
869 2271 951 2299 iuxta
974 2272 1112 2303 Tiberim.
1159 2272 1199 2301 De
1222 2273 1277 2301 ista
1306 2273 1384 2302 enim
1406 2270 1617 2309 intelligendus
1639 2271 1724 2299 locus
1747 2269 1896 2309 Dionysii,
1934 2269 1986 2308 qui
2009 2279 2071 2299 eam
2094 2268 2164 2298 Pani

222 2310 336 2330 sacram
359 2302 448 2339 dicit,
472 2308 502 2331 ut
525 2309 554 2332 et
576 2305 625 2333 ille
648 2307 721 2336 alter
743 2311 838 2341 Ennii.
883 2313 937 2341 Da
948 2325 972 2343 c.

382 2351 540 2382 Nausoit
563 2366 639 2384 cum
659 2367 821 2394 granum.
867 2363 1004 2399 Nauscit,
1029 2365 1111 2401 quasi
1135 2366 1279 2401 navescit,
1308 2365 1372 2394 sive
1394 2365 1536 2399 renitescit,
1559 2363 1590 2391 in
1614 2363 1698 2391 navis
1720 2363 1845 2392 formam
1867 2372 1930 2392 sese
1953 2361 2058 2400 aperit.
2099 2360 2161 2389 Nisi

217 2393 327 2465 {3¹:251
342 2393 684 2469 Ῑεὲθηέἃιιιὶῗοηαιιέἵὲᾗε
708 2402 811 2438 nauci,
846 2405 926 2441 quod
950 2411 994 2434 est
1016 2406 1100 2435 fabae
1123 2406 1234 2443 hilum,
1271 2408 1333 2437 sive
1356 2407 1439 2436 fabae
1463 2416 1587 2445 granum
1613 2415 1680 2434 cum
1703 2415 1734 2434 se
1756 2406 1860 2444 aperit.
1883 2404 1972 2433 Dac.
2014 2401 2070 2431 Fit.
2107 2403 2160 2433 Sit.
