2263 2668
525 150 589 184 DE
621 148 1006 185 SIGNIFICATIONE
1033 146 1315 184 VERBORUM.
1375 150 1519 186 LIBER
1542 151 1599 186 IV.
1955 154 2028 189 401

250 241 466 272 Denicales.
510 242 535 271 A
559 254 632 280 nex,
656 254 742 281 nece,
765 243 844 273 unde
867 242 981 272 deneco.
1014 240 1095 269 Unde
1119 240 1272 272 denicales.
1308 244 1368 273 Cic.
1386 244 1421 274 Il.
1447 244 1482 274 de
1507 245 1589 283 Legg.
1614 243 1705 283 (22.):
1729 244 1790 274 Nec
1811 257 1876 275 vero
1900 254 1959 276 iam
1984 246 2030 277 de.

86 284 214 323 nicales‚
237 297 310 326 quae
333 296 350 313 a
375 297 441 314 nece
462 285 626 325 appellatae
648 294 714 315 suni
738 288 807 327 quia
830 284 988 315 residentur
1009 285 1133 321 mortui,
1160 296 1247 325 quam
1272 293 1449 315 cuein-orum
1471 286 1636 316 caelestium
1660 288 1749 327 quieti
1771 286 1845 325 dies,
1864 288 1959 329 feriae
1981 302 2031 320 no-

87 330 283 365 minarentur,
317 329 374 356 nisi
400 328 524 356 maiores
552 339 599 357 eos
629 330 679 369 qui
707 340 747 358 ex
769 329 826 358 hac
846 329 907 356 viia
930 327 1110 365 migrassent.
1132 327 1163 355 in
1185 329 1316 357 Deorum
1340 340 1457 358 numero
1480 341 1538 358 esse
1558 328 1721 359 voluissent.
1768 329 1827 359 Eas
1849 332 1879 359 in
1902 343 1949 360 eos
1971 331 2032 362 dies

87 370 221 410 conferre
242 372 286 399 ius
309 369 413 410 quibus
436 381 524 410 neque
548 371 654 409 ipsius,
693 383 782 410 neque
801 369 937 410 publicae
957 369 1052 407 feriae
1074 376 1147 397 sunt.
1193 371 1335 399 Cotumcl.
1359 372 1407 399 lib.
1421 372 1465 408 ll,
1495 382 1556 411 cap.
1581 371 1650 402 ult:
1686 371 1749 401 Nos
1775 372 1854 411 apud
1878 373 2032 414 Ponifices

89 412 210 453 legimus
235 412 320 452 feriis
349 419 462 440 rantum
492 411 676 442 denicalibus
705 412 800 442 mulos
822 414 937 452 iungere
959 422 1016 441 non
1039 409 1139 448 licere,
1170 414 1289 441 caeteris
1312 413 1406 443 licere.
1431 414 1483 443 Da
1493 425 1517 443 c.
1557 415 1725 443 Deneeales.
1764 415 1848 445 Adde
1870 416 1944 444 infra
1969 417 2032 446 Pri-

89 455 297 484 vatae.feriae.
345 453 446 483 Goth.

254 498 477 525 Deminuius
507 497 641 535 capite.
687 497 799 536 Capitis
821 497 938 526 nomine
959 500 1076 524 veteres
1098 496 1233 534 pericula
1256 496 1415 534 libertatis,
1448 498 1597 535 civitatis,
1630 499 1776 536 familiae,
1808 500 1885 529 vitae
1909 501 2033 540 denique

90 545 120 569 et
142 540 369 569 existimationis
397 539 607 576 significabant.
652 541 701 568 Sic
724 539 848 569 diminui
870 539 964 579 capite
985 538 1138 567 dicebatur
1161 539 1185 567 is
1206 540 1256 577 qui
1280 540 1407 568 civitatis
1430 541 1477 569 vel
1500 541 1627 570 familiae
1649 542 1694 570 ius
1717 542 1852 571 amiserat
1875 544 1921 572 vel
1944 545 2034 573 alicui

90 593 147 622 pro
170 593 256 612 servo
280 582 407 611 traditus
429 582 543 618 fuerat,
568 592 635 610 cum
660 583 734 611 liber
758 587 834 611 esset
857 582 902 610 vel
926 581 1051 619 denique
1075 581 1123 609 cui
1145 582 1205 610 vita
1227 582 1419 611 interdictum
1443 584 1548 612 suerat.
1592 585 1629 613 Et
1652 584 1694 613 sic
1718 584 1814 613 tribus
1838 587 1932 614 modis
1955 588 2033 615 acci-

91 625 182 654 debat
205 625 310 664 capitis
333 624 505 660 diminuti03
537 635 604 653 cum
628 625 705 654 enim
729 625 835 663 aliquis
858 634 925 652 cum
947 624 1083 652 libertate
1107 624 1255 652 civitatem
1279 625 1432 661 amiserat,
1456 630 1491 654 ut
1513 626 1607 662 servi,
1630 627 1738 664 ingrati
1760 627 1874 663 liberti,
1901 639 1931 656 ea
1955 629 2035 659 ‹lice-

91 668 180 696 batur
202 667 329 696 maxima
354 668 459 705 capitis
482 667 648 695 diminutio.
694 669 730 696 Et
753 678 819 696 cum
843 667 991 695 civitatem
1011 671 1124 695 tantum
1149 667 1316 703 amittebat,
1354 667 1520 697 libertatem
1544 669 1687 705 retinens,
1723 674 1755 698 ut
1777 670 1807 698 in
1830 670 1955 699 insulam
1980 672 2035 700 de-

91 711 219 749 portati,
249 719 323 747 aqua
347 714 376 738 et
397 709 464 747 igne
485 709 651 746 interdicti,
683 720 716 738 ea
741 711 836 738 minor
859 711 921 739 sive
943 709 1035 738 media
1059 708 1213 737 dicebatur
1236 710 1344 748 capitis
1367 709 1533 740 diminutio.
1578 712 1650 740 Cum
1674 721 1746 740 vero
1768 711 1896 741 hominis
1919 718 2035 742 tantum

93 757 188 782 status
211 752 395 787 mutabatur,
428 757 600 780 conservata
625 752 758 788 civitate,
788 757 816 781 et
839 752 972 781 libertate
994 756 1122 788 retenta,
1154 757 1186 780 ut
1208 752 1238 780 in
1261 753 1326 781 aliis
1347 753 1473 788 accidit,
1504 753 1554 792 qui
1577 764 1643 782 cum
1667 755 1712 782 sui
1735 755 1809 783 iuris
1833 760 1945 793 essent,
1973 767 2036 786 sese

92 796 124 824 in
147 795 335 834 adoptionem
359 794 504 823 dederunt
527 799 577 823 aut
600 800 704 823 contra
729 795 778 833 qui
802 795 896 823 alieno
920 795 977 823 iuri
1000 794 1151 823 subiectus
1174 800 1253 831 erat,
1290 795 1334 824 sui
1358 795 1432 824 iuris
1462 796 1556 824 sactus
1581 802 1638 832 est,
1674 802 1735 825 tum
1759 807 1789 825 ea
1814 797 1933 826 minima
1956 799 2037 828 dice-

93 838 181 867 batur
204 838 310 876 capitis
333 837 497 865 diminutio.
532 838 567 865 Et
589 837 660 866 haec
682 838 778 866 omnia
802 837 905 876 paucis
927 842 1098 876 persecutus
1122 842 1162 865 est
1186 838 1297 866 Festus.
1331 838 1364 866 In
1389 849 1422 866 eo
1445 843 1542 867 tamen
1566 839 1678 876 aliquid
1701 839 1917 878 reprehenda33
1941 851 2037 880 neque

94 881 172 909 enim
197 880 316 909 omnino
338 889 442 908 verum
465 885 508 908 est
531 890 581 908 eos
605 880 655 918 qui
677 881 707 908 in
730 880 861 908 hostium
883 884 1057 919 potestatem
1079 885 1241 916 venerunt,
1281 882 1343 919 pati
1366 881 1470 919 capitis
1495 881 1738 918 diminutionem,
1775 883 1889 911 scilicet
1912 888 2037 922 propter

94 934 175 962 spem
199 922 373 962 postliminii
397 933 456 961 quo
478 923 680 951 restituuntur
702 923 731 951 in
754 923 916 960 integrum,
952 922 1031 952 unde
1056 927 1085 951 et
1106 922 1136 951 in
1161 923 1259 951 edicto
1284 923 1319 951 de
1343 923 1503 952 maioribus
1525 924 1554 952 in
1577 924 1680 962 integr.
1705 929 1773 954 rest.
1798 926 1925 954 servitus
1947 937 2037 966 sepa-

95 971 180 994 ratur
202 965 238 993 ab
262 964 391 993 hostium
414 970 568 1004 potestate.
593 965 680 994 Dac.
726 965 758 994 V.
782 966 914 994 Titulum
935 965 966 995 ff.
990 965 1026 994 de
1050 965 1145 1004 capite
1169 965 1299 996 minutis.
1346 964 1450 995 Goth.

258 1006 499 1036 Dividicula.
547 1006 676 1036 Castella
699 1012 783 1036 erant
805 1009 886 1045 loca,
922 1018 998 1047 quae
1021 1018 1126 1046 aquam
1150 1008 1299 1047 publicam
1321 1009 1507 1047 recipiebant
1530 1013 1558 1037 et
1581 1009 1611 1036 in
1635 1008 1714 1036 varia
1737 1009 1804 1037 loca
1827 1010 2038 1048 immittebant,

95 1049 175 1078 unde
198 1060 213 1078 a
237 1048 393 1078 dividendo
415 1048 577 1078 dividicula
601 1050 689 1079 dicta.
713 1050 801 1080 Dae.
845 1051 986 1089 Hesych.:
1022 1049 1201 1086 Κάστελλος,
1231 1049 1327 1089 ὄνομα
1349 1049 1442 1081 τόπου
1466 1052 1635 1091 μερίζοντος
1657 1050 1689 1081 τὸ
1713 1048 1802 1091 ὕδωρ.
1831 1051 1935 1082 Goth.
1981 1051 2040 1082 Ca-

95 1091 191 1121 stella.
216 1093 245 1120 L.
262 1094 309 1124 19.
324 1092 352 1121 ff.
377 1092 412 1120 de
441 1093 541 1120 servit.
571 1092 635 1121 urb.
659 1093 678 1121 l.
696 1095 721 1124 1.
747 1095 769 1130 §.
783 1095 832 1124 39.
847 1093 876 1122 ff.
900 1094 936 1123 de
965 1103 1041 1132 aqua
1073 1093 1259 1132 quotidiana„
1298 1103 1373 1132 quae
1404 1099 1431 1122 et
1461 1094 1581 1122 castelli.
1604 1093 1687 1124 1.41.
1712 1095 1734 1130 §.
1751 1094 1820 1125 Lff.
1844 1094 1879 1122 de
1910 1095 1997 1133 legat.
2012 1098 2039 1127 1.

96 1135 271 1183 plerumque
301 1144 339 1162 ex
369 1135 491 1172 plumbo
521 1135 638 1165 fiebant.
663 1135 681 1164 l.
696 1138 745 1166 17.
769 1137 793 1173 §.
806 1138 835 1167 8.
859 1137 879 1165 l.
891 1138 940 1168 38.
966 1136 1076 1174 §.2.ff.
1101 1137 1136 1165 de
1166 1141 1220 1166 act.
1253 1141 1361 1176 empt0.
1392 1135 1505 1166 Idem.
1551 1135 1639 1166 Goth.
1670 1136 1740 1174 legit
1770 1135 1898 1166 castella
1927 1137 2040 1178 quibu,

97 1187 202 1206 omlssa
225 1188 265 1205 ex
290 1187 426 1215 praepos.

261 1220 410 1256 Defrui.
455 1218 529 1247 Vide
551 1217 676 1248 deuotio.
719 1219 806 1250 Dac.

260 1260 467 1290 Dividiam.
510 1260 645 1292 Dividia.
681 1262 817 1291 Glossae:
844 1261 989 1301 Dividia‚
1013 1261 1154 1302 διχόνοια.
1184 1263 1259 1293 Vide
1283 1264 1511 1293 Coniectaneum
1534 1263 1655 1292 tertium
1681 1262 1721 1302 (p.
1740 1261 1915 1302 130.131.).
1941 1261 2042 1292 Scal.

100 1303 292 1333 Discordiam.
328 1304 426 1332 Attius
449 1303 631 1333 Phoenissis:

672 1345 718 1375 Ne
743 1346 845 1376 horum
868 1346 998 1376 dividiae
1020 1346 1168 1377 discordes
1192 1347 1341 1390 dissipent,

674 1389 848 1418 Disturbent
871 1398 969 1419 tantas
989 1398 1014 1419 ei
1037 1398 1097 1418 iam
1121 1391 1247 1431 optimas

682 1431 793 1460 Civium
819 1432 946 1462 divitias.

99 1473 192 1509 Quem
221 1473 321 1501 locum
351 1473 476 1502 afferens
503 1473 616 1503 Nonius
644 1475 778 1503 similiter
809 1474 938 1505 dividias
967 1475 1165 1505 dissensiones
1193 1476 1417 1516 interpretatur.
1461 1475 1613 1514 Significat
1642 1475 1727 1504 etiam
1751 1473 1863 1503 dividia
1887 1473 2044 1510 tristitiam,

99 1516 237 1545 taedium.
280 1516 376 1545 Plaut.
398 1515 507 1545 Bacch.
522 1517 578 1554 lv,
602 1519 631 1547 6.
656 1516 765 1554 (init.):

674 1559 775 1588 Nimio
797 1557 884 1588 illaec
907 1570 950 1587 res
973 1566 1013 1588 est
1036 1571 1160 1599 magnae
1183 1559 1312 1589 dividiae
1333 1559 1414 1590 mihi.

102 1600 175 1629 Vide
197 1600 281 1630 Varr.
303 1600 354 1628 lib.
367 1600 414 1629 VI.
438 1599 522 1638 (VH,
544 1600 657 1638 p-343.
681 1600 754 1640 Sp.).
779 1600 865 1630 Dae.
905 1601 979 1630 Vide
1002 1602 1130 1631 Nonium
1154 1601 1310 1638 Dividiae,
1342 1600 1483 1630 Dividiae
1506 1607 1534 1630 et
1556 1599 1686 1630 Dividos
1710 1603 1789 1639 (pag.
1803 1602 1853 1632 96.
1881 1602 1950 1632 101.
1975 1600 2045 1633 564.

103 1643 217 1680 Merc.).
262 1642 374 1670 Glossis
398 1641 523 1671 Dividia
547 1639 689 1681 διχόνοια.
740 1642 843 1671 Goth.

265 1686 464 1713 Deversus.
508 1686 557 1712 De
578 1685 721 1722 significat
742 1686 839 1722 infra,
867 1690 897 1713 et
919 1686 1082 1724 opponitur
1104 1687 1145 1726 τῷ
1166 1696 1214 1713 sus
1238 1686 1318 1723 quod
1341 1685 1486 1724 significat
1509 1697 1611 1724 supra,
1642 1696 1763 1714 sursum.
1810 1684 1864 1712 Da
1874 1695 1898 1714 c.

268 1727 463 1766 Deinceps,
509 1728 533 1755 A
548 1728 627 1755 Dein
651 1733 679 1756 et
701 1725 859 1767 capiendo,
883 1732 911 1756 et
934 1728 1077 1766 significat
1100 1728 1150 1768 qui
1172 1727 1275 1756 deinde
1298 1729 1395 1767 capit,
1418 1733 1447 1757 et
1469 1727 1549 1768 quod
1571 1726 1674 1756 deinde
1697 1734 1813 1766 captum
1830 1734 1880 1755 esi.
1912 1726 1951 1754 Ut
1967 1728 2050 1764 prin-

105 1779 190 1808 cePS‚
212 1768 260 1806 qui
285 1769 396 1807 primus
420 1770 497 1808 cepit
520 1774 548 1797 et
571 1770 620 1808 qui
640 1770 756 1809 primus
778 1775 882 1809 captus
907 1775 957 1799 est.
989 1771 1024 1799 Et
1047 1770 1195 1808 cleincepS,
1221 1775 1252 1798 ut
1270 1772 1406 1809 princeps
1429 1781 1482 1809 per
1504 1771 1640 1808 obliquos
1666 1774 1778 1797 veteres
1803 1769 1972 1798 efferebant.
2002 1769 2050 1797 Sic

105 1811 249 1851 Apuleius
272 1811 348 1839 dixit
371 1810 501 1850 deinc-ipe
523 1811 569 1840 die
591 1817 618 1840 et
642 1811 801 1851 deincipem
825 1824 990 1843 sermonem.
1028 1813 1102 1842 Vide
1126 1813 1245 1851 iignum.
1269 1813 1356 1842 Dae.
1403 1813 1443 1841 Cf.
1468 1813 1557 1851 paulo
1582 1813 1657 1840 infra
1681 1812 1863 1850 Deincipem.

269 1855 375 1882 Deus.
420 1855 483 1882 Non
509 1855 589 1883 solus
613 1859 656 1883 est
679 1856 797 1892 Festus,
838 1856 887 1893 qui
913 1856 960 1884 vel
984 1867 999 1884 a
1024 1855 1094 1884 dare
1117 1856 1164 1883 vel
1189 1866 1202 1882 a
1228 1854 1326 1883 desum
1350 1855 1397 1883 vel
1422 1856 1510 1883 etiam
1535 1866 1549 1882 a
1575 1856 1656 1890 δέος,
1693 1862 1801 1887 metus,
1838 1855 1938 1889 rimor,
1969 1853 2050 1880 Deus

105 1896 241 1926 deducat.
270 1896 342 1924 Nam
366 1901 394 1924 et
414 1897 491 1925 idem
516 1898 608 1925 multi.
642 1898 698 1926 Sed
719 1899 792 1925 Dens
816 1902 859 1926 est
883 1909 898 1926 a
923 1899 1036 1927 Graeco
1058 1897 1147 1933 θεὸς,
1171 1901 1194 1927 θ
1216 1897 1245 1925 in
1270 1900 1302 1933 ὂ,
1327 1902 1358 1925 ut
1381 1908 1395 1926 a
1419 1898 1522 1936 πέρθω
1544 1895 1643 1936 perclo.
1677 1897 1730 1925 Vel
1756 1897 1852 1933 potius
1876 1895 1911 1923 ab
1929 1894 2050 1923 Aeolico

107 1937 189 1975 ὃεὺς,
215 1943 248 1966 ut
271 1938 316 1967 Fr.
340 1938 423 1967 Iunio
447 1939 569 1978 placuit.
611 1939 688 1975 Δεὸς
711 1945 807 1969 autem
833 1951 894 1968 sive
917 1938 989 1976 θεὸς
1012 1941 1059 1968 vel
1084 1953 1098 1968 a
1121 1940 1198 1976 θέω,
1223 1950 1322 1973 curro,
1348 1940 1413 1978 quia
1438 1940 1552 1977 antiqui
1577 1940 1620 1967 sic
1644 1939 1785 1967 dixerunt
1809 1938 1902 1966 sidera
1925 1941 1954 1965 et
1977 1936 2051 1965 stel-

106 1982 165 2016 las,
190 1980 268 2018 quod
293 1991 406 2019 semper
429 1982 459 2009 in
483 1992 570 2010 cursu
594 1987 698 2011 essent.
742 1983 813 2011 Vide
836 1983 967 2011 Macrob.
992 1983 1041 2011 lib.
1056 1983 1077 2011 Ι.
1101 1985 1161 2012 Sat.
1186 1985 1274 2013 c.23.
1317 1983 1367 2010 Vel
1392 1983 1428 2010 ab
1452 1982 1583 2010 Hebraeo
1608 1980 1660 2010 clai
1681 1981 1712 2009 id
1738 1985 1780 2009 est
1803 1980 1948 2021 sufficere,
1973 1978 2050 2006 unde

106 2022 250 2058 shadai,
287 2023 366 2060 quod
396 2025 475 2052 solus
502 2025 575 2053 Deus
603 2025 738 2053 sufficiat.
784 2025 837 2053 Vel
870 2025 968 2063 potius
998 2026 1033 2053 ab
1057 2025 1201 2063 Aegyptio
1226 2025 1364 2053 Mercurii
1392 2025 1510 2053 nomine
1540 2024 1632 2064 'J'lzoyt
1656 2026 1718 2052 sive
1745 2021 1835 2051 Theut
1859 2022 1919 2050 sive
1947 2020 2050 2052 ΊῚιοιΙι.

108 2065 196 2095 Dac.
225 2066 330 2102 Nugae.
368 2067 449 2095 Deus
471 2078 485 2094 a
510 2068 658 2095 Sanscrita
683 2077 710 2097 v.
734 2069 812 2103 Diu,
838 2067 917 2096 unde
942 2066 1028 2096 dei-as
1048 2069 1138 2095 Deus.
1169 2068 1211 2096 Cf.
1233 2078 1308 2105 quae
1332 2067 1368 2095 ad
1393 2078 1439 2096 vv.
1464 2069 1558 2095 Dium
1582 2071 1610 2094 et
1632 2067 1705 2094 Dies
1727 2064 1900 2093 notavimus.

271 2109 391 2136 Dium.
440 2107 526 2147 Παρὰ
550 2113 602 2138 τοῦ
626 2110 715 2145 Διὸς,
751 2109 787 2137 ab
812 2108 886 2138 Ioue.
912 2110 994 2138 Unde
1019 2110 1111 2145 δι’ϊος,
1147 2111 1224 2145 δῖος,
1258 2111 1342 2138 Dius.
1388 2111 1459 2138 lnde
1482 2108 1535 2137 sub
1559 2109 1637 2144 Dio,
1669 2108 1748 2146 quod
1773 2106 1874 2136 Horat.
1899 2105 1975 2134 d'uait
1998 2104 2050 2134 sub

109 2149 184 2180 Jove.
210 2150 297 2179 Duc.
330 2149 366 2178 Et
389 2150 523 2179 interdiu.
557 2153 618 2180 Diu
641 2157 667 2179 et
692 2159 779 2181 noctu
803 2162 861 2180 non
885 2163 899 2180 a
925 2152 1012 2189 Dius,
1038 2158 1069 2181 ut
1091 2157 1175 2190 putat
1191 2153 1309 2188 Fenus,
1332 2152 1384 2181 sed
1407 2164 1421 2180 a
1437 2153 1519 2180 Dies.
1551 2152 1614 2179 Diu
1638 2154 1665 2178 et
1689 2157 1775 2179 noctu
1799 2159 1854 2188 pro
1879 2146 1925 2176 die
1949 2153 1977 2176 et
2000 2158 2049 2176 no-

108 2201 153 2222 cte
175 2193 304 2231 antique.
346 2193 428 2222 Unde
451 2193 584 2224 interdiu,
617 2193 724 2222 Idem.
769 2196 927 2223 Diurnum.
969 2195 1052 2222 nium
1077 2195 1118 2222 sic
1143 2195 1230 2232 paulo
1263 2200 1327 2232 post
1356 2195 1429 2224 infra
1462 2195 1490 2222 in
1515 2194 1615 2222 Dium.
1645 2190 1747 2221 Goth.
1794 2190 1854 2220 Sub
1879 2189 1937 2220 dio.
1978 2189 2049 2218 Vide

110 2236 194 2264 Varr.
210 2236 255 2263 lV.
279 2236 314 2263 de
339 2237 367 2265 L.
394 2237 422 2264 L.
449 2239 474 2266 1.
501 2237 522 2275 ᾗ.
546 2239 575 2267 3.
600 2237 629 2265 ss'.
653 2236 688 2264 de
712 2236 758 2264 via
783 2237 912 2275 publicu.
938 2235 1045 2265 Idem.
1090 2238 1181 2265 Dium
1206 2242 1234 2264 et
1258 2237 1354 2266 clivum
1379 2237 1492 2266 coelum
1516 2235 1671 2274 significat.
1705 2234 1863 2263 Descendit
1886 2244 1902 2262 a
1927 2232 2048 2262 vocibus

108 2279 209 2307 Sansm
219 2278 267 2306 itis
295 2279 410 2314 vivan,
442 2277 525 2313 diva,
560 2276 625 2314 diu,
657 2289 731 2316 quae
755 2283 784 2306 et
807 2277 917 2307 coelum
942 2284 969 2307 et
992 2278 1066 2308 ‹liem
1091 2285 1118 2308 et
1142 2290 1236 2308 aerem
1260 2280 1433 2318 significant.

273 2321 465 2351 Devitare.
510 2321 628 2349 Terent.
652 2321 743 2349 Andr.
762 2321 817 2356 Ill,
842 2321 887 2360 (5.
913 2322 971 2360 5.):

481 2364 553 2392 l'ost
575 2363 630 2392 hac
651 2362 840 2399 incolumem,
869 2372 914 2392 sat
938 2365 1013 2400 scio,
1035 2363 1110 2403 sore
1132 2376 1190 2401 me,
1221 2377 1297 2395 nunc
1319 2367 1344 2394 si
1366 2364 1420 2395 hoc
1443 2362 1537 2393 devito
1561 2359 1679 2390 malum.

111 2406 223 2435 Gloss.:
253 2406 391 2440 Devimr,
419 2404 560 2436 ἐκκλίνει,
584 2403 792 2444 περικάμπτει,
815 2405 935 2438 ἐκνεύει.
981 2406 1068 2434 Dac-

161 2457 326 2485 GRAMMAT.
349 2466 413 2483 [ΛΤ.
434 2456 468 2483 ll.
1546 2456 1576 2489 E
1592 2467 1609 2488 e
1625 2467 1643 2488 e
