2263 2668
492 166 556 200 DE
582 164 969 201 SIGNIFICATIONE
996 166 1280 202 VERBORUM.
1332 164 1477 200 LIBER
1502 164 1627 199 XVIII.
1956 165 2029 200 721

80 260 151 300 pite.
183 259 327 296 Quidam:
351 257 433 288 Idem
448 257 594 289 Messala.
619 258 707 288 Dac.
748 255 883 288 Consulo.
915 258 999 289 Male.
1032 260 1081 288 Sic
1103 260 1241 289 emendo:
1264 260 1338 288 Nam
1362 258 1456 296 idem,
1479 258 1561 298 quod
1584 258 1684 296 soleo,
1706 262 1734 286 et
1755 257 1796 286 ita
1819 257 1953 288 solinunt
1975 270 2031 299 pro

81 303 186 334 solent.
217 303 388 340 Nequinont:
409 313 464 341 pro
486 302 654 340 Nequeunt.
689 301 761 330 Vide
784 310 874 339 supra
898 300 1076 342 Nequinum.
1123 301 1228 332 Goth.

247 343 348 373 suad
371 343 438 374 ted.
465 344 524 384 (Ad
547 355 577 383 p.
593 343 678 382 268.)
709 345 798 381 Lego:
831 341 891 371 Sed
914 343 976 380 ted,
1008 343 1082 373 idem
1105 346 1147 373 ait
1169 357 1227 374 esse
1248 346 1309 374 sine
1331 351 1364 374 te.
1411 344 1529 373 Veteres
1551 354 1581 372 se
1602 341 1753 382 ponebant
1776 352 1831 380 pro
1854 343 1933 379 sine,
1960 344 2031 374 item

81 385 148 423 sed,
178 391 212 415 ut
234 397 325 425 supra
349 387 441 424 dixit,
479 391 507 416 et
529 385 577 414 ted
599 397 654 426 pro
676 393 718 424 te,
755 391 788 414 ut
811 385 1033 421 Quinctilianus
1057 388 1142 415 etiam
1167 392 1298 417 annotat.
1342 387 1375 415 In
1404 385 1604 416 vetustissimo
1628 385 1727 424 lapide
1750 384 1859 422 Duilii,
1892 386 1944 425 qui
1966 392 2032 417 ante

81 428 136 457 hos
155 429 190 458 11.
213 439 319 466 annos,
344 430 453 457 Romae
477 439 569 467 quum
592 439 701 466 essem,
731 428 854 457 effossus
876 429 946 465 suit,
970 440 1085 467 semper
1107 431 1214 467 legitur
1235 428 1334 458 marial
1354 440 1409 468 pro
1432 429 1525 464 mari,
1548 432 1577 456 et
1599 427 1720 463 similia,
1745 437 1810 456 cum
1834 426 1854 455 d
1875 428 1962 458 litera
1984 440 2032 459 su-

41 500 44 503 ,
81 471 206 511 perflua.
239 472 263 499 A
286 483 315 500 se
336 472 397 500 sine
419 472 531 500 sactum
555 476 615 508 est,
638 476 672 499 ut
694 471 731 500 ab
752 472 805 499 iter
826 471 927 508 itiner,
951 482 965 499 a
989 472 1067 500 iecur
1088 473 1205 501 iecinor.
1230 471 1333 501 Scal.
1373 473 1429 501 Pro
1452 472 1495 500 sic
1517 478 1552 499 te.
1582 470 1639 498 Sed
1662 470 1735 508 qui'?
1760 470 1824 498 Non
1847 471 1918 500 satis
1940 473 2032 501 conii-

82 514 138 544 eio.
170 514 270 549 Quare
293 515 378 542 unice
401 514 496 552 probo
520 514 662 551 Scaligeri
685 514 897 542 coniecturam.
931 512 1029 549 Idem,
1052 515 1081 542 id
1108 520 1149 543 est
1168 515 1304 550 Messala,
1327 525 1394 542 nam
1415 514 1488 543 haec
1511 512 1711 551 sequebantur
1734 517 1802 550 post
1825 513 1948 552 Serpula
1972 525 2032 543 ser-

81 556 157 596 psit,
179 555 232 584 ubi
254 556 376 585 Messala
399 556 548 584 laudatur.
575 556 660 585 Dac.
704 555 789 584 Suad
812 554 858 584 ted
881 560 925 584 est
949 555 991 584 Sa
1014 563 1048 587 te.
1087 557 1147 586 Sua
1170 563 1198 585 et
1220 568 1253 586 sa
1277 563 1320 586 est
1342 559 1427 596 τῆδε,
1457 554 1596 596 τοιαύτῃ,
1627 552 1701 595 aij-531
1724 554 1779 583 bac
1801 555 1935 593 ratione,
1959 557 2032 586 dici-

81 603 206 637 turque,
236 604 268 627 ut
288 609 362 638 qua,
391 597 463 635 lwc,
493 604 522 628 et
546 600 686 627 Graecor.
708 601 761 639 τῇ,
791 600 859 639 τῇδε
882 608 938 637 pro
963 596 1067 634 οὕτως.
1112 600 1163 628 Est
1191 600 1268 628 enim
1293 589 1454 638 pronomen
1479 598 1660 627 Sanscritum
1685 598 1788 626 tertiae
1813 607 1956 634 personae
1979 599 2032 629 de-

81 641 310 670 monstrativum
332 651 397 677 sas,
420 652 469 677 sa,
492 648 553 678 tat,
575 640 641 677 hic,
665 641 753 677 haec,
775 640 849 678 hoc;
882 640 1041 669 Gothicum
1064 653 1126 677 sas,
1150 642 1199 679 sd,
1223 642 1322 679 tlzam3
1347 643 1507 679 Angtosax.
1531 652 1575 677 se,
1599 651 1662 677 seo,
1684 639 1757 669 thc'it.
1801 640 1893 678 Apud
1916 641 2031 680 priscos

79 683 202 712 Latinos
226 689 338 712 certum
363 688 406 711 est
427 683 458 711 in
482 693 538 712 usu
560 683 651 712 fuisse
674 684 707 712 si
728 693 816 714 masc.
840 694 880 712 sa
903 684 985 719 sem.;
1010 684 1047 712 de
1070 690 1176 713 neutro
1199 686 1333 714 nondum
1357 685 1427 713 satis
1450 688 1573 712 constat.
1617 683 1661 712 Cf.
1684 692 1774 721 supra
1799 681 1882 718 δας,
1905 687 1933 712 et
1956 693 2032 722 quae

81 725 124 754 ibi
147 726 288 755 diximus.

247 766 419 798 Stellam.
452 767 519 806 (Ad
542 778 570 806 p.
585 769 677 806 268.)
709 769 782 806 Lege
806 768 899 796 iufra:
940 767 1017 806 Quia
1039 777 1065 798 et
1088 768 1208 798 lamella
1231 780 1313 798 aerea
1336 768 1483 798 adsimilis
1504 766 1620 802 stellae,
1656 766 1732 796 locis
1752 767 1937 806 inauguratis
1958 769 2031 808 irfi-

80 817 178 850 gutur.
222 810 309 839 Dac.

249 852 468 881 Sinistrum.
491 850 553 893 (Ad
576 863 605 891 p.
618 851 702 893 268.)
729 852 802 881 Vide
825 863 849 881 s.
869 862 895 880 v.
922 851 1067 882 Sinistrae
1088 864 1162 882 aves.

247 894 363 925 Saiis,
386 894 443 933 (Ad
468 896 593 934 p.268.)
617 895 719 934 Inepte
742 895 846 924 Festus
869 905 964 933 neque
981 896 1076 924 Verrii
1101 897 1267 934 opinionem
1292 897 1411 931 recitat,
1439 905 1531 934 neque
1554 905 1636 923 suam
1660 894 1805 933 explicat,
1830 894 1866 923 de
1888 893 1934 922 his
1957 894 2031 924 duo-

82 938 138 966 bus
161 937 259 966 verbis
277 936 358 965 Satis
375 942 404 966 et
420 936 571 966 Scabrum.
606 938 681 965 Sunt
705 938 848 975 quaedam
873 939 969 966 doctis
993 938 1065 967 viris
1088 939 1294 968 condonanda.
1330 940 1392 968 Non
1418 939 1493 967 enim
1518 938 1614 966 omnia
1636 947 1794 976 possumus
1818 947 1927 966 omneS.
1945 936 2032 966 Ant.

82 980 178 1020 Aug.
214 979 296 1009 Satis
319 991 333 1007 a
359 980 473 1008 Graeco
497 978 561 1015 ἅλις
583 983 599 1009 λ,
622 990 767 1008 converso
791 981 820 1008 in
843 992 865 1011 τ.
911 981 1000 1011 Dac.

248 1021 480 1060 Stipatores.
524 1023 585 1051 lam
609 1033 698 1061 supra
723 1023 828 1053 adsuit.

249 1063 477 1094 Solicitare.
522 1066 638 1103 Integra
662 1065 738 1093 Festi
767 1065 858 1094 verba
881 1065 964 1094 affert
988 1065 1164 1104 Calpurnius
1188 1066 1223 1094 ad
1248 1067 1364 1096 Terent.
1390 1065 1493 1095 Heaut.
1514 1065 1621 1093 Timor.
1645 1065 1710 1093 Act.
1725 1064 1774 1092 111.
1798 1074 1838 1094 sc.
1856 1066 1883 1094 1.
1929 1063 2034 1092 Solici-

82 1111 148 1135 tare
172 1106 294 1145 quidam
319 1107 430 1136 dictum
453 1112 562 1146 putant
586 1108 677 1136 veluti
701 1108 793 1136 citare
816 1119 851 1136 ex
870 1108 949 1143 solo,
972 1107 1028 1136 hoc
1052 1113 1093 1136 est
1116 1119 1151 1137 ex
1177 1119 1230 1136 suo
1255 1110 1320 1138 loco
1344 1119 1378 1136 ac
1401 1108 1546 1138 sententia
1571 1117 1706 1144 movere3
1730 1107 1822 1135 solum
1846 1111 1942 1136 autem
1962 1106 2033 1145 quin

83 1148 228 1188 significet
249 1149 349 1178 locum
373 1154 429 1180 etc.
452 1150 541 1179 Dac.
580 1148 684 1180 Citare.
723 1151 796 1179 Vide
818 1160 909 1190 supra
932 1149 1089 1180 Procitare.
1138 1149 1243 1181 Goth.

612 1247 642 1280 A
697 1247 726 1279 D
831 1247 860 1279 L
913 1247 927 1279 Ι
981 1247 1011 1280 Β
1067 1246 1096 1278 tt
1149 1246 1182 1280 U
1237 1246 1273 1279 Μ
1353 1246 1502 1279 XVIII.

251 1321 423 1361 Tappete.
447 1321 505 1361 (Ad
528 1321 654 1360 p.268.)
680 1322 812 1359 Tappeie
841 1321 1033 1350 scribendum
1057 1326 1099 1350 est
1123 1326 1151 1350 et
1174 1321 1298 1350 sonasse
1321 1321 1446 1360 Tapete,
1482 1320 1562 1358 quod
1587 1325 1615 1348 et
1638 1318 1790 1347 masculini
1815 1323 1843 1347 et
1866 1318 1964 1347 neutri
1986 1327 2033 1355 ge-

85 1363 163 1391 neris
187 1373 248 1391 esse
271 1364 349 1401 apud
373 1369 474 1402 poetas
497 1365 611 1392 Nonius
635 1364 773 1392 ostendit.
801 1363 888 1392 Ant.
909 1364 1004 1403 Aug.
1050 1365 1249 1398 Ostendebat,
1288 1368 1375 1402 puto,
1414 1364 1540 1392 Ennium
1571 1362 1684 1390 dixisse
1714 1361 1837 1399 Tapetos
1859 1360 2034 1395 masculino,

84 1410 113 1433 et
134 1406 303 1443 Turpilium
325 1407 354 1433 in
381 1407 546 1443 nemenio,
570 1406 620 1444 qui
645 1407 721 1434 dixit
740 1405 877 1445 glabrum
902 1413 1000 1445 tapete.
1033 1407 1145 1435 Nonius
1170 1406 1247 1446 (pag.
1264 1408 1334 1439 259.
1352 1408 1421 1438 542.
1441 1404 1554 1443 Mera).
1589 1405 1788 1433 Glossarium:
1818 1401 1962 1441 Ταρίἅιιε,
1985 1399 2035 1432 τά·

82 1459 133 1483 πις
153 1446 240 1488 ψιλή,-
282 1449 372 1486 Lege:
404 1449 543 1488 Ταρρίας,
567 1447 669 1485 utrae,
692 1446 776 1487 ψιλή.
815 1448 907 1476 Etiam
934 1449 1026 1477 Latini
1048 1454 1160 1477 veteres
1185 1448 1284 1478 Psilas
1307 1449 1456 1478 dixerunt.
1497 1447 1650 1476 Lucillius:

576 1490 676 1520 Psilae
698 1498 785 1531 atque
806 1491 994 1528 amphitapae
1015 1490 1131 1526 molles,
1163 1503 1227 1520 cum
1251 1490 1409 1530 ingentibu’
1431 1489 1520 1520 villis.

83 1530 187 1561 Scal.
221 1532 300 1561 Haec
324 1539 466 1572 corrupta
489 1539 567 1562 sunt.
609 1535 699 1569 Lego:
728 1535 853 1571 ‘l'appete
876 1544 916 1562 ex
941 1531 1053 1562 Graeco
1077 1535 1198 1573 sumpsit
1222 1541 1363 1572 tappetem
1388 1534 1502 1561 Ennius
1526 1543 1589 1560 cum
1613 1531 1655 1559 ait
1680 1552 1920 1559 ........
1949 1530 2036 1568 Ταρ-

80 1581 172 1613 petem
195 1577 281 1603 etiam
306 1575 387 1604 diarii
417 1575 565 1615 'l'urpilius
588 1578 617 1604 in
642 1576 788 1603 Demetrio
812 1574 838 1603 Ze
863 1597 1004 1604 .....
1041 1577 1193 1614 Ταρρείεηι
1222 1583 1350 1604 veterem.
1397 1574 1448 1603 Sic
1478 1581 1589 1614 tappete
1618 1581 1718 1602 neutro
1744 1583 1854 1611 genere.
1906 1572 1998 1611 Topes
2020 1582 2036 1599 a

84 1617 199 1645 Graeco
222 1617 327 1656 τάπης.
351 1618 439 1647 Duc.
483 1619 535 1646 Est
557 1623 654 1646 autem
678 1623 792 1654 tegmen
817 1617 902 1646 unice
926 1618 1039 1656 pictum
1064 1618 1214 1646 coloribus
1237 1618 1336 1646 variis.
1384 1616 1488 1647 Goth.

252 1660 460 1690 Terentum.
505 1661 666 1689 'serentum
695 1661 725 1688 in
755 1669 859 1698 campo
883 1660 989 1688 Martio
1013 1660 1111 1688 locum
1136 1661 1176 1688 ait
1198 1671 1252 1699 per
1275 1659 1294 1688 d
1318 1660 1476 1688 dicendum
1500 1659 1606 1694 fuisse,
1645 1657 1724 1696 quod
1748 1656 1890 1685 terendus
1911 1656 1949 1685 sit
1973 1665 2037 1684 sae-

83 1701 236 1730 cularibus
261 1702 333 1730 Ditis
357 1703 450 1740 patris
472 1702 568 1739 ludis,
603 1708 632 1732 et
655 1708 770 1732 teratur
793 1702 828 1730 ab
853 1703 936 1740 equis
961 1703 1176 1740 quadrigariis,
1213 1712 1339 1740 quorum
1363 1702 1477 1740 agilitas
1500 1701 1673 1738 aequiparet
1697 1704 1792 1727 motus
1814 1699 1897 1738 ipsos
1919 1699 2036 1734 Lunae3

83 1744 167 1783 quod
196 1755 284 1783 quam
313 1745 431 1773 aniliter
458 1746 584 1774 relatum
611 1746 664 1782 sit,
702 1746 795 1773 cuivis
818 1746 1004 1773 manifestum
1029 1750 1081 1774 est.
1125 1746 1162 1774 Et
1185 1744 1258 1773 haec
1282 1745 1337 1773 suit
1361 1745 1508 1783 scriptura
1530 1743 1627 1779 Festi5
1667 1748 1696 1771 et
1718 1743 1782 1770 iure
1804 1742 1908 1770 Festus
1931 1741 2037 1769 anilem

83 1787 182 1816 Verrii
204 1789 347 1816 rationem
372 1787 516 1826 explodit.
541 1787 643 1818 Scal.
681 1788 748 1816 Iure
770 1787 870 1816 Festus
894 1788 989 1816 Verrii
1011 1788 1159 1816 rationem
1183 1787 1328 1825 explodit.
1364 1788 1524 1816 'serentum
1547 1786 1625 1814 enim
1648 1785 1759 1813 dictum
1783 1784 1814 1812 in
1837 1794 1943 1822 campo
1959 1783 2038 1811 Mar-

83 1829 124 1859 tio
147 1840 163 1858 a
186 1830 316 1858 Tarento
345 1835 468 1868 propter
499 1831 651 1869 Iapygium
681 1830 919 1869 promontorium
949 1831 1015 1858 sito.
1062 1830 1169 1859 zosim.
1199 1828 1310 1869 ταύτην
1341 1828 1396 1870 γσέρ
1425 1827 1498 1868 εἶχεν
1522 1825 1538 1859 ὅ
1561 1827 1650 1863 τύπος
1672 1827 1877 1867 προσηγορίαν
1900 1828 1943 1868 τῷ
1962 1821 2037 1855 κατὰ

83 1869 136 1911 τὴν
160 1870 257 1913 ἄκραν
279 1870 431 1912 Ἰαπυγίαν
454 1870 613 1911 ὁμώνυμος
637 1870 679 1903 tiit*
708 1871 842 1912 Τάραντι.
889 1873 976 1902 Dae.

251 1915 395 1944 Taurii.
443 1916 567 1944 Maxima
597 1926 666 1954 pars
694 1915 854 1944 verborum
879 1916 955 1943 Festi
985 1925 1022 1943 ex
1048 1915 1175 1953 epitome
1200 1915 1282 1943 Pauli
1309 1920 1389 1943 recte
1411 1913 1596 1951 intelligitur.
1644 1914 1762 1947 Cetera,
1802 1921 1877 1949 quae
1900 1919 1936 1938 ex
1961 1908 2037 1937 Var-

82 1967 158 1987 rone
177 1958 368 1993 referuntur,
401 1957 472 1986 mihi
497 1959 582 1986 valde
605 1959 731 1987 obscura
754 1963 834 1986 sunt.
881 1958 984 1986 Assinia
1009 1962 1106 1986 autern
1131 1962 1197 1986 sunt
1221 1957 1312 1986 verbo
1343 1955 1531 1996 Talipedare‚
1562 1955 1597 1983 de
1622 1965 1680 1993 quo
1703 1963 1804 1992 supra.
1830 1953 1919 1982 Ant.
1940 1951 2037 1990 Aug.

87 2001 191 2029 Taurii
212 1999 277 2030 ludi
299 2001 328 2028 in
352 2001 431 2030 circo
454 1999 601 2030 Flaminio
621 2001 756 2040 fiebant,
792 2001 844 2040 qui
870 2000 997 2029 instituti
1020 1999 1085 2028 Diis
1109 1999 1212 2040 inferis
1234 2011 1274 2029 ex
1297 1999 1354 2029 hac
1377 2009 1482 2028 caussa
1504 2005 1579 2027 sunt.
1631 1997 1791 2036 Tarquinio
1814 2001 1950 2034 regnante
1971 2004 2037 2023 cum

81 2043 181 2082 gravis
206 2041 372 2082 pestilentia
399 2043 429 2071 in
459 2042 592 2072 mulieres
617 2042 760 2082 gravidas
788 2041 952 2079 incidisset,
982 2041 1086 2083 foetus
1110 2041 1216 2084 infecti
1242 2049 1308 2071 sunt
1330 2052 1370 2070 ex
1392 2041 1490 2070 carnis
1510 2047 1614 2080 putore
1636 2046 1786 2068 taurorum
1809 2035 2037 2066 immolatorum.

86 2083 132 2114 Ob
154 2084 188 2113 id
217 2086 319 2113 Taurii
343 2083 408 2113 ludi
430 2092 455 2113 et
478 2084 623 2124 appellati
644 2093 710 2114 sunt
732 2092 758 2113 e!
781 2086 860 2124 fiunt
882 2086 912 2114 in
936 2085 1015 2114 circo
1038 2082 1205 2121 Flaminio,
1245 2096 1280 2113 ne
1307 2085 1386 2113 intra
1413 2094 1514 2112 muros
1534 2089 1686 2112 evocentur
1708 2081 1750 2109 Di
1771 2090 1879 2108 manes.
1927 2078 2037 2107 Contra

82 2138 130 2156 eos
152 2126 240 2157 ludos
265 2126 364 2155 Varro
388 2128 430 2156 ait
452 2129 568 2163 vocari,
598 2126 678 2167 quod
700 2126 863 2167 discipulus
883 2126 1010 2167 pendens
1033 2137 1052 2155 a
1075 2125 1194 2156 doctore
1215 2128 1277 2156 iner
1301 2148 1473 2157 ......
1497 2123 1602 2154 solitus
1622 2125 1660 2153 sit
1684 2121 1812 2162 impelli,
1841 2129 1928 2162 atque
1950 2130 2038 2167 usque

82 2180 116 2198 eo
147 2171 214 2209 cogi
244 2168 361 2206 docere,
399 2169 500 2209 quoad
528 2171 706 2207 consisteret,
746 2177 772 2198 et
796 2171 901 2198 virtute
928 2168 1056 2198 talorum
1085 2176 1230 2198 constaret
1256 2168 1362 2209 pedum
1382 2169 1526 2207 firmitas.
1571 2166 1659 2203 Quod
1682 2165 1746 2194 ludi
1769 2165 1871 2193 Taurii
1893 2163 1923 2191 in
1948 2162 2036 2189 Clrco

82 2211 227 2240 Flaminio
255 2211 377 2249 fierent,
416 2212 468 2250 qui
498 2213 555 2241 suit
583 2217 666 2241 extra
697 2217 814 2251 portam
838 2213 1068 2248 Carmentalem,
1104 2213 1186 2241 testis
1210 2217 1253 2240 est
1277 2212 1370 2240 Varro
1386 2211 1434 2240 1V.
1457 2211 1494 2239 de
1516 2211 1578 2238 Lat.
1602 2219 1688 2238 serm.
1714 2206 1767 2248 (V.
1789 2217 1854 2246 pag.
1871 2204 1939 2237 154.
1965 2201 2034 2239 31³¹)

83 2254 223 2291 Reliqua,
255 2263 330 2292 quae
354 2264 390 2282 ex
413 2255 554 2293 opinione
578 2255 721 2283 Varronis
745 2255 938 2289 adferuntur,
968 2255 1039 2293 quin
1062 2255 1102 2283 ita
1126 2254 1280 2294 scripserit
1302 2255 1425 2290 Festus,
1448 2253 1547 2291 negari
1571 2262 1629 2280 non
1652 2255 1760 2290 potest.
1806 2248 1894 2287 Apud
1920 2241 2033 2289 nullum

83 2301 183 2326 autem
206 2301 334 2325 veterem
358 2296 533 2335 scriptorem
557 2297 588 2326 id
613 2302 720 2327 temere
743 2298 886 2327 invenias.
932 2298 1063 2336 Apparet
1086 2302 1183 2325 tamon
1209 2298 1368 2327 Varronem
1392 2296 1478 2325 ludos
1501 2295 1626 2323 Taurios
1649 2294 1685 2322 ab
1709 2303 1743 2321 eo
1767 2291 2034 2335 dict-‹vsgsqnffiffle›

83 2339 165 2378 quod
186 2339 216 2368 in
239 2339 322 2367 corio
345 2340 423 2367 tauri
447 2340 533 2368 etiam
557 2340 586 2369 id
616 2350 707 2378 genus
736 2340 800 2369 ludi
828 2340 909 2369 fieret
934 2351 950 2369 a
973 2339 1035 2368 ludi
1066 2340 1213 2378 magistris
1242 2350 1275 2368 eo
1306 2339 1368 2376 die,
1407 2348 1465 2377 quo
1494 2337 1558 2366 ludi
1583 2337 1749 2367 Circenses,
1783 2340 1832 2368 ΨΜ
1862 2327 1934 2375 (ῙῙΕῙξ
1962 2330 2032 2374 Susslt

81 2382 201 2418 Taurii,
229 2382 258 2410 in
282 2382 363 2410 circo
386 2381 529 2411 Flaminio
553 2382 672 2419 fierent,
703 2388 754 2412 aut
778 2383 856 2421 quod
881 2383 992 2411 scutica
1016 2383 1113 2411 tauria
1138 2383 1304 2421 discipulus
1326 2382 1543 2421 impelleretur,
1575 2379 1665 2417 idque
1689 2372 1867 2420 expleudum
1891 2370 1979 2398 sulsse
2000 2378 2033 2397 111

83 2434 116 2454 ea
138 2424 259 2462 lacuna,
295 2424 325 2452 in
355 2434 414 2463 qua
443 2435 545 2455 caussa
570 2425 697 2455 nominis
720 2425 880 2454 desiderari
904 2426 1033 2454 videtur.
1077 2426 1232 2464 Scriptura
1257 2425 1335 2454 Festi
1359 2423 1512 2453 manifesta
1537 2426 1598 2457 es13
1631 2420 1706 2449 ratio
1731 2415 1815 2445 nobis
1837 2415 2032 2451 incomperta.

129 2473 298 2504 GRAMMAT.
315 2483 382 2502 mr.
408 2472 441 2502 Π.
1491 2474 1518 2506 Y
1533 2485 1556 2516 y
1568 2484 1590 2515 y
1603 2483 1625 2515 ἂν
