2263 2668
390 201 464 235 21⁰
1007 198 1131 233 SEXT
1134 200 1148 233 1
1178 200 1375 236 POMPEll
1402 203 1540 238 FESTI

388 303 518 333 meros,
544 292 693 336 species,
720 297 893 335 tempora,
928 303 1085 336 personas
1111 295 1293 339 recipiunt„
1329 300 1474 342 utroque
1499 308 1632 342 genere
1659 295 1913 347 enuntiantur-1}
1957 327 1964 334 .
2017 326 2024 333 .
2078 300 2157 347 [51]

389 367 1075 379 ............
1130 346 1185 379 Po
1198 348 1300 382 rium
1310 359 1387 381 nus
1414 349 1472 393 qui
1496 353 1527 382 et
1549 349 1743 383 Palaemon
1768 349 1839 382 alio
1861 351 1995 385 nomine
2017 352 2158 395 dieitur,

387 397 477 432 inter
504 393 603 436 deos,
631 394 689 438 qui
711 398 880 439 praesunt
908 396 1001 430 mari
1028 407 1051 429 a
1076 396 1247 432 Romanis
1274 398 1463 432 colebatur.
1516 401 1687 434 Poenas
1709 401 1868 445 pendere
1891 402 1926 434 in
1950 413 1988 435 eo
2008 404 2158 449 proprie

386 445 567 486 dicebant,
594 445 654 490 qui
673 447 863 490 pecuniam
890 447 935 481 ob
961 447 1126 485 delictum
1152 450 1271 490 solvit,·
1303 451 1387 494 quia
1411 463 1519 496 penso
1545 463 1629 485 aere
1655 453 1736 487 olim
1764 451 1953 489 utebantur.
2005 454 2157 493 Pulla-

386 497 517 537 rium‚
545 508 688 535 manum
715 497 900 532 dexterum
923 499 1053 533 dixisse
1075 500 1213 537 videtur
1235 501 1375 535 Plautus
1395 502 1429 536 in
1474 528 2155 539 ............

385 548 651 590 Procedere,
695 548 868 587 interdum
895 551 1101 593 succedere,
1142 553 1316 586 interdum
1338 564 1432 598 pone
1458 554 1593 590 cedere.
1653 555 1884 589 Pei-tusum
1920 555 2051 589 dolium
2078 568 2155 591 cum

383 600 550 641 dicimus,
598 611 760 636 venenum
791 601 887 646 signi
916 613 1044 639 camus.
1104 603 1185 641 Pes
1221 604 1338 641 dicitur
1391 631 2011 640 ...........
2061 607 2155 652 pede

384 651 448 687 ruit
501 675 507 682 .
561 675 568 682 .
623 677 630 684 .
684 678 692 685 .
747 679 754 685 .
809 680 816 688 .
870 679 877 686 .
933 678 941 686 .
995 679 1002 693 ,
1057 681 1064 688 .
1118 681 1125 688 .
1178 655 1313 692 Ennius
1339 655 1396 690 lib.
1420 657 1444 689 l.
1474 657 1661 691 Annalium
1715 682 2152 692 ........

387 727 886 737 .........
940 705 1077 749 Polit,
1116 718 1186 751 pro
1213 708 1293 752 pila
1320 707 1409 741 ludit
1462 736 1468 743 .
1521 733 1529 742 .
1584 734 1590 740 .
1645 735 1652 741 .
1705 735 1712 743 .
1765 708 1848 742 dixit
1900 735 1907 742 .
1963 734 1969 741 .
2023 735 2030 742 .
2085 736 2092 742 .
2147 736 2154 742 .

354 757 360 765 ⁶
384 779 391 786 .
446 778 453 785 .
507 778 515 786 .
567 779 576 793 ,
630 778 944 790 ......
998 758 1142 795 Petrei
1150 770 1172 792 α
1198 758 1413 802 vocabatur,
1446 771 1537 805 quae
1560 771 1729 805 pompam
1750 759 1974 805 praecedens
2000 760 2035 793 in
2061 761 2154 795 colo-

382 803 463 846 niis,
494 809 551 842 aut
570 805 783 850 municipiis,
810 807 1015 845 imitabatur
1041 821 1145 847 anum
1174 810 1325 852 ebriam,
1353 812 1395 843 ab
1422 812 1495 857 agri
1520 812 1616 852 vitio,
1642 811 1773 847 scilieet
1791 811 1933 856 petreia
1955 812 2152 858 appellata.

380 855 571 891 Procilla·
596 857 666 895 sive
693 858 904 902 praecilli
932 859 1022 897 Cato
1041 862 1130 899 dixit
1157 862 1190 896 in
1245 887 1498 896 .....
1553 868 1724 898 convertar
1744 862 1788 897 ad
1810 862 1903 896 illam
1957 889 1964 896 .

381 932 697 943 ......
750 909 976 954 impudentior
1028 938 1035 945 .
1090 941 1097 949 ,
1151 938 1158 945 .
1213 939 1219 945 .
1274 940 1281 946 .
1336 939 1343 946 .
1397 940 1404 947 .
1459 940 1466 947 .
1521 939 1527 946 .
1582 941 1590 949 .
1632 920 1706 948 ntur
1728 914 1912 959 legationes
1959 939 1966 946 .
2019 939 2026 947 .
2082 940 2089 948 .
2144 939 2152 947 .

379 983 691 994 ......
745 966 816 997 test.
871 963 1255 1001 Pelliculationem
1271 963 1295 1008 ¹,
1327 976 1394 1010 pro
1421 966 1653 1001 inductionem
1681 978 1704 1001 a
1726 965 1959 1011 pelliciendo,
1986 965 2079 1008 quod
2106 971 2153 998 est

379 1008 589 1052 inducendo,
625 1011 715 1045 dimit
746 1011 834 1050 Cuto
861 1015 895 1051 in
922 1026 965 1052 eu
992 1017 1166 1057 oratione,
1201 1028 1300 1059 quam
1328 1017 1456 1054 scribsit
1482 1017 1525 1051 de
1581 1042 1959 1052 .......
2011 1028 2045 1059 Υ,
2075 1017 2152 1050 l⁰0⁰

379 1074 411 1102 s,
439 1060 523 1099 Cato
551 1074 652 1107 saepe
679 1063 775 1106 dicit,
803 1071 838 1103 ut
870 1065 1000 1102 Contra
1026 1080 1059 1108 s,
1086 1067 1261 1111 robosem,
1296 1072 1327 1101 et
1353 1068 1509 1112 arhoses,
1544 1069 1622 1103 loco
1651 1081 1685 1110 r,
1713 1068 1869 1104 dicebant
1896 1068 2029 1113 antiqui
2081 1094 2090 1102 .

441 1139 448 1146 ·
500 1139 507 1145 ·
560 1115 718 1159 properie
746 1117 827 1154 mari
855 1128 938 1162 opus
967 1124 1023 1153 est,
1077 1119 1193 1155 Prae
1205 1120 1384 1157 miosam
1411 1132 1482 1166 pro
1511 1121 1741 1166 pecuniosam
1774 1120 1864 1154 dixit
1895 1119 1983 1154 Cato
2014 1120 2048 1154 in
2074 1130 2151 1156 ora—

375 1163 483 1205 tione,
524 1176 623 1208 quam
651 1167 782 1202 scribsit
834 1194 1148 1206 ......
1203 1171 1444 1216 impudentiam
1477 1174 1718 1217 praemiosam.
1776 1168 2023 1206 Pascazes2
2051 1181 2152 1205 oves

372 1225 441 1259 pro
464 1218 673 1260 pascuales,
707 1219 884 1257 inscienter
911 1220 991 1253 dixit
1017 1222 1049 1254 in
1077 1234 1115 1255 ea
1142 1234 1248 1268 quam
1274 1224 1413 1269 scripsit
1467 1250 1721 1260 .....
1773 1223 1916 1268 pascalis
1943 1223 2011 1256 ovis
2038 1222 2149 1256 vetuit.

375 1265 477 1302 Idem
506 1269 670 1312 pellitam
705 1281 802 1307 ovem
835 1271 1054 1309 Tarentinam
1087 1275 1240 1319 appellat
1272 1275 1304 1311 in
1339 1288 1378 1309 ea
1413 1276 1578 1316 oratione,
1625 1287 1732 1320 quum
1764 1275 1903 1320 scripsit
1956 1300 1963 1307 .
2018 1300 2046 1327 ,Ι
2079 1300 2086 1307 .
2141 1299 2149 1306 .

203 1315 237 1339 Ὗ·
256 1314 281 1340 in
302 1323 364 1349 ⁸3¹⁰
374 1318 481 1362 pretio
502 1319 639 1356 Tarenti
665 1321 739 1364 plus
766 1322 804 1355 C.
831 1325 996 1357 sestertiis
1018 1326 1181 1370 pellitam
1211 1338 1324 1367 ovem,
1365 1339 1464 1372 quam
1491 1327 1631 1372 ignaro*
1656 1326 1837 1361 Tarentino
1865 1325 1956 1369 quod
1978 1336 2149 1370 pascere-

373 1372 447 1411 tur,
481 1369 706 1404 Tarentinam
734 1372 863 1408 dicunt.
917 1376 1190 1410 Periculatus
1218 1390 1321 1418 sum,
1358 1378 1443 1412 Cato
1471 1378 1515 1411 ait
1541 1379 1572 1410 in
1599 1374 1620 1427 Η
1645 1390 1684 1411 ea
1711 1378 1878 1418 oratione,
1915 1388 2015 1420 quam
2070 1374 2147 1421 [52]

218 1413 345 1439 ‘nnotas
371 1420 500 1466 scripsit
526 1422 568 1454 ad
604 1423 690 1455 litis*
726 1423 909 1458 Censorias.
963 1427 1082 1462 Parsi
1118 1439 1183 1461 non
1210 1430 1365 1474 peperci,
1412 1430 1456 1462 ait
1490 1429 1575 1463 Cato
1612 1431 1644 1462 in
1680 1429 1798 1462 eadem
1828 1428 1992 1461 oratione:
2045 1427 2147 1461 Scio

371 1471 568 1505 fortunas
604 1476 812 1510 secundas
848 1478 1172 1523 neglegentiam
1209 1481 1422 1525 prendere
1453 1482 1613 1521 solere3
1659 1480 1772 1524 quod
1799 1480 1858 1515 uti
1883 1478 2146 1525 prohibitum

370 1522 494 1565 irem,
525 1526 637 1567 quod
666 1526 705 1559 in
734 1539 795 1560 me
822 1535 950 1570 esset,
978 1542 1067 1563 meo
1095 1531 1238 1564 labori
1265 1544 1346 1565 non
1371 1532 1498 1577 parsi.
1551 1532 1852 1566 Praedonulos
1879 1531 1965 1564 Cato
1989 1530 2145 1574 hypoco-

217 1568 497 1611 'ssprecemrisiicos
519 1576 598 1608 dixit
620 1578 651 1611 in
674 1578 908 1622 epistularum:
944 1582 1041 1624 quia
1068 1594 1196 1626 saepe
1223 1584 1349 1617 utiles
1377 1584 1573 1617 videntur
1600 1582 1871 1628 praedonuli.
1923 1581 2146 1615 Praecem‘

201 1623 235 1647 ·f.
254 1624 579 1670 cupidiissingularitei·
606 1629 693 1662 idem
721 1630 754 1662 in
780 1642 837 1671 ea,
865 1643 951 1675 quae
978 1638 1026 1665 est
1053 1633 1097 1667 de
1124 1634 1357 1670 coniuratione.
1410 1635 1718 1670 Pulchralibus
1745 1639 1846 1679 atque
1868 1633 2034 1678 cupidus*
2054 1632 2144 1666 idem

369 1677 403 1712 in
427 1689 484 1720 ea,
510 1691 596 1721 quae
623 1686 670 1713 est
697 1680 740 1716 de
768 1682 873 1718 fundo
902 1683 1038 1716 oleario.
1091 1685 1463 1729 Punctatoiiolas,
1493 1687 1575 1720 levis
1602 1698 1734 1731 pugnas
1760 1685 1911 1733 appellat
1931 1684 2016 1718 Cato
2039 1684 2072 1717 in
2095 1695 2145 1725 ea,

367 1739 468 1772 quam
496 1729 576 1763 dixit
602 1731 644 1764 de
678 1744 713 1764 re
741 1733 885 1768 Histriae
917 1735 1059 1771 militari.
1114 1737 1483 1774 Proaedificatum
1520 1737 1658 1779 dicitur,
1703 1737 1798 1785 quod
1831 1748 1871 1773 ex
1902 1735 2032 1781 privato
2065 1735 2144 1768 loco

367 1781 528 1823 processit
547 1781 578 1814 in
601 1783 773 1827 publicum
796 1786 912 1823 solum.
966 1787 1298 1824 Percunctatum
1321 1790 1424 1834 patris
1444 1789 1589 1826 familiae
1610 1801 1749 1831 nomen,
1776 1788 1892 1832 nequis
1914 1798 2045 1826 servum
2067 1786 2142 1818 mit-

368 1835 469 1874 teret,
501 1833 578 1878 iege
605 1841 752 1869 sanctum
781 1837 877 1876 fuisse
904 1837 948 1871 ait
974 1838 1059 1873 Cato
1088 1840 1120 1872 in
1148 1852 1204 1881 ea,
1240 1852 1307 1884 qua
1333 1841 1446 1886 legem
1474 1840 1637 1879 Orchiam
1664 1840 1842 1877 dissuadet.
1894 1837 2143 1873 Prodidisse

217 1917 247 1941 ,ἲ
326 1918 332 1926 ,
369 1892 433 1918 non
460 1885 567 1922 solum
594 1886 626 1923 in
652 1886 715 1923 iliis
742 1887 880 1929 dicitur,
926 1890 982 1933 qui
1008 1892 1150 1936 patriam
1177 1891 1329 1928 hostibus
1357 1892 1595 1937 prodiderunt,
1639 1892 1700 1926 sed
1726 1892 1824 1926 etiam
1850 1896 1982 1936 tempus
2008 1888 2142 1934 longius

247 1917 347 1978 'dffi'gb
370 1932 493 1967 fecisse.
521 1942 555 1969 ut
583 1936 686 1972 Cato:
721 1939 800 1980 Te,
828 1939 866 1978 C.
895 1940 1078 1985 Caecili,
1113 1943 1223 1976 diem
1249 1944 1473 1989 prodisse*
1500 1944 1709 1980 militibus
1734 1942 1924 1989 legionis
1950 1941 2023 1976 Ill.
2052 1951 2140 1975 cum

372 1985 655 2025 proditionem
692 2001 772 2025 non
807 1991 1026 2028 haberent.
1080 1995 1325 2031 Pavimenta
1352 1996 1539 2030 Poenica
1572 2007 1738 2029 marmore
1763 1993 1942 2028 Numidico
1976 1996 2141 2030 constrata

371 2032 530 2076 significat
557 2038 661 2082 CatO,
703 2053 778 2076 cuni
806 2043 850 2078 ait
876 2043 908 2080 in
936 2056 993 2089 ea,
1039 2057 1140 2090 quam
1167 2046 1284 2080 habuit
1310 2047 1424 2091 nequis
1452 2058 1520 2082 cos.
1547 2047 1596 2080 bis
1622 2047 1735 2081 fieret:
1780 2046 1922 2081 dicere
1948 2054 2140 2091 possum,

371 2084 519 2126 (wihus
553 2090 683 2125 villae
715 2099 841 2138 atque
875 2095 1001 2130 aedes
1035 2098 1322 2141 aedificatae,
1369 2105 1497 2142 atque
1531 2098 1749 2143 expolitae
1783 2096 1957 2133 maximo
1986 2106 2138 2143 opere,

457 2210 484 2247 i)
509 2211 796 2261 Pellc'czclationem.]
831 2221 930 2250 Velius
954 2223 1073 2262 Longus
1100 2224 1130 2253 in
1153 2225 1230 2255 libro
1275 2224 1330 2253 bus
1351 2235 1420 2254 usus
1443 2231 1507 2255 erat
1533 2236 1566 2262 r,
1603 2225 1671 2254 loco
1695 2236 1726 2261 s,
1757 2229 1791 2254 ut
1817 2223 1957 2254 Valerios
1977 2220 2136 2253 auraria,

370 2247 406 2295 df*
434 2248 665 2298 Offhographia:
701 2261 760 2290 Nec
790 2263 876 2292 aliter
904 2266 987 2303 apud
1011 2267 1157 2297 Lucilium
1186 2269 1230 2297 le·
1273 2267 1414 2297 dixerunt
1443 2269 1591 2306 iuniores,
1636 2278 1710 2307 quos
1740 2266 1878 2305 antiqui»
1916 2265 2072 2300 Valeffl'b'ffi
2105 2266 2133 2291 et

367 2294 448 2337 ,φημ’
477 2303 508 2327 ¹¹¹
548 2299 763 2346 Pmekfflfitifflle
792 2305 1003 2343 perficiendo,
1056 2310 1137 2348 quod
1172 2316 1228 2350 est,
1270 2311 1392 2339 Fusios.
1439 2310 1512 2340 Vide
1542 2321 1633 2350 supia
1654 2310 1686 2339 in
1709 2309 1865 2339 Arbosem.
1916 2309 1994 2339 Urs.
2027 2321 2083 2352 -·
2103 2305 2130 2341 2)

365 2332 536 2381 ωῴξθθῦᾁθ
553 2360 560 2374 ›
591 2347 733 2376 gemmata
755 2345 782 2380 l,
804 2348 943 2385 pellicere
973 2352 1104 2389 malunt,
1136 2364 1226 2393 quam
1268 2353 1446 2392 pascalem]
1485 2354 1519 2385 Iu
1550 2352 1710 2392 exemplari
1747 2356 1811 2381 erat
1841 2350 1926 2391 prius
1956 2349 2130 2380 Tarentino.

365 2375 520 2412 milicem*
562 2385 590 2410 et
619 2383 699 2420 ³PUd
734 2385 892 2423 Vergilium
928 2401 988 2420 1¹⁰1]
1031 2395 1116 2427 aliter
1155 2396 1226 2434 legi—
1269 2394 1377 2426 deinde
1398 2395 1428 2425 in
1450 2395 1539 2425 litura
1564 2396 1621 2424 sci-i
1646 2399 1708 2424 tum
1727 2394 1784 2427 suit
1806 2392 1975 2424 Terentino.
1998 2398 2053 2418 nec
2069 2387 2128 2416 du-

364 2426 442 2464 nffus’
473 2421 595 2470 &nafis
618 2424 739 2463 ωῪῦἃίὸ·
784 2428 865 2465 Quae
886 2439 1048 2470 sequuntur
1077 2437 1135 2466 alio
1158 2448 1225 2476 per-
1269 2437 1352 2466 bium
1380 2439 1453 2476 quin
1477 2438 1554 2468 Festi
1573 2406 1662 2466 verlia
1687 2436 1725 2465 ad
1741 2434 1934 2469 Tarentinum
1955 2440 2046 2471 pecus
2063 2439 2128 2478 per-

364 2463 471 2490 tineut.
496 2463 704 2500 desiderantur
720 2473 815 2498 autem
836 2473 922 2501 verba
949 2476 1085 2514 Catonis,
1109 2478 1138 2506 in
1163 2480 1224 2517 qui-
1269 2480 1398 2515 tineam,
1421 2481 1502 2518 quod
1524 2480 1636 2519 pascali
1660 2478 1837 2517 opponitur,
1866 2480 1893 2505 et
1913 2477 2022 2504 tectum
2040 2477 2126 2502 eum
