2263 2668
243 196 317 230 722
665 187 1009 224 COMMENTARH
1034 190 1081 224 IN
1108 189 1254 224 PAULI
1279 189 1475 225 DIACONI
1500 189 1755 226 EXCERPTA

241 289 376 318 Fortasse
398 295 453 325 pro
474 286 504 313 in
528 294 557 311 er
580 305 587 312 .
613 304 619 311 .
646 305 653 312 .
677 282 879 321 supplendum
900 283 931 312 in
954 281 1046 312 crudo
1069 283 1160 313 corio.
1183 281 1282 313 Scal.
1327 283 1448 312 Servius
1463 283 1500 312 II.
1524 283 1610 315 Aen.:
1646 283 1730 323 Quae
1752 282 1860 313 sterilis
1881 291 1976 314 autem
1999 293 2054 324 est,
2085 294 2186 318 taurea

241 330 406 371 appellata,
441 324 516 354 unde
537 323 603 354 ludi
629 326 734 354 Taurei
757 324 847 362 dicti,
884 326 934 365 qui
955 337 996 354 εει·
1018 325 1101 354 libris
1121 324 1270 366 fatalibus
1291 337 1311 354 a
1335 338 1398 366 rege
1427 327 1587 366 Tarquinio
1610 326 1741 367 Superbo
1763 327 1890 356 instituti
1911 334 1993 364 sunt,
2023 335 2185 368 propterea,

241 372 322 414 quod
341 370 435 399 omnis
453 375 556 408 partus
578 366 729 396 mulierum
753 366 830 396 male
852 367 978 397 cedebat.
1015 367 1086 397 Alii
1108 367 1194 397 ludos
1222 368 1348 397 Taureos
1369 380 1387 397 a
1411 367 1531 398 Sabinis
1550 377 1669 409 propter·
1688 368 1881 409 pestilentiam
1904 370 2051 399 institutos
2073 370 2187 409 dicunt,

240 423 272 444 ut
293 413 352 442 lues
371 409 493 451 publica
514 412 545 439 in
567 409 622 439 has
644 409 754 439 hostias
775 418 935 439 verteretur.
979 411 1068 446 Quod
1090 411 1155 439 ludi
1177 411 1278 439 Taurii
1301 412 1331 440 in
1355 412 1440 439 Circo
1464 412 1606 440 Flaminio
1634 412 1755 447 fierent,
1791 412 1843 450 qui
1871 412 1930 440 fuit
1958 418 2043 442 extra
2066 419 2187 452 portam

240 454 453 485 Carmentalem
478 453 560 483 testis
584 453 678 482 Varro
701 453 813 482 lib.IV.
837 453 873 481 de
894 454 924 481 L.
943 454 974 482 L.
998 452 1047 493 (V.
1070 464 1099 492 p.
1114 453 1184 485 154.
1207 452 1289 493 Sp.):
1327 453 1399 482 Item
1429 453 1521 483 simili
1550 453 1585 483 de
1613 465 1718 483 caussa
1748 455 1844 484 circus
1873 454 2037 484 Flaminius
2066 455 2186 494 dicitur,

239 499 289 538 qui
317 495 489 537 unificatus
517 503 557 525 est
587 497 667 526 circa
690 494 868 524 Flaminium
897 507 1049 535 campum,
1084 503 1112 524 et
1139 495 1219 536 quoti
1241 496 1284 525 ibi
1305 507 1418 537 quoque
1439 494 1518 525 ludis
1546 497 1681 526 Tauricis
1703 498 1815 527 circum
1836 504 1928 526 metas
1949 505 2078 527 curt-uni.
2122 498 2187 528 Viri

238 541 321 569 docti
344 541 429 568 aiunt
450 538 504 567 hos
525 539 613 567 ludos
635 539 760 567 Taurios
784 539 931 568 circenses
955 539 1040 567 etiam
1065 538 1175 575 dictos,
1206 539 1287 577 quod
1309 549 1396 567 nemo
1421 539 1605 578 probaverit.
1649 539 1736 569 Dac.

405 580 682 610 Talassionem.
727 581 819 610 Multa
845 581 902 610 hac
924 581 961 610 de
984 591 1014 609 re
1039 582 1157 620 Dionys.
1181 581 1241 621 (11,
1265 581 1333 621 30.)
1359 581 1421 610 Liv.
1445 586 1474 610 et
1495 581 1663 619 Plutarch.,
1700 593 1738 611 ex
1761 581 1869 620 quibus
1891 582 1977 611 facile
1999 583 2186 622 intelligitur,

238 625 318 664 quod
340 624 498 663 Pompeius
522 624 642 659 scribit,
678 623 734 652 sub
758 625 885 653 Romulo
909 624 1047 652 Sabinam
1076 629 1191 662 raptam
1221 625 1312 653 fuisse
1341 624 1484 661 virginem
1507 626 1613 654 unicae
1634 624 1870 663 pulchritudinis
1893 635 1909 653 a
1932 625 2119 664 Tabssione,
2156 631 2188 656 et

237 667 317 706 quod
339 667 371 695 id
400 667 571 705 coniugium
600 667 625 694 ei
653 666 741 695 suerit
763 667 849 703 felix,
887 668 918 695 in
940 667 1051 705 nuptiis
1074 666 1180 695 ominis
1204 667 1298 705 gratia
1320 667 1533 705 redintegrari,
1570 668 1601 696 id
1625 672 1669 696 est
1691 667 1852 696 identidem
1875 667 1934 695 dici
1957 677 1991 696 ac
2012 669 2108 708 repeti
2129 679 2187 699 no-

237 720 313 740 men.
356 711 430 737 Sunt
454 710 504 747 qui
527 708 724 737 Talassionem
749 710 918 748 appellent,
948 715 1018 738 sunt
1041 709 1090 748 qui
1113 710 1276 738 Talassium
1300 709 1349 738 vel
1371 709 1565 740 Thalassium.
1596 710 1685 740 Ant.
1708 710 1804 749 Aug.
1848 710 2050 740 Talassionem
2071 711 2103 739 in
2126 722 2188 741 nu·-

236 753 307 791 ptiis
332 752 426 781 Varro
450 753 492 780 ait
515 762 575 780 esse
599 752 711 790 signum
734 752 866 782 lanificii.
918 750 1053 792 Τάλαρον
1076 753 1168 789 enim,
1205 753 1235 780 id
1259 757 1303 781 est
1326 752 1485 790 quasillum
1509 752 1631 781 solitum
1654 753 1798 792 appellari
1821 752 2033 782 Talassionem.
2079 752 2187 784 Atilius

235 794 427 823 historiarum
451 795 580 833 scriptor
603 794 767 823 Talassium
790 795 909 823 nomine
931 795 1030 823 virum
1053 799 1140 834 rapta
1163 795 1276 833 virgine
1299 794 1404 823 unicae
1425 794 1678 833 pulchritudinis,
1709 795 1815 823 ominis
1837 796 1931 833 gratia
1954 805 2034 824 nunc
2056 795 2187 826 redinte-

235 837 322 876 grari.
354 835 451 867 Scal.
497 838 533 866 Ut
557 837 662 867 Graeci
683 836 869 875 hymenaeum
892 838 922 865 in
946 838 1056 875 nuptiis
1079 838 1211 866 accinere
1234 837 1382 874 solebant,
1421 837 1462 865 sic
1488 837 1610 866 Romani
1639 836 1804 866 Talassium
1827 838 1875 866 vel
1904 837 2120 876 Talassionem,
2149 839 2188 868 de

236 890 294 918 quo
317 879 386 907 vide
409 879 556 908 Plutarch.
580 881 611 909 in
634 880 754 915 Quae—st.
779 881 862 908 Rom.
880 882 930 910 31.
976 880 1173 909 Historiarum
1197 879 1368 918 scriptoris,
1407 890 1495 918 quem
1519 880 1621 909 laudat
1643 879 1763 916 Festus,
1800 881 1977 909 sententiam
2002 887 2121 911 secutus
2141 887 2188 911 est

234 923 296 952 Liv.
320 921 371 950 lib.
384 921 404 950 I.
429 923 466 958 (c.
481 924 521 960 9.)
544 923 594 951 ubi
617 923 653 951 de
676 927 766 961 raptu
789 922 962 951 Sabinarum
985 923 1149 961 virginum,
1173 928 1202 952 et
1224 923 1345 951 Servius
1368 922 1419 950 lib.
1431 922 1454 951 I.
1477 923 1548 952 Aen.
1571 922 1650 962 (pag.
1664 925 1736 954 221.
1761 922 1793 951 C.
1818 923 1863 953 ed.
1890 922 1983 963 Dan).
2006 923 2094 954 Dac.
2130 922 2188 954 Ga-

234 963 339 994 latlzus.
371 964 445 993 Vide
468 975 557 1004 supra
583 964 733 995 Galaticus.
780 963 886 994 Goth.

398 1007 635 1037 Tribunicia.
667 1007 732 1047 (Ad
756 1018 783 1046 p.
798 1007 886 1046 268.)
917 1007 979 1036 Lex
1001 1007 1118 1037 Curiata
1145 1012 1208 1037 erat
1233 1007 1425 1046 potissimum
1448 1007 1484 1037 de
1506 1007 1633 1047 imperio
1657 1007 1779 1036 militari
1800 1007 1836 1036 iis
1859 1007 2082 1046 magistratibus
2104 1019 2187 1038 man-

233 1050 349 1085 dando,
374 1050 424 1088 qui
447 1051 668 1090 superioribus,
692 1050 863 1078 centuriatis
887 1050 1019 1087 scilicet,
1049 1051 1179 1080 comitiis
1203 1051 1296 1079 creati
1319 1050 1445 1080 fuerant.
1490 1051 1594 1089 Neque
1617 1050 1694 1079 enim
1718 1050 1852 1087 consuli,
1881 1050 1905 1078 si
1929 1051 2070 1080 curiatam
2092 1052 2186 1089 legem

233 1103 292 1121 non
314 1092 452 1129 haberet,
489 1093 633 1131 attingere
662 1103 722 1122 rem
753 1093 909 1121 militarem
935 1093 1059 1129 licebat,
1089 1099 1120 1122 ut
1150 1093 1189 1122 ait
1213 1094 1306 1122 Cicer¹
1323 1093 1359 1121 ll.
1383 1093 1460 1121 Rull.
1484 1092 1568 1133 (cap.
1583 1092 1652 1132 11.)
1682 1104 1745 1122 eam
1769 1091 1858 1133 legem
1880 1092 2023 1134 ferebant
2046 1092 2186 1124 consules.

233 1136 294 1164 Cic.
317 1135 404 1166 ibid.:
444 1134 618 1165 Consulibus
640 1136 784 1165 curiatam
808 1134 897 1175 legem
917 1135 1085 1177 ferentibus
1107 1142 1162 1166 etc.
1208 1137 1245 1164 At
1268 1136 1345 1164 bello
1369 1135 1500 1164 secundo
1524 1136 1638 1164 Punico
1662 1146 1729 1164 cum
1752 1135 1901 1164 Hannibal
1924 1141 2029 1174 portae
2052 1137 2188 1175 Capenae

233 1178 518 1217 appropinquasset,
541 1179 670 1217 ideoque
694 1188 752 1206 non
775 1179 878 1207 liceret
900 1178 1119 1217 magistratibus
1144 1189 1180 1207 ex
1202 1179 1359 1217 praesidiis
1382 1178 1551 1215 discedere,
1574 1179 1730 1215 Consules,
1760 1178 1828 1217 quia
1851 1178 1908 1217 ipsi
1931 1183 2013 1207 metu
2034 1179 2188 1207 Hanniba-

233 1221 269 1248 lis
292 1221 473 1249 imminentis
497 1221 601 1250 urbem
625 1221 725 1249 venire
749 1225 776 1249 et
799 1221 944 1260 populum
966 1230 1072 1258 rogare
1095 1232 1155 1249 non
1184 1226 1341 1260 poterant,
1379 1221 1409 1250 id
1432 1226 1554 1259 egerunt
1576 1232 1631 1259 per
1654 1221 1802 1249 Tribunos
1825 1221 1920 1260 plebis
1943 1226 2032 1260 atque
2053 1221 2096 1250 ita
2118 1222 2188 1251 Tri-

232 1263 345 1291 bunitia
368 1264 521 1301 rogatione
545 1264 659 1292 curiata
681 1264 729 1291 lex
752 1264 820 1292 lata.
858 1264 945 1292 Nunc
968 1264 1064 1292 omnia
1087 1264 1186 1302 plana.
1225 1264 1335 1292 Verum
1360 1264 1395 1299 Q.
1419 1264 1543 1292 Fabium
1566 1263 1727 1293 Maximum
1753 1263 1953 1292 Verrucosum
1978 1265 2187 1293 Cunctatorem

233 1306 346 1334 dictum
370 1311 398 1334 et
417 1306 453 1334 M.
471 1306 644 1335 Marcellum
668 1306 804 1334 consules
828 1306 918 1335 suisse
941 1306 1062 1335 invenio
1086 1318 1153 1335 anu.
1170 1307 1203 1335 U.
1221 1307 1252 1335 C.
1267 1307 1434 1336 DXXXIX.
1466 1306 1504 1335 At
1520 1306 1647 1334 Annibal
1670 1306 1706 1335 ad
1732 1306 1835 1334 urbem
1859 1306 1984 1335 accessit
2004 1317 2069 1336 ann.
2087 1307 2187 1336 DXLI.

232 1349 313 1378 Coss.
338 1348 375 1384 Q.
398 1348 504 1377 Fulvio
528 1349 650 1383 Flacco,
684 1349 780 1387 Appio
804 1349 928 1377 Claudio
952 1349 1079 1386 Pulcro,
1112 1349 1177 1385 vol,
1209 1353 1242 1377 ut
1268 1349 1406 1387 quidam,
1435 1359 1512 1377 anno
1537 1349 1652 1377 DXLlI.
1689 1349 1770 1377 Coss,
1793 1349 1845 1377 Cn.
1870 1349 1978 1378 Fulvio
2002 1349 2187 1385 Centumalo,

234 1391 263 1419 P.
286 1391 420 1430 Sulpicio
442 1392 544 1420 Galba.
578 1392 673 1429 lgitur
695 1393 741 1420 vel
764 1392 795 1419 in
817 1396 952 1430 tempora
976 1392 1113 1430 peccavit
1135 1392 1253 1426 Festus,
1277 1391 1326 1419 vel
1350 1391 1423 1420 alios
1445 1391 1568 1420 annales
1590 1396 1710 1420 secutus
1733 1395 1786 1421 est.
1809 1391 1863 1420 Da
1873 1403 1897 1421 c.
1927 1390 2035 1421 Aelius
2055 1393 2086 1421 in
2108 1390 2186 1422 XII.

231 1433 389 1474 significat.
413 1433 522 1464 verbor.
569 1435 612 1463 lta
637 1435 748 1462 citatur
771 1444 859 1472 supra
883 1434 914 1462 in
939 1433 1165 1463 Postliminium.
1216 1432 1320 1464 Goth.

398 1475 627 1506 Trisulcum.
651 1476 709 1516 (Ad
731 1487 759 1515 p.
772 1475 856 1514 269.)
880 1477 1048 1505 Trisulcum
1072 1476 1183 1504 fulmen
1206 1475 1265 1504 suit
1287 1476 1418 1511 dictum,
1447 1476 1516 1514 quia
1538 1475 1570 1504 id
1594 1480 1644 1504 aut
1665 1475 1812 1511 incendit,
1836 1479 1888 1504 aut
1911 1474 2010 1512 findit,
2035 1480 2085 1504 aut
2105 1480 2188 1505 tere-

232 1518 306 1548 brat.
343 1518 423 1547 Haec
447 1524 490 1547 est
511 1520 606 1555 Festi,
630 1525 664 1548 ut
687 1519 832 1553 arbitror,
856 1520 1007 1547 sententia.
1041 1519 1116 1547 Vide
1131 1517 1304 1547 Manubiae.
1335 1518 1456 1546 Servius
1478 1518 1530 1546 lib.
1543 1518 1579 1548 ΙΙ,
1602 1517 1674 1546 Aen.
1698 1518 1777 1557 (pag.
1790 1521 1862 1550 261.
1889 1518 1920 1546 D.
1944 1517 1989 1548 ed.
2006 1518 2094 1556 Dan.)
2116 1518 2187 1547 Ful-

231 1560 342 1589 minum
364 1562 420 1589 tria
444 1571 550 1600 genera
573 1572 636 1590 esse
659 1561 749 1598 dicit,
780 1561 859 1600 quod
883 1562 982 1598 asflat,
1012 1561 1094 1599 quod
1116 1560 1267 1597 incendit,
1297 1560 1378 1599 quod
1400 1560 1495 1590 findit.
1518 1560 1607 1590 Ant.
1630 1559 1726 1600 Aug.
1763 1561 1861 1589 Merae
1882 1570 1985 1598 nugae.
2020 1560 2095 1590 Vide
2117 1559 2188 1590 Sul-

231 1613 306 1633 cum.
349 1603 405 1632 Da
416 1614 441 1633 c.

398 1646 642 1685 Togatarum.
673 1646 737 1686 (Ad
761 1657 788 1685 p.
804 1645 894 1685 269.)
920 1645 1047 1674 Videtur
1069 1645 1227 1674 ostendere
1248 1645 1351 1674 Festus
1373 1645 1572 1675 differentiam
1595 1645 1674 1674 inter
1692 1651 1912 1685 praetextatas,
1948 1651 2066 1684 togatas
2087 1649 2116 1674 et
2137 1652 2188 1674 ia-

231 1686 380 1716 bernarias
402 1688 587 1725 comoedias,
619 1688 675 1717 nisi
699 1690 777 1718 forte
799 1689 927 1718 velimus
950 1688 1065 1724 dicere,
1097 1693 1211 1727 togatas
1235 1698 1297 1717 esse
1320 1688 1434 1725 dictas,
1473 1693 1506 1717 ut
1529 1688 1668 1717 differant
1690 1698 1705 1716 a
1728 1687 1873 1725 palliatis,
1906 1696 1980 1725 quae
2002 1687 2061 1716 sint
2082 1697 2119 1716 ex
2140 1697 2188 1716 ar-

232 1731 379 1767 gumentis
402 1731 540 1768 u1>banis3
578 1742 646 1760 nam
677 1732 815 1770 palliatae
844 1736 912 1760 sunt
937 1731 1120 1760 Graecarum
1150 1731 1328 1759 fabularum.
1373 1731 1551 1769 'l'ogatarum
1577 1736 1674 1760 autem
1698 1730 1772 1759 alias
1794 1740 1858 1758 esse
1880 1734 2082 1769 praetextatas
2103 1730 2189 1768 inge-

233 1782 357 1801 nuarum
381 1783 592 1812 personarum,
617 1775 689 1803 alias
712 1785 784 1804 vero
808 1774 993 1802 tabernarias
1017 1774 1122 1802 vilium
1145 1783 1348 1812 personarum.
1381 1775 1470 1811 Togis
1494 1774 1572 1802 enim
1595 1772 1756 1812 praetextis
1777 1773 1940 1801 utebantur
1962 1772 2081 1810 ingenui
2102 1772 2189 1812 pueri

233 1824 267 1841 ac
289 1816 421 1853 puellae;
445 1817 475 1845 in
499 1816 631 1845 tabernis
654 1827 726 1846 vero
750 1817 949 1846 versabantur
971 1817 1049 1845 servi
1071 1816 1226 1855 plagiarii,
1257 1821 1288 1845 ut
1311 1816 1414 1845 Festus
1438 1816 1494 1852 ait,
1520 1822 1549 1845 et
1570 1816 1621 1845 alii
1641 1815 1763 1844 humilis
1786 1815 1965 1844 conditionis
1988 1815 2046 1843 viri
2068 1824 2102 1843 ac
2123 1824 2189 1843 mu-

233 1855 327 1886 lieres.
367 1859 440 1887 Vide
464 1858 650 1888 Praetextae.
679 1859 766 1888 Ant.
789 1860 881 1899 Aug.
926 1859 1104 1896 'togatarum
1132 1859 1282 1898 privatum
1306 1863 1512 1897 argumentum
1537 1863 1597 1894 est,
1635 1859 1704 1897 quia
1727 1857 1882 1886 hominum
1904 1857 2019 1895 fastigia
2043 1857 2189 1896 quaedam

234 1904 308 1926 sunt.
358 1901 612 1930 Praetextatarum
644 1902 816 1940 publicum,
857 1902 938 1940 quod
968 1902 1044 1939 togis
1073 1901 1237 1940 praetextis
1267 1911 1361 1940 remp.
1391 1901 1609 1930 administrent.
1653 1900 1917 1937 Tabernariarum,
1954 1899 2023 1939 quia
2051 1901 2188 1939 personis

235 1941 446 1972 excellentibus
470 1945 556 1972 etiam
580 1944 706 1973 humiles
729 1945 848 1981 mistae,
872 1954 1038 1982 caupones»,
1062 1944 1214 1982 plagiarii,
1238 1943 1316 1972 servi
1339 1944 1466 1982 denique
1489 1949 1518 1972 et
1540 1944 1661 1972 lenones
1684 1944 1712 1971 in
1735 1943 1867 1972 tabernis
1888 1942 2012 1972 honeste
2031 1942 2189 1981 prodeant,

234 1982 353 2011 mistum
377 1992 582 2021 argumentum
605 1992 658 2017 est.
693 1987 851 2025 Eleganter
873 1986 947 2014 hacc
970 1987 1090 2023 Festus,
1114 1992 1142 2015 et
1166 1986 1328 2015 dolendum
1351 1992 1415 2015 erat
1438 1996 1491 2014 nos
1514 1986 1555 2014 eis
1579 1986 1692 2015 diutius
1715 1996 1825 2015 carere.
1847 1984 1950 2015 Scal.
1990 1985 2103 2021 Quanti
2125 1995 2189 2014 mo-

234 2025 324 2052 menti
356 2026 392 2054 sit
419 2027 467 2055 liic
497 2030 598 2065 locus,
635 2029 705 2058 hine
736 2030 968 2058 existimandum
997 2034 1054 2065 est,
1095 2029 1175 2068 quod
1207 2029 1320 2067 absque
1349 2039 1383 2058 eo
1412 2029 1443 2057 in
1469 2039 1577 2067 magna
1607 2029 1776 2057 fabularum
1801 2028 1966 2066 ignorantia
1988 2037 2188 2057 versaremur.

234 2067 307 2095 Nam
332 2067 521 2099 Grammatici
547 2072 589 2100 ita
618 2073 779 2111 perplexe,
814 2073 954 2100 intricate
982 2081 1086 2100 earum
1117 2081 1225 2110 genera
1250 2071 1418 2108 tradidere,
1455 2076 1489 2100 ut
1517 2081 1620 2100 eorum
1645 2081 1702 2110 ope
1726 2081 1812 2100 nemo
1835 2070 1934 2099 adbuc
1957 2079 1995 2099 ex
2016 2069 2076 2098 hoc
2098 2079 2189 2108 argu-

234 2114 334 2138 mento
363 2120 426 2138 sese
455 2114 600 2142 extricare
629 2116 770 2153 potuerit.
816 2116 876 2143 {mo
903 2115 992 2143 etiam
1022 2119 1050 2143 et
1080 2124 1134 2152 per
1162 2124 1211 2143 eos
1239 2114 1298 2142 viri
1326 2114 1492 2143 doctissimi
1515 2114 1685 2153 saepissime
1708 2114 1737 2142 in
1761 2123 1892 2142 errorem
1915 2113 2093 2151 praecipites
2114 2112 2187 2148 dati,

235 2151 307 2180 dum
328 2159 446 2192 togatas
467 2164 483 2181 a
504 2158 699 2193 praetextatis
722 2164 750 2186 et
780 2156 966 2186 Tabe-mariis
990 2157 1122 2185 diversas
1147 2157 1341 2187 somniarunt.
1386 2156 1599 2186 Praeteaetatae
1626 2161 1655 2185 et
1684 2155 1868 2185 tabernariae
1895 2155 1970 2184 nihil
1999 2154 2079 2183 aliud
2107 2160 2190 2192 sunt,

235 2204 324 2232 quam
347 2201 477 2234 togatae,
515 2202 547 2224 ut
570 2208 622 2225 nos
644 2199 731 2228 docet
753 2200 802 2228 hic
826 2200 902 2228 Festi
927 2200 1020 2228 locus.
1064 2200 1166 2237 Neque
1196 2204 1399 2238 praetextatae
1427 2209 1499 2228 vere
1520 2199 1691 2237 tragoediae
1713 2203 1799 2235 sunt,
1834 2202 1868 2227 ut
1888 2198 1995 2227 volunt
2016 2197 2075 2226 viri
2097 2197 2187 2228 docti.

237 2236 439 2265 Praetextatae
461 2244 580 2276 togatae
602 2240 713 2276 dictae,
740 2243 820 2279 quod
842 2242 1032 2280 magistratus
1056 2247 1082 2270 et
1106 2243 1262 2280 patricios,
1292 2242 1342 2281 qui
1366 2242 1442 2279 togis
1464 2242 1626 2280 praetextis
1648 2241 1826 2277 utebantur,
1850 2241 2052 2279 producerent
2072 2240 2104 2268 in
2125 2250 2189 2269 sce-

238 2285 315 2323 naru-
362 2278 559 2323 Tabernariae
581 2291 652 2308 vero
676 2290 807 2321 togatae,
845 2286 925 2322 quod
950 2294 1017 2313 cum
1040 2285 1170 2313 tabernis
1194 2295 1299 2313 scenae
1322 2284 1573 2323 disponebantur,
1608 2285 1649 2313 ita
1672 2289 1705 2313 nt
1726 2284 1806 2312 inter
1827 2285 1910 2312 viros
1933 2283 2114 2312 excellentes
2136 2292 2188 2322 pa-

238 2322 338 2346 tricms
359 2321 506 2350 interdum
530 2327 558 2350 et
581 2323 726 2361 plebeios,
764 2336 890 2363 quorum
915 2332 977 2355 erat
1000 2332 1085 2364 toga,
1124 2327 1278 2366 plagiarii,
1311 2328 1390 2356 servi
1414 2332 1442 2355 et
1466 2337 1619 2365 cauponae
1641 2337 1656 2356 e
1678 2326 1808 2355 tabernis
1832 2326 2003 2365 saepissime
2024 2325 2187 2363 prodirent.

238 2360 283 2389 Ab
307 2359 353 2388 his
378 2360 494 2389 diversa
517 2364 704 2401 aliquatenus
726 2367 888 2403 Atellano,
913 2370 1049 2406 quamvis
1073 2371 1158 2398 etiam
1184 2375 1211 2398 et
1235 2374 1345 2407 togata.
1391 2370 1475 2405 Quae
1500 2370 1680 2398 Graecorum
1704 2374 1832 2408 satyram
1855 2369 1983 2405 imitata,
2008 2372 2042 2396 ut
2063 2371 2092 2395 et
2111 2365 2188 2405 pla-

237 2404 332 2442 nipes,
366 2413 442 2441 quae
466 2404 647 2434 Graecorum
671 2408 789 2441 mimos,
828 2410 877 2437 sed
901 2411 969 2447 quia
994 2412 1112 2439 notulas
1135 2412 1304 2449 scribimus,
1343 2412 1379 2440 de
1403 2412 1528 2449 singulis
1552 2412 1621 2440 olim
1647 2411 1785 2450 pluribus
1808 2421 1944 2449 agemus,
1981 2409 2071 2438 modo
2094 2409 2188 2436 Deum

238 2445 322 2474 illum
345 2445 416 2484 Opt.
437 2446 515 2477 Max.
539 2449 702 2487 propitium
726 2454 756 2478 et
778 2450 926 2479 faventem
950 2453 1148 2490 experiamur.
1191 2455 1287 2492 Supra
1310 2455 1340 2482 in
1363 2454 1461 2483 verbis
1483 2455 1573 2483 Festi:
1606 2453 1862 2483 Praetextatarum
1891 2452 2039 2481 hominum
2056 2449 2187 2492 fastigi:
