2263 2668
228 214 301 247 716
659 205 1002 240 COMMENTARII
1029 207 1076 240 IN
1103 205 1247 240 PAULI
1274 206 1468 240 DIACONI
1494 206 1746 242 EXCERPTA

227 305 347 344 gnificat
377 308 427 332 aut
455 300 558 329 simile.
604 298 672 326 Tria
703 303 799 326 autem
822 299 913 327 verba
938 300 1074 339 copulata
1098 304 1182 336 sunt,
1218 301 1358 338 siremps,
1394 299 1452 327 hoc
1476 304 1519 327 est
1542 300 1645 328 similis
1667 310 1714 329 res
1736 301 1810 339 ipsa.
1834 300 1919 331 Ant.
1940 300 2033 340 Aug.
2078 302 2174 333 Plauti

227 349 311 377 locus
334 347 362 374 in
386 343 507 382 prologo
533 340 760 379 Amphitruonis
781 342 855 378 (73.)
877 342 934 370 iani
959 343 1071 371 dudum
1095 353 1108 369 a
1133 342 1216 370 nobis
1239 342 1278 370 ita
1303 342 1474 370 emendatus
1497 342 1566 371 suit:
1593 344 1737 382 Sirempse
1758 341 1847 382 legem
1869 343 1952 372 iussit
1974 355 2033 372 esse
2054 342 2173 384 Iupiter.

226 389 345 419 Memini
370 391 397 414 et
419 386 516 413 locum
540 384 570 411 in
594 384 854 412 senatusconsulto
878 386 1007 423 quodam
1032 385 1110 424 apud
1134 385 1308 413 Frontinum
1333 384 1436 413 eodem
1467 385 1555 413 modo
1584 386 1778 424 depravatum
1808 385 1895 423 vulgo
1926 386 1999 422 legi:
2039 385 2098 424 Qui
2118 386 2175 416 ad-

225 442 321 461 versus
348 440 381 457 ea
411 426 482 468 quid
502 426 613 468 fecerit
643 433 668 454 et
696 425 834 455 adversus
863 439 895 457 ea
926 429 1042 467 repserit
1071 439 1112 456 ex
1141 429 1219 456 iussu
1248 439 1394 467 causaque
1419 428 1547 455 omnium
1574 440 1667 456 rerum
1691 426 1824 457 omnibus
1846 435 1904 457 esto
1929 426 2055 457 damnas
2077 430 2175 470 utique

226 482 312 513 atque
334 472 432 511 utique
453 477 523 498 esset
545 481 658 509 esseque
681 476 838 508 oporteret,
875 470 901 498 si
923 471 947 498 is
970 470 1121 499 adversum
1144 469 1221 499 Jzanc
1243 469 1331 509 legem
1356 470 1447 497 rivum
1470 481 1641 510 specumque
1663 471 1793 509 rupisset.
1838 471 1992 499 Mauifesto
2023 470 2099 499 enim
2127 472 2174 501 le-

226 515 367 553 gendum:
406 512 464 551 Qui
486 510 623 540 aduersus
646 522 677 539 ea
702 510 774 551 quid
788 510 914 552 fecerit,
952 514 1087 552 sirempse
1110 511 1176 548 lem,
1214 514 1259 541 ius
1281 523 1441 552 caussaque
1464 513 1591 540 omnium
1616 524 1707 541 rerum
1732 512 1865 542 omnibus
1887 520 1945 542 esto
1968 513 2067 553 utique
2087 521 2174 554 atque

225 559 267 586 uti
289 564 359 586 esset
383 560 436 584 etc.
483 555 563 590 Quin
587 554 667 592 apud
691 553 820 582 Piobum
844 555 988 592 Siglarum
1013 556 1189 593 scriptorem
1214 555 1314 583 eadem
1340 565 1398 582 non
1423 555 1610 584 mediocriter
1634 555 1832 584 contaminata
1856 561 1940 584 sunt:
1976 556 2004 583 S.
2029 556 2062 585 R.
2087 557 2119 586 L.
2143 556 2174 585 E.

226 601 255 628 E.
279 600 310 628 C.
335 600 370 634 Q.
396 599 428 626 O.
457 599 486 627 R.
513 598 542 626 E.
581 596 615 625 Si
638 608 694 624 rem
719 595 771 624 lea·
794 608 834 625 ex
856 599 915 626 eius
938 609 1028 627 causa
1054 597 1116 636 Que
1138 599 1264 626 omnium
1290 608 1380 625 rerum
1404 605 1472 625 esto.
1519 598 1635 626 Scribe:
1662 600 1689 626 S.
1716 600 1744 627 L.
1769 599 1791 627 I.
1815 598 1845 626 C.
1870 598 1906 633 Q.
1931 598 1966 626 Ο.
1988 598 2021 628 R.
2046 598 2078 628 E.
2117 597 2175 628 Si-

225 653 333 682 rempse
356 640 422 677 lex,
458 641 502 668 ius
526 650 671 679 causaque
693 639 822 667 omnium
845 651 937 668 rerum
961 648 1029 669 esto.
1077 640 1166 679 Apud
1188 642 1327 668 Senecam
1354 640 1406 678 Ep.
1423 643 1490 671 92:
1531 639 1588 668 Ubi
1609 651 1673 670 vero
1697 639 1738 668 acl
1751 641 1845 679 finem
1869 638 2037 669 mortalium
2059 647 2174 670 ventum

224 691 279 721 est,
314 683 442 720 discede,
475 683 584 722 inquit,
615 681 767 717 Ambitio,
801 683 946 718 omnium,
980 694 1053 722 quae
1075 690 1178 711 terram
1200 689 1348 722 premunt,
1387 693 1447 710 sere
1469 681 1550 710 miles
1572 690 1640 712 esto.
1684 683 1827 711 Emendat
1849 683 1996 713 eruditiss,
2022 683 2173 712 Cuiacius:

224 728 343 766 siremps
367 725 418 754 lex
440 732 506 753 esto.
553 724 668 752 Partem
697 724 859 753 verborum
883 725 1001 753 Catonis
1032 726 1070 753 ita
1101 725 1390 754 reconeinnabimus:
1429 723 1466 752 Et
1493 733 1641 763 praeterea
1671 736 1758 765 rogas
1784 725 1926 754 advorsus
1948 736 1981 753 ea
2003 726 2029 754 si
2047 724 2175 765 popolus

225 768 472 803 condemnaverit,
510 767 568 794 utei
589 767 709 806 siremps
732 765 784 795 lex
807 768 874 804 siet,
915 768 1000 807 quasi
1021 766 1163 797 advorsus
1186 767 1260 807 leges
1273 767 1405 808 jecisset.
1438 765 1539 795 Scal.
1586 766 1714 807 Siremps
1737 769 1935 807 compositum
1959 778 1995 795 ex
2017 766 2124 796 similis
2146 778 2176 796 re

224 813 296 851 ipsa.
333 812 432 845 Quare
457 810 567 847 optime
592 809 692 838 Festus
715 809 745 837 in
769 809 866 837 verbis
891 811 994 838 Caton.
1018 810 1229 849 interpretatus
1253 815 1296 838 est
1318 808 1436 837 eandem
1460 810 1507 837 vel
1528 809 1652 849 proinde
1673 812 1767 850 quasi.
1806 811 1853 838 Sic
1875 812 1904 839 in
1928 810 1986 838 isto
2010 810 2174 848 fragmento

224 854 294 890 legis
318 852 449 890 agrariae
472 852 613 880 Thoriae:
654 851 712 889 Qui
733 863 802 891 ager
823 863 863 880 eac
881 851 1002 891 publico
1026 853 1055 881 in
1077 854 1222 891 priuatum
1247 859 1442 881 commutatus
1464 853 1516 888 sit,
1553 850 1588 880 de
1609 863 1640 881 eo
1663 863 1735 891 agro
1760 852 1887 892 Siremps
1909 851 1961 881 Iex
1984 859 2059 889 esto,
2089 852 2175 893 quasi

224 898 248 924 is
269 907 338 934 ager
360 894 392 923 P.
409 893 514 923 Mucio
538 902 563 922 et
587 894 623 924 L.
646 893 805 933 Calpurnio
832 893 909 923 Coss.
931 906 983 934 per
1006 902 1097 924 totam
1122 895 1251 924 Italiam.
1289 895 1320 922 Id
1345 899 1388 922 est
1411 893 1525 922 Similis
1547 906 1577 922 re
1598 895 1663 933 ipsa
1687 893 1739 923 lex
1761 902 1819 923 esto
1866 896 1917 924 Vel
1934 894 2004 924 Lex
2025 902 2085 925 esto
2104 905 2175 934 pro-

222 936 291 966 inde
313 945 407 977 atque.
429 936 516 965 Dac.
549 937 623 965 Vide
646 937 828 965 Brissoninm
846 937 881 965 II.
905 937 940 965 de
965 938 1100 966 formulis
1124 948 1189 976 pag.
1207 941 1274 968 117.
1301 936 1408 965 Goth.
1443 936 1571 975 Sircmps
1594 942 1622 965 et
1643 938 1779 976 sirempse
1802 937 1975 976 pronomina
2001 942 2070 966 sunt
2091 947 2175 966 com-

222 980 333 1019 posita,
358 990 393 1008 ex
417 980 448 1008 si
470 979 644 1017 pronomine
667 979 773 1008 tertiae
795 989 958 1018 personae,
983 980 1063 1018 quod
1089 981 1191 1008 Latino
1216 989 1350 1009 sermone
1374 979 1443 1007 alibi
1466 979 1634 1015 vindicavi,
1658 984 1686 1007 et
1708 992 1780 1016 res,
1805 985 1833 1008 et
1853 992 1932 1020 pse,
1955 979 2035 1018 quod
2058 980 2175 1019 postre-

222 1033 303 1052 mum
327 1022 425 1051 adhuc
448 1032 537 1061 super
560 1027 602 1050 est
625 1023 655 1050 iu
680 1033 791 1061 reapse,
828 1033 925 1061 eapse,
961 1033 1089 1062 eampse,
1125 1035 1245 1062 eumpse.
1291 1023 1334 1051 Cf.
1359 1031 1432 1060 quae
1455 1022 1558 1050 notavi
1581 1022 1616 1051 ad
1642 1022 1741 1050 Plauti
1765 1022 1910 1061 Amphitr.
1933 1022 2009 1061 prol.
2026 1025 2078 1054 73.
2123 1022 2175 1051 Est

222 1066 314 1104 igitur
336 1066 456 1105 siremps
480 1070 508 1093 et
530 1065 679 1104 sirempse,
712 1075 743 1092 ea
768 1075 813 1093 res
838 1065 918 1102 ipsa,
949 1065 1120 1103 factumque
1143 1070 1184 1094 est
1209 1075 1281 1103 usu,
1307 1069 1341 1093 ut
1364 1074 1429 1093 voc.
1452 1064 1548 1093 abiret
1570 1064 1600 1093 in
1623 1075 1789 1104 pronomen
1812 1065 2036 1101 indeclinabile,
2063 1064 2174 1103 signifi-

224 1119 292 1136 cans
316 1109 341 1137 is
363 1109 438 1147 ipse,
463 1119 497 1136 ea
518 1108 599 1146 ipsa,
622 1108 669 1135 vel
693 1105 784 1141 idem,
808 1106 917 1137 eadem.

388 1149 577 1189 Spiciunt.
612 1149 671 1190 (Ad
694 1147 823 1188 p.264.)
859 1150 1005 1188 Antiquos
1028 1150 1137 1179 dixisse
1161 1152 1188 1178 iu
1215 1151 1312 1179 soluta
1336 1150 1469 1178 oratione
1492 1151 1575 1179 testis
1598 1156 1642 1179 est
1666 1151 1737 1179 Cato
1760 1151 1791 1179 in
1815 1161 1861 1187 ea,
1901 1161 1989 1189 quam
2011 1149 2116 1178 habuit
2139 1149 2175 1179 de

223 1197 334 1232 septem
358 1192 537 1221 horninibus.
564 1191 663 1221 Scal.
700 1191 838 1220 Mende-se
863 1191 898 1220 de
920 1199 1023 1232 septem
1047 1192 1212 1222 hominibus
1236 1193 1344 1230 legitur
1368 1203 1422 1231 pro
1447 1191 1481 1222 de
1504 1192 1600 1223 decem
1623 1192 1798 1223 hominibus.
1836 1194 1908 1221 Nam
1933 1203 2022 1232 saepe
2045 1192 2117 1221 Cato
2141 1190 2176 1220 de

224 1234 320 1265 decem
343 1234 509 1264 hominibus
530 1242 634 1263 contra
659 1234 814 1263 Thermum
837 1235 944 1263 citatur
967 1246 980 1263 a
1007 1235 1109 1271 Festo,
1133 1246 1285 1273 nunquam
1308 1246 1380 1265 vero
1405 1234 1439 1264 de
1461 1243 1575 1275 septem.
1619 1236 1695 1274 Lego
1717 1236 1812 1265 infra:
1836 1235 1899 1266 Nec
1921 1236 2064 1276 spiciunt,
2087 1245 2176 1276 neque

224 1285 304 1306 ratos
327 1289 384 1306 esse
407 1276 516 1306 volunt.
542 1277 625 1306 Dac.
672 1277 756 1305 Adde
779 1277 854 1306 Gell.
869 1277 951 1305 XIII.
974 1288 998 1307 c.
1016 1278 1063 1308 14.
1114 1277 1218 1307 Gotlz.

390 1319 659 1359 Spatiatorem.
706 1319 875 1348 Macrobius
896 1320 947 1348 lib.
960 1320 1011 1348 III.
1036 1320 1090 1359 (II,
1117 1319 1191 1357 lO.):
1222 1319 1273 1348 Sic
1296 1321 1432 1348 nimirum
1455 1319 1502 1349 M.
1527 1319 1600 1349 Cato
1622 1327 1781 1349 senatorem
1804 1331 1861 1350 non
1884 1318 2041 1360 ignobilem
2067 1318 2176 1348 Caeci-

223 1361 294 1391 lium
318 1363 506 1401 spatiatorem
531 1370 556 1390 et
579 1361 766 1391 Fesceninum
790 1370 895 1398 vocat,
920 1374 1039 1402 eumque
1061 1361 1214 1391 staticulos
1237 1361 1308 1389 dare
1330 1361 1374 1389 his
1396 1361 1490 1390 verbis
1513 1363 1574 1390 ait:
1603 1362 1762 1391 Descendit
1785 1362 1820 1391 de
1842 1363 1991 1392 canterio:
2018 1360 2087 1390 inde
2107 1368 2176 1390 sta-

222 1403 329 1434 ticulos
352 1403 438 1440 dare,
463 1402 638 1433 ridicularia
651 1403 792 1444 fundere.
816 1403 919 1435 Scal,
959 1406 1087 1440 Quidam
1111 1405 1180 1432 libri
1204 1403 1310 1432 habent
1331 1402 1507 1441 Caecilium,
1531 1404 1581 1432 sed
1607 1410 1756 1443 corrupte.
1791 1405 1927 1433 Staticuli
1950 1410 2019 1433 sunt
2041 1404 2177 1432 saltatio-

223 1457 273 1475 nes
294 1448 430 1476 statariae
455 1447 599 1485 quaedam
623 1457 683 1475 non
706 1446 828 1485 perinde
853 1447 1010 1475 motoriae:
1051 1447 1154 1486 quales
1177 1451 1261 1475 erant
1283 1447 1314 1474 in
1338 1457 1371 1474 eo
1396 1446 1479 1474 chori
1503 1457 1624 1484 genere,
1663 1447 1742 1485 quod
1767 1445 1912 1486 στάσιμον
1935 1458 1950 1476 a
1974 1446 2096 1475 Graecis
2119 1456 2175 1474 vo-

223 1494 324 1527 catur,
362 1490 406 1518 vel
437 1490 565 1518 staticuli
590 1501 605 1518 a
632 1494 716 1528 parte
745 1489 909 1518 saltationis
936 1489 1096 1525 dicuntur,
1132 1490 1161 1517 in
1186 1500 1243 1527 qua
1268 1493 1378 1524 statur,
1413 1499 1480 1516 nam
1505 1489 1591 1517 etiam
1615 1501 1630 1517 a
1654 1490 1818 1518 saltationis
1843 1489 1961 1529 spatiiS,
1999 1493 2032 1518 ut
2054 1488 2175 1527 quidam

223 1537 357 1568 censent,
394 1533 584 1570 spatiatorem
608 1532 727 1560 vocavit
750 1532 825 1559 idem
851 1533 922 1560 Cato
948 1533 1089 1560 Coelium.
1137 1532 1193 1560 Sed
1217 1532 1309 1559 satius
1333 1531 1370 1558 sit
1394 1541 1459 1558 eum
1484 1536 1645 1559 erratorem
1667 1532 1849 1570 intelligere,
1888 1542 1973 1571 quem
1997 1531 2122 1560 eundem
2147 1535 2176 1560 et

223 1575 435 1603 Fescenninum
461 1586 476 1603 a
500 1575 633 1604 versibus
656 1574 845 1603 Fescenninis
869 1575 1031 1602 obscoenae
1054 1574 1192 1602 lasciviae
1216 1573 1379 1612 appellavit
1398 1573 1553 1602 Turnebus
1576 1574 1626 1604 hb.
1642 1575 1735 1604 XVII.
1760 1585 1824 1613 cap.
1841 1577 1890 1606 10.
1916 1575 2014 1613 (locus
2036 1574 2112 1602 salso
2134 1573 2176 1602 ci-

223 1618 327 1655 tatus),
352 1618 442 1648 Dac.
490 1617 604 1646 Citatur
626 1616 675 1644 hic
698 1617 781 1645 locus
805 1617 839 1644 ab
864 1617 977 1654 Agellio
994 1617 1056 1646 VII.
1083 1627 1147 1654 cap.
1164 1619 1211 1647 12.
1237 1617 1326 1654 paulo
1351 1616 1452 1651 aliter,
1478 1616 1528 1644 sed
1553 1621 1704 1654 corrupte.
1753 1615 1857 1646 Goth.

388 1658 498 1688 Siata
528 1659 746 1700 sacrificia.
792 1659 995 1697 opponuntur
1018 1659 1169 1687 indictivis
1194 1663 1221 1687 et
1245 1658 1412 1687 mobilibus.
1458 1658 1591 1687 Meminit
1614 1659 1709 1689 Cic.I.
1735 1659 1819 1688 Tusc.
1845 1659 1919 1696 (47,
1946 1659 2046 1695 113.);
2081 1656 2177 1696 Quum

224 1702 296 1730 enim
320 1700 404 1730 illam
428 1700 469 1730 acl
492 1700 608 1730 solenne
631 1709 656 1729 et
679 1709 785 1730 statum
810 1702 988 1740 sacrificium
1013 1712 1100 1730 curru
1122 1701 1186 1730 vehi
1207 1701 1252 1730 ius
1275 1708 1343 1729 esset
1366 1705 1419 1729 etc,
1445 1705 1473 1729 et
1495 1701 1524 1730 in
1547 1701 1664 1731 Milone.
1710 1702 1758 1730 Sic
1782 1712 1837 1740 pro
1863 1702 1971 1730 Domo:
2003 1699 2107 1730 Status
2129 1711 2178 1730 ce·-

225 1745 365 1772 rimonias
387 1742 476 1772 dixit.
509 1745 583 1781 Lege
607 1744 698 1772 infra:
724 1743 767 1772 De
789 1743 945 1783 sacrilegio
968 1745 1132 1774 commisso.
1166 1743 1238 1772 Vide
1262 1744 1292 1771 in
1315 1742 1473 1772 Prohibere
1496 1744 1624 1772 comitia.
1650 1744 1734 1773 Dac.
1777 1744 1822 1772 De
1843 1745 1922 1772 sacri
1946 1744 1991 1773 cio
2013 1743 2177 1773 commisso.

225 1785 267 1813 Ita
289 1787 394 1824 legitur
418 1786 499 1825 apud
522 1787 615 1824 Agell.
631 1787 696 1823 VII,
721 1789 772 1817 22.
804 1785 839 1814 de
868 1786 1024 1826 sacrilegio
1054 1787 1224 1823 commisso,
1260 1786 1301 1814 ita
1324 1786 1430 1823 legitur
1454 1786 1484 1813 in
1508 1785 1660 1815 Prohiberi
1682 1787 1801 1816 comitia
1825 1797 1914 1826 supra
1937 1791 1966 1815 et
1986 1786 2018 1815 in
2042 1786 2177 1825 Epitoma

227 1828 315 1858 Pauli.
365 1827 470 1858 Goth.

388 1870 608 1900 Sollemnia.
654 1871 728 1899 Vide
752 1869 845 1899 Sollo.
868 1871 957 1902 Ant.
981 1871 1074 1911 Aug.
1119 1871 1223 1899 Scribo
1247 1869 1409 1900 Sollennz’a.
1445 1871 1517 1899 Nam
1542 1882 1557 1899 a
1581 1870 1673 1900 sollus
1695 1876 1791 1909 totus,
1816 1872 1927 1908 omnis,
1951 1876 1979 1900 et
2002 1880 2113 1908 annus,
2136 1870 2176 1898 ita

228 1916 261 1938 ut
284 1912 411 1941 sollenne
434 1913 569 1950 dicatur,
600 1913 650 1952 qui
675 1914 754 1942 omni
778 1924 870 1948 anno,
909 1914 939 1941 id
963 1919 1006 1943 est
1028 1914 1185 1954 quotannis
1207 1914 1269 1941 fieri
1294 1913 1457 1942 consuevit.
1502 1913 1577 1942 Male
1600 1914 1651 1952 qui
1674 1913 1814 1943 solemnia
1837 1925 1890 1953 per
1910 1913 2032 1943 unicum
2054 1912 2068 1943 Ζ
2089 1918 2119 1942 et
2139 1924 2178 1941 m.

228 1953 304 1982 Vide
328 1955 471 1984 vossium.
496 1956 582 1986 Duc.
630 1956 702 1984 Vide
726 1966 816 1994 supra
841 1954 991 1985 Solemnia
1016 1962 1043 1985 et
1067 1955 1264 1986 Solitum-ilia.
1315 1955 1419 1985 Goth.

394 1996 503 2026 Serra
531 1997 735 2038 praeliari.
782 1998 877 2027 Verba
903 1999 1023 2027 Catonis
1052 1999 1209 2027 manifesto
1240 2008 1309 2036 prae
1340 2009 1369 2026 se
1399 1998 1500 2026 serunt
1529 1998 1611 2027 aliud
1637 2009 1670 2027 ac
1694 1999 1791 2027 visum
1815 2003 1860 2027 est
1883 1998 2004 2036 Verrio,
2040 1997 2125 2027 cuius
2145 1997 2178 2026 in

229 2037 285 2065 hac
307 2047 338 2064 re
362 2040 552 2076 supinitatem
577 2046 605 2069 et
628 2041 834 2079 negligentiam
859 2042 1095 2070 animadvertere
1118 2042 1196 2070 licet.
1232 2042 1317 2069 Serra
1341 2040 1416 2068 enim
1442 2045 1469 2068 et
1492 2041 1596 2078 globus
1620 2047 1648 2070 et
1670 2041 1768 2070 forfex
1791 2046 1860 2069 sunt
1879 2039 2012 2079 σχήματα
2028 2040 2178 2069 instruen-

230 2080 284 2108 dae
308 2079 387 2106 aciei.
412 2080 508 2110 Scal.
554 2083 656 2112 Variae
680 2085 809 2112 acierum
834 2084 946 2112 formae
971 2085 1109 2112 Romanis
1133 2089 1302 2122 usurpatae.
1342 2083 1376 2110 In
1400 2083 1446 2111 his
1470 2094 1590 2120 cuneus,
1611 2082 1879 2125 globus,forfecc‚
1901 2083 2005 2119 turris,
2026 2093 2106 2112 serra
2127 2082 2178 2111 hic

231 2133 246 2150 a
271 2122 379 2149 Catone
403 2129 609 2155 memorantur.
658 2124 783 2158 Cuneus.
816 2136 882 2154 cuni
907 2132 1027 2164 angusta
1052 2127 1080 2154 in
1104 2127 1202 2155 fronte
1226 2126 1304 2155 acies
1328 2125 1468 2163 paulatini
1493 2136 1523 2153 se
1545 2131 1709 2155 retrorsum
1733 2127 1854 2165 pandit,
1878 2126 1908 2153 in
1932 2126 2054 2154 modum
2076 2125 2178 2154 literae

232 2168 272 2200 A,
297 2163 374 2192 unde
397 2168 423 2191 et
449 2165 591 2202 trigonum
615 2173 731 2196 vocant.
765 2167 892 2204 Globus,
917 2180 984 2197 cuni
1009 2169 1101 2206 ligura
1125 2169 1245 2207 globosa
1270 2174 1298 2196 et
1320 2168 1349 2195 in
1373 2168 1535 2196 rotundum
1557 2168 1721 2198 instruitur.
1754 2167 1883 2207 Forfex,
1908 2177 1983 2206 quae
2001 2173 2028 2196 et
2041 2167 2177 2210 forceps,

232 2206 379 2235 contraria
403 2216 510 2241 cuneo,
537 2208 688 2237 latioribus
712 2211 813 2248 primis
837 2216 865 2238 et
888 2212 997 2250 apertis
1021 2222 1055 2239 ac
1078 2212 1232 2250 paullatim
1255 2211 1285 2239 in
1309 2216 1466 2248 angustum
1491 2211 1693 2240 desinentibus
1716 2211 1746 2239 in
1770 2211 1890 2239 modum
1913 2210 1999 2239 litera
2024 2210 2057 2240 V.
2094 2210 2176 2238 Tur-r

233 2250 288 2284 ris,
320 2258 385 2277 cum
409 2249 533 2276 militum
558 2251 672 2278 ordines
694 2252 724 2279 in
748 2253 862 2290 quadro
884 2254 1081 2282 instruentur.
1126 2254 1230 2289 Serra,
1263 2263 1330 2282 cum
1354 2253 1498 2292 manipuli
1521 2254 1634 2292 primae
1658 2254 1729 2282 aciei
1754 2253 1842 2282 modo
1864 2253 2060 2288 invadebant,
2088 2252 2176 2281 modo

231 2291 416 2323 resiliebant,
441 2296 469 2319 et
490 2290 670 2320 reddebatur
693 2294 810 2322 dentata
834 2297 978 2332 quaedam
1004 2297 1096 2324 fornia
1118 2297 1149 2324 in
1173 2298 1294 2324 moduni
1319 2305 1425 2324 serrae.
1470 2295 1558 2325 Dac.

396 2331 562 2404 StDercus.
587 2333 645 2372 (Ad
668 2335 793 2373 p-264.)
819 2337 906 2366 Ovid.
930 2337 993 2377 (VI.
1015 2338 1190 2378 Fast.711.)
1214 2338 1315 2367 Tiberi
1338 2339 1446 2366 iactum
1471 2338 1552 2367 dicit.
1597 2338 1671 2367 Vide
1695 2348 1784 2377 supra
1810 2337 1936 2375 Quando
1957 2344 2066 2366 stercus
2088 2333 2177 2364 dela-

233 2383 293 2404 mm
308 2374 375 2416 fas.
398 2386 703 2446 Suiznzissiorem-
734 2415 800 2456 (Αᾶ
823 2419 953 2459 p-264.)
985 2422 1093 2450 Aedem
1117 2414 1245 2451 Honoris
1275 2427 1304 2450 et
1326 2422 1450 2451 Virtutis
1474 2422 1623 2451 dedicavit
1645 2422 1683 2450 M.
1707 2422 1880 2458 Marcellus,
1918 2431 1985 2449 cum
2008 2429 2069 2448 eam
2093 2423 2177 2457 pater

236 2460 298 2488 eius
321 2458 451 2488 vovisset
472 2460 552 2489 bello
576 2460 699 2489 Gallico.
739 2460 810 2488 Vide
834 2461 895 2490 Liv.
918 2463 968 2490 lib.
981 2464 1112 2500 XXVII,
1136 2467 1186 2495 25.
1229 2464 1287 2492 Sed
1310 2473 1371 2492 eam
1396 2474 1411 2491 a
1433 2465 1526 2493 Mario
1549 2464 1776 2493 summissiorem
1799 2464 1863 2492 aliis
1886 2463 1992 2491 saetam
2015 2461 2115 2490 nescio
2139 2471 2175 2488 an
