2263 2668
191 116 267 152 222

968 104 1193 140 ARUSIANI
1218 104 1361 141 MESSI

191 212 292 246 Dives
318 207 404 241 illius
422 206 479 241 rei.
508 204 604 248 Virg.
624 200 743 235 Bucol.
759 195 789 233 ¹:
821 198 939 246 Quam
963 199 1062 234 dives
1084 201 1235 246 pecoris.
1289 202 1388 235 Dives
1409 200 1466 233 illa
1490 211 1537 236 re.
1565 200 1660 246 Virg.
1684 200 1768 236 Aen.
1787 199 1888 236 111.²:
1920 201 2016 250 Quos
2041 203 2145 251 Afri-

295 272 340 294 ca
364 262 463 291 terra
485 253 670 298 triumphis
693 252 804 285 Dives
824 252 896 284 alit.

191 315 325 348 Donata
354 309 436 343 mihi
461 312 542 341 sunt.
570 306 665 348 Virg.
693 298 815 337 Buc.³:

293 363 335 396 V.
344 359 371 394 ⁴:
399 358 532 393 Donati
559 366 676 389 omnes
703 354 891 400 opibusque
909 353 1060 399 superbi.

847 302 951 349 Quae
977 306 1013 335 tn
1038 314 1151 348 puero
1174 304 1309 337 donata
1340 303 1495 337 dolebas.
1548 303 1698 336 Donatus
1731 302 1783 336 his
1815 315 1895 337 sum.
1928 305 2023 351 Virg.
2057 306 2142 341 Aen.

1114 355 1225 388 Donat
1248 355 1316 388 hoc
1338 355 1396 390 illi.
1425 355 1519 399 Virg.
1548 355 1632 390 Aen.
1659 355 1699 387 V.
1708 351 1736 388 ⁵:
1764 354 1886 388 Donat
1909 355 2041 390 habere
2067 358 2144 392 viro

291 414 408 447 decus.
459 409 572 441 Donat
593 407 688 439 illum
709 406 776 440 hac
798 417 845 440 re.
873 406 967 449 Virg.
994 406 1114 440 Bucol.
1122 402 1150 440 ⁶.

1186 406 1269 439 Hae
1295 410 1329 440 te
1357 417 1419 439 nos
1435 405 1577 452 fragili
1601 406 1810 440 donavimus
1840 410 1922 440 ante
1945 407 1995 441 ci·
2021 407 2142 456 [505]

295 467 386 498 cata.
415 460 485 495 Cic.
510 461 543 493 in
565 454 756 492 Pisonem⁷.
783 457 846 490 Me
869 457 1037 490 inaurata
1061 461 1182 491 statua
1210 458 1394 491 donarunt.

194 519 306 552 Decus
332 514 404 546 tuis.
436 512 530 557 Virg.
557 510 679 546 Bucol.
687 507 716 543 ⁰:
747 509 798 543 Τιι
819 509 927 542 decus
949 519 1048 542 omne
1075 510 1154 542 tuis.

297 576 358 600 cus
385 567 416 597 et
442 573 632 596 nemorum.

1207 509 1319 543 Decus
1338 515 1481 543 tuorum.
1509 508 1606 542 Idem
1631 509 1688 542 XI.
1716 505 1819 542 Αθη.9
1827 520 1835 541 :
1861 509 2050 543 Astrornm
2080 510 2146 544 de-

193 621 322 665 Dignus
348 616 415 649 hac
437 627 481 649 re.
509 615 602 660 Virg.
626 613 708 646 Buc.
720 608 762 632 ¹⁰·
788 611 837 645 Et
853 612 964 645 vitula
984 615 1020 644 tu
1036 611 1170 656 dignus
1189 614 1220 644 et
1244 611 1309 645 hic.
1363 611 1493 656 Dignus
1512 610 1569 654 qui
1587 609 1657 645 hoc
1682 611 1818 645 faceret.
1847 610 1917 646 cic.
1941 611 1974 644 in
1994 611 2096 646 Rhet
2099 608 2143 633 ¹¹

297 669 440 713 Dignus
466 666 524 711 qui
552 676 662 710 remp.
690 674 799 710 geret
801 667 842 697 et
895 664 1025 708 Dignus
1047 663 1253 707 fie1·i.Virg
1277 663 1360 697 Buc.
1370 659 1409 682 32·
1442 662 1492 695 Et
1510 673 1603 707 puer
1633 663 1707 707 ipse
1730 662 1807 708 fait
1833 663 1977 696 cantari
1999 664 2143 709 dignus.

295 722 340 755 Et
347 694 491 752 e:alibissz
523 717 572 750 Et
593 720 672 750 erat
694 720 766 749 tum
791 716 924 760 (lignus
953 715 1080 747 sanciri.

1135 714 1267 759 Dignor
1290 726 1344 747 me
1368 714 1425 746 illa
1451 725 1496 747 le.
1526 713 1619 759 Virg.
1642 710 1881 747 Aeneid.1.¹⁴:
1907 714 2022 748 Haud
2049 716 2145 760 equi-

297 772 379 805 dem
408 769 473 802 tali
498 780 554 802 me
576 769 708 814 dignor
734 767 873 800 honore.
926 766 1090 811 Dignatus
1117 766 1175 798 illa
1202 777 1254 809 re,
1288 765 1323 798 id
1354 770 1402 799 est
1428 765 1549 810 dignus
1574 762 1750 798 habitus¹⁵.
1789 765 1886 799 Idem
1913 766 2052 802 Aeneid.
2085 767 2143 800 111.

302 821 494 866 Coniaecgio,
521 820 693 863 Anchise,
725 818 868 852 leneris
893 818 1045 863 dignate
1068 816 1227 862 superbo.

194 875 315 910 Desine
339 873 408 906 hoc
410 845 585 906 ἤθρει-,οὕ
619 871 712 915 Virg.
736 870 818 903 Aen.
839 870 916 903 lV.:
931 844 1083 902 e’Desine
1108 880 1229 913 meque
1251 868 1319 901 tuis
1343 867 1529 901 incendere
1558 871 1660 913 teque
1692 867 1850 913 querelis.
1903 867 2026 902 Desine
2050 869 2144 902 illam

297 936 377 958 rem.
405 924 498 968 virg.
523 919 694 958 Bucol.¹⁷:
730 921 861 954 Desine
890 920 1110 962 Blaenalios‚
1140 921 1212 953 ium
1235 919 1354 953 desine
1376 918 1463 952 tibia
1486 930 1616 953 versus.
1644 920 1780 954 Terent.
1805 915 1978 953 Heaut.¹⁸:
2011 920 2145 954 stlnlier

296 977 402 1010 telam
426 975 568 1015 desinit,
594 975 615 1008 i.
641 985 668 1007 e.
697 973 828 1006 (leserit.

195 1028 326 1063 Dormit
348 1027 415 1060 hac
437 1039 482 1059 re.
508 1026 603 1070 Virg.
632 1025 760 1070 Georg.
790 1019 879 1057 11.¹⁹:
910 1023 959 1056 Et
982 1022 1118 1056 Serano
1140 1021 1296 1055 dormiat
1317 1025 1426 1057 ostro

694 1076 737 1109 1η
760 1076 930 1109 utramvis
959 1085 1081 1107 aurem
1105 1074 1210 1106 otiose
1232 1077 1270 1106 ut
1295 1073 1462 1106 dormias.

195 1132 298 1166 Dolet
319 1131 377 1163 illa
394 1141 440 1162 re.
467 1129 561 1173 Virg.
589 1127 729 1162 Aeneid.
753 1124 826 1161 l.²¹:
859 1127 909 1160 Et
929 1129 1045 1159 nostro
1070 1125 1212 1158 doluisti
1235 1135 1343 1170 saepe
1364 1125 1494 1157 dolore.

295 1085 372 1112 tem.
399 1078 478 1111 Ter.
498 1078 617 1110 Heaut.
626 1073 667 1110 ²⁰.

297 1182 345 1215 Et
367 1181 468 1226 quasi
490 1180 610 1213 dolens
633 1179 705 1212 eins
730 1190 860 1212 casum.

195 1285 430 1371 Βείθο1ῗιζ11113.
453 1345 498 1367 re.
525 1333 620 1378 Virg.
644 1332 726 1367 Aen.
750 1332 809 1365 Ill.
818 1327 858 1351 23

283 1420 312 1457 1)
344 1419 432 1457 Vtrg.
460 1417 526 1447 Ecl.
557 1417 597 1446 Il.
620 1419 670 1449 20.
695 1416 728 1445 A.
753 1416 792 1445 M.
823 1431 865 1437 —
902 1418 933 1451 2)
964 1414 1046 1444 Ilem.
1070 1415 1148 1444 Aem

199 1462 256 1492 III.
272 1464 322 1494 37.
346 1462 380 1491 A.
401 1460 441 1491 M.
463 1459 603 1499 Aplzrica
623 1459 746 1498 sexipsit
769 1459 802 1487 A.
817 1458 856 1488 Μ
882 1459 940 1486 Dia
943 1469 977 1485 *es
1001 1469 1057 1486 om.
1078 1457 1150 1486 Cod.

199 1506 234 1534 A.
251 1505 288 1533 M.
312 1505 347 1533 Es
350 1509 362 1533 t
382 1508 480 1532 autem
503 1502 552 1531 lv.
568 1504 619 1534 37.
649 1518 691 1524 —
726 1501 756 1538 3)
781 1499 861 1529 Idem
883 1500 950 1529 Ecl.
974 1500 1027 1529 III.
1048 1501 1093 1531 14.
1116 1500 1150 1529 A.

200 1548 239 1576 M.
260 1563 302 1569 —
324 1546 352 1585 4)
378 1545 458 1575 Idem
477 1545 553 1574 Aen.
582 1544 619 1573 V.
637 1546 707 1575 268.
724 1545 758 1572 A.
771 1544 808 1571 M.
831 1559 873 1564 --
894 1545 922 1578 5)
939 1542 1040 1571 Donat
1058 1543 1151 1570 lzuec

202 1590 251 1618 illl
268 1589 302 1617 A.
319 1589 357 1617 M.
371 1589 427 1616 lzoc
443 1587 514 1616 Cod.
532 1588 588 1616 GU.
606 1585 688 1615 Idem
716 1586 750 1614 V.
768 1587 836 1616 162.
853 1585 886 1615 Α.
903 1585 942 1613 Μ.
963 1603 998 1607 -
1022 1588 1049 1618 6)
1071 1584 1153 1614 Idem

202 1632 269 1660 Ecl.
291 1631 325 1660 V.
343 1632 390 1663 85.
415 1631 448 1660 A.
470 1630 508 1659 M.
530 1630 726 1658 Donavimzcs
751 1628 821 1655 Cod.
842 1632 965 1665 uterque
989 1628 1077 1656 solito
1099 1638 1153 1656 er-

203 1682 280 1702 rore.
303 1673 409 1700 Editur
432 1672 512 1710 apud
532 1672 612 1708 Virg.
636 1670 830 1699 donabimus.
864 1668 973 1698 Cicuta
997 1681 1055 1699 om.
1081 1670 1152 1698 Cod.

206 1715 242 1744 A.
260 1714 299 1742 M.
331 1730 372 1735 -—-
393 1716 421 1747 7)
449 1714 511 1742 Cic.
531 1715 563 1741 in
583 1715 724 1741 Pisonem
748 1714 794 1743 11.
823 1712 856 1740 Α.
876 1712 914 1741 Μ.
942 1728 984 1733 —
1012 1715 1040 1748 ὃ)
1068 1713 1153 1750 Veh-g.

206 1756 274 1785 Ecl.
294 1755 329 1783 V.
345 1757 393 1786 34.
418 1755 453 1784 Α.
467 1755 505 1783 Μ.
527 1771 567 1776 -
596 1754 625 1794 9)
650 1754 731 1783 Idem
752 1755 826 1781 ..alfn-
848 1754 904 1783 IX.
923 1754 994 1785 405.
1012 1755 1044 1782 Α.
1059 1754 1097 1784 Μ.
1112 1770 1154 1776 -

209 1802 255 1833 10)
280 1795 363 1825 Idem
388 1797 456 1826 Ecl.
485 1795 539 1825 III.
568 1798 637 1827 109.
669 1795 809 1834 Spurium
840 1796 989 1824 iudicabat
1019 1795 1099 1824 hunc
1124 1807 1154 1825 v.

207 1840 349 1878 Heynius.
372 1854 412 1860 —-
441 1835 486 1878 11)
512 1838 575 1866 Cic.
596 1837 684 1866 Rlzet.
713 1842 779 1875 (sen
801 1837 835 1866 de
858 1838 988 1878 Itu-ent.)
1017 1839 1040 1867 I.
1064 1841 1093 1870 3.
1119 1838 1154 1868 A.

207 1882 246 1912 M.
266 1882 341 1910 Tum
363 1880 436 1909 cod.
455 1881 488 1911 A.
504 1880 542 1908 M.
559 1878 670 1917 dignus
686 1881 740 1917 qni
754 1890 813 1907 rem
826 1887 968 1919 pergeret,
990 1881 1080 1909 Recte
1102 1891 1155 1909 cx-

207 1924 291 1953 hjbet
307 1934 395 1961 remp.
416 1928 528 1961 gereret
553 1922 626 1951 Cod.
650 1922 705 1950 Gu.
726 1937 767 1943 —
790 1925 839 1958 12)
867 1924 952 1962 Virg.
969 1924 1035 1953 Ecl.
1055 1923 1090 1953 V.
1107 1925 1156 1956 54.

211 1966 246 1996 A.
268 1966 307 1994 M.
319 1966 395 1994 Tum
412 1965 482 1993 cod.
498 1965 554 1993 Gu.
579 1965 620 1992 Et
635 1965 745 2002 paeri
767 1965 837 2002 ipse.
864 1981 897 1986 -
924 1965 967 2004 13)
990 1967 1030 1994 Et
1052 1967 1085 1994 in
1107 1977 1156 1994 ea-

211 2008 279 2037 dem
294 2010 342 2040 89.
364 2008 394 2038 A,
410 2007 447 2035 M.
468 2023 510 2028 -—
535 2006 580 2043 14)
604 2006 686 2035 Idem
701 2005 776 2034 Aen.
793 2006 815 2034 I.
842 2008 912 2038 335.
935 2008 968 2035 A.
984 2008 1022 2038 M.
1044 2024 1087 2030 -—
1110 2008 1156 2046 15)

213 2050 299 2079 Idem
324 2050 379 2079 Ill.
396 2049 469 2080 475.
490 2049 527 2077 Α.
547 2048 586 2076 Μ.
609 2048 742 2076 Anchise
763 2053 887 2086 uterque
910 2049 978 2079 Cod.
999 2050 1157 2078 Anchisa

212 2093 286 2122 Edd.
306 2092 385 2130 apud
408 2091 487 2128 Virg.
513 2106 554 2112 ——
582 2093 624 2125 16)
647 2092 716 2119 Hoc
736 2090 836 2118 addidi
866 2100 880 2119 e
903 2091 973 2119 (jod.
998 2094 1051 2120 Gu.
1074 2092 1158 2121 Idem

210 2133 289 2163 ΙῙῙῙ.
313 2137 385 2166 360.
410 2133 444 2162 A.
462 2133 500 2162 M.
530 2148 565 2153 -
591 2133 638 2169 17)
659 2134 771 2161 Desine
794 2133 849 2160 lzoe
870 2132 941 2160 cod.
964 2133 997 2161 A.
1013 2135 1049 2164 M,
1074 2134 1158 2163 Idem

217 2178 302 2215 Wrg.
323 2176 388 2204 ΕΑ.
417 2174 508 2204 ῙῘΙΙΙ.
531 2177 579 2206 61.
603 2175 636 2202 Α.
658 2175 696 2203 M.
720 2191 761 2196 —
786 2173 831 2214 18)
865 2175 972 2203 Terent.
999 2177 1106 2205 licant.
1128 2181 1156 2209 2.

212 2222 240 2250 3.
259 2222 308 2251 64.
329 2219 363 2247 A.
378 2217 414 2245 M.
438 2218 473 2245 Te
490 2218 553 2244 iam
576 2221 697 2255 uterque
719 2216 790 2245 Cod.
816 2217 903 2244 solito
918 2226 1025 2245 errore.
1053 2219 1157 2247 Tdum

211 2260 334 2299 scripsi,
358 2264 471 2288 eertum
502 2258 630 2295 habens,
662 2258 693 2286 id
720 2258 848 2286 voluisse
871 2259 1055 2296 scriptorem.
1082 2261 1156 2289 Tum

211 2309 237 2332 et
262 2303 368 2331 deserit
392 2301 461 2331 cod.
486 2301 518 2329 A.
543 2301 580 2329 M.
604 2303 623 2330 ι’.
645 2311 666 2330 e.
693 2299 798 2328 deserit
822 2300 893 2329 eod.
917 2302 973 2329 (ἆυ.
1000 2302 1156 2339 praeclare,

212 2346 293 2384 quod
312 2345 607 2383 interpretamentum
636 2343 723 2372 etiam
753 2342 844 2372 codd.
867 2343 999 2371 Terentii
1020 2343 1156 2373 inhaesit.

1475 1021 1629 1054 Dormiet
1652 1022 1686 1055 in
1706 1022 1799 1054 illam
1823 1020 1871 1055 sui
1892 1023 2042 1067 corporis
2064 1034 2146 1068 par-

1549 1124 1653 1157 Dolet
1673 1124 1767 1157 illam
1797 1135 1876 1157 rem.
1904 1123 1973 1157 Sal.
1997 1122 2145 1160 Catil.²²:

927 1178 1038 1211 Doleo
1067 1178 1174 1209 vicem
1202 1181 1309 1216 tuam,
1337 1176 1371 1208 id
1396 1181 1459 1216 est,
1486 1180 1627 1220 propter
1654 1181 1687 1209 te
1717 1175 1829 1208 dolet).
1858 1175 1928 1209 Cic.
1955 1176 1999 1209 de
2036 1175 2142 1223 [506]

296 1234 409 1267 Domo
437 1236 469 1266 et
493 1232 578 1276 Rep.
611 1230 728 1264 sicem
751 1226 899 1276 lngeo²³.
952 1229 1053 1262 Dolet
1076 1229 1132 1261 illa
1156 1239 1232 1273 pars
1255 1228 1347 1261 mihi.
1377 1228 1512 1262 Terent.
1540 1224 1692 1260 Phor.²’:

1735 1227 1808 1260 Tuo
1841 1227 1916 1260 viro
1951 1228 2042 1261 oculi
2079 1228 2144 1262 do-

850 1330 972 1366 ,Heu
999 1331 1075 1376 quis
1105 1334 1139 1364 te
1167 1340 1271 1364 casus
1298 1329 1473 1363 deiectam
1496 1329 1647 1375 coniuge
1667 1327 1796 1363 tanto?
1845 1329 2003 1364 Deiectus
2025 1330 2068 1363 ab
2090 1330 2147 1364 illa

1193 1431 1232 1436 -—
1258 1416 1298 1447 19)
1323 1414 1417 1442 Versu
1440 1415 1510 1446 506.
1535 1415 1670 1442 Sarrano
1694 1413 1740 1452 leg
1726 1414 1803 1442 “itur
1823 1415 1904 1454 apud
1926 1414 2008 1452 Virg.
2030 1431 2073 1437 —
2094 1417 2146 1453 20)

1192 1456 1247 1485 Vv.
1266 1457 1316 1484 sui
1335 1458 1468 1495 corporis
1485 1462 1605 1495 partem
1621 1456 1715 1485 adieci
1733 1467 1747 1484 e
1767 1457 1837 1486 Cod.
1857 1458 1912 1486 Gu.
1935 1463 1968 1485 ut
1989 1456 2091 1486 addidi
2107 1467 2146 1486 ex

1193 1499 1305 1527 eodem.
1333 1516 1375 1521 —
1403 1499 1449 1538 21)
1477 1500 1562 1539 Vng
1585 1499 1660 1527 Am
1679 1499 1702 1529 I.
1724 1501 1795 1531 669.
1816 1499 1851 1529 A.
1868 1500 1909 1530 M.
1939 1516 1982 1521 --
2015 1503 2059 1536 22)
2082 1500 2147 1529 Sal.

1197 1542 1262 1571 Cat.
1286 1545 1335 1573 41.
1360 1543 1393 1570 A.
1408 1543 1446 1571 M.
1471 1559 1512 1564 —-
1533 1539 1582 1581 23)
1596 1542 1728 1580 Utexque
1751 1542 1823 1572 cod.
1846 1543 1944 1570 vztam
1959 1543 2056 1581 lugeo.
2083 1544 2148 1572 Lo-

1196 1595 1246 1612 cus
1268 1584 1304 1612 ad
1330 1584 1474 1621 Fragmrn.
1501 1584 1536 1612 de
1559 1585 1633 1623 Rep.
1661 1584 1776 1612 incerta
1806 1584 1939 1613 adiectus
1962 1585 1997 1612 ab
2023 1585 2147 1615 Orellio.

1195 1626 1276 1654 Idem
1294 1626 1424 1655 Nobbius
1447 1627 1517 1655 fecit
1540 1636 1603 1665 pag.
1628 1629 1719 1658 1170.
1742 1643 1784 1648 —
1806 1629 1852 1661 24)
1882 1629 1942 1656 Ter.
1961 1627 2053 1657 Phor.
2070 1631 2099 1660 5.
2117 1631 2146 1660 8.

1196 1672 1245 1700 64.
1267 1669 1300 1696 A.
1325 1669 1361 1697 M.
1390 1685 1433 1690 —-
1462 1672 1506 1703 25)
1536 1670 1621 1707 Virg.
1643 1668 1718 1699 Aen.
1740 1667 1799 1698 ΙΙΙ.
1819 1671 1892 1700 317.
1918 1670 1951 1698 A.
1969 1670 2009 1698 M.
2036 1687 2078 1694 —
2099 1671 2147 1706 26)

1197 1710 1279 1740 Idem
1304 1712 1338 1739 ΖΓ.
1362 1713 1432 1742 542.
1456 1711 1490 1739 Α.
1506 1711 1544 1740 M.
1570 1712 1722 1749 Qnanvis
1739 1712 1784 1740 ed.
1802 1711 1834 1741 A.
1859 1712 1898 1741 Μ.
1915 1712 1971 1740 Sed
1999 1712 2071 1742 Cod.
2089 1712 2146 1742 Gu-

1197 1764 1334 1792 quamv.
1363 1769 1405 1775 —
1446 1757 1493 1789 27)
1515 1755 1660 1781 Deiectus
1680 1753 1725 1781 ab
1751 1753 1808 1781 illa
1829 1764 1860 1781 re
1890 1754 1965 1782 male
1995 1753 2055 1783 hoc
2078 1755 2147 1783 loco

1197 1795 1268 1825 cod.
1287 1796 1320 1825 A.
1336 1795 1372 1825 M.
1388 1794 1434 1823 de
1458 1795 1578 1824 exhibet
1593 1801 1673 1824 recte
1692 1795 1762 1825 Cod.
1783 1796 1839 1824 Gn.
1858 1796 1932 1824 Tum
1943 1807 2002 1835 pro
2017 1798 2148 1825 ..limena

1197 1839 1248 1869 37.
1273 1839 1306 1866 A.
1324 1838 1363 1867 M.
1385 1838 1534 1866 stlaraena
1557 1838 1629 1867 Cod.
1659 1838 1715 1866 Gu.
1744 1854 1786 1859 —
1817 1838 1864 1874 28)
1892 1839 1976 1877 Virg.
2004 1841 2081 1868 Aen.
2105 1840 2147 1868 X.

1198 1880 1268 1912 225.
1289 1880 1322 1909 A.
1350 1880 1388 1909 M.
1410 1896 1452 1902 —-
1474 1884 1518 1914 29)
1541 1880 1604 1909 Sal.
1628 1880 1694 1911 Cat.
1715 1882 1766 1912 26·
1797 1879 1830 1908 A.
1854 1880 1892 1909 M.
1926 1882 1995 1920 Cap.
2024 1882 2073 1914 25.
2101 1881 2147 1911 ed.

1199 1923 1279 1951 Cort.
1300 1922 1379 1951 Gerl.
1403 1939 1442 1944 —
1465 1922 1512 1959 30)
1537 1921 1618 1951 Idem
1639 1924 1672 1950 ιἠ.
1692 1921 1792 1951 eodem
1810 1925 1860 1954 46·-
1883 1923 1916 1951 A.
1934 1923 1974 1952 M.
1998 1924 2070 1964 Cap,
2093 1925 2146 1956 45,

1199 1964 1246 1994 ed.
1279 1965 1358 1993 Cort.
1387 1964 1522 1993 Gerlach.
1557 1982 1593 1986 —
1634 1963 1685 2005 31)
1720 1966 1761 1993 Et
1792 1966 1875 1993 III-vl.
1905 1965 1927 1996 I.
1956 1969 2008 1999 20.
2038 1966 2074 1996 A.
2105 1966 2146 1995 M.

1198 2007 1313 2044 Fragm.
1336 2007 1358 2037 I.
1381 2010 1430 2038 40.
1458 2007 1593 2037 Gerlach.
1616 2023 1658 2029 --
1685 2006 1731 2046 ’32)
1758 2008 1822 2036 Ter.
1851 2009 1937 2046 Heqv.
1958 2011 1988 2040 2.
2014 2011 2041 2040 1.
2063 2011 2092 2041 6.
2114 2008 2146 2037 A.

1200 2049 1236 2078 M.
1252 2050 1325 2078 'sum
1348 2054 1469 2087 uterque
1492 2050 1563 2078 cod.
1587 2050 1748 2086 militiam,
1772 2061 1827 2089 pro
1845 2061 1902 2088 qno
1922 2051 2030 2088 legitur
2049 2056 2078 2080 et
2101 2051 2149 2080 le-

1200 2092 1327 2130 gendum
1344 2097 1385 2120 ost
1402 2092 1480 2131 apud
1500 2093 1565 2121 Ter.
1579 2092 1741 2120 malitiam.
1767 2110 1804 2113 -—
1828 2093 1873 2132 3⁵)
1901 2094 1986 2130 Vir-g.
2008 2093 2086 2122 Aen.
2103 2094 2147 2123 X.

1200 2137 1270 2166 453.
1295 2135 1327 2163 Α.
1345 2135 1382 2162 M.
1405 2151 1446 2157 -—
1467 2137 1516 2172 34)
1540 2134 1621 2163 Idem
1642 2135 1700 2163 XI.
1724 2137 1795 2166 500.
1825 2136 1857 2164 A.
1880 2135 1916 2164 M.
1943 2137 1999 2164 Pro
2021 2146 2070 2165 vv.
2091 2135 2148 2164 sub

1201 2178 1275 2204 alls-s·
1297 2178 1326 2205 in
1345 2177 1411 2206 edd.
1427 2177 1506 2215 Virg.
1529 2182 1571 2205 est
1588 2176 1645 2204 sul)
1671 2178 1756 2215 ipsis.
1779 2194 1820 2198 —
1842 2178 1888 2214 35)
1912 2178 1976 2206 Sal.
2005 2180 2073 2217 Ing.
2097 2180 2148 2210 54.

1200 2221 1234 2248 A.
1252 2219 1290 2247 M.
1321 2218 1398 2248 Colli
1423 2219 1493 2248 Cod.
1517 2221 1549 2248 A.
1578 2220 1613 2247 M.
1635 2220 1724 2255 colle,
1748 2225 1782 2248 ut
1804 2224 1847 2247 est
1869 2221 1949 2258 apud
1969 2221 2044 2256 Sal,
2075 2219 2146 2248 Cod.

1201 2263 1257 2290 Gu.
1282 2263 1350 2299 Cap.
1374 2264 1423 2292 50.
1449 2262 1493 2292 ed.
1517 2262 1598 2292 Cort.
1628 2262 1708 2290 Gerl.
1738 2278 1780 2283 —
1807 2262 1854 2299 36)
1877 2263 1941 2291 Sal.
1964 2264 2047 2292 Hist.
2073 2260 2145 2292 llll.

1202 2307 1250 2334 11.
1273 2306 1303 2332 A.
1323 2305 1360 2332 M.
1382 2305 1526 2341 Fragmm.
1545 2304 1592 2332 lV.
1616 2305 1664 2336 25.
1690 2304 1770 2332 Gerl.
1796 2321 1835 2326 —
1858 2307 1901 2338 37)
1930 2305 1991 2333 Cic.
2008 2303 2089 2332 Phil.
2107 2302 2145 2331 II.

1200 2348 1228 2377 8.
1251 2348 1283 2374 A.
1301 2346 1338 2375 M.
1363 2363 1402 2369 —
1425 2346 1473 2386 38)
1497 2347 1560 2375 Sal.
1575 2347 1659 2377 Hist.
1679 2346 1700 2375 I.
1719 2350 1770 2379 21.
1785 2346 1815 2377 Α.
1837 2346 1874 2375 M.
1894 2344 2073 2384 F1·ag¹nm.1.
2093 2346 2145 2377 51.
