2263 2668
493 146 557 181 DE
584 143 974 180 SIGNIFICATIONE
1001 143 1284 178 VERBORUM.
1337 143 1483 178 LIBER
1502 141 1591 175 XIX.
1933 144 2009 179 745

61 239 111 269 Ait
132 239 214 268 illam
236 238 400 277 desiderio,
437 239 588 268 alumnum
613 236 808 278 poenitudine
831 240 860 265 et
883 236 1066 265 vastitudine
1088 238 1224 275 squalere
1248 247 1281 266 ac
1305 236 1449 267 scabrere.
1481 233 1582 265 Scal.
1630 234 1730 272 virgil.
1747 234 1799 263 III.
1821 234 1894 266 Aen.
1919 237 2010 276 (13.):

70 282 158 311 Terra
178 279 286 322 procul
306 282 396 310 vastis
418 280 525 311 colitur
546 280 701 311 Mavortia
725 279 846 318 campis.
886 277 1004 315 Vastis,
1027 279 1059 307 id
1083 284 1126 308 est
1148 281 1271 318 magnis.
1297 280 1331 307 Et
1353 279 1474 315 lib.1x,
1498 279 1608 314 (323.):
1634 276 1721 306 Haec
1743 288 1794 316 ego
1817 285 1900 306 vasta
1923 277 2010 310 daho.

66 323 179 361 Vasta,
208 324 239 352 id
263 328 306 352 est
328 325 445 362 inania,
475 323 548 353 sola.
593 324 629 352 Et
651 322 772 351 Servius
785 321 806 349 1.
829 322 901 349 Aen.
925 320 1004 359 (pag.
1021 324 1090 353 176.
1116 322 1144 350 C.
1168 323 1215 351 ed.
1239 321 1339 360 Dan.):
1379 320 1474 350 Vasio
1500 331 1555 359 pro
1578 318 1707 348 desolato
1729 326 1833 348 veteres
1852 319 2009 359 ponebant,

64 373 91 395 et
113 367 200 395 etiarn
221 376 276 405 pro
300 377 417 405 magno.
448 367 497 394 Sic
521 367 640 394 Sallust.
655 365 719 394 Liv.
735 370 789 393 etc.
813 362 899 392 Dae.
931 362 1085 394 Pacuvius.
1116 364 1205 403 Apud
1222 365 1350 393 Nonium
1373 363 1451 403 (pag.
1465 365 1535 395 152.
1553 372 1620 401 pag.
1637 362 1706 393 184.
1723 371 1788 400 pag.
1804 363 1874 393 169.
1889 372 1920 393 v.
1936 362 2010 394 Sca-

61 419 136 447 pres.
159 407 282 447 Mera),
307 410 357 447 qui
380 413 426 438 ter
448 408 527 437 hunc
549 409 648 437 locum
671 407 810 441 adducit,
831 405 997 442 legebatur:

686 449 766 487 Quae
788 446 929 476 desiderio
953 446 1121 484 alumnum,
1150 447 1346 488 poenitudine,

686 489 814 532 Squale‚
839 488 1012 529 scabreque‚
1037 489 1150 519 inculta
1172 489 1355 519 vastitudine.

64 533 148 570 Quae
169 543 242 563 vera
264 534 353 563 lectio
375 544 437 563 esse
459 539 567 574 potest.
611 534 660 563 Sic
683 534 798 572 equales
821 537 849 561 et
871 532 988 560 scabres
1012 533 1128 560 nomina
1153 533 1307 561 coniunxit
1333 532 1425 560 Varro
1450 530 1547 559 Manio
1570 530 1656 568 (pag.
1673 531 1741 560 168.
1767 529 1893 567 Merc.):
1925 529 2010 570 Ager

63 574 308 616 derelinqueretur
333 587 370 606 ac
396 578 501 614 periret
521 575 638 617 equale,
675 575 845 616 scabreque,
879 573 979 604 illuvie
1001 582 1026 603 et
1047 573 1231 606 vastitudine,
1263 573 1376 604 Idem.
1420 574 1494 602 Vide
1516 573 1644 601 Nonium
1667 572 1746 611 (pag.
1760 572 1830 603 184.
1854 572 1955 611 Mero.)
1977 573 2010 602 in

66 617 263 648 Vastitudine.
309 617 336 648 G
343 619 414 649 oth.

231 659 309 690 Vae
336 661 459 690 victis.
490 659 554 701 (Ad
578 671 608 700 p.
622 659 713 700 277.)
745 660 842 688 Utitur
865 659 923 688 hoc
946 659 1104 698 proverbio
1129 659 1223 688 Plaut.
1246 660 1274 687 in
1301 659 1404 687 Pseud.
1427 657 1488 695 (V,
1512 660 1547 692 2,
1573 656 1641 694 19.)
1665 660 1693 684 et
1717 655 1778 684 Liv.
1800 655 1905 693 lib.V‚
1929 656 2009 695 (48.)

62 712 120 743 pro
143 702 200 743 Ap.
222 704 347 732 Claudio
369 704 400 733 P.
424 703 591 742 Sulpicium
619 708 691 732 tunc
713 704 761 731 Tr.
785 702 860 739 Mil„
898 702 977 740 quod
1007 702 1196 730 verisimilius
1226 707 1285 738 est,
1325 711 1391 729 cum
1423 701 1537 729 Brenno
1568 699 1604 727 de
1630 698 1749 727 foedere
1777 699 1868 736 egisse
1896 699 2009 727 scribit.

63 745 150 776 Ant.
172 745 269 785 Aug.
308 746 370 774 Liv.
393 745 445 775 lib.
461 746 500 783 V,
522 748 592 778 48.:
623 744 680 774 Rei
695 743 892 786 foedissimae
912 755 963 783 per
986 755 1014 772 se
1037 743 1152 773 adiecta
1175 743 1336 783 indignitas
1359 751 1408 772 est.
1452 740 1586 771 Pondera
1608 740 1646 769 ab
1672 739 1769 769 Gallis
1790 739 1884 769 allata
1907 741 2010 781 iniqua

63 795 91 816 et
111 786 228 817 tribuno
250 795 400 817 recusante
421 787 543 818 additus
565 787 602 817 ab
625 787 765 817 insolente
791 785 879 816 Gallo
899 785 1023 827 ponderi
1042 785 1178 826 gladius:
1216 786 1374 827 auditaque
1402 782 1586 814 intoleranda
1608 782 1755 812 Romanis
1775 793 1853 819 vox,
1885 793 1938 811 vae
1958 783 2010 811 vi-

63 830 119 859 ctis
140 841 206 859 esse.
251 830 340 860 Dac.

231 871 440 912 Vegrande.
483 873 529 901 Ex
558 874 654 902 Plauti
685 872 863 909 Clitellaria,
900 882 961 900 non
985 872 1149 901 Cistellaria
1180 872 1264 900 citari
1294 871 1374 899 hunc
1402 880 1522 899 versum
1551 868 1582 896 in
1607 867 1810 896 Coniectaneis
1839 865 1923 905 (pag.
1938 869 2008 898 161,

63 913 166 953 steph.
188 914 239 943 ubi
266 921 365 944 tamen
388 914 513 944 Plautus
535 915 670 944 Astraba
693 915 827 954 legitur.)
853 915 1016 944 docuimus.
1040 914 1140 946 Scal.
1184 913 1271 944 Male
1290 912 1418 953 grande,
1452 911 1507 941 alii
1530 921 1663 950 parvum.
1709 909 1895 946 Ridiculum,
1927 909 2010 947 quasi

63 955 141 985 male
165 956 279 996 grande
310 957 391 986 aliud
420 958 458 986 sit
488 968 575 996 quam
603 969 735 998 parvum.
781 958 815 986 In
839 957 988 995 vegrande
1017 963 1113 986 autem
1142 957 1288 996 particula
1311 967 1343 984 ve
1366 966 1445 983 nunc
1469 954 1588 991 minuit,
1624 957 1658 981 ut
1679 952 1709 980 in
1732 962 1844 989 vecors,
1879 962 2010 988 vesanus,

63 998 219 1039 vegrandis
238 999 368 1040 gradus,
392 999 536 1040 vegrande
548 999 754 1043 frumentum,
782 999 909 1029 Veiovis.
954 999 1042 1028 Ovid.
1059 1001 1108 1028 ΙΙΙ.
1132 1001 1208 1029 Fast.
1232 999 1351 1036 (447.):

620 1042 709 1072 Nunc
730 1053 820 1072 vocor
842 1041 883 1070 ad
905 1053 1023 1071 nomen:
1050 1041 1207 1082 vegrandia
1220 1041 1315 1084 farra
1337 1039 1436 1070 coloni

669 1084 751 1124 Quae
772 1083 849 1113 male
870 1092 1029 1121 creverunt,
1059 1096 1198 1124 vescaque
1218 1095 1310 1122 parva
1332 1090 1446 1113 vocant.

625 1127 680 1156 Vis
702 1139 735 1156 ea
759 1128 785 1156 si
805 1127 884 1156 verbi
905 1135 960 1164 est,
985 1138 1036 1156 cur
1058 1138 1115 1156 non
1137 1138 1188 1165 ego
1214 1125 1332 1154 Veiovis
1354 1124 1453 1154 aedem

664 1168 779 1200 Aedem
801 1181 859 1198 non
881 1170 983 1209 magni
1003 1170 1130 1209 suspicer
1152 1180 1209 1196 esse
1232 1167 1317 1197 Iovis.

64 1210 150 1238 Nunc
172 1215 272 1248 auget,
296 1215 329 1239 ut
351 1209 506 1250 vegrandia
527 1209 627 1248 stilus,
651 1210 794 1251 vegrandi
815 1211 921 1241 subere.
963 1212 1034 1240 Vide
1058 1222 1087 1240 in
1110 1209 1230 1240 Vesculi
1253 1215 1280 1238 et
1305 1208 1422 1238 Vescus.
1445 1208 1500 1237 Da
1510 1219 1534 1237 c.
1574 1205 1671 1236 Plaut.
1695 1206 1725 1234 in
1751 1203 1859 1234 Cistell.
1893 1204 1956 1233 Imo
1979 1205 2011 1232 in

65 1252 238 1282 Clitellaria.
286 1253 336 1281 ht:
374 1254 425 1293 qui
446 1254 504 1282 nisi
523 1254 566 1283 sic
590 1253 703 1290 biteris,
736 1254 856 1282 nimium
882 1255 905 1282 is
928 1252 1069 1294 vegrandi
1088 1252 1206 1293 gradu5
1238 1252 1334 1281 biteris
1356 1263 1412 1280 eas.
1457 1252 1481 1279 A
1505 1250 1568 1279 beto
1591 1249 1639 1278 vel
1662 1247 1740 1284 bitu,
1770 1247 1849 1276 unde
1871 1247 2010 1284 combito²

64 1295 200 1333 perbito,
228 1295 340 1333 rebsto,
365 1296 478 1326 imbito.
524 1296 611 1324 lanus
636 1296 802 1325 Gulielmus
824 1296 957 1333 legebat:
992 1295 1069 1333 Quin
1091 1297 1130 1333 is,
1160 1296 1186 1324 si
1207 1295 1284 1323 itura
1307 1306 1335 1322 es
1357 1299 1410 1324 etc.
1436 1292 1543 1321 Idem.
1589 1291 1672 1320 Adde
1694 1290 1822 1318 Nonium
1847 1289 1925 1328 (pag.
1940 1291 2010 1321 183.

63 1337 165 1377 Mero.)
189 1339 218 1366 in
245 1336 408 1377 Vegrande.
434 1336 541 1367 Goth.
581 1336 758 1368 Cistellaria.
794 1338 957 1368 Aulularia.
982 1337 1093 1368 Idem.
1139 1338 1217 1366 Huic
1238 1348 1279 1365 ve
1301 1337 1465 1375 particulae
1487 1334 1649 1373 respondet
1671 1333 1806 1372 apprime
1829 1331 2013 1360 Sanscritum

63 1381 114 1416 vi,
151 1390 227 1419 quae
249 1385 292 1409 est
314 1380 487 1409 adverbium
510 1385 539 1408 et
559 1381 744 1419 praepositio
766 1380 983 1419 inseparabilis.
1027 1381 1068 1410 Ea
1098 1381 1226 1420 primum
1250 1379 1461 1412 remotionem,
1496 1377 1711 1416 separationem
1734 1385 1768 1403 ac
1791 1374 2013 1413 dissipationem

64 1421 200 1459 denotat,
224 1427 313 1460 atque
335 1423 375 1451 ita
399 1423 570 1451 Latinorum
594 1421 640 1451 dis
659 1423 824 1462 particulae
846 1423 1037 1462 inseparabili
1058 1423 1206 1452 convenit.
1251 1422 1327 1450 Tum
1350 1431 1435 1460 saepe
1458 1422 1668 1449 incrementum
1691 1422 1791 1453 notat,
1817 1421 1850 1445 ut
1871 1415 2012 1454 vimahat‚

63 1466 220 1503 vegrandis
243 1466 481 1504 (ve—magnus).
525 1465 600 1494 Dein
621 1466 808 1504 negationem
831 1470 861 1494 et
882 1466 1079 1505 privationem
1104 1465 1262 1504 significat,
1292 1470 1324 1492 ut
1345 1465 1508 1503 viprija(s),
1536 1463 1685 1500 ingratus,
1707 1458 1879 1497 vitimira(s)
1902 1468 2013 1487 vacuus

63 1517 80 1536 a
103 1508 242 1546 caligine3
279 1518 355 1545 quae
383 1507 558 1546 significatio
587 1508 667 1547 apud
696 1509 845 1536 Romanos
877 1508 1041 1546 particulae
1071 1520 1110 1537 ve
1137 1508 1291 1537 invenitur
1320 1507 1352 1534 in
1380 1517 1478 1535 vecors
1509 1506 1642 1542 aliisque.
1688 1503 1731 1531 Cf.
1759 1503 1854 1540 Bopp.
1882 1502 2013 1530 Gramm-

64 1551 182 1581 Sauecr.
206 1551 273 1580 crit.
296 1552 319 1587 §.
334 1553 404 1581 111.
429 1551 500 1578 fasc.
516 1550 538 1578 Ι.
560 1554 688 1589 pag.71.
724 1551 768 1579 Cf.
791 1551 825 1580 A.
849 1550 962 1578 Gellius
979 1550 1018 1588 V,
1046 1553 1100 1587 12,
1124 1552 1154 1582 9.
1199 1549 1249 1578 Ve
1268 1547 1436 1588 particula,
1457 1565 1492 1570 —
1522 1549 1552 1576 in
1574 1545 1643 1575 aliis
1664 1553 1750 1585 atque
1771 1543 1840 1573 aliis
1861 1541 2014 1573 vocabulis

67 1610 103 1614 —
129 1592 273 1633 duplicem
297 1593 496 1631 significatum
519 1591 695 1633 eundemque
717 1593 791 1621 inter
811 1603 840 1621 se
861 1591 1004 1621 diversum
1027 1594 1117 1632 capit.
1161 1591 1241 1621 Nam
1270 1599 1296 1620 et
1324 1589 1475 1630 augendae
1503 1590 1543 1618 rei
1570 1596 1596 1618 et
1618 1585 1789 1617 minuendae
1810 1584 1904 1622 valet,
1938 1585 2014 1614 sicut

63 1634 143 1664 aliae
161 1633 328 1675 particulae
346 1633 508 1673 plurimae3
536 1642 656 1674 propter
676 1633 756 1675 quod
777 1633 903 1673 accidit,
933 1642 964 1663 ut
986 1634 1132 1675 quaedam
1151 1632 1313 1669 vocabula,
1340 1631 1445 1673 quibus
1464 1630 1614 1672 particula
1636 1632 1695 1659 ista.
1714 1629 1919 1668 praeponitur,
1943 1638 2014 1655 am-

64 1676 154 1717 bigua-
175 1678 249 1714 sint,
279 1684 305 1705 et
328 1684 561 1716 utroqueversum
584 1676 737 1713 dicuntum
772 1675 867 1706 velut:
904 1688 1034 1714 vescum,
1071 1677 1217 1706 vehemens
1240 1683 1266 1704 et
1287 1673 1448 1715 vegrande3
1470 1691 1511 1697 —-
1534 1674 1633 1702 vesani
1654 1680 1746 1701 autem
1771 1678 1797 1700 et
1818 1668 1953 1700 vecordes
1975 1679 2014 1698 eae

63 1730 123 1748 una
146 1726 260 1749 tantum
280 1726 366 1758 parte
387 1718 476 1755 dicti,
499 1730 574 1759 quae
592 1720 741 1759 privativa
764 1727 820 1756 est,
846 1730 934 1760 quam
960 1718 1066 1749 Graeci
1087 1718 1162 1750 κατὰ
1184 1718 1320 1758 στέρησιν
1344 1716 1456 1747 dicunt.

231 1760 381 1791 Vecors.
407 1758 465 1801 (Ad
490 1772 518 1800 Ρ.
532 1760 617 1803 277.)
647 1763 715 1791 Sine
737 1763 836 1791 corde.
874 1762 1022 1790 Particula
1045 1774 1078 1791 ve
1100 1762 1214 1791 minuit.
1252 1761 1325 1789 Vide
1352 1758 1513 1798 Vegrande.
1553 1757 1608 1786 Sed
1632 1756 1706 1785 haec
1728 1760 1798 1784 sunt
1820 1765 1857 1783 ex
1879 1754 2014 1792 Epitome

64 1803 148 1832 Pauli
171 1808 199 1832 et
220 1804 299 1833 Festi
322 1803 413 1832 verba
437 1805 560 1841 omissa,
585 1805 654 1843 quia
677 1805 719 1833 sic
741 1805 770 1833 in
794 1803 932 1833 Schedis:
961 1803 1072 1833 Vecors
1094 1812 1134 1833 est
1157 1802 1268 1834 turbati
1289 1810 1315 1831 et
1337 1801 1411 1831 mali
1433 1800 1540 1831 cordis.
1584 1799 1731 1829 Pacuvius
1753 1799 1783 1826 in
1807 1820 1814 1826 .
1841 1819 1848 1826 .
1874 1819 1882 1826 .
1906 1795 2014 1832 Iliona,

64 1847 115 1884 qui
142 1844 236 1875 veloci
263 1847 465 1886 superstitione
487 1858 553 1876 cum
576 1845 694 1877 vecordi
717 1847 848 1886 coniuge.
894 1846 931 1875 Et
955 1845 1067 1876 Novius
1088 1848 1118 1876 in
1144 1869 1151 1877 .
1177 1869 1184 1876 .
1210 1869 1217 1876 .
1244 1868 1250 1875 .
1276 1852 1396 1874 coactus
1420 1844 1626 1873 tristimoniam
1649 1853 1689 1871 ex
1711 1841 1810 1870 animo
1833 1837 1965 1868 deturbat
1987 1844 2014 1865 et

63 1887 240 1918 vecordiam.
284 1888 375 1919 Dac.

233 1930 396 1971 Vapula.
421 1932 480 1971 (Ad
502 1943 532 1971 p.
547 1931 631 1972 277.)
654 1932 753 1961 Plauti
774 1942 877 1961 versus
899 1931 956 1960 hac
979 1931 1231 1961 animadversione
1254 1941 1329 1970 opus
1352 1930 1476 1958 habent:

541 1974 626 2004 Heus
646 1982 694 2004 tu:
722 1975 754 2004 in
775 1973 924 2004 Barbaria
946 1973 1026 2015 quod
1048 1973 1162 2003 clia-isse
1184 1973 1293 2003 dicitur

539 2016 663 2046 Libana
683 2028 753 2046 suae
771 2025 933 2057 patronae,
963 2015 996 2045 id
1017 2027 1068 2056 ego
1091 2015 1159 2046 dico
1182 2015 1236 2046 tibi

538 2059 662 2088 Liberta
683 2057 772 2089 salve.
818 2058 937 2099 Vapula
960 2058 1091 2099 Papiria.

65 2100 175 2130 Versus
197 2111 234 2130 ex
257 2099 436 2130 Phormione
459 2101 540 2139 (Act.
556 2102 590 2132 V.
614 2104 702 2139 se.6,
727 2103 789 2140 10.)
812 2107 882 2130 sunt
903 2101 950 2130 hi:

539 2161 581 2166 —
624 2160 666 2166 —
708 2161 751 2166 —
793 2155 850 2173 non
873 2141 1000 2174 manes?

543 2185 675 2227 Vapula.
720 2185 758 2215 Id
779 2185 834 2215 tibi
853 2185 970 2227 quidem
993 2187 1052 2214 iam
1066 2186 1142 2225 fiet,
1166 2186 1223 2214 nisi
1245 2184 1352 2213 resistis
1373 2182 1498 2212 verbero.

63 2227 158 2256 Latini
180 2227 237 2256 hoc
258 2228 351 2258 verbo
374 2233 514 2266 utuntur,
538 2239 594 2268 pro
618 2239 678 2268 quo
702 2229 809 2258 Graeci
833 2230 941 2268 οἴμωζε
962 2229 1077 2259 κλαίειν
1100 2225 1218 2268 μακράν
1242 2236 1274 2257 σε
1297 2224 1415 2256 κελεύω.
1440 2221 1539 2254 Scal.
1574 2221 1687 2253 Ancilla
1710 2220 1780 2249 olim
1803 2217 1839 2246 ab
1862 2216 1932 2244 hera
1955 2222 2008 2242 ⁸¹¹³

63 2271 181 2310 Papiria
203 2271 400 2307 manumissa,
431 2272 573 2301 continuo
597 2282 659 2300 eam
683 2272 782 2311 coepit
803 2277 1008 2306 contemnere,
1044 2271 1169 2309 iureque
1191 2269 1334 2299 libertatis
1356 2269 1429 2297 freta
1453 2277 1484 2295 se
1506 2266 1641 2294 libertam
1665 2260 1819 2295 salutavit,
1850 2258 2009 2294 heramque

62 2313 147 2341 iussit
170 2313 250 2342 abire
273 2313 468 2343 Morbouiam.
503 2313 614 2354 Vapula
629 2313 760 2353 Papiria.
788 2315 836 2343 Sic
859 2314 963 2343 Horat.
986 2313 1077 2342 dixit:
1101 2312 1189 2342 Iubeo
1209 2311 1335 2352 plorare.
1369 2309 1474 2338 Iubeas
1495 2309 1628 2337 miserum
1652 2317 1710 2335 esse
1727 2301 1838 2350 [Sat-1,
1864 2302 1911 2335 1οι
1934 2297 2008 2337 90·)·

65 2356 103 2384 Et
125 2356 233 2385 Graeci
255 2356 360 2385 dicunt
383 2357 490 2395 οἴμωζε
512 2358 626 2388 κλαίειν
650 2355 769 2396 μακράν
789 2367 820 2388 σε
842 2355 961 2388 κελεύω.
996 2355 1165 2384 Callimach.
1184 2355 1281 2394 Epigr.
1304 2350 1440 2393 οἰμώζειν
1462 2349 1547 2386 εἶπας
1569 2347 1673 2380 πολλοὶ.
1711 2342 1819 2384 ¹0P¹¹Z⁰
1841 2346 1940 2389 ‘'ntffm
1963 2345 2010 2370 “St

64 2398 101 2426 ab
124 2394 262 2435 ἅπαλόω,
300 2397 466 2436 contundo,
493 2400 607 2441 stragis
628 2398 737 2436 caedo,
774 2399 877 2439 potius
900 2409 987 2437 quam
1010 2399 1046 2427 ab
1070 2396 1208 2429 ἆπολλύω
1228 2407 1328 2437 pereo,
1364 2400 1398 2424 ut
1424 2393 1602 2433 quibusdam
1626 2392 1720 2420 visum
1745 2391 1797 2415 est.
1842 2385 1903 2433 1:2⁵1
1926 2388 2008 2432 rec-te

65 2440 184 2479 quidem
210 2442 301 2470 Varro
323 2440 434 2481 vapula
455 2443 671 2482 interpretatur
690 2443 761 2482 peri.
806 2442 880 2471 Nam
903 2447 931 2471 et
955 2441 1048 2471 Plaut.
1071 2440 1148 2470 dixit
1169 2440 1294 2469 Curcul.
1311 2448 1351 2469 sc.
1376 2437 1446 2468 ult.:
1471 2435 1534 2475 Ego
1558 2442 1585 2463 te
1605 2433 1777 2462 vehementer
1796 2438 1889 2467 perire
1910 2436 2005 2465 cupio,

110 2492 277 2521 Culmum.
296 2501 364 2519 Lar.
388 2490 421 2519 ll.
1437 2490 1465 2522 B
1481 2489 1504 2521 b
1518 2488 1540 2518 l)
1555 2488 1576 2519 b
1591 2487 1612 2517 b
