2263 2668
456 139 520 172 DE
548 138 824 173 VERBORUM
851 135 1238 172 SlGNlFICATIONE
1265 137 1578 173 FRAGMENTA.
1834 137 1906 171 201

127 238 350 271 occurrerent
367 233 532 280 fascino,
560 238 596 266 ut
623 234 669 266 ait
694 233 735 266 L.
759 232 915 271 Cincius;
947 232 1042 277 quod
1068 231 1174 264 etiam
1188 230 1281 277 fieri
1308 233 1480 265 consuevit
1507 233 1541 266 in
1557 232 1721 279 familiae
1746 243 1908 278 purgan-

127 289 199 322 dae
225 297 338 321 sacro.
392 286 452 319 Po
462 297 543 318 roa
565 283 824 330 praeeidaneafl
847 285 985 326 dicitur,
1021 294 1112 328 quae
1139 286 1221 316 unte
1247 283 1423 316 immolari
1448 285 1535 317 solet
1544 298 1556 324 ;
1591 285 1683 329 quod
1710 296 1815 329 genus
1841 283 1908 316 ho·-

128 341 209 373 stiae
236 338 330 382 quod
358 342 440 370 ante
463 348 589 370 novam
605 336 762 382 frugem
784 336 1074 381 praecideretur,
1097 334 1356 380 praecidarium
1385 336 1610 379 appellabant.
1655 333 1907 370 Placenta⁷

129 390 191 424 libi
217 389 400 436 quoddam
427 400 543 434 genus
568 394 706 422 vocatur
733 400 772 421 ex
799 389 902 421 tribus
928 386 1081 432 pultibus
1097 385 1263 431 factunm
1305 386 1368 418 alii
1395 387 1512 420 dicunt
1535 399 1650 433 genus
1674 388 1794 433 pultis,
1831 398 1908 421 cum

128 443 232 475 tribus
256 441 456 474 libamentis.
510 440 568 473 Po
578 441 643 473 rri
652 441 691 473 ci
700 451 766 472 am
781 438 809 480 8,
831 450 902 485 pro
925 449 1035 484 porro
1063 438 1206 479 inciam,
1234 437 1375 470 maxime
1401 438 1447 471 de
1469 440 1555 472 extis
1579 439 1743 472 dicebant
1764 438 1907 484 antiqui.

130 494 249 528 Plaut.
277 494 312 526 in
331 492 526 526 Pseudolo:
570 497 699 535 atque
725 491 764 523 in
792 490 994 524 manibus
1017 493 1119 523 exta
1146 493 1336 529 teneam,
1370 493 1414 521 ut
1434 492 1686 534 porriciam
1712 491 1908 523 intebea*

131 546 235 580 loci.
264 544 460 590 porricitur
494 547 611 576 autem
636 542 781 588 foculo,
830 543 967 586 arisque
1001 541 1094 586 quod
1129 541 1397 575 consecrandum
1425 545 1474 574 est
1501 542 1583 584 deo,
1629 542 1909 586 dicandumque;

132 602 246 631 contra
270 596 318 628 it*
343 595 550 628 consumitur
576 595 610 627 in
637 605 759 635 sucro,
786 594 880 639 quod
907 598 956 628 est
976 592 1214 639 profanatum
1239 597 1275 626 ut
1294 592 1429 625 Verrius
1457 594 1580 627 eodem
1608 594 1697 627 libro
1725 593 1771 627 de
1796 593 1905 638 signi-

121 648 297 696 ficatione
323 646 512 680 verborum.
573 646 646 679 Sint
673 646 763 679 dicta
789 646 914 688 libere,
956 646 986 679 si
1012 657 1082 690 qua
1109 648 1234 678 contra
1261 644 1405 678 dixero.-
1449 656 1533 678 mzm
1559 646 1735 679 arbitratur
1762 645 1807 677 ob
1835 655 1910 677 eam

133 711 274 734 causam
305 699 441 744 porrici
477 701 559 730 exta
594 698 668 730 aris
695 701 731 741 et¹
748 697 893 743 foculo,
923 697 1000 741 quia
1027 697 1193 742 profana*
1219 692 1293 745 eall
1310 707 1446 740 quoque
1472 696 1507 729 id
1534 702 1582 730 est
1608 697 1673 730 deo
1700 697 1789 730 dicta
1826 694 1908 742 [36]

134 755 315 786 consume*
340 755 388 783 est
414 761 566 790 necesse,
587 750 678 783 cuius
706 750 908 794 opinionem,
927 761 1035 792 neque
1061 749 1094 781 in
1120 748 1200 789 hoc,
1218 760 1327 792 neque
1353 748 1385 780 in
1413 747 1483 781 aliis
1511 749 1737 793 compluribus
1763 748 1909 781 refutare

134 803 270 836 minime
296 813 431 835 necesse
458 806 523 842 est,
552 812 627 834 cum
654 801 864 845 propositum
891 801 1036 834 habeam
1065 811 1105 833 ex
1131 806 1221 833 tanto
1248 800 1411 833 librorum
1439 800 1506 833 eius
1531 812 1668 833 numero
1695 801 1911 833 intermortua

134 856 219 896 iam,
247 858 278 887 et
305 854 436 898 sepulta
462 853 585 894 verba,
613 858 712 897 atque
739 854 811 897 ipso
839 864 940 897 saepe
966 853 1145 886 confitente
1171 852 1291 885 nullius
1318 863 1394 885 usus
1421 857 1477 884 aut
1500 852 1699 886 auctoritatis
1722 851 1913 896 praeterire,

135 912 168 939 et
193 906 321 949 reliqua
347 917 448 949 quam
474 905 667 937 brevissime
693 904 849 950 redigere
875 905 908 937 in
934 905 1038 938 libros
1065 904 1249 937 admodum
1276 915 1414 948 paucos.
1474 904 1527 937 Ea
1553 910 1682 944 autem,
1726 904 1769 937 de
1796 903 1915 947 quibus

136 957 311 998 dissentio,
344 963 376 990 et
402 962 517 1001 aperte
545 962 577 989 et
603 957 766 997 breviter,
802 961 839 990 ut
864 957 991 998 sciero,
1024 956 1144 990 scribta
1169 956 1202 988 in
1229 955 1280 988 his
1307 955 1397 988 libris
1423 955 1505 988 meis
1530 955 1744 988 invenientur.
1795 954 1917 988 Inscri-

135 1010 259 1042 buntur
284 1008 471 1053 priscorum
499 1009 678 1041 verborum
705 1019 782 1041 cum
810 1009 982 1052 exemplis
1034 1008 1233 1052 Porigam
1261 1007 1379 1040 dixisse
1403 1007 1527 1051 antiqui
1552 1007 1722 1047 videntur,
1749 1018 1811 1050 pro
1835 1017 1917 1050 por-

137 1062 265 1105 rigam,
312 1065 453 1105 propter
488 1071 617 1093 morem
652 1071 719 1092 non
754 1060 1065 1104 ingeminandarum
1101 1060 1302 1098 litterarum3
1352 1059 1455 1092 ducto
1483 1060 1585 1092 verbo
1614 1071 1633 1091 a
1659 1069 1762 1103 porro
1789 1069 1916 1103 regam,

137 1117 194 1145 aut
229 1113 254 1145 si
288 1112 321 1144 id
357 1112 514 1144 frivolum
548 1111 698 1152 videtur,
748 1123 825 1145 cum
859 1116 975 1156 aperte
1002 1124 1020 1145 e
1048 1111 1122 1145 civo
1155 1112 1265 1156 regit*
1291 1116 1433 1144 tractum
1460 1111 1510 1144 sit.
1569 1110 1639 1144 Sed
1667 1111 1792 1153 antiqui
1819 1104 2034 1142 etiau1*f·r'¹v⁰
2050 1112 2092 1129 ’θ’

137 1175 318 1209 porgam
346 1164 499 1196 dixerunt
524 1174 588 1208 pro
615 1164 799 1208 porrigam.
853 1161 1045 1197 Porcae⁹
1069 1164 1283 1209 appellantur
1308 1163 1372 1195 rari
1399 1163 1499 1204 sulci,
1526 1162 1583 1206 qui
1610 1162 1787 1195 dicuntur*
1812 1147 2094 1204 aquaeqaffiacnsmur

138 1215 340 1248 derivandae
374 1215 490 1260 gratia.
528 1214 608 1249 dicti
642 1214 736 1258 quod
771 1218 961 1259 porcant†,
1007 1215 1041 1247 id
1076 1221 1124 1248 est
1155 1215 1391 1260 prohibent-H*
1419 1226 1539 1258 aquam
1573 1213 1745 1247 frumentis
1778 1208 2094 1274 nocerezssfffps’fsseffij

138 1279 215 1300 nam
245 1267 428 1300 crebriores
455 1266 555 1307 sulci,
596 1266 691 1299 limi*
713 1272 883 1300 vocantur.
937 1267 1257 1300 Postliminium
1272 1270 1299 1285 *³*
1313 1264 1347 1287 1⁰
1368 1272 1561 1311 receptum,
1601 1266 1720 1299 Gallus
1747 1265 1861 1298 Aelius
1887 1264 1919 1296 in
1953 1250 2052 1302 'b‘egntt’

139 1319 225 1352 libro
261 1318 371 1363 primo
406 1317 706 1363 significationum,
747 1330 834 1362 quae
869 1318 912 1352 ad
946 1319 994 1351 ius
1027 1320 1211 1363 pertinent,
1265 1319 1309 1352 ait
1341 1331 1411 1351 esse
1441 1330 1536 1360 euin,
1578 1318 1635 1361 qui
1669 1318 1752 1350 liber
1789 1327 1829 1349 ex
1854 1327 1919 1359 qua
1942 1311 2084 1370 sssfflirffi,

137 1371 268 1404 civitate
295 1370 327 1402 in
354 1370 454 1402 aliam
482 1370 647 1403 civitatem
675 1370 820 1412 abierat,
856 1371 890 1403 in
919 1371 1060 1404 eandem
1089 1371 1255 1404 civitatem
1282 1370 1368 1404 redit
1396 1382 1436 1404 eo
1464 1371 1554 1410 iure,
1589 1369 1681 1413 quod
1710 1369 1921 1402 constitutum
1965 1354 2058 1405 liriiiiiio

138 1427 185 1455 est
212 1422 255 1454 de
281 1421 479 1466 postliminis
491 1419 532 1463 ¹¹,
567 1421 715 1465 itemque
741 1424 884 1461 servos†
908 1434 926 1455 a
954 1423 1049 1456 nobis
1076 1423 1109 1455 in
1136 1423 1283 1455 hostium
1310 1426 1509 1466 potestatem
1536 1421 1704 1466 pervenit,
1735 1424 1851 1465 postea
1877 1418 1976 1455 ad†f.
1988 1422 2030 1456 qui
2040 1430 2095 1447 ser-

137 1485 216 1516 nos,
254 1473 340 1506 redit
366 1473 398 1505 in
426 1474 495 1506 eius
522 1478 742 1517 potestatem,
779 1474 870 1507 cuius
897 1480 992 1507 antea
1019 1474 1080 1507 fuit
1106 1475 1176 1508 iure
1202 1480 1280 1519 post
1305 1474 1418 1507 limini.
1445 1474 1540 1517 equi,
1579 1479 1611 1506 et
1638 1472 1738 1514 muli,
1776 1477 1808 1504 et
1834 1470 1922 1503 navis
1991 1465 2037 1482 ωε

139 1525 257 1558 eadem
284 1525 366 1557 ratio
395 1530 442 1557 est
469 1530 543 1569 post
569 1525 731 1558 liminium
758 1530 931 1570 receptum
958 1527 984 1559 is
996 1528 1038 1565 Η-
1059 1538 1145 1569 quae
1171 1527 1265 1561 servi.
1301 1538 1389 1569 quae
1414 1537 1539 1570 genera
1566 1536 1676 1557 rerum
1704 1524 1746 1556 ab
1773 1522 1923 1555 hostibus
1956 1524 2064 1558 ††s.ii⁵

139 1577 181 1609 ad
218 1588 278 1609 nos
314 1577 575 1620 postliminium*
603 1577 764 1617 redeunt,
817 1577 936 1610 eadem
972 1590 1098 1622 genera
1132 1590 1242 1611 rerum
1271 1590 1289 1610 a
1316 1578 1410 1611 nobis
1445 1577 1488 1609 ad
1514 1576 1617 1609 hostis
1643 1575 1752 1609 redire
1778 1577 1970 1619 possunt.*f.
1990 1575 2080 1617 postli-

140 1639 216 1662 cum
246 1628 379 1671 populis
407 1628 537 1668 liberis,
565 1633 597 1660 et
624 1628 890 1669 confoederatis,
919 1635 951 1662 et
977 1641 1053 1663 cum
1082 1630 1217 1674 regibus
1242 1629 1480 1673 postliminium
1502 1628 1596 1660 nobis
1618 1632 1666 1659 est
1688 1627 1751 1668 ita,
1780 1626 1825 1658 uti
1847 1636 1923 1658 cum
1969 1620 2044 1637 mimo

141 1678 292 1712 hostibus
310 1690 396 1722 quae
414 1679 561 1712 nationes
586 1679 619 1712 in
648 1680 830 1724 opinione*
852 1685 962 1713 nostra
989 1686 1073 1720 sunt,
1102 1692 1178 1714 cum
1206 1681 1257 1713 his
1273 1677 1293 1729 Η
1311 1681 1431 1725 procul
1455 1680 1524 1712 sint.
1570 1680 1826 1711 Provorsuni
1846 1674 1972 1722 [37]*s.
1983 1682 2083 1708 dicione

142 1730 254 1775 fulgur
283 1731 488 1774 appellatur,
516 1731 608 1773 quod
635 1725 809 1776 ignoratur
834 1737 953 1772 noctu,
982 1745 1023 1765 an
1048 1733 1210 1775 interdiu,
1236 1733 1276 1765 sit
1302 1733 1436 1765 factum.
1468 1731 1580 1773 itaque
1607 1730 1678 1762 lovi
1703 1725 1974 1773 fulgurit*1²,⁸s.
2004 1735 2100 1775 Fngu-

143 1786 176 1814 et
196 1781 378 1814 Summano
404 1782 459 1823 fit,
487 1782 580 1825 quod
603 1782 720 1815 diurna
740 1783 847 1825 lovis,
874 1790 1035 1818 nocturna
1057 1785 1229 1817 Summani
1254 1784 1389 1828 fulgura
1412 1783 1585 1815 habentur.
1639 1780 1924 1825 Propatulum
1968 1777 2059 1795 razon.

143 1833 208 1865 late
234 1838 368 1877 patens,
396 1838 495 1876 atque
521 1839 692 1877 apertum,
721 1840 753 1867 et
780 1836 884 1880 patuli
911 1836 1034 1875 boves,
1064 1847 1208 1879 quorum
1236 1847 1360 1869 cornua
1387 1835 1421 1866 in
1445 1834 1609 1866 diversum
1638 1836 1763 1877 super*
1786 1831 1926 1865 modum
1952 1839 1991 1864 *fi
2008 1846 2085 1872 supra

144 1889 268 1929 patent.

1920 494 1931 506 ⁸
1941 493 1959 520 t'.
1967 492 2065 518 interea

1953 595 1965 609 ⁸
1974 594 1992 620 f.
2011 594 2037 620 id

1929 699 1942 714 ²*
1952 696 1971 722 s.
1986 697 2074 730 prosa—

1971 735 2032 756 nata

1936 768 1949 783 ἰ
1958 765 1976 791 s.
1984 774 2073 791 consu-

1966 808 2035 827 mere

321 1885 348 1918 P
359 1896 374 1916 r
383 1896 435 1929 op
445 1886 476 1918 ri
487 1898 505 1917 a
516 1898 529 1917 s
540 1886 607 1927 sit,
636 1888 812 1932 proprium
840 1887 967 1921 fecerit.
1022 1888 1073 1921 Pr
1083 1899 1102 1920 o
1111 1899 1134 1932 p
1146 1899 1187 1920 er
1197 1899 1217 1920 u
1227 1899 1241 1920 s
1268 1887 1419 1930 antiquos
1446 1886 1564 1918 dixisse
1575 1908 1584 1926 ‚
1611 1895 1675 1928 pro
1699 1884 1790 1918 celer
1799 1910 1808 1927 ‚
1835 1883 1929 1916 testi-

146 2008 228 2030 tanea
248 2013 356 2041 porca,
381 2013 456 2041 quae
479 2009 633 2042 praesente
658 2010 793 2041 mortuo,
825 2016 913 2044 quem
937 2017 1015 2035 con-

1062 2005 1243 2045 exemplaris
1267 2004 1469 2043 reposuiinu.'3‚
1501 2008 1530 2032 et
1551 2003 1655 2031 mutila
1677 2002 1768 2030 multa
1791 2000 1927 2029 restitui-

144 2044 237 2073 dituri
260 2049 361 2081 erant,
384 2046 601 2076 immolabatur.
634 2048 712 2077 Urs.
735 2064 777 2069 —
799 2046 829 2089 7)
845 2049 1015 2087 Flaccum]

1061 2059 1136 2076 mus.
1168 2049 1244 2076 Urs.
1268 2064 1304 2069 —
1331 2046 1359 2086 9)
1383 2046 1521 2085 Forma]
1545 2045 1733 2074 Prolu'beant
1752 2043 1871 2072 videtur
1884 2043 1926 2071 le-

147 2088 302 2123 placenta,
326 2087 388 2116 sive
402 2088 512 2123 libum,
537 2099 573 2117 ex
590 2090 679 2126 farre,
703 2090 788 2127 oleo,
813 2095 841 2119 et
858 2092 943 2120 melle
961 2091 1017 2120 fie-

147 2130 205 2159 bat.
237 2131 357 2159 Servius
378 2131 407 2159 in
431 2131 507 2159 Vll.
530 2132 602 2160 Aen.
622 2132 692 2160 Liba
713 2138 784 2161 sunt
805 2133 959 2172 placentae
982 2134 1018 2162 de

146 2173 246 2209 farre,
281 2178 310 2202 et
335 2173 437 2210 melle,
475 2179 503 2202 et
526 2174 591 2203 oleo
614 2175 706 2203 sacris
728 2181 824 2214 aptae.
865 2177 945 2206 Urs,
975 2192 1017 2198 —

145 2215 175 2254 8)
198 2215 398 2254 Pet-riclam]
428 2216 523 2245 Varro
542 2216 593 2245 lib.
615 2218 644 2248 5.
665 2217 702 2245 de
726 2218 808 2255 Ling.
826 2218 888 2247 Lat.
909 2219 1016 2247 Prosa-

146 2263 265 2293 natum,
295 2258 411 2297 inquit,
436 2259 515 2298 quod
538 2259 569 2287 in
593 2260 724 2288 sacrario
749 2260 926 2300 polluctum.
956 2261 1016 2290 ita-

146 2310 204 2338 que
217 2300 289 2328 olim
311 2301 426 2329 insano
453 2302 686 2330 consumebatur
706 2313 808 2336 omne,
840 2304 922 2341 quod
944 2314 1017 2342 pro-

147 2343 282 2371 sanatum
302 2348 373 2372 erat.
417 2343 497 2373 Haec
519 2344 556 2376 ad
574 2345 698 2373 verbum
716 2347 909 2384 profanata,
935 2346 1016 2384 quod

148 2385 272 2414 fecimus
287 2395 324 2413 ex
348 2386 467 2415 duobus
486 2388 624 2425 profana
647 2399 681 2415 ειι
702 2388 819 2426 reliqua
839 2389 869 2417 in
886 2389 1018 2418 editione

149 2427 363 2467 Augustiniana
380 2439 448 2458 cum
463 2430 522 2459 sint
536 2440 590 2458 suo
606 2430 672 2459 loco
688 2435 778 2464 mota,
802 2441 856 2460 nos
872 2431 910 2460 ad
927 2431 1017 2460 fidem

200 2488 366 2519 Grumum,
391 2499 458 2517 mr.
475 2489 507 2517 ll.

1061 2091 1188 2129 gendum
1210 2101 1246 2119 ex
1270 2090 1397 2129 epitoma
1419 2090 1518 2126 Pauli,
1546 2098 1620 2127 pro,
1637 2087 1816 2126 prohibent,
1841 2090 1870 2114 et
1890 2086 1927 2113 li.

1061 2144 1130 2171 rae,
1154 2143 1210 2172 pro
1235 2134 1310 2163 limi.
1348 2133 1474 2161 Urs.—-
1497 2134 1541 2168 10)
1566 2128 1823 2167 Postliminiam]
1849 2128 1927 2157 Ver-

1061 2176 1132 2204 bum
1154 2178 1292 2215 opinione
1311 2174 1384 2203 mibi
1407 2179 1577 2214 suspectum
1599 2177 1658 2209 est,
1682 2177 1711 2201 et
1727 2183 1783 2212 pro
1806 2181 1857 2208 eo,
1881 2170 1928 2199 di-

1062 2221 1144 2247 cione
1169 2219 1259 2248 scribi
1285 2218 1392 2247 debere
1413 2217 1528 2257 opinor.
1551 2217 1581 2244 in
1602 2215 1766 2253 fragmento
1785 2213 1928 2243 Serviliae

1059 2262 1130 2299 legis
1152 2262 1194 2290 sic
1213 2266 1264 2291 est.
1302 2260 1450 2299 QVJVE.
1476 2259 1535 2290 IN.
1563 2258 1835 2292 ARBJTRATV.
1861 2256 1930 2286 D!-

1065 2305 1208 2334 CJONE.
1234 2302 1510 2334 POTESTATE.
1530 2300 1745 2335 AMlClTlA.
1759 2305 1816 2329 etc.
1848 2300 1928 2328 Urs.

1060 2364 1099 2369 -—
1125 2345 1170 2387 11)
1194 2346 1230 2375 de
1248 2346 1450 2385 postliminiis
1471 2346 1543 2374 Ven.
1567 2346 1613 2373 Sc.
1636 2345 1707 2373 item
1728 2344 1831 2383 paullo
1861 2346 1928 2381 post

1060 2391 1126 2417 iure
1155 2390 1344 2428 postliminii
1371 2389 1444 2418 Ven.
1477 2390 1525 2417 Sc.
1566 2403 1601 2409 -
1652 2389 1696 2425 12)
1721 2386 1857 2425 Fulguri
1881 2384 1926 2411 Pr.

1058 2432 1130 2461 Ven.
1155 2433 1201 2462 Sc.
1228 2432 1395 2471 Legendum
1420 2431 1622 2471 Fulgurilori.

1623 2481 1689 2514 Cc
