2263 2668
492 144 556 177 DE
582 141 969 177 SIGNIFICATIONE
997 142 1279 180 VERBORUM.
1336 146 1481 180 LIBER
1505 146 1614 180 xvll.
1950 151 2024 185 677

82 241 234 267 curatores
256 235 326 264 trib.
349 235 416 265 Suc.
443 235 551 267 iunior.
585 237 744 276 Reperitur
765 235 849 264 etiam
873 235 906 264 B.
930 234 1015 263 Iltera
1040 237 1070 265 C.
1094 236 1184 267 Attio.
1208 239 1240 269 T.
1262 239 1293 268 F.
1316 239 1383 268 Sub.
1406 239 1562 270 Vitaliano.
1585 238 1671 268 Ant.
1686 238 1781 279 Aug.
1813 240 1920 270 Verrio
1943 244 2025 273 favet

81 280 177 309 Varro
200 279 249 309 lib.
264 278 310 307 VI.
334 278 369 306 de
392 279 423 306 L.
446 279 475 307 L.
500 279 561 317 (lib.
576 279 609 307 V.
632 281 760 318 pag.53.
779 278 857 317 Sp.):
879 276 981 305 Eidem
1006 281 1115 318 regioni
1136 281 1277 310 attributa
1294 281 1423 319 Subura,
1448 281 1528 322 quod
1549 280 1602 310 sub
1624 292 1706 310 muro
1729 288 1818 311 terreo
1835 282 2025 322 Carinarum3

81 324 112 352 in
135 333 168 351 ea
190 328 230 349 est
253 320 419 359 Argeorum
442 320 581 349 sacellum
605 329 731 350 sextum.
768 320 885 349 Subura
908 319 1009 349 Iunius
1031 321 1132 351 scribit
1155 322 1192 351 ab
1214 335 1260 360 eo,
1285 323 1365 364 quod
1377 324 1475 365 fuerit
1498 323 1551 353 sub
1573 324 1696 363 antiqua
1719 323 1804 360 urbe,
1829 327 1877 355 cui
1898 328 2025 357 testimo-

81 365 161 393 nium
187 370 281 403 potest
311 374 382 399 esse,
419 362 498 403 quod
526 363 621 391 subest
644 365 669 391 ei
691 363 773 399 loco,
811 363 861 402 qui
883 370 989 391 terreus
1010 375 1108 392 murus
1130 373 1261 395 vocatur.
1310 365 1369 394 Sed
1391 377 1442 406 ego
1466 378 1484 395 a
1503 377 1581 406 pago
1601 367 1699 404 potius
1721 365 1891 397 Succusano
1914 368 2025 399 dictum

78 413 151 446 puto
173 417 335 434 succusum.
368 404 456 434 Nunc
478 405 615 434 scribitur
636 408 721 434 tertia
744 404 828 434 litera
842 404 887 441 B,
909 415 967 432 non
985 403 1015 433 C.
1047 405 1144 445 Pagus
1159 407 1361 444 Succusanus,
1384 408 1464 449 quod
1485 409 1628 438 succurrit
1647 406 1769 439 Carinis.
1800 410 1856 438 Sed
1880 411 1935 440 etsi
1952 412 2025 441 Var-

80 449 163 477 ronis
186 453 320 486 tempore
342 448 475 476 Suburra
498 448 695 484 scriberetur,
734 453 830 476 tamen
855 457 922 475 cum
951 450 1159 486 compendiose
1182 450 1367 487 scribebant,
1402 451 1517 479 tertiam
1540 451 1654 479 literam
1678 450 1828 489 ponebant
1852 453 1882 481 C.
1905 464 1964 482 non
1989 455 2022 484 Β.

80 490 140 519 hoc
162 490 265 519 modo:
291 490 370 518 SUC.
413 489 538 525 Quintil.
562 489 610 518 lib.
626 490 647 517 Ι.
671 500 736 528 cap.
749 493 794 522 7.:
819 489 950 518 Saburra
974 501 1038 518 cum
1062 490 1153 520 tribus
1176 491 1267 521 literis
1289 500 1424 530 notatur,
1449 492 1479 523 G.
1503 493 1615 521 tertiam
1640 491 1772 521 ostendit.
1807 495 1939 524 Suburae
1961 501 2024 525 ter-

81 533 154 561 tium
178 538 296 571 etymon
320 532 405 560 affert
428 537 584 561 comment.
604 532 720 561 Horatii
742 543 757 560 a
781 530 958 569 suburendo,
981 534 1058 571 quod
1084 533 1112 561 in
1137 544 1169 562 ea
1192 535 1311 573 regione
1328 536 1437 564 Romae
1460 535 1619 575 aliquando
1640 535 1863 565 subustionibus
1884 538 2024 576 paludata

80 576 189 604 siccata
215 580 292 603 sunt.
337 575 422 603 Dac.

246 616 551 646 Subverbustam.
596 616 651 645 Hic
674 616 690 645 b
714 627 769 656 pro
792 627 817 647 v.
854 615 1085 645 Subvervustam.
1127 618 1323 648 Tertullianus
1346 620 1423 649 libro
1447 619 1624 648 scholastico
1647 619 1683 648 de
1705 619 1799 648 Pallio
1823 621 1928 658 (c.4.):
1961 622 2024 650 Li—

80 658 206 688 bertinos
228 660 258 688 in
281 657 471 699 equestribus,
497 658 697 688 subverbustos
719 661 749 687 in
773 657 960 696 liberalibus,
985 658 1138 688 dediticios
1161 661 1189 688 in
1214 662 1363 701 ingenuis,
1386 664 1498 702 rupices
1520 663 1549 690 in
1571 661 1706 697 urbanis,
1727 673 1845 691 scurras
1866 664 1896 692 in
1907 662 2024 704 foren-

79 701 175 739 sibus,
194 712 328 742 paganos
344 702 373 729 in
392 700 578 730 militaribus.
618 701 837 730 Subverbustos
860 707 949 730 vocat
970 700 1040 737 τούς
1063 704 1245 742 στιγματίας,
1276 704 1344 743 quia
1368 706 1445 733 notis
1467 704 1669 733 inurebantur.
1688 703 1790 734 Scal.
1831 705 1890 734 Pro
1909 705 2024 735 veribus

80 744 192 784 optime
210 742 494 780 Ursin.verbe1·ibus‚
518 744 667 781 quomodo
686 744 826 772 Horatius
850 744 926 772 dixit
947 744 993 772 uri
1014 745 1103 783 virgis
1126 746 1198 781 (Sat.
1213 746 1247 782 ll,
1271 750 1300 784 7,
1324 748 1398 784 58.).
1429 747 1650 776 Subverbustus
1675 747 1858 786 στιγματίας,
1882 748 2021 778 verbero.

78 787 251 816 Tertullian.
275 786 305 813 in
328 785 405 813 libro
429 786 465 814 (le
488 787 594 824 pallio:
621 786 791 815 Libertinos
814 788 843 814 in
866 785 1056 827 equestribus,
1081 786 1280 817 subverbustos
1302 791 1330 817 in
1355 788 1525 818 liberalibus
1548 794 1602 818 etc.
1649 788 1703 816 Ubi
1728 789 1772 817 Fr.
1795 789 1911 818 Iunius:
1939 790 1977 818 Ut
1999 802 2017 818 a

79 830 136 858 ius
158 836 199 857 est
220 829 358 864 iustus,
382 827 419 856 ab
443 828 554 856 arbor
576 828 787 865 arbustum,
813 828 850 856 ab
874 840 964 857 onus
986 836 1159 866 onustus,
1184 831 1227 859 sic
1248 843 1264 859 a
1288 831 1418 859 verber
1440 839 1479 859 est
1503 831 1696 859 verbustus
1715 838 1828 860 etcum
1850 831 2019 871 praeverbio

78 870 289 900 subverbustus.
312 870 367 898 Da
378 881 402 899 c.
447 871 512 898 Dixi
537 871 572 898 ad
596 872 658 902 1,1.
683 873 750 908 5.8.
766 872 794 899 [Γ.
821 872 856 899 de
879 871 1009 909 fugitivis
1030 876 1058 899 et
1082 872 1116 899 ad
1141 873 1295 910 Ulpianum
1319 874 1374 904 Tit.
1392 877 1418 904 1.
1443 875 1465 910 §.
1482 877 1530 904 11.
1579 872 1685 901 Goth.

243 911 408 941 suboles.
454 913 555 950 virgil.
580 913 748 951 Eclog.1V,
773 914 855 950 (49).
879 914 964 942 Ant.
985 913 1079 952 Aug.
1119 914 1317 945 Glossarium:
1350 915 1487 953 Sibotes,
1519 914 1660 956 ἔπιγουή,
1690 912 1782 956 γονή,
1812 913 1909 956 γενεά.
1949 916 2022 945 Vide

78 953 240 986 Adolesco.
263 955 317 983 Da
327 966 351 984 c.
399 956 492 983 Locus
513 956 642 985 Lucretii
665 960 708 984 est
731 956 796 984 libr.
811 957 865 993 lv,
890 958 980 988 1226.

243 996 449 1027 Subucula.
493 997 527 1026 In
556 999 625 1027 meis
653 998 759 1036 glossis
787 999 916 1037 antiquis
944 997 1064 1026 invenio
1086 996 1257 1028 Subitillum
1280 1005 1331 1029 aut
1355 998 1529 1029 Subutulum
1553 999 1665 1028 dictum
1690 1008 1757 1027 cum
1779 1000 2023 1038 interpretatione

79 1038 269 1076 substillum,
298 1040 427 1080 ἔγχυτον.
454 1039 555 1069 Scal.
601 1042 656 1070 Pro
679 1042 871 1078 vestimento,
901 1041 982 1080 quod
1005 1040 1110 1068 subtus
1132 1041 1268 1070 induitur
1290 1053 1304 1070 a
1327 1042 1419 1071 subuo
1441 1052 1495 1080 pro
1519 1041 1650 1077 subduc,
1681 1046 1715 1069 ut
1736 1053 1813 1070 esruo
1836 1052 1891 1081 pro
1914 1041 2021 1072 exduo.

76 1082 170 1112 Varro
194 1083 245 1111 lib.
259 1082 307 1111 lV.
328 1083 363 1110 de
381 1083 411 1111 L.
430 1083 459 1112 L.
479 1083 525 1122 (V,
544 1084 658 1122 p.134.
675 1082 755 1122 Sp.):
782 1082 929 1122 Capitium
949 1082 986 1112 ab
1007 1093 1055 1119 et),
1080 1082 1159 1122 quod
1181 1085 1260 1122 capit
1280 1092 1394 1123 pectus,
1418 1083 1451 1112 id
1473 1091 1529 1120 est,
1555 1091 1586 1112 ut
1607 1085 1721 1123 antiqui
1744 1083 1895 1121 dicebant,
1918 1082 2023 1113 indutu

77 1124 308 1165 comprehendit,
334 1124 473 1161 alterum,
496 1125 576 1165 quod
598 1125 713 1161 subtus,
738 1137 757 1153 a
778 1137 835 1166 quo
857 1124 1016 1162 subucula,
1046 1124 1167 1153 alterum
1191 1125 1270 1165 quod
1292 1138 1395 1166 supra,
1418 1137 1437 1153 a
1461 1137 1517 1165 quo
1540 1137 1692 1165 supparus.
1736 1126 1792 1154 Sed
1815 1136 1906 1164 quare
1928 1127 2023 1154 libum

77 1178 115 1196 ex
143 1168 234 1204 alica,
271 1168 337 1196 oleo
363 1172 392 1196 et
420 1168 505 1196 melle
534 1167 677 1197 subucula
707 1168 839 1205 dicatur,
876 1169 1007 1206 reperire
1035 1177 1094 1195 non
1117 1169 1211 1206 potui.
1256 1169 1377 1197 Notavit
1399 1169 1530 1206 Scaliger
1552 1168 1581 1195 in
1606 1169 1735 1206 antiquis
1759 1168 1871 1197 Glossis
1894 1169 2022 1197 inveniri

75 1210 227 1239 subitillus
249 1209 381 1250 ἔγχυτον.
415 1210 473 1238 Sed
496 1210 553 1238 hoc
576 1210 650 1239 nihil
673 1210 708 1238 ad
732 1221 810 1247 reni,
839 1220 933 1249 neque
957 1210 1031 1238 enim
1055 1220 1110 1249 pro
1133 1209 1276 1240 subucula
1299 1210 1447 1240 subitillus
1471 1221 1598 1250 unquam
1621 1210 1783 1239 rescribere
1805 1211 1908 1239 ausim.
1932 1210 2021 1241 Duc.

75 1253 161 1282 Adde
182 1253 260 1281 infra
284 1251 443 1292 Supparus.
491 1252 596 1283 Goth.

242 1293 315 1323 Sub
336 1305 398 1324 vos
418 1294 544 1334 placo.
591 1296 664 1324 Vide
687 1294 866 1326 Endoitium.
889 1295 975 1324 Ant.
998 1296 1094 1335 Aug.
1134 1296 1190 1325 Pro
1212 1308 1263 1326 vos
1285 1295 1435 1336 supplico,
1459 1301 1492 1325 ut
1512 1308 1564 1336 per
1585 1307 1635 1336 ego
1659 1303 1685 1325 te
1705 1295 1783 1325 Deos
1805 1308 1872 1333 oro,
1896 1301 1924 1325 et
1947 1305 2021 1334 quae

73 1338 291 1367 vocabulorum
313 1338 501 1366 traiectiones
523 1338 553 1366 in
576 1339 712 1377 precibus
735 1339 889 1375 solennes,
913 1343 946 1367 ut
964 1338 1034 1366 alibi
1054 1338 1184 1367 diximus
1215 1339 1267 1368 Da
1278 1350 1302 1369 c.
1339 1339 1411 1367 Vide
1433 1349 1523 1378 supra
1546 1338 1590 1368 Ob
1613 1350 1663 1368 vos
1684 1350 1778 1368 sacro.
1801 1337 1905 1369 Goth.
1941 1338 2021 1377 Sup-

70 1379 163 1419 plico.
190 1380 354 1418 Supplicio.
398 1379 503 1409 Idem.

240 1420 449 1462 Suffiscus.
496 1422 612 1452 Pedian.
635 1422 685 1451 lib.
697 1422 732 1451 lI.
756 1422 870 1451 Verrin.
895 1421 974 1462 (pag.
988 1423 1037 1453 50.
1062 1422 1108 1451 ed.
1131 1421 1253 1463 Lugd.):
1288 1422 1427 1463 Sporum,
1458 1422 1616 1462 Sportulae
1637 1430 1663 1451 et
1686 1421 1851 1462 Sportellae
1873 1433 2021 1451 nummum

71 1471 141 1493 sune
158 1463 357 1504 receptacula,-
381 1472 406 1493 et
423 1466 519 1502 sacci,
544 1463 659 1494 sacculi
680 1472 706 1493 et
728 1464 865 1502 saccelli,-
888 1472 914 1493 et
937 1476 1089 1494 crumenae
1111 1473 1136 1493 et
1159 1465 1297 1494 vellereae
1318 1473 1343 1493 et
1366 1473 1495 1495 scorteae
1516 1473 1541 1493 et
1563 1466 1710 1494 manticae
1731 1472 1756 1493 et
1779 1465 1938 1504 marsupia.
1972 1462 2021 1492 Ita

67 1507 312 1547 fisci,fiscinae‚
326 1506 463 1546 fiscellae
484 1515 599 1546 spartea
621 1514 687 1535 sunt
710 1506 845 1535 utensilia
869 1506 910 1535 ad
932 1507 1054 1535 maioris
1076 1519 1205 1536 summae
1223 1508 1363 1547 pecunias
1385 1506 1553 1547 capiendas.
1595 1506 1676 1536 Unde
1698 1507 1767 1547 quia
1790 1508 1885 1535 maior
1906 1517 2020 1535 summa

72 1556 113 1578 est
133 1550 275 1589 pecuniae
293 1547 446 1588 publicae,
476 1560 565 1588 quam
586 1550 735 1588 priuatae,
767 1556 797 1577 ut
818 1560 872 1587 pro
896 1560 982 1578 censu
1006 1548 1038 1577 P.
1059 1547 1098 1577 R.
1120 1551 1264 1578 aerarium
1289 1548 1413 1587 (licitur3
1446 1561 1501 1588 pro
1524 1548 1630 1578 loculis
1652 1556 1677 1577 et
1699 1560 1770 1577 arca
1792 1548 1936 1586 thesauri,-
1965 1559 2019 1587 pro

71 1590 200 1621 saccello
218 1592 332 1630 fiscus,
368 1589 444 1619 uncle
460 1592 558 1630 fiscus
577 1591 702 1630 pecunia
723 1589 844 1630 publica
869 1592 909 1627 (et
934 1590 1104 1628 confiscare)
1129 1590 1190 1620 clici
1210 1590 1291 1620 solet.
1336 1592 1368 1619 ln
1393 1592 1499 1630 quibus
1522 1592 1621 1620 verbis
1642 1602 1696 1631 pro
1719 1602 1804 1620 censu
1823 1589 1927 1630 populi
1948 1589 2018 1619 Ro-

72 1634 155 1662 mani
173 1634 347 1669 scribimus,
370 1643 427 1661 non
448 1634 580 1672 privato,
605 1637 638 1661 ut
661 1633 770 1661 editum
795 1638 847 1661 est.
891 1633 945 1661 llla
969 1633 1057 1661 etiam
1080 1633 1171 1661 verba
1195 1641 1221 1662 et
1242 1634 1402 1672 confiscare
1423 1634 1548 1662 delenda
1571 1644 1633 1663 esse
1654 1638 1801 1672 putamus.
1820 1633 1907 1662 Ant.
1923 1632 2020 1672 Aug.

71 1676 206 1713 Scaliger
230 1676 270 1703 ait
293 1680 325 1704 ut
348 1686 364 1703 a
386 1673 486 1714 χάσκω
511 1680 554 1704 est
576 1674 674 1711 hisco,
698 1686 714 1703 a
738 1673 838 1705 ὁάσκω
863 1674 958 1712 disco,
983 1675 1025 1703 sic
1049 1687 1065 1704 a
1089 1674 1206 1713 φάσκος
1217 1677 1324 1716 fiscus.
1372 1673 1495 1712 Φάσκος
1517 1681 1612 1705 autem
1637 1677 1734 1712 aluta,
1758 1675 1837 1704 unde
1860 1672 2021 1713 φάσκωλος

71 1718 136 1747 sive
159 1716 322 1756 φάσκωλον
342 1716 526 1757 pasceolum,
550 1728 654 1745 saccus
678 1728 714 1746 ex
736 1718 824 1746 aluta.
867 1717 945 1746 Huic
968 1722 1066 1756 etymo
1088 1719 1182 1754 favet,
1209 1718 1286 1756 quod
1310 1718 1464 1753 Aueustin.
1490 1719 1518 1747 in
1542 1719 1647 1747 Psalm.
1663 1718 1786 1746 CXLVI.
1811 1722 1839 1746 et
1863 1722 1931 1756 post
1954 1726 2020 1745 eum

70 1760 178 1790 Isidor.
201 1760 250 1790 lib.
266 1761 333 1788 XX.
357 1760 438 1797 Orig.
462 1770 525 1799 cap.
541 1762 570 1791 9.
610 1759 727 1788 Fiscum
750 1760 987 1798 interpretantur
1008 1771 1126 1790 saccum
1147 1759 1308 1799 publicum.
1353 1761 1409 1789 Sed
1433 1761 1504 1790 mihi
1529 1761 1711 1801 probabilius
1734 1760 1854 1788 videtur
1870 1760 1946 1798 fisci
1967 1769 2021 1798 ap-

69 1803 262 1842 pellationem
286 1812 355 1831 rure
378 1809 474 1831 ortam
497 1803 606 1832 dicere.
650 1803 765 1830 Rustici
794 1804 869 1831 enim
902 1813 939 1831 ex
967 1803 1055 1831 iunco
1085 1803 1222 1832 utensilia
1251 1804 1286 1831 ad
1310 1803 1426 1832 fructus
1449 1808 1478 1833 et
1499 1804 1555 1832 alia
1578 1803 1721 1842 capienda
1744 1802 1909 1838 faciebant,
1945 1811 2020 1840 quae

65 1846 174 1883 fiscos,
188 1846 320 1886 fiscinas
341 1849 369 1873 et
381 1844 518 1885 fiscellas
541 1845 686 1874 vocabant
709 1846 819 1884 afisco
842 1845 873 1873 id
896 1850 940 1874 est
962 1846 1059 1874 iunco.
1106 1846 1126 1874 A
1148 1846 1268 1874 rusticis
1291 1846 1398 1874 urbani
1420 1846 1450 1874 in
1473 1846 1616 1875 eiusmodi
1638 1845 1717 1874 fiscis
1740 1849 1768 1874 et
1791 1844 1907 1873 fiscellis
1929 1852 2019 1882 pecu-

70 1888 135 1917 nias
157 1899 225 1917 suas
247 1898 365 1917 servare
389 1888 569 1916 didicerunt.
603 1889 712 1916 Ascon.
734 1888 763 1915 in
786 1888 912 1918 Divinat.
933 1888 966 1925 (l.
986 1889 1040 1926 c.):
1062 1887 1483 1928 Fisci,fiscinae,fiscellae‚
1507 1896 1623 1928 spartea
1645 1895 1712 1917 sunt
1733 1885 1869 1916 utensilia
1892 1884 1933 1914 ad
1953 1895 2018 1914 ma-

70 1931 143 1959 ioris
165 1942 294 1959 summae
313 1931 452 1969 pecunias
474 1928 641 1969 capiendas.
680 1928 763 1958 Unde
784 1931 854 1970 quia
876 1931 973 1960 maior
994 1941 1107 1959 summa
1130 1938 1170 1959 est
1191 1932 1332 1969 pecuniae
1350 1929 1503 1970 publicae,
1527 1941 1614 1971 quam
1635 1931 1784 1970 privatae,
1807 1936 1837 1957 ut
1857 1938 1911 1967 pro
1933 1938 2019 1956 censu

67 1973 186 2012 privato
208 1971 323 2002 loculos
345 1980 370 2000 et
393 1983 495 2002 arcam
517 1979 543 2000 et
565 1971 708 2001 saccellos
732 1971 870 2009 dicimus,
899 1973 943 2002 sic
963 1984 1018 2012 pro
1037 1971 1157 2012 publico
1181 1973 1315 2001 thesauro
1338 1973 1449 2001 aerarii
1470 1972 1579 2003 dicitur
1589 1974 1697 2011 fiscus.
1741 1972 1839 2010 Atque
1860 1971 1899 1998 ita
1922 1969 2018 2008 primo

69 2015 176 2044 Fiscus
198 2025 254 2054 pro
277 2019 413 2053 sparteo,
444 2020 545 2054 postea
568 2025 638 2043 vero
662 2020 785 2053 propter
806 2015 1032 2044 similitudinem
1056 2026 1110 2054 pro
1136 2015 1272 2053 quolibet
1295 2016 1353 2044 alio
1376 2025 1461 2044 sacco
1485 2016 1562 2044 sumi
1584 2020 1708 2054 coeptus
1730 2018 1782 2044 est.
1829 2013 1864 2041 Ut
1886 2011 1937 2041 hic
1958 2011 2017 2040 fol-

69 2058 180 2087 liculus
203 2058 321 2086 testium
345 2058 554 2093 arietinorum,
579 2058 630 2095 qui
653 2057 795 2096 marsupii
819 2068 902 2086 usum
926 2057 1107 2096 praestabat,
1131 2057 1266 2099 suffiscus
1289 2057 1371 2096 quasi
1395 2068 1505 2096 parvus
1527 2058 1616 2086 fiscus
1641 2057 1737 2085 dictus
1761 2060 1812 2084 est.
1857 2054 1944 2084 Dac.

235 2099 402 2128 Subacti.
448 2100 560 2130 Gloss.:
592 2099 719 2139 Subigo‚
744 2099 937 2140 προσβάλλω,
961 2099 1077 2140 subegi,
1100 2093 1277 2137 ὖηότοὶσσω,
1303 2097 1453 2139 μαλάσσω.
1497 2101 1588 2139 Lege:
1619 2098 1735 2138 Subigit
1757 2094 1935 2134 ὗποτάσσει,
1958 2107 2015 2135 μα-

67 2142 180 2174 λάσσει.
223 2142 311 2171 Dae.

234 2183 434 2224 Supplicia
490 2184 609 2222 Optime
631 2184 779 2222 supplicia
802 2189 889 2213 vocat
911 2184 1033 2222 Festus,
1063 2195 1138 2222 quae
1161 2184 1301 2222 gerebant
1324 2184 1549 2221 caduceatores,
1579 2184 1610 2212 id
1632 2188 1676 2212 est
1698 2187 1830 2212 oratores
1853 2181 1889 2210 ad
1912 2189 2013 2220 pacem

67 2227 226 2267 petendam
255 2228 344 2255 missi.
388 2227 508 2255 Sallust.
533 2227 562 2254 in
586 2227 647 2264 lug.
671 2226 712 2262 (o.
727 2226 783 2263 46,
806 2229 866 2263 2.);
906 2226 1036 2266 Legatos
1065 2238 1127 2256 cum
1152 2226 1304 2267 suppliciis
1326 2227 1424 2256 mittit.
1468 2227 1608 2255 Similiter
1632 2226 1751 2254 Graecis
1774 2221 1903 2264 ἵκετήρια
1925 2221 2012 2267 dicta3

67 2271 104 2299 Et
127 2280 164 2299 ex
187 2269 324 2298 verbenis
347 2269 468 2305 fiebant,
505 2268 563 2296 hoe
586 2275 628 2297 est
651 2279 687 2297 ex
710 2269 800 2298 ramis
823 2269 1037 2308 frondibnsque
1060 2270 1192 2298 omnium
1215 2280 1365 2298 sacrarum
1390 2269 1548 2306 arborum,
1588 2273 1621 2298 ut
1643 2269 1736 2305 lauri,
1776 2268 1886 2301 olivae,
1921 2267 2013 2300 myri!

68 2317 125 2342 etc.
164 2312 356 2350 Quapropter
378 2311 502 2341 Graecis
525 2309 664 2350 ἴκετήριοι
687 2309 805 2347 κλάδοι,
835 2317 867 2340 ut
889 2312 1030 2351 Sopbocl.
1054 2312 1125 2342 Oed.
1150 2312 1219 2350 Tyr.
1243 2313 1283 2348 (v.
1297 2313 1353 2349 3.);
1381 2312 1532 2350 ἱκετηρίας
1553 2309 1688 2348 θαλλούς
1709 2310 1830 2340 vocavit
1852 2305 2012 2335 Herodian-

67 2355 118 2384 lib.
132 2354 195 2383 Vll⁴
213 2355 251 2391 (e.
265 2356 293 2385 8.
313 2356 334 2391 §.
353 2355 422 2391 18.).
450 2355 489 2383 Ea
508 2354 654 2393 supplicia
671 2354 772 2382 insulis
790 2354 1035 2384 obvolvebantur.
1068 2355 1128 2383 Liv.
1144 2355 1196 2383 lib.
1211 2354 1318 2384 XXIV.
1336 2359 1406 2383 sect.
1420 2357 1488 2385 30.:
1513 2353 1593 2392 Quos
1614 2352 1666 2382 ubi
1687 2364 1727 2382 ex
1742 2350 1831 2390 signis
1847 2358 2010 2376 armorum-

68 2409 122 2437 que
143 2396 245 2426 habitu
268 2407 424 2436 cognovere
447 2395 643 2436 Hippocrates
665 2403 753 2436 atque
774 2396 915 2437 Epicydes
938 2408 1034 2426 ramos
1056 2396 1137 2426 oleae
1157 2408 1194 2426 ac
1216 2395 1378 2426 velamenta
1405 2395 1467 2425 alia
1497 2395 1660 2436 supplicum
1687 2394 1879 2433 porrigentes,
1919 2400 2010 2425 orare,
