2263 2668
559 139 625 174 DE
652 136 1043 174 SIGNJFIGATIONE
1079 135 1363 170 VERBORUM.
1416 138 1562 172 LIBER
1588 139 1646 173 ΙΙΙ.
2003 142 2076 176 363

133 244 195 264 non
223 235 331 272 potest.
375 230 440 260 Erit
466 231 557 269 igitur
587 233 624 262 ab
649 232 762 272 oppido
787 233 877 262 Caere
898 231 930 260 in
952 229 1076 265 Tuscia,
1114 239 1173 257 non
1196 229 1283 267 longe
1306 241 1322 258 a
1346 231 1533 270 Tarquiniis,
1571 231 1652 270 quod
1675 233 1834 261 sacrarium
1856 234 1961 271 populi
1982 235 2076 273 Rom„

131 275 328 307 diversorium
351 273 540 304 sacerdotum
562 286 596 304 ac
619 276 819 305 Romanorum
841 283 993 304 sacrorum
1015 272 1239 310 receptaculum
1262 278 1351 302 vocat
1375 274 1472 303 Livius
1502 275 1555 312 (V,
1575 276 1626 306 40.
1652 274 1726 314 50.).
1766 275 1838 304 Vide
1859 276 1955 305 Strab.
1978 277 2027 306 lib.
2042 278 2075 309 V.

127 317 208 359 (pag.
220 316 318 356 220).
359 318 488 353 Quidam
512 329 527 346 a
551 319 673 346 caritate
697 318 829 355 ducunt,
852 318 883 346 id
907 322 950 346 est
973 327 987 344 a
1011 314 1156 351 carendo,
1181 315 1258 343 sicut
1279 315 1308 343 in
1333 318 1517 346 caerimoniis
1539 328 1601 346 esse
1624 318 1781 354 dicuntur,
1806 318 1856 356 qui
1879 319 1965 347 certis
1988 320 2076 350 rebus

126 361 290 396 abstinent,
315 364 348 387 ut
368 360 444 389 infra
467 360 498 388 in
518 362 749 399 purimenstruo,
775 366 804 390 et
825 360 902 389 illud
926 364 1046 397 etymon
1068 357 1232 396 probavere
1255 358 1416 387 Massurius
1440 360 1565 389 Sabinus
1589 361 1667 398 apud
1688 360 1814 389 Gellium
1838 361 1887 389 lib.
1900 361 1948 391 IV.
1968 373 2031 401 cap.
2045 366 2074 395 9.

126 403 259 434 Macrob.
282 402 333 431 lib.
346 402 396 431 ΙΙΙ.
422 413 485 441 cap.
499 405 528 433 3.
553 404 710 441 Augustiu.
734 403 786 433 lib.
798 404 834 434 It.
857 406 1006 433 retractat.
1031 410 1096 439 cap-
1109 402 1160 432 37.
1186 405 1215 428 et
1238 401 1340 432 Isidor.
1364 402 1415 432 lib.
1430 403 1476 433 VI.
1501 414 1565 442 cap.
1585 404 1637 431 ult.
1660 403 1713 431 Da
1724 415 1748 434 c.
1798 403 1996 433 caerimoniae
2024 416 2077 433 vo-

127 447 266 476 cabulum
290 449 372 473 recta
396 445 551 474 descendit
573 457 589 474 a
613 446 714 474 radice
737 447 887 474 Sanscrita
911 443 970 481 kri,
1001 453 1075 482 quae
1094 442 1212 483 facere,
1237 448 1299 472 tum
1321 455 1407 472 sacra
1426 444 1528 485 facere
1551 445 1702 483 significat.
1749 444 1867 475 Carmin
1891 451 1934 475 est
1956 447 2076 484 faciens,

127 499 212 518 sacra
235 487 365 522 faciens,
391 493 420 516 et
445 486 613 527 Carminja,
645 489 721 517 actio
744 488 897 527 sacrificii,
923 488 1015 522 ritus3
1046 485 1128 526 quod
1151 486 1248 524 ipsum
1271 491 1316 514 est
1340 487 1509 516 Latinorum
1536 486 1726 517 caerimonia.

295 528 489 559 Coelihem.
535 531 650 569 Κοίλιψ
675 536 718 560 est
740 542 843 560 carens
867 529 1039 564 concubitu,
1064 533 1097 556 ut
1120 529 1235 568 αἰγίλιψ
1260 538 1363 557 carens
1388 531 1500 568 capris:
1528 528 1669 569 κερκόλιψ
1694 541 1796 559 carens
1820 531 1922 560 cauda.
1965 533 2076 569 Κείειν,

126 577 226 610 κοῖος,
248 572 327 601 unde
351 569 505 610 ὀρέσκοιος
526 573 556 601 in
580 574 730 602 montibus
754 574 874 603 cubans.
906 574 947 602 Ea
972 577 1016 602 est
1038 582 1107 600 vera
1130 571 1316 609 etymologia.
1342 570 1440 602 Scal.
1480 573 1544 601 Hoc
1566 573 1644 601 Festi
1668 578 1786 612 etymon
1812 573 1899 609 vulgo
1923 579 2076 614 receptum

127 617 200 650 suit,
231 626 300 644 nam
324 619 353 643 et
376 615 509 643 Donatus
533 616 614 654 apud
636 617 753 647 Terent.
779 616 893 656 (Ad.1‚
920 619 951 652 1,
977 614 1066 653 18.):
1105 613 1253 649 Romani,
1282 615 1394 652 inquit,
1425 614 1561 643 caelibem
1585 617 1671 655 quasi
1693 614 1821 644 coelitem
1846 614 1955 646 dicunt.
1987 616 2076 646 Dae.

128 659 240 687 Glossis
263 656 377 697 ἄγαμος
399 655 475 698 ἀνήρ
498 657 629 695 caelebs3
654 658 769 700 ἄγαμος
791 657 868 700 γυνή
891 659 1030 697 innupta3
1053 653 1165 697 ἆγαμία
1188 655 1346 693 εεῖἰόαἰιιες
1369 662 1397 685 et
1420 657 1475 685 alio
1500 658 1579 685 loco:
1608 658 1709 687 Celebs
1733 656 1893 698 ἅγύναιος,
1917 659 1978 687 sine
2003 670 2075 688 uxo-

126 711 175 738 τες
204 701 331 730 caelibes
354 696 487 739 ἆσκηταί.
534 701 670 730 Ceterum
693 701 752 730 hoc
774 703 841 731 loco
866 701 984 740 quidam
1007 701 1110 737 legunt
1136 698 1274 735 Celibem,
1305 699 1353 727 alii
1380 698 1505 728 Celizem.
1551 701 1631 729 [dem
1653 701 1795 729 Isidorus.
1845 699 1949 730 Goth.

295 741 531 772 catamitum.
575 744 633 773 Pro
660 743 828 774 Ganumede
850 744 987 774 dicebant
1009 741 1207 779 Ganamidus,
1234 742 1315 770 unde
1335 754 1357 781 g
1378 742 1409 770 in
1433 755 1448 771 c
1472 748 1500 771 et
1524 741 1543 770 d
1564 743 1595 771 in
1618 751 1629 771 t
1655 742 1825 772 Catamitus.
1861 743 1935 771 Vide
1949 742 2076 773 Alceste.

126 785 221 815 Plaut.
244 785 364 823 Men.1,
386 788 416 816 2.
443 786 539 825 (35.):

542 828 596 858 Me.
638 829 698 858 Dio
720 829 806 868 mihi,
839 840 986 870 nunquam
1009 835 1041 856 tu
1062 825 1163 856 vidisti
1184 825 1317 855 tabulam
1337 828 1448 866 pictam
1471 828 1501 855 in
1521 828 1640 866 pariete,

546 871 606 900 Ubi
626 871 729 912 aquila
754 873 933 901 Catamitum
956 877 1082 910 raperet,
1112 877 1162 898 aut
1186 868 1237 897 ubi
1261 869 1360 898 Venus
1382 869 1565 898 Adoneum?

127 911 185 940 Ubi
207 912 284 940 male
305 911 404 940 Lamb.
430 912 603 942 catamitum
626 914 734 943 Priami
757 915 851 943 filium
874 915 963 951 facit,
987 924 1054 942 cum
1077 922 1108 941 re
1131 922 1201 941 vera
1224 912 1308 940 Trois
1331 912 1440 949 fuerit,
1464 912 1597 950 quamvis
1621 922 1687 939 eum
1711 911 1814 939 Cicero
1838 912 1938 944 (Tusc.
1962 912 2076 951 Disp.1‚

127 956 185 991 26,
208 953 274 993 65.)
304 955 512 984 Laomedontis
541 956 636 994 dicat,
676 963 710 986 ut
734 962 763 986 et
792 963 876 986 vetus
905 957 984 996 cycli
1011 956 1158 994 scriptor,
1195 955 1281 983 cuius
1310 955 1363 983 tibi
1385 964 1489 984 versus
1511 954 1709 993 lepidissimos
1733 954 1884 983 exhibebit
1907 954 2078 984 scholiastes

127 996 284 1036 Euripidis
306 997 337 1025 in
361 998 463 1026 Oreste
485 998 537 1033 (ad
560 1009 637 1028 verS.
652 1002 770 1036 1376.).
813 1000 902 1031 Dae.

296 1037 485 1070 Caeculus
507 1041 683 1071 condidit
706 1042 919 1072 Praeneste.
965 1042 1043 1079 Virg.
1067 1040 1136 1069 Aen.
1154 1040 1218 1070 VII.
1243 1039 1364 1078 (681.):

707 1084 771 1114 ,Nec
794 1084 996 1114 Praenestinae
1013 1082 1160 1121 fundator
1182 1081 1276 1123 defuit
1299 1082 1397 1120 urbis,-

711 1126 848 1156 Vulcano
868 1128 996 1167 genitum
1018 1137 1124 1166 pecora
1146 1127 1220 1154 inter
1241 1125 1368 1164 agrestia
1392 1136 1494 1164 regem,

707 1167 915 1210 Inventumque
931 1169 1018 1212 focis
1041 1169 1135 1198 omnis
1157 1179 1240 1208 quem
1263 1166 1387 1196 credidit
1411 1175 1501 1203 aetas,

708 1210 857 1243 Caeculus.

128 1252 186 1281 Ubi
208 1251 345 1280 Servius:
379 1250 520 1281 Caeculus
530 1250 621 1292 filius
645 1251 777 1282 Vulcani
798 1255 841 1283 sic
865 1253 976 1291 dictus,
1004 1252 1085 1294 quocl
1107 1251 1268 1282 minoribus
1290 1250 1384 1281 oculis
1401 1250 1512 1293 fuerit,
1542 1260 1630 1291 quam
1655 1259 1712 1276 rem
1724 1247 1897 1289 frequenter
1920 1249 2011 1290 efficit
2023 1248 2081 1290 fu-

129 1307 203 1325 mus.
247 1294 311 1323 Hic
335 1293 459 1324 collecta
482 1293 686 1332 multitudine,
717 1304 875 1336 postquam
900 1296 951 1325 diu
974 1296 1169 1326 latrocinatus
1191 1302 1276 1332 esset,
1307 1294 1524 1323 Praenestinam
1549 1293 1694 1322 civitatem
1718 1292 1747 1319 in
1770 1290 1915 1320 montibus
1939 1290 2082 1320 condidit.

109 1343 186 1368 .etc.
222 1337 258 1365 Et
281 1337 371 1365 Solin.
396 1348 420 1366 c.
434 1339 482 1368 S.:
505 1336 670 1375 Praeneste,
693 1345 725 1366 ut
748 1339 919 1369 Zenodotus
941 1339 1037 1379 refert,
1061 1340 1250 1367 aPraeneste
1277 1336 1390 1377 Ulyssis
1411 1344 1510 1376 nepote
1532 1335 1637 1364 Latini
1648 1332 1736 1373 filie,
1761 1341 1826 1369 ant,
1851 1341 1880 1361 ut
1904 1332 2082 1362 Praenestini

129 1386 234 1410 sonant
257 1377 343 1416 libri,
373 1391 391 1408 α
412 1377 554 1416 Caeculo,
586 1392 668 1420 quem
691 1381 780 1409 iuxta
801 1382 881 1421 ignes
895 1382 1027 1422 fortuito
1049 1382 1231 1417 invenerunt,
1260 1387 1291 1408 ut
1303 1379 1398 1421 fama
1422 1386 1479 1415 est,
1508 1378 1689 1417 Digitiorum
1711 1386 1832 1404 sorores.
1859 1375 1948 1405 Dac.
2000 1374 2083 1404 Unde

127 1429 234 1463 putant
259 1420 410 1451 Caecilios.
455 1422 583 1451 Caecilia
613 1433 683 1460 gens
710 1423 843 1463 plebeia,
882 1425 1069 1454 Metellorum
1092 1428 1287 1462 cognomento
1311 1423 1390 1451 clara
1414 1432 1429 1451 e
1451 1422 1609 1451 Praeneste
1632 1418 1773 1455 oriunda,
1813 1423 1884 1457 puta
1907 1429 1923 1447 a
1946 1419 2082 1447 Caeculo.

131 1465 189 1494 Alii
212 1475 228 1493 a
251 1465 392 1493 caecitate
416 1465 560 1493 Caecilius
584 1465 681 1494 dictos
702 1471 816 1505 putant.
862 1466 968 1496 Idem.

301 1505 525 1537 Catillones.
572 1506 727 1538 Catilones.
761 1509 835 1538 Vide
851 1509 1015 1539 Catillatio.
1050 1508 1177 1546 Margini
1200 1507 1385 1546 adscriptum
1409 1505 1578 1543 catiliones‚
1602 1503 1684 1543 quod
1707 1508 1806 1532 monet
1831 1502 1973 1541 scriptum
1994 1502 2084 1532 fuisse

130 1547 285 1578 catillones
306 1549 419 1587 duplici
443 1549 475 1580 ll.
499 1550 586 1579 Dac.
616 1551 692 1579 Vide
714 1551 792 1580 infra
805 1551 959 1581 Fiscellus.
985 1550 1090 1580 Goth.
1124 1549 1260 1581 Gulosus.
1290 1551 1363 1578 Nam
1383 1548 1526 1578 Catullire
1549 1553 1593 1577 est
1615 1547 1726 1575 esurire
1749 1546 1797 1575 vel
1820 1546 1972 1574 lihidinari
1986 1546 2084 1574 Nonio

131 1591 212 1630 (pag.
226 1593 276 1622 90.
293 1591 407 1629 Mera).
441 1591 528 1630 Apud
545 1593 675 1621 Macrob.
692 1594 841 1622 Saturnal.
856 1595 908 1631 111,
932 1597 981 1626 19.
1015 1591 1174 1623 Catillones
1193 1593 1311 1632 proprie
1333 1591 1486 1628 dicuntur,
1511 1591 1561 1632 qui
1583 1589 1625 1618 ad
1644 1588 1810 1629 polluctum
1823 1586 1964 1617 Herculis
1987 1587 2086 1617 ultimi

134 1643 200 1662 cum
222 1634 367 1670 venirent,
392 1633 510 1663 catillus
534 1633 712 1673 luguribant.
755 1635 865 1666 Idem.

300 1674 515 1707 Catillatio.
561 1678 720 1706 Cutillones
743 1679 783 1707 ait
806 1690 821 1707 a
841 1678 980 1707 Romanis
1003 1678 1079 1714 dici,
1106 1678 1156 1715 qui
1179 1677 1352 1716 provincias
1374 1677 1426 1706 Po.
1449 1677 1502 1707 Ro.
1528 1674 1743 1714 despoliassent
1765 1683 1780 1701 a
1805 1672 2012 1710 catillonibus,
2035 1672 2085 1711 qui

134 1720 165 1745 et
186 1717 301 1746 catillus
330 1718 413 1757 ipsos
442 1719 602 1756 liguriunt,
638 1720 793 1760 absumpta
822 1722 905 1760 prius
929 1722 1014 1760 dape.
1058 1720 1084 1749 A
1108 1721 1229 1749 Graecis
1251 1730 1323 1749 vero
1349 1719 1493 1747 eiusmodi
1515 1718 1649 1748 homines
1673 1716 1850 1745 dicebantur
1872 1715 1979 1756 μολγοὶ
2003 1712 2085 1754 παρὰ

133 1756 168 1789 τὸ
191 1755 326 1800 ἆμέλγειν
348 1761 399 1792 καὶ
420 1762 556 1793 κλέπτειν
579 1760 614 1792 τοὶ
636 1761 741 1799 κοινά,
774 1769 809 1792 ut
830 1765 881 1792 ille
902 1764 952 1792 fur
975 1763 1054 1802 apud
1076 1763 1227 1791 Maronem
1251 1761 1323 1801 (Ecl.
1342 1762 1402 1797 111,
1425 1761 1487 1801 5.):

712 1805 777 1835 Hic
798 1805 910 1836 alienus
932 1817 996 1836 oves
1020 1813 1116 1835 custos
1139 1805 1182 1834 his
1203 1803 1311 1843 mulget
1334 1805 1365 1833 in
1387 1803 1470 1833 liora.

136 1842 239 1873 Scal.
266 1844 293 1874 Δ
314 1843 450 1881 Carinus,
474 1847 638 1885 catinulus,
662 1849 788 1879 catillus.
817 1850 842 1878 A
865 1860 924 1888 quo
947 1847 1083 1878 catillare
1104 1848 1232 1886 ligurire.
1262 1845 1413 1876 Catillatio
1436 1846 1498 1885 ipsa
1522 1845 1599 1874 actio
1622 1842 1791 1881 liguriendi.
1834 1841 1921 1871 Dae.

304 1885 540 1919 Cesticillus.
585 1891 660 1919 Vide
681 1890 839 1921 Arculum.
861 1892 950 1921 Ant.
973 1892 1071 1930 Aug.
1115 1891 1141 1919 A
1165 1898 1273 1926 cestus,
1311 1889 1341 1918 id
1365 1893 1410 1918 est
1433 1887 1596 1928 cingulum,
1620 1883 1789 1922 cesticulus,
1818 1883 1897 1912 unde
1920 1879 2085 1911 cesticillus.

135 1928 211 1957 Vide
238 1926 364 1960 Caesius.
403 1932 586 1961 Emendabat
608 1934 766 1962 Salmasius
789 1933 954 1964 Cercitillus
977 1945 993 1962 a
1016 1943 1090 1962 voce
1114 1934 1230 1962 cercites
1253 1932 1368 1960 circuli.
1403 1931 1498 1960 Varro
1522 1930 1573 1958 lib.
1588 1929 1620 1958 V.
1645 1929 1698 1965 (De
1720 1929 1751 1957 L.
1774 1927 1806 1956 L.
1831 1926 1887 1962 VI,
1913 1926 1983 1956 191·
2007 1922 2085 1962 SP·)=

141 1971 179 2000 Ut
199 1972 284 2011 parvi
309 1972 413 2002 cir-culi
435 1973 553 2012 annuli,
578 1977 621 2005 sic
642 1978 743 2015 magni
766 1975 938 2006 dicebantur
961 1977 1075 2005 circites
1097 1976 1175 2005 anni.
1201 1975 1294 2004 Dae.
1332 1972 1495 2002 Cesticillus
1519 1972 1660 2001 cestillus.
1707 1968 1814 1999 Goth.
2010 2007 2015 2013 ·

304 2013 445 2055 Cespes.
491 2018 522 2045 ln
551 2019 670 2047 modum
700 2020 809 2049 lateris.
855 2020 1015 2058 Propterea
1043 2017 1256 2056 elegantissime
1279 2028 1295 2044 a
1321 2016 1441 2045 Graecis
1467 2018 1594 2044 vertitur
1617 2011 1840 2053 χορτόβλινθος.
1886 2007 2086 2037 Glossarlum:

138 2053 256 2096 Uespe-⁸8,
278 2056 512 2097 χορτόπλιυθος,
534 2059 733 2101 χορτόβωλος,
755 2064 894 2097 πλίνθος.
938 2062 1029 2090 Male:
1059 2058 1260 2100 χοριόβωλος,
1281 2062 1409 2097 πλῆθος.
1440 2057 1539 2088 Scal.
1583 2057 1663 2094 Virg.
1685 2053 1782 2084 Ecl.1.
1805 2050 1900 2092 (69.):

715 2103 854 2143 Pauperis
876 2112 901 2132 et
925 2105 1022 2143 tuguri
1045 2110 1212 2142 congestum
1235 2103 1339 2138 cespite
1362 2099 1485 2130 culmen.
1821 2136 1826 2142 ¹
1952 2134 1957 2140 .

135 2140 193 2169 Ubi
215 2141 348 2170 Servius:
379 2142 504 2183 Cespite,
528 2144 560 2173 id
582 2153 622 2174 est
645 2145 732 2175 herba
754 2158 818 2175 cum
839 2147 960 2185 propria
983 2153 1059 2174 terra
1081 2144 1188 2174 evulsa.
1234 2145 1258 2173 A
1282 2143 1372 2173 caedo
1395 2144 1494 2172 dictus
1518 2152 1626 2182 cespes,
1650 2137 1732 2178 quod
1754 2138 1864 2167 frutlce
1886 2134 2019 2173 undique
2041 2144 2086 2163 re-

135 2183 198 2212 ciso
222 2185 397 2223 quadratam
422 2187 520 2215 lateris
543 2188 665 2225 figuram
689 2189 804 2217 reserat.
828 2188 917 2217 Duc.
963 2190 1005 2218 Cs.
1031 2189 1132 2216 Horat.
1157 2187 1273 2223 0d.11,
1299 2189 1353 2223 15,
1380 2189 1428 2218 17.
1449 2186 1551 2224 ibique
1573 2185 1703 2221 interpp.
2063 2217 2068 2222 ⁶

304 2226 533 2258 Catulinam.
577 2231 661 2259 Hanc
683 2232 890 2260 Saturnionem
914 2230 1112 2268 (Satunrione
1132 2230 1163 2258 in
1187 2234 1270 2258 textu
1289 2229 1367 2258 Festi
1390 2227 1509 2257 exhibet
1531 2226 1576 2257 ed.
1598 2223 1688 2263 Βᾶθι)
1716 2221 1814 2251 Plauti
1837 2220 1970 2250 fablssam
1991 2228 2084 2255 respl-

135 2268 178 2297 Cit
199 2269 330 2307 PlifllssS,
365 2281 433 2299 cum
457 2272 499 2301 ait
520 2273 570 2302 lib·
584 2276 634 2306 29.
659 2275 754 2312 (c.4,
780 2273 869 2312 14.):
909 2272 1077 2303 Catulinam
1104 2271 1295 2302 adiicialibus
1316 2270 1434 2312 quidem
1456 2269 1592 2300 celebrem
1615 2265 1708 2308 epulis
1720 2264 1822 2308 fuisse
1842 2262 1944 2293 Plauti
1954 2258 2085 2303 fabulae

135 2319 202 2340 sunt
225 2311 347 2342 indicio.
392 2314 480 2344 Dac.

304 2354 439 2386 Garax.
486 2358 632 2387 Graecum
656 2364 700 2388 est
721 2355 828 2395 πατάξ,
863 2358 921 2387 hoc
944 2363 987 2387 est
1007 2356 1156 2398 κατεαγώς
1177 2356 1212 2388 τά
1235 2356 1316 2396 μέλη.
1359 2355 1466 2385 Isidori
1489 2354 1627 2382 Glossae:
1665 2349 1782 2386 Cataoe,
1812 2344 1947 2394 claudus,
1976 2350 2078 2388 εἷ’-’ΜΨ

137 2396 170 2426 In
193 2398 344 2427 veteribus
368 2400 549 2430 Graecorum
571 2402 693 2440 glossis:
717 2400 835 2436 Coaeus,
857 2399 953 2441 χολός.
987 2402 1062 2439 Lege
1084 2398 1186 2440 χωλός.
1223 2399 1348 2439 Hispani
1369 2399 1497 2429 retinent
1518 2405 1636 2425 nomen.
1667 2393 1813 2422 Claudum
1835 2397 1912 2418 enim
1933 2383 2079 2420 hodieque

1565 2445 1675 2480 Zz*
