2263 2668
225 179 300 213 364
649 177 993 213 COMMENTARII
1019 179 1068 213 IN
1093 180 1235 214 PAULI
1261 181 1457 217 DIACONI
1483 184 1737 219 EXCERPTA

225 277 332 301 vocant
357 269 444 301 Coxo
467 274 494 297 et
520 267 676 308 Cooequear·
698 270 873 300 claudicare.
918 271 1007 307 Quod
1032 276 1061 301 et
1084 272 1113 301 in
1135 273 1192 302 illis
1218 275 1335 313 optimis
1358 275 1461 312 glossis
1484 277 1596 315 reperi:
1635 277 1781 316 Coaeigat,
1813 281 1953 316 χωλαίνει.
1998 282 2032 310 Et
2054 283 2167 313 Nonius

225 315 302 353 (pag.
315 314 366 345 25.
391 314 509 349 Me1·c.):
536 309 636 339 Cataae
659 310 783 348 dicitur,
808 324 891 353 quem
914 325 990 343 nunc
1014 325 1157 344 coz-onem
1180 325 1295 347 vocant.
1326 318 1441 346 Dicitur
1465 324 1493 347 et
1516 318 1646 360 cloppus.
1679 319 1824 359 Cloppm,
1847 320 1948 360 χωλός.
1976 324 2167 356 Glossarium.

226 355 330 385 Scal.
364 356 506 384 Graecum
530 357 573 381 est
595 350 654 384 ἀπὸ
677 357 732 385 τοῦ
754 355 883 392 κατᾶξαι.
928 357 1059 385 Lucilius
1081 358 1132 388 lib.
1145 362 1194 390 2.:

712 422 754 427 —
799 421 835 427 —
880 423 922 428 —
964 424 1006 429 —
1050 407 1180 438 hostibus
1203 417 1307 439 contra

712 447 824 477 Pestem
844 450 1057 490 perniciemque
1078 459 1172 481 catax
1195 463 1281 492 quam
1305 459 1332 480 et
1354 451 1486 482 Manliu’
1509 454 1600 484 nobis.

386 495 612 526 Caesariati.
658 498 778 528 Plautus
800 500 831 528 in
852 501 937 530 Milit.
962 499 1035 541 (Ill,
1060 505 1092 539 1,
1116 502 1217 542 171.):

882 551 940 590 Qui
962 551 1044 582 miles
1065 553 1254 583 admutiletur
1275 555 1462 583 caesariatus.

222 598 312 627 Dac.
337 598 492 627 Descendit
514 610 529 627 a
553 600 703 629 Sanscrita
726 612 800 631 voce
822 601 926 644 kaeca,
950 614 1024 642 quae
1046 615 1157 633 comam
1181 605 1336 643 significat.
1380 606 1465 635 Unde
1487 604 1602 649 kaeqin,
1627 607 1676 646 qui
1701 618 1815 637 comam
1840 607 1946 646 habet3
1971 608 2095 651 kaecara
2118 621 2167 641 co-

221 645 332 677 matus,
361 645 389 669 et
413 652 479 670 cuni
502 642 610 671 suffixo
628 644 688 682 ja,
718 642 867 685 laesor-ja,
897 656 971 684 quae
995 657 1054 675 vox
1078 653 1186 676 statum
1211 649 1272 676 eius
1295 648 1458 686 significat,
1486 650 1536 688 qui
1560 660 1673 678 comam
1697 651 1758 680 alit.
1805 652 1904 686 Quare
1925 655 2047 691 proprie
2069 664 2169 683 caesa-

220 684 274 711 ries
297 683 415 712 denotat
439 686 645 722 comationem,
677 687 701 714 si
725 687 764 715 ita
788 689 887 716 dicere
911 689 1009 718 liceat.
1054 690 1096 718 Cf.
1120 690 1255 728 Schlegel
1280 691 1352 718 uber
1374 692 1441 730 Spr.
1464 702 1492 722 u.
1517 693 1561 721 W.
1586 693 1639 721 der
1661 693 1727 724 Iud.
1749 697 1844 732 p.12.

386 733 598 766 Catularia.
643 736 668 765 A
692 737 822 775 catulus,
848 739 927 778 quod
951 751 1009 769 non
1032 741 1119 779 longe
1142 742 1177 769 ab
1203 752 1233 769 ea
1257 742 1479 771 immolarentur
1502 744 1609 777 catuli,
1633 744 1664 772 id
1687 749 1731 772 est
1752 755 1854 781 canes,
1879 745 1958 773 unde
1981 750 2060 784 patet
2083 754 2166 775 eatu-

220 775 266 805 lus
289 777 326 804 de
351 777 472 805 canibus
496 778 570 815 dici,
599 779 678 817 quod
703 781 838 819 pluribus
862 783 1005 822 exemplis
1028 784 1155 812 firmavit
1179 784 1316 819 Vossius3
1348 795 1440 823 porro
1464 787 1547 824 quod
1567 786 1651 815 rusae
1673 797 1760 816 canes
1784 788 1821 816 ad
1843 787 2022 826 placandum
2047 789 2167 818 canicu—

219 818 262 846 lae
287 819 366 847 sidus
390 819 632 859 immolarentur,
662 822 693 850 id
716 829 817 862 aperte
841 825 927 853 docet
949 826 1051 854 Festus
1075 828 1104 855 in
1127 837 1200 855 voce
1223 825 1353 855 Rutilae.
1399 827 1487 856 Dae.

385 860 546 892 Caedem.
590 864 615 892 A
639 864 745 903 caedo,
770 867 849 904 quod
873 878 889 895 a
910 869 1003 898 καίνω
1027 870 1149 906 occido,
1172 869 1250 897 unde
1274 874 1301 897 et
1325 868 1412 898 caido
1436 870 1549 909 antiqui
1574 870 1721 900 dicebant.
1767 871 1854 901 Duc.

384 902 523 933 Cenina
545 905 642 935 urbs.
690 909 732 937 Al.
759 908 895 938 Caenina.
940 913 1071 951 Καινίνη
1095 911 1195 951 Steph.
1226 917 1254 940 et
1276 911 1428 941 Halicarn.
1469 912 1657 942 Caeninenses
1681 913 1774 942 Livio.
1812 915 1846 942 In
1869 914 1952 942 Latio
1981 915 2067 954 ponit
2092 915 2166 944 Plin.

218 944 292 982 (Lib.
305 945 361 982 111,
385 948 420 981 5,
442 949 471 977 9.
501 950 525 985 ς.
540 948 604 987 68.)

385 987 549 1019 Catulus.
593 992 705 1021 Forsan
728 993 823 1031 prima
846 995 966 1025 notione
990 995 1105 1026 catulus
1128 1002 1260 1026 catenam
1283 997 1364 1025 illam
1388 997 1533 1036 signavit,
1557 1008 1614 1038 qua
1638 1008 1724 1027 canes
1747 998 1850 1027 vincti.
1891 1000 1993 1029 Postea
2016 1010 2087 1029 vero
2110 1010 2166 1040 pro

218 1029 323 1067 quovis
346 1031 468 1060 vinculo
496 1034 570 1062 sumi
595 1040 726 1074 coeptuS.
772 1036 882 1066 Lucil:

677 1077 747 1106 Cum
771 1081 909 1117 manicis,
941 1079 1056 1115 catulo,
1088 1080 1250 1122 collarique
1271 1089 1303 1110 ut
1316 1081 1494 1123 fugitivum.

218 1113 332 1143 Dicitur
354 1116 439 1145 ctiam
463 1116 594 1149 catellus.
640 1120 734 1150 Plaut.
760 1122 845 1150 Cure.
864 1124 902 1159 V,
927 1124 956 1155 5.
981 1125 1035 1158 (3.)
1061 1123 1155 1163 (13.):

672 1162 838 1193 Delicatum
861 1173 888 1194 ie
909 1164 995 1194 lzodie
1006 1165 1130 1207 faciam
1155 1178 1219 1195 cum
1242 1165 1349 1196 catello
1373 1174 1403 1195 ut
1425 1167 1548 1197 accubes

672 1204 775 1235 Ferreo
798 1219 848 1246 ego
872 1207 948 1238 dico.

218 1241 271 1269 Ubi
297 1251 354 1270 non
379 1242 546 1273 audiendus
571 1247 746 1284 Lambinus,
779 1250 828 1287 qui
851 1249 928 1278 hanc
952 1250 1147 1280 differentiam
1173 1252 1293 1289 statuit,
1325 1257 1357 1281 ut
1381 1251 1504 1282 catellus
1526 1263 1651 1292 parvum
1676 1263 1794 1284 canem.
1831 1252 1966 1282 catellum
1991 1263 2060 1282 vero
2084 1259 2166 1282 cate-

216 1294 283 1312 nam
306 1284 459 1322 significet.
502 1288 574 1316 Nam
603 1291 719 1319 catulus
747 1296 776 1320 et
804 1293 927 1321 catellus
954 1303 1054 1322 canem
1081 1300 1110 1323 et
1132 1296 1213 1323 canis
1235 1295 1386 1331 vinclum,
1425 1300 1458 1323 ut
1482 1296 1604 1324 Graecis
1629 1293 1737 1332 σκύλαξ
1760 1297 1866 1335 ἔγγονα
1890 1295 1982 1331 κυνός
2005 1301 2033 1325 et
2056 1295 2166 1335 δεσμόν

216 1327 360 1365 σιδηροῦν
383 1333 474 1357 notat.
521 1328 641 1360 Catulus
664 1338 759 1362 autem
784 1339 813 1362 et
835 1337 918 1364 canis
941 1346 995 1374 pro
1021 1337 1138 1373 vinclo,
1168 1343 1200 1366 ut
1223 1338 1335 1377 optime
1359 1338 1472 1366 Festus.
1515 1339 1609 1366 Plaut.
1634 1338 1728 1366 Casin.
1753 1336 1811 1378 (ll,
1835 1341 1872 1373 6,
1895 1338 1980 1377 37.):

670 1375 748 1405 Deos
772 1388 895 1416 quaeso,
935 1386 966 1406 ut
989 1378 1103 1418 quidem
1127 1379 1212 1408 hodie
1235 1388 1265 1408 iu
1287 1391 1386 1409 canem
1410 1387 1435 1408 et
1454 1379 1574 1419 furcam
1593 1379 1684 1420 feras.

214 1410 301 1440 Dac.
329 1411 415 1441 Adde
438 1414 513 1443 infra
541 1415 647 1446 Millus
669 1417 781 1447 collare
803 1421 900 1456 canis,
925 1426 954 1449 et
976 1422 1104 1450 Nonium
1130 1420 1208 1461 (pag.
1221 1426 1271 1453 36.
1296 1422 1399 1460 Mero.)
1422 1422 1453 1450 in
1480 1422 1604 1451 Collum
1648 1422 1802 1450 Eiusmodi
1826 1422 1887 1450 sere
1911 1423 2026 1450 catulus
2049 1423 2164 1451 iniicie-

215 1453 303 1482 batur
325 1457 500 1493 torquendis
522 1457 627 1489 l.7.ff.
653 1459 690 1488 ad
712 1461 731 1489 l.
754 1461 809 1490 Iul.
833 1463 869 1491 de
892 1464 921 1491 vi
944 1464 1072 1502 publica.
1118 1465 1170 1493 Est
1193 1471 1346 1504 praeterea
1372 1466 1476 1494 catella
1499 1465 1717 1494 deminutivum
1740 1464 1821 1503 apud
1843 1465 1972 1493 Nonium
1998 1467 2077 1504 (pag.
2092 1467 2163 1497 199.

215 1495 317 1536 Mero.)
341 1508 356 1526 a
381 1503 499 1536 catena,
525 1505 559 1528 ut
580 1501 658 1530 infra
680 1503 711 1530 in
734 1502 970 1543 Reclimieulum,
999 1517 1075 1545 quae
1099 1512 1129 1535 et
1151 1508 1241 1536 canis.
1289 1506 1394 1537 Goth.

381 1540 539 1571 Caesius.
589 1544 727 1575 Laminas
757 1547 868 1576 ferreae
899 1554 950 1577 aut
980 1549 1083 1577 annuli
1111 1550 1258 1587 connexi,
1297 1550 1405 1588 quibus
1435 1550 1551 1588 pugiles
1582 1549 1735 1578 armabant
1762 1548 1895 1578 brachia.
1941 1549 2047 1578 Clavae
2076 1550 2164 1579 etiam

214 1581 363 1619 plumbeas
390 1584 464 1622 pilas
492 1585 564 1613 loris
593 1586 710 1616 bubulis
736 1600 880 1628 appensas
903 1590 1043 1620 habentes
1067 1597 1182 1620 caestus
1205 1592 1379 1620 dicebantur
1401 1602 1454 1630 per
1476 1603 1509 1620 ae
1532 1603 1546 1620 a
1570 1592 1733 1620 caedendo.
1765 1591 1854 1621 Dae.
1898 1589 1935 1619 Et
1956 1603 2046 1631 genus
2068 1591 2163 1633 quod-

216 1622 293 1655 dam.
332 1626 490 1664 Cingulum
513 1628 667 1668 intelligit,
690 1631 741 1659 sed
763 1631 812 1660 hic
835 1633 948 1662 frustra
972 1639 1016 1662 est.
1037 1634 1140 1662 Festus
1165 1635 1227 1664 sive
1251 1635 1368 1664 Paulus.
1406 1635 1479 1662 Nam
1502 1645 1569 1663 cum
1592 1645 1647 1673 pro
1671 1638 1780 1663 ornatu
1802 1633 1955 1667 muliebri3
1978 1644 2031 1672 pel·
2052 1646 2067 1663 e
2087 1635 2164 1664 scri·-

217 1665 295 1695 bitur
318 1678 332 1696 a
357 1669 470 1698 Graeco
493 1669 606 1707 κεστός,
631 1674 713 1711 quod
737 1675 816 1713 apud
839 1675 1017 1713 Homerum,
1041 1677 1205 1705 Lucianum
1229 1683 1258 1706 et
1279 1677 1349 1705 ahbi
1374 1687 1492 1715 quoque
1516 1677 1685 1706 observavi.
1727 1676 1798 1704 Cum
1821 1685 1893 1704 vero
1917 1686 1973 1714 pro
1997 1677 2085 1705 armis
2107 1688 2166 1716 pu-

217 1708 321 1747 gilum3
357 1721 413 1750 per
435 1723 469 1740 ae
491 1724 506 1740 a
531 1715 699 1753 caedendo,
730 1722 759 1745 et
781 1717 821 1745 ita
845 1719 969 1747 sensisse
991 1719 1114 1747 videtur
1136 1720 1265 1748 Servius.
1310 1719 1366 1748 Sed
1390 1720 1530 1757 cogitanti
1554 1719 1626 1748 mihi
1649 1719 1811 1755 succurrit,
1840 1716 1915 1746 nihil
1937 1728 2011 1757 opus
2034 1729 2096 1748 esse
2118 1719 2165 1748 di-

217 1750 306 1779 vidua
335 1753 390 1781 ista
420 1756 629 1795 originatione5
670 1764 765 1788 cestus
795 1761 873 1789 enim
902 1761 1036 1800 pugilum
1061 1766 1089 1790 et
1112 1767 1211 1791 cestus
1241 1762 1394 1791 muliebris
1415 1772 1469 1801 per
1491 1774 1505 1790 e
1527 1763 1655 1801 simplex
1678 1773 1694 1790 a
1717 1758 1834 1797 κεστός,
1877 1760 1958 1799 quod
1981 1761 2126 1791 adieclive
2148 1773 2165 1791 a

217 1794 321 1823 κεντέω
342 1807 448 1836 pungo,
494 1799 597 1828 Cestus
621 1801 703 1839 quasi
727 1812 782 1830 acu
806 1803 905 1841 pictus
929 1809 958 1833 et
977 1805 1257 1842 compunctionibus
1287 1805 1455 1834 elaboratus
1479 1809 1507 1833 et
1531 1805 1707 1841 distinctus,
1745 1803 1894 1842 quomodo
1916 1803 2039 1833 Veneris
2062 1804 2165 1842 cingn-

218 1834 278 1862 lum
302 1837 361 1865 sive
384 1839 511 1869 balteum
536 1840 641 1873 κεστὸν
664 1842 772 1882 ἱμάντα
794 1845 871 1874 dixit
892 1846 1014 1876 Homer.
1037 1847 1122 1877 Iliad.
1140 1849 1163 1884 ξ.
1188 1847 1296 1887 (214.).
1323 1848 1361 1876 Et
1378 1846 1547 1886 Hesychius
1568 1848 1785 1886 interpretatur
1805 1846 1953 1876 ποικίλον.
1984 1846 2028 1875 Ab
2052 1857 2085 1876 eo
2108 1847 2164 1885 igi-

219 1880 267 1902 tur
290 1878 382 1907 Latini
405 1882 589 1913 substantive
611 1886 777 1917 formarunt
799 1896 905 1925 cestus,
935 1890 1022 1927 cesti,
1053 1890 1090 1918 de
1111 1890 1252 1919 muliebri
1275 1895 1400 1925 ornatu;
1434 1895 1463 1918 et
1485 1897 1593 1926 cestus,
1622 1889 1707 1919 lzuius
1730 1896 1823 1918 cestus
1847 1888 1884 1917 de
1908 1889 1997 1917 armis
2019 1889 2163 1928 pugilum.

218 1916 284 1952 me,
316 1922 392 1956 quod
416 1934 469 1952 acu
494 1927 676 1966 variegatus,
714 1930 785 1968 iste,
819 1931 900 1969 quod
922 1932 1033 1961 inserto
1057 1933 1136 1961 terro
1159 1937 1188 1962 et
1207 1933 1355 1972 plumbeis
1382 1932 1470 1961 bullis
1493 1932 1557 1961 sive
1583 1932 1750 1972 sphaerulis
1773 1930 1859 1971 quasi
1882 1932 2163 1971 compunctionibus

221 1958 454 1998 distingueretur.
497 1968 584 1998 Dae,

331 2044 337 2049 ι
363 2045 369 2050 .
386 2005 579 2040 Caeclitiae
601 2013 782 2045 tabernae.
816 2017 861 2045 Ex
883 2017 940 2046 hoc
963 2018 1031 2046 loco
1042 2018 1230 2057 Sipontinus:
1256 2018 1402 2047 Caeditiae
1424 2018 1565 2048 tabernae
1589 2028 1649 2046 non
1673 2028 1688 2046 a
1712 2016 1862 2046 caedendo
1886 2016 1983 2045 dictae
2006 2021 2086 2053 sunt,
2109 2016 2161 2046 sed

221 2042 371 2090 a-domlm
393 2051 522 2092 nomine,
559 2056 608 2092 qui
632 2057 782 2087 caeditius
806 2060 983 2097 vocabatur,
1023 2072 1039 2089 a
1063 2071 1121 2099 quo
1150 2061 1181 2089 in
1209 2060 1257 2089 via
1281 2062 1376 2100 Appia
1406 2062 1576 2091 aedificatae
1604 2065 1679 2090 sunt.
1725 2061 1790 2088 Non
1815 2060 1901 2097 longe
1925 2057 1961 2087 ab
1984 2058 2088 2087 eadem
2111 2059 2160 2087 via

222 2095 300 2133 CU'Ci}
324 2086 458 2134 VestJHOS
482 2093 586 2123 alicubi
611 2108 733 2137 campus
759 2102 876 2130 nomine
901 2103 1065 2140 Caeditius,
1090 2105 1175 2132 cuius
1198 2104 1331 2133 meminit
1348 2105 1421 2133 Plin.
1445 2104 1544 2144 (XIV,
1568 2106 1605 2140 6,
1624 2106 1654 2136 8.
1679 2104 1772 2140 n.2.).
1799 2102 1884 2131 Unde
1906 2101 2037 2141 0P¹lml¹s
2060 2110 2160 2130 ⁰³⁵0U⁸

221 2131 250 2155 et
272 2138 349 2157 (⁸erss
371 2131 534 2163 Smuessam
559 2138 719 2170 Caeditiani
742 2144 848 2172 coloni.
891 2145 979 2175 Dac.

222 2211 228 2216 .
388 2172 436 2200 Ca
445 2174 611 2207 villario.
659 2184 802 2214 Cavillari
824 2198 839 2214 a
863 2198 971 2216 cavere.
1017 2188 1099 2216 Istud
1124 2189 1161 2217 de
1183 2188 1454 2227 iurisprudentibus
1477 2188 1588 2217 dicitur
1610 2196 1677 2216 cum
1700 2186 1831 2215 consiliis
1854 2185 1915 2214 suis
1936 2185 2023 2214 nobis
2047 2190 2160 2223 cavent,

219 2211 293 2240 111ud
317 2223 385 2242 vere
409 2215 611 2253 Legnloiorum
635 2228 661 2250 et
683 2227 850 2257 rabularum
875 2231 1035 2259 forensium
1067 2231 1238 2269 proprium,
1279 2241 1347 2259 cum
1369 2232 1598 2269 tergiversantes
1620 2229 1710 2258 tricas
1733 2233 1761 2257 et
1783 2239 1916 2258 morosas
1938 2228 2010 2256 iuris
2033 2228 2161 2266 praesti·

221 2254 282 2290 glas
306 2256 444 2305 ‘'ffllfiffljt
461 2260 502 2305 f¹d
521 2261 698 2299 fallendum,
729 2270 807 2299 unde
830 2271 1000 2309 cavillatio,
1029 2273 1198 2309 frustratio,
1222 2284 1276 2312 per
1296 2274 1432 2303 fraudem
1453 2273 1568 2309 irrisio,
1600 2271 1799 2301 calumniatio.
1842 2272 1880 2301 Et
1901 2268 2086 2300 incavillaiio
2105 2279 2160 2309 per

220 2296 390 2334 despectum
415 2302 512 2329 irrisio
535 2302 611 2331 infra
634 2306 705 2334 Fest.
735 2310 790 2338 Glo

220 2339 302 2368 verb.
324 2341 420 2379 signis.
466 2342 516 2372 Go
525 2344 569 2374 ih.

386 2384 471 2414 Cati
493 2386 595 2426 f⁰'¹³·
639 2389 703 2417 Non
727 2391 810 2430 longe
833 2406 847 2422 a
872 2397 972 2427 Roma.
1011 2399 1068 2427 Sed
1092 2400 1127 2428 de
1151 2400 1214 2428 Cati
1237 2401 1317 2430 fonte
1340 2400 1416 2430 nihil
1438 2401 1507 2429 alibi
1529 2401 1626 2438 legere
1648 2403 1701 2428 est.
1739 2398 1814 2427 Vide
1837 2396 1982 2426 Petronia.
2027 2394 2115 2443 Da'c.

386 2426 537 2457 eamda-
584 2430 677 2461 Plani·
701 2432 732 2460 5¹¹
755 2434 884 2466 'sslnffln-
907 2439 979 2476 (Ill,
1005 2442 1040 2476 2,
1067 2440 1166 2479 198.).
1193 2442 1282 2472 Ant.
1305 2443 1399 2482 Aug.
1447 2443 1644 2472 Glossarium:
1683 2439 1810 2477 Cacula,
1841 2440 1947 2473 δοῦλος
1969 2446 2155 2475 στρατιωτυυ.

793 2315 932 2342 ssarium:
964 2314 1131 2353 cavillatio,
1164 2316 1284 2355 ἐνέδρα,
1316 2313 1432 2355 ἀπάτη,
1463 2316 1696 2356 παρεγχείρησις.
1725 2314 1813 2343 Dac.
1855 2313 1930 2342 Vide
1951 2311 2099 2345 l-t77.ff-
2122 2311 2158 2340 de
