2263 2668
252 128 325 162 232

252 223 424 267 Fatigatus
452 222 538 256 illius
566 222 614 255 rei
623 219 644 254 ¹.

1024 125 1247 163 ARUSIANI
1281 129 1421 163 MESSl

254 275 414 318 Fugitans
438 269 568 306 litium².
606 272 742 305 Terent.
775 268 931 305 Phorm.:
959 269 1056 304 Erus
1079 271 1234 306 liberalis
1263 277 1294 305 et
1315 272 1488 318 fugitans
1513 273 1632 307 litium.

253 325 426 370 Fugitivus
454 325 494 356 ab
520 323 576 354 illa
602 334 647 356 re.
682 321 750 355 Cic.
779 320 823 354 de
849 318 998 366 Signis³:
1032 322 1154 368 Neque
1186 328 1259 357 tam
1283 324 1436 370 fugitivi
1462 323 1514 357 illi
1541 336 1564 357 a
1589 325 1754 365 dominis,
1782 336 1888 370 quam
1915 330 1953 360 tu
1981 327 2028 361 ab
2055 329 2131 362 iure
2157 333 2190 363 et

356 388 380 409 α
408 374 555 418 legibus.

252 428 416 461 Firmatus
442 425 528 457 illius
554 423 611 456 rei.
636 422 756 456 Salust.
784 422 868 456 Hist.
893 418 990 455 111.⁴:
1016 423 1077 456 ,Ad
1107 424 1267 469 Cyzicum
1286 424 1641 471 perrea‘itfirmatus
1667 428 1783 462 animi.

252 480 371 512 Fartus
397 476 463 509 hac
484 487 530 508 re.
557 474 627 508 Cic.
655 474 697 506 de
724 474 939 518 Suppliciis³z
965 473 1135 508 Pulvinus
1161 480 1237 509 erat
1259 477 1466 521 perlucidus
1488 477 1663 511 Melitensi
1688 489 1771 512 rosa
1787 477 1923 524 fartus.

252 529 368 562 Falsus
390 527 475 560 illius
507 527 564 559 rei.
591 526 728 558 Terent.
754 523 878 558 Eun.⁶:
911 525 956 558 Ut
972 524 1099 570 salsus
1125 528 1233 560 animi
1260 532 1317 561 est.

251 579 376 613 Fundit
400 578 504 612 humi.
531 577 626 622 Virg.
653 578 736 611 Aen.
760 573 836 610 V.⁷:
860 576 963 610 „Mero
991 577 1104 611 libans
1130 579 1314 612 carchesia
1337 578 1474 612 Bacchi
1500 578 1629 613 Fundit
1656 580 1760 613 humi.

1203 672 1245 705 G.

253 732 389 767 Gaudet
414 732 472 764 illa
499 743 545 764 re.
588 731 683 776 Virg.
727 727 888 764 BucoLssz
922 729 1064 763 Phoebo
1096 732 1236 776 gaudet
1269 731 1449 764 Parnasia
1481 741 1596 777 rupes.

1647 731 1782 765 Gaudet
1814 733 1907 766 illam
1941 744 2022 767 rem.
2055 733 2191 768 Terent.

355 779 498 817 Andr.⁹:
525 782 629 816 Hunc
655 783 725 816 seio
758 793 838 815 mea
864 782 974 815 solum
1001 782 1111 815 solide
1133 784 1340 827 gavisnrwn
1367 782 1519 827 gaudia.
1546 784 1642 816 Idem
1665 783 1801 816 Phorm.
1811 780 1851 817 ¹⁰:
1883 783 1955 818 rin'
1977 784 2057 830 pri—
2084 783 2190 830 [519]

355 846 448 867 mum
475 834 580 867 hodie
595 833 742 879 facere,
770 834 863 878 quod
891 844 958 878 ego
984 834 1188 877 gaudeam,
1216 832 1472 867 Nausistrata?

254 888 381 921 Gerens
407 886 588 930 negotium.
617 885 685 919 Cic.
714 885 802 920 Phil,
829 881 918 917 11.¹¹:
945 884 1126 929 Magister
1149 886 1299 930 equitnm
1325 886 1505 930 'negotium
1527 884 1708 930 public-nm
1741 896 1881 930 gerens.

349 937 441 982 gotii.
470 937 540 970 Cic.
568 948 632 981 pro
659 933 821 970 Sextio¹²z
850 935 997 980 Negotii
1021 941 1196 981 gerentes.

353 988 528 1021 tantillam
549 999 700 1033 puerum
727 989 762 1021 in
788 987 948 1020 manibus
972 989 1113 1032 gestavi
1138 989 1232 1021 meis.

351 1040 457 1072 meris
483 1040 657 1073 inimicum
684 1040 820 1084 insigne
844 1038 1005 1083 gerebat.

1941 885 2102 919 Gerentes
2130 897 2191 919 ne-

1250 937 1352 969 Gesto
1380 938 1412 968 in
1438 937 1504 970 hac
1531 949 1576 969 re.
1604 937 1739 969 Terent.
1766 936 1914 980 Adelph.
1924 933 1957 969 ¹³:
1984 936 2095 983 Quem
2123 948 2192 982 ego

1286 988 1379 1021 Gero
1407 988 1473 1021 hac
1511 1000 1556 1022 re.
1584 988 1678 1033 Virg.
1708 988 1792 1020 Aen.
1822 984 1947 1020 X11.¹⁴:
1981 988 2097 1032 Atque
2125 989 2191 1021 hu·-

250 1091 392 1125 Gratum
419 1091 480 1123 tibi
506 1096 563 1125 est.
594 1090 663 1125 Cic.
695 1091 728 1123 in
760 1086 989 1122 Hortensi0¹52
1029 1089 1176 1123 Lucullo
1209 1091 1349 1135 quidem
1384 1094 1500 1123 noster
1534 1090 1704 1123 adventus
1736 1094 1768 1123 et
1799 1093 1931 1135 gratus
1964 1094 1996 1123 et
2023 1090 2193 1123 iucundus

349 1142 390 1187 fa
395 1142 469 1175 isse.

352 1295 432 1328 Diis
458 1296 569 1340 geniti
584 1300 741 1340 potuere.

251 1347 402 1381 Gratiam
428 1347 477 1379 illi
504 1347 646 1381 criminis
673 1347 769 1380 facio.
803 1346 922 1380 salust.
950 1346 1075 1379 Histor.
1103 1346 1160 1379 111.
1174 1342 1216 1378 ²⁰:

347 1398 489 1443 pisliani
513 1399 673 1443 gratiam
689 1398 844 1443 jecerat.

522 1142 664 1175 Gratum
692 1141 866 1174 adversum
889 1147 921 1174 te
946 1152 1009 1185 pro
1036 1142 1104 1175 tibi.
1133 1142 1267 1175 Terent.
1296 1138 1447 1175 Andr.¹¹²':
1475 1141 1522 1174 Id
1547 1145 1693 1186 gratum
1713 1141 1830 1186 fuisse
1859 1141 2048 1175 adversum
2075 1145 2117 1174 te.

251 1193 390 1227 Genitus
416 1193 466 1225 illi
488 1190 567 1226 rei¹⁷
592 1193 775 1226 faciendae.
809 1193 928 1226 Salust.
956 1193 1039 1227 Hist.
1068 1193 1146 1225 111.:
1188 1193 1402 1226 Perclenclae
1432 1194 1606 1238 pecuniae
1638 1194 1787 1238 genitus.

361 1244 454 1288 Virg.
482 1245 565 1277 Aen.
592 1242 719 1277 Xll.¹⁸:
745 1244 888 1277 Genitos
914 1244 1061 1277 diversis
1085 1244 1247 1289 partibus
1270 1244 1370 1278 orbis.

1842 1192 1980 1225 Genitus
2012 1193 2072 1226 illo
2105 1193 2193 1227 loco.

1426 1245 1563 1277 Genitus
1589 1244 1648 1277 illo
1676 1248 1823 1288 parente.
1852 1243 1947 1277 Idem
1975 1245 2057 1278 Aen.
2080 1244 2137 1277 Vl.
2154 1240 2193 1276 ¹⁹:

1250 1346 1334 1380 Post
1359 1347 1512 1380 reditum
1540 1357 1677 1387 eorum,
1708 1345 1830 1391 quibus
1849 1350 1990 1380 senatus
2016 1345 2098 1380 belli
2122 1346 2192 1379 Le-

251 1449 431 1482 Gratificor
451 1449 542 1482 illam
570 1461 640 1482 rem
667 1450 735 1483 tibi.
772 1449 840 1482 Cic.
867 1448 910 1481 de
938 1449 1023 1492 Rep.
1052 1445 1125 1481 1²¹:
1161 1448 1299 1493 Populo
1327 1448 1542 1495 gratificans
1575 1453 1607 1482 et
1644 1449 1761 1482 aliena
1789 1452 1821 1481 et
1853 1459 1928 1482 saa.
1963 1448 2030 1481 Sal.
2067 1444 2193 1493 Iug.²²:

353 1500 433 1534 Risi
448 1500 550 1546 sorte
576 1512 676 1546 quem
702 1500 883 1534 inhonesta
909 1499 1017 1533 libido
1039 1503 1145 1541 tenet,
1177 1500 1356 1544 potentiae
1376 1511 1575 1545 pancorum
1604 1501 1711 1535 decus
1737 1504 1842 1545 atque
1869 1499 2065 1534 libertatem
2091 1510 2193 1533 suam

351 1551 567 1597 gratificari.

336 1667 363 1707 1)
387 1668 551 1707 Fatigatae
571 1669 659 1697 illius
681 1670 733 1697 rei.
762 1668 850 1696 Deest
875 1669 1042 1707 exemplum
1062 1671 1091 1697 in
1117 1674 1199 1698 ntro-

254 1719 309 1748 que
332 1710 402 1738 Cod.
429 1728 469 1731 —-
498 1710 526 1751 2)
552 1712 636 1740 Deest
659 1711 826 1749 exemplum
849 1710 880 1738 in
905 1711 975 1740 cod.
1000 1712 1033 1741 A.
1058 1712 1097 1740 M.
1121 1712 1199 1740 Desi-

255 1752 376 1779 deratur
397 1752 525 1780 elocutio
550 1754 580 1781 in
610 1754 680 1781 Cod.
703 1754 758 1781 Gu.
782 1754 854 1781 Nam
875 1753 952 1792 apud
976 1754 1009 1782 A.
1032 1754 1069 1782 M.
1099 1754 1142 1782 sic
1160 1756 1199 1783 le-

254 1793 349 1831 gitur:
381 1794 543 1831 Iltligalzcs
565 1795 650 1823 illius
682 1797 724 1822 νεί
754 1801 778 1822 cl
798 1797 886 1822 etiam
916 1797 1069 1833 Fagitans
1100 1798 1199 1825 liliam

255 1835 336 1864 nihil
367 1837 508 1874 amplius.
538 1836 576 1864 At
604 1837 635 1864 in
666 1837 735 1866 Cod.
759 1838 814 1867 Gu.
836 1837 1000 1875 Fatigatae·
1026 1839 1113 1866 illius
1137 1841 1200 1868 rei:

261 1879 371 1906 Terent.
403 1879 513 1905 Forma
542 1889 609 1906 era-5
636 1879 771 1906 liberalis
801 1885 825 1906 et
838 1881 990 1918 fugitans
1021 1882 1132 1910 litium.
1165 1899 1199 1903 --

255 1923 283 1954 3)
308 1920 418 1948 Locum
446 1930 508 1948 non
531 1920 676 1949 indicavit
708 1922 740 1950 A.
763 1921 801 1949 M.
824 1923 855 1949 A
876 1924 939 1950 iure
965 1923 1036 1951 Cod.
1062 1924 1119 1952 Gu.
1144 1925 1203 1952 Lo-

257 1972 308 1990 cus
333 1967 375 1990 est
406 1962 438 1990 in
457 1963 538 1991 verr.
561 1963 625 1991 Act.
648 1963 682 1990 ΙΙ.
706 1963 755 1991 lib.
778 1963 826 1999 IV,
851 1966 899 1994 50.
926 1982 959 1987 —
985 1964 1016 2004 4)
1037 1967 1102 1994 Sal.
1120 1967 1202 1996 fflst.

258 2006 318 2034 III.
351 2007 399 2035 12.
423 2004 457 2035 Α.
483 2004 520 2032 M.
549 2004 735 2033 Firmalam
758 2007 854 2033 (mimi
882 2006 950 2037 Cod.
980 2009 1035 2036 Gu.
1060 2009 1203 2046 Fragmm.

256 2046 308 2074 lib.
333 2046 381 2082 111,
402 2049 452 2077 24.
479 2064 514 2067 -—
539 2046 569 2086 5)
597 2047 655 2075 Cic.
685 2047 720 2074 ile
738 2048 843 2086 Sappl.
869 2050 916 2079 11.
940 2049 973 2079 Α.
1001 2050 1039 2080 Μ.
1066 2051 1098 2079 In
1122 2052 1204 2080 verr.

256 2090 322 2116 Act.
338 2088 373 2117 II.
388 2088 438 2116 lib.
459 2088 490 2123 V,
510 2091 556 2120 11.
582 2106 617 2110 -—
643 2088 670 2128 6)
701 2091 760 2118 Ter.
784 2092 862 2119 Eun.
882 2092 910 2120 2.
924 2093 951 2120 2.
972 2092 1020 2124 43.
1046 2093 1078 2122 Α.
1102 2094 1140 2122 Μ.
1163 2109 1205 2115 -

256 2131 288 2167 7)
314 2131 399 2168 Πνέῑ.
426 2131 499 2160 Aen.
529 2131 563 2159 V.
589 2134 641 2162 77.
662 2132 694 2162 Α.
720 2132 757 2161 M.
778 2131 889 2160 Fudit
913 2132 982 2161 Cod.
1015 2136 1069 2162 Gu.
1104 2153 1144 2157 —
1175 2134 1202 2174 3)

258 2171 342 2200 Idem
367 2174 434 2201 Ecl.
456 2173 506 2201 Vl.
533 2175 582 2204 29.
603 2174 637 2204 A.
655 2174 692 2202 M.
720 2190 761 2195 —-
783 2173 815 2213 9)
846 2175 905 2203 Ter.
926 2174 1006 2202 And.
1023 2178 1050 2206 5.
1074 2179 1102 2207 5,
1124 2180 1151 2209 8,
1172 2178 1204 2206 Α,

257 2214 297 2244 M.
323 2216 391 2243 ,Um
408 2226 464 2242 11on
487 2216 585 2242 Solum
607 2216 676 2244 Cod.
698 2216 729 2245 A.
746 2216 785 2244 M.
809 2217 878 2244 Mea
900 2216 999 2243 solam
1015 2219 1108 2246 solide
1133 2221 1205 2248 cod.

260 2257 315 2284 Gu.
338 2258 402 2284 chcz
423 2256 517 2285 solide
547 2258 645 2284 solum
669 2258 747 2295 apud
769 2259 833 2286 Ter.
856 2259 961 2287 editur.
991 2275 1031 2280 —
1060 2264 1101 2297 10)
1125 2261 1204 2289 Idem

258 2299 350 2329 Plzor,
376 2299 411 2327 V.
436 2302 462 2330 8.
483 2303 508 2330 1.
538 2301 569 2329 A.
595 2300 632 2329 M.
662 2301 734 2327 Vix
749 2302 886 2338 primum
912 2300 983 2329 Cod.
1010 2303 1064 2330 Gu.
1089 2318 1130 2323 -—
1164 2308 1205 2337 ll)

263 2341 322 2370 Cic.
346 2341 425 2370 Phil.
449 2343 488 2370 II.
514 2344 564 2374 25.
590 2344 622 2370 A.
646 2342 683 2371 M.
708 2358 748 2363 —-
772 2343 821 2378 12)
841 2344 950 2370 Locum
982 2353 1040 2371 non
1062 2344 1206 2373 indicavit

261 2384 294 2412 A.
314 2383 351 2412 M.
371 2384 405 2412 In
427 2383 504 2412 notis
526 2385 713 2422 memoravit,
737 2384 830 2413 simile
850 2385 1016 2424 exemplum
1039 2391 1151 2415 exstare
1175 2389 1204 2415 in

1244 1674 1318 1699 orat.
1335 1680 1389 1708 pro
1406 1670 1530 1705 Quintio
1551 1673 1598 1702 19.
1624 1688 1659 1692 —
1687 1673 1729 1704 13)
1762 1671 1822 1698 Ter.
1838 1668 1925 1699 Adel.
1941 1671 1969 1701 4.
1985 1671 2016 1700 2.
2032 1671 2081 1701 24.
2100 1669 2133 1698 Α.
2153 1668 2192 1697 Μ.

1250 1713 1321 1739 Tam
1337 1713 1425 1740 illam
1444 1724 1572 1750 puerum
1597 1713 1667 1741 Cod.
1691 1712 1747 1742 Gu.
1769 1714 1903 1740 Puerum
1923 1712 2043 1750 gestavi
2065 1712 2097 1739 in
2124 1721 2193 1739 ma-

1244 1755 1333 1781 nibus
1356 1757 1427 1782 mei-s·
1448 1756 1519 1782 Cod.
1543 1756 1576 1783 A.
1592 1755 1629 1784 M.
1651 1755 1801 1783 Meliorem
1817 1755 1951 1782 ordinem
1974 1753 2103 1782 servavit
2121 1753 2192 1781 cod.

1245 1798 1300 1825 Gu.
1328 1813 1368 1817 —
1399 1797 1442 1834 14)
1469 1798 1555 1836 Virg.
1584 1798 1659 1826 Aen.
1688 1798 1766 1826 XII.
1790 1798 1860 1828 944.
1882 1798 1913 1826 A.
1938 1796 1976 1824 M.
1996 1811 2036 1817 —
2061 1795 2106 1833 15)
2132 1794 2192 1825 Cic.

1243 1840 1274 1866 in.
1302 1840 1392 1868 Hort.
1426 1841 1514 1871 1015.
1550 1840 1583 1868 A.
1602 1840 1641 1868 M.
1667 1839 1810 1876 Fragmm.
1837 1839 1919 1867 Hort.
1945 1841 1975 1869 3.
2003 1837 2098 1867 Nobb.
2128 1848 2194 1876 pag.

1248 1884 1337 1912 1170.
1357 1883 1487 1909 Lucullo
1509 1893 1595 1920 quem
1615 1883 1710 1910 nostri
1730 1880 1799 1908 adv.
1825 1881 1897 1908 Cod.
1921 1880 1976 1909 Gu.
1999 1896 2040 1902 —
2065 1879 2109 1920 16)
2132 1883 2192 1910 Ter.

1245 1923 1345 1954 Andr.
1371 1926 1393 1952 I.
1415 1928 1440 1955 1.
1463 1926 1509 1956 15.
1527 1926 1558 1952 A.
1583 1924 1621 1952 Μ.
1643 1922 1814 1952 Adversum
1838 1928 1864 1950 le
1880 1924 1986 1960 sui-sse
2009 1921 2080 1951 Cod.
2101 1923 2134 1951 A.
2153 1922 2192 1952 M

1248 1966 1356 1994 Verum
1382 1966 1515 1995 ordinem
1532 1967 1660 1994 servavit
1681 1965 1751 1995 cod.
1773 1966 1828 1994 Gu.
1845 1981 1887 1986 —·
1911 1967 1953 1999 17)
1971 1965 2030 1992 Rei
2047 1975 2102 1992 om.
2122 1964 2192 1993 eod.

1249 2009 1303 2036 Gu.
1327 2008 1389 2036 Sal.
1408 2010 1493 2036 Ili-st.
1518 2011 1576 2037 III.
1596 2009 1643 2040 15.
1667 2008 1700 2036 A.
1715 2007 1754 2036 M.
1779 2007 1922 2035 Uberiora
1946 2006 2018 2035 citat
2040 2007 2191 2036 Asconius.

1249 2052 1292 2078 Cf.
1315 2050 1459 2088 Fragmm.
1485 2051 1541 2080 Sul.
1563 2051 1608 2078 [Il.
1635 2053 1684 2082 39.
1710 2050 1848 2078 Gerlach.
1877 2065 1919 2071 —
1942 2049 1986 2088 18)
2015 2049 2101 2088 Virg.
2117 2049 2192 2077 Aen.

1248 2093 1320 2121 Xll.
1338 2096 1408 2125 708.
1434 2096 1465 2121 A.
1489 2094 1525 2121 M.
1557 2109 1595 2114 -
1621 2093 1665 2129 19)
1691 2092 1771 2120 lclfm
1801 2092 1851 2120 J'l.
1872 2094 1941 2122 131.
1963 2092 1995 2119 A.
2021 2091 2058 2120 M.
2083 2108 2124 2114 —-
2145 2090 2192 2130 20)

1249 2136 1314 2163 Sul.
1332 2136 1404 2162 elli-sc
1426 2138 1482 2164 ΙΙΙ.
1503 2138 1548 2166 14.
1577 2136 1610 2163 Α.
1633 2135 1670 2163 Μ.
1691 2135 1835 2172 Fragmm.
1859 2134 1905 2162 HI.
1919 2136 1970 2165 34.
1994 2133 2130 2162 Gerlach.
2152 2149 2192 2154 —

1248 2177 1295 2217 91)
1323 2178 1384 2206 Cic.
1408 2177 1442 2204 tle
1463 2178 1537 2216 Rep.
1563 2179 1585 2207 I.
1612 2180 1701 2209 1002.
1726 2179 1758 2206 A.
1781 2177 1819 2206 M.
1848 2193 1883 2197 —
1914 2175 1958 2214 22)
1983 2176 2044 2204 Sal.
2070 2174 2138 2214 Iug.
2161 2176 2192 2206 3.

1249 2222 1282 2248 Α.
1315 2221 1352 2248 M.
1387 2220 1548 2248 Inhonesta
1572 2225 1605 2247 et
1625 2221 1853 2258 perniciosa
1875 2217 1970 2246 libido
1993 2218 2090 2247 editur
2113 2216 2192 2256 apud

1249 2263 1418 2291 Salustium.
1449 2264 1523 2290 Tum
1551 2272 1605 2301 pro
1629 2261 1719 2289 decus
1746 2267 1834 2300 atque
1859 2261 1890 2288 in
1920 2260 1990 2290 cod.
2016 2260 2050 2288 A.
2071 2259 2107 2288 Μ.
2132 2262 2189 2286 est:

1248 2310 1435 2343 reclus-atque.
1461 2305 1571 2333 Contra
1592 2305 1662 2332 Νιζςί
1679 2305 1766 2341 sbrie
1784 2313 1896 2342 quam
1921 2303 1991 2330 Cod.
2014 2303 2068 2329 Gu.
2086 2305 2191 2338 poten-

1249 2349 1309 2373 tiae
1333 2349 1530 2385 pat-iconem
1552 2347 1638 2377 idem.
1672 2363 1712 2368 ——
1742 2345 1790 2385 23)
1819 2345 1899 2374 Idem
1925 2355 1957 2371 ιη,
1987 2342 2082 2371 eodem
2122 2343 2189 2372 112·

1248 2390 1282 2417 A·
1305 2389 1340 2417 M·
1372 2390 1440 2428 Cap·
1469 2392 1537 2421 104.
1560 2390 1624 2419 edd.
1647 2389 1725 2418 Cort.
1744 2386 1879 2417 Gerlach.
1904 2386 1942 2414 [bi
1967 2389 2044 2414 recte
2069 2383 2190 2422 legitur:
