2263 2668
532 141 598 176 DE
624 135 1014 175 SIGNlFlCATIONE
1040 137 1327 175 VERBORUM.
1376 138 1524 173 LIBER
1549 137 1642 174 XIV.
1991 142 2066 179 611

111 236 191 266 rius:
221 233 379 264 Possumus
401 234 443 262 rei
463 235 638 273 inexpertae
658 233 803 263 arbitrum
826 229 983 262 collocare.
1002 228 1113 262 Idem.
1149 231 1185 261 Id
1207 236 1251 261 est
1273 233 1305 261 in
1328 231 1465 262 adeundo
1488 232 1536 262 vel
1558 231 1703 271 eligendo.
1726 230 1753 261 G
1761 231 1832 263 oth.
1866 232 1955 265 Adde
1977 246 2067 277 supra

112 278 268 309 Procitant
290 282 319 306 et
340 276 476 306 Procaci.
521 276 633 305 Idem.

276 319 585 359 Praerogativae.
609 318 669 359 (Ad
684 315 811 358 p.214.)
834 315 973 355 Explicat
988 314 1108 352 Festus,
1131 327 1186 346 cur
1207 317 1398 347 introductae
1420 317 1548 355 suerint,
1571 327 1632 346 non
1655 328 1731 356 quae
1753 317 1867 348 suerint
1886 318 1942 348 hae
1963 326 2068 351 centu-

112 363 188 398 riae,
210 372 308 401 neque
330 372 384 390 cur
404 362 444 390 ita
468 362 642 401 appellatae.
674 360 815 390 Mendum
837 363 937 388 autem
960 362 1005 387 est
1025 358 1058 387 in
1080 360 1141 389 illis
1164 361 1280 390 verbis:
1304 372 1379 401 quae
1401 372 1470 390 rus.
1484 382 1491 391 .
1507 382 1515 390 .
1530 382 1538 390 .
1562 370 1617 389 nos
1639 359 1720 401 quod
1742 362 1845 391 rustici
1865 363 2067 394 scriberemus

114 411 144 435 et
165 410 292 443 utraque
315 404 416 444 opinio
433 404 575 433 Varronis
599 410 627 433 et
641 404 740 434 Verrii
757 413 828 431 vera
847 407 899 431 est.
922 401 1017 430 Fuere
1034 407 1130 431 autem
1147 413 1196 432 eae
1216 405 1379 440 centuriae,
1404 414 1480 442 quae
1496 403 1611 442 primae
1627 403 1799 441 suffragium
1815 404 1948 434 serebant
1962 412 2068 435 centu-

112 448 197 478 riatis
219 448 356 476 comitiis.
401 447 444 476 Ab
468 447 569 476 eadem
591 457 625 476 re
649 447 689 476 ita
713 446 893 485 appellatae,
921 443 1003 483 quod
1025 446 1109 483 prius
1131 452 1309 484 rogarentur
1331 446 1367 474 ab
1391 456 1441 483 eo,
1464 446 1516 484 qui
1540 446 1660 474 comitia
1682 445 1820 484 haberet,
1845 448 1948 477 Velitis
1968 449 2068 479 iubea-

112 492 152 520 tis
174 489 234 519 hoc
256 495 308 518 aut
329 490 415 519 illud.
458 490 531 518 Erat
560 496 658 519 autem
688 490 850 518 maximum
877 488 1153 526 praerogativarum
1176 489 1370 525 beneficium,
1408 489 1489 527 quod
1510 499 1662 527 nunquam
1684 489 1720 517 ab
1744 489 1786 517 eis
1809 490 1928 520 dicatur
1951 497 2067 522 ceteros

114 534 307 573 discrepasse.
349 534 386 562 Ut
415 543 487 561 vero
517 538 614 562 essent
641 532 867 572 praerogativae
891 530 997 559 sortito
1021 531 1183 562 eveniebat.
1223 533 1344 561 Ceterae
1366 531 1596 570 appellabantur
1618 532 1680 560 iure
1697 539 1830 562 vocatae.
1869 533 1936 562 Vid.
1959 535 2066 564 Ascon.

113 576 212 605 lib.lI.
235 576 265 604 in
289 575 410 604 Verrem
434 575 512 615 (pag.
525 575 576 606 54.
600 576 646 604 ed.
669 574 784 614 Lugd.),
823 574 926 602 cicero
955 583 1011 612 pro
1034 573 1146 602 Mureti.
1169 579 1198 603 et
1220 574 1349 613 Philipp.
1367 574 1402 602 11.
1426 579 1454 603 et
1477 575 1527 603 lib.
1540 574 1561 603 Î™.
1584 579 1612 602 et
1633 573 1670 603 11.
1693 574 1729 602 de
1752 575 1850 605 Divin.
1874 576 1976 604 Livius
1998 587 2067 606 sae-

113 619 191 658 pius.
212 618 304 649 Ant.
326 619 419 658 Aug.
465 619 506 647 De
528 618 577 655 iis,
599 619 669 647 item
691 619 768 654 illis,
791 627 866 656 quae
888 616 952 644 iure
975 621 1097 645 vocatae
1120 617 1311 653 dicebantur,
1337 618 1482 645 Asconius
1507 622 1536 646 et
1557 617 1668 646 Livius.
1706 616 1855 646 Ausonius
1877 618 1909 646 in
1932 619 2067 658 Panegy-

112 661 177 690 rico
200 661 238 689 ad
262 661 438 690 Gratianum
465 662 647 698 Augustum:
686 661 788 689 Valete
817 659 906 688 modo
936 659 1043 687 classes
1072 660 1178 698 populi
1205 666 1234 689 et
1259 660 1438 689 urbanarum
1464 660 1595 688 tribuum
1618 660 1842 698 praerogativae
1865 665 1894 689 et
1916 664 2068 690 centuriae

112 704 179 733 iure
200 709 334 733 vocatae.
378 704 480 733 Livius
502 704 579 733 libro
597 705 647 735 IX.
672 704 714 741 (c.
727 703 793 741 46.)
818 703 855 731 de
878 702 981 731 Flavio
1003 702 1255 743 scribazfierique
1277 715 1305 731 se
1325 714 1379 742 pro
1403 702 1480 731 tribu
1503 701 1625 731 aedilem
1649 700 1766 731 videret.
1802 703 1863 741 Ego
1885 703 2067 743 interpretor

112 757 167 786 pro
189 746 283 783 tribu,
314 748 520 785 praerogativa
542 747 632 775 tribu.
672 748 737 775 Piso
762 746 799 774 de
821 745 941 774 eodem:
971 745 1104 773 Eundem
1128 746 1239 784 primae
1263 746 1358 774 tribus
1382 745 1514 774 Aedilem
1536 745 1670 773 curulem
1698 746 1955 776 renuntiaverunt.
1992 747 2068 776 Eae-

114 789 182 818 dem
206 799 276 827 ergo
298 790 525 829 praerogativae
546 791 644 818 tribus
667 794 696 818 et
718 789 830 829 primae
851 788 956 817 tribus.
993 787 1067 816 Nam
1090 788 1131 816 ita
1154 790 1184 816 in
1206 789 1321 825 legibus
1344 789 1474 817 ferendis
1496 788 1705 826 loquebantur.
1741 788 1791 816 Sic
1812 788 1899 818 initio
1921 789 1993 827 legis
2014 799 2068 818 cu-

113 832 230 860 iusdam
252 832 282 861 in
304 832 406 861 tabula
429 843 534 862 aenea:
571 832 754 872 Principium
775 831 845 873 fuit
865 842 919 871 pro
942 829 1029 860 trihu.
1074 830 1146 859 Item
1169 831 1250 870 apud
1270 831 1445 860 Frontinum
1468 831 1501 859 T.
1525 831 1684 866 Quinctius
1708 830 1860 869 Crispinus
1880 831 1948 862 Cos.
1970 841 2068 871 popu-

114 874 177 902 lum
198 875 263 903 iure
285 876 420 913 rogavit,
441 876 631 914 populusque
652 875 717 904 iure
740 875 824 903 scivit
845 875 875 902 in
897 874 962 903 foro
985 884 1041 913 pro
1063 874 1169 902 rostris
1191 886 1214 903 a.
1229 874 1256 904 d.
1280 874 1355 902 111111
1380 874 1469 902 Eidus
1492 873 1590 902 Iulias.
1624 873 1734 902 Tribus
1757 874 1866 912 Sergia.
1884 874 2068 913 principium

114 917 172 946 suit
193 928 249 956 pro
272 918 354 947 tribu
376 920 444 948 Sex.
466 919 497 946 L.
518 919 549 947 F.
571 919 675 947 Varro.
720 917 779 953 Qui
805 917 889 945 lucus
917 917 1008 954 vulgo
1033 916 1276 946 mendosissimus
1302 917 1399 945 editus
1421 921 1473 945 est.
1503 914 1603 945 Scal.
1648 916 1856 945 centuriarum
1878 927 1912 945 ac
1933 917 2068 947 tribuum

113 960 310 989 comitialium
339 961 413 990 aliae
442 965 512 989 sunt
538 962 603 990 iure
631 965 770 996 vocatae,
811 960 1036 998 praerogativae
1063 959 1145 988 aliae.
1191 960 1399 997 Praerogativa
1427 969 1486 987 una
1515 962 1576 987 erat
1604 958 1727 996 singulis
1756 959 1884 988 comitiis
1913 960 2068 989 sortitione

113 1003 223 1040 electa,
252 1013 329 1041 quae
352 1004 417 1033 iure
439 1004 571 1041 vocatis,
600 1004 632 1032 id
655 1008 699 1032 est
720 1003 824 1032 ceteris
846 1003 983 1031 omnibus
1005 1001 1256 1042 praerogabatur,
1288 1003 1489 1041 princepsque
1511 1000 1658 1038 omnium,
1685 1003 1802 1030 tametsi
1825 1002 1894 1031 loco
1915 1007 2069 1041 postrema

112 1045 162 1074 vel
184 1045 281 1074 media
304 1046 335 1074 in
359 1047 530 1085 suffragium
554 1046 735 1076 mittebatur.
769 1044 835 1074 Iure
856 1053 980 1075 vocatae
1000 1049 1069 1074 sunt
1091 1045 1223 1083 reliquae
1246 1056 1364 1081 omnes,
1387 1055 1462 1083 quae
1485 1053 1539 1072 suo
1561 1043 1655 1082 gradu
1677 1049 1823 1073 vocantur
1845 1050 1874 1074 et
1894 1045 2068 1083 suffragium

113 1087 224 1118 ferunt.
256 1089 464 1126 Praerogativa
487 1089 584 1118 tribus
607 1099 659 1118 seu
682 1088 816 1117 centuria
838 1099 924 1117 omen
946 1088 1070 1126 aliquod
1091 1088 1122 1116 in
1144 1099 1174 1116 se
1197 1088 1376 1117 continebat.
1412 1087 1528 1115 Tullius
1544 1087 1565 1115 1.
1588 1086 1624 1115 de
1647 1087 1775 1116 Divinat.
1799 1086 1855 1128 (II,
1878 1085 1958 1128 45.):
1981 1087 2070 1117 Prae-

115 1132 278 1170 rogativam
301 1133 426 1161 maiores
447 1132 541 1161 nostri
562 1143 645 1161 omen
666 1133 808 1161 iustorum
832 1131 1017 1160 comitiorum
1040 1142 1099 1159 esse
1118 1129 1279 1160 voluerunt.
1317 1131 1447 1169 Ideoque
1470 1130 1531 1158 eius
1555 1129 1585 1157 in
1608 1130 1798 1168 sequentibus
1821 1130 1969 1168 suffragiis
1991 1131 2069 1160 ratio

113 1172 295 1210 habebatur,
319 1185 379 1203 non
403 1175 483 1213 quod
508 1180 585 1204 esset
607 1175 719 1214 prima,
747 1178 780 1202 ut
802 1173 878 1202 falso
903 1174 1023 1212 quidam
1046 1173 1263 1202 existimarunt.
1301 1174 1415 1201 Tullius
1432 1173 1468 1200 Î™Î™.
1492 1172 1529 1201 de
1552 1172 1647 1200 Divin.
1670 1172 1708 1208 (c.
1721 1173 1779 1209 35,
1801 1172 1864 1210 74.)
1888 1172 2069 1212 Haruspices

112 1225 182 1244 cum
207 1216 273 1245 Tib.
296 1217 450 1246 Gracchus
473 1219 503 1246 in
527 1219 666 1246 Senatum
689 1216 922 1252 introduxisset,
948 1221 1074 1255 propter
1095 1217 1281 1255 repentinam
1305 1221 1431 1245 mortem
1455 1215 1531 1251 eius,
1559 1215 1610 1255 qui
1632 1215 1661 1242 in
1683 1215 1887 1254 praerogativa
1910 1213 2070 1257 deferentia

113 1258 210 1288 subito
233 1259 422 1297 concidisset,
451 1270 509 1288 non
532 1261 637 1289 iustum
661 1266 826 1299 rogatorem
851 1258 1044 1288 conciliorum
1059 1258 1161 1301 fuisse
1183 1258 1333 1288 dixerunt.
1378 1258 1468 1294 Quod
1489 1258 1592 1287 Festus
1614 1257 1706 1286 refert
1729 1268 1766 1286 ex
1791 1258 1921 1287 Varrone
1944 1262 1973 1286 et
1995 1257 2070 1287 Ver-

114 1301 176 1336 rio,
214 1301 245 1330 id
269 1303 390 1340 quidem
412 1313 515 1331 verum
540 1308 600 1339 est,
639 1303 692 1331 sed
714 1303 757 1330 sic
779 1306 897 1330 tantum
920 1302 1067 1341 explicat,
1106 1311 1163 1330 cur
1187 1302 1378 1330 introductae
1406 1301 1519 1330 fuerint
1541 1300 1781 1340 praerogativae,
1816 1311 1877 1329 non
1898 1310 1970 1329 vero
1993 1310 2070 1339 quae

115 1344 240 1382 suerint,
265 1355 362 1383 neque
384 1355 438 1374 cur
456 1345 497 1373 ita
520 1345 695 1384 appellatae.
739 1344 793 1372 Da
803 1355 827 1372 c.

278 1386 414 1417 Puelli.
459 1388 554 1425 Puer,
577 1397 705 1427 puerus,
728 1386 891 1426 puerulus,
915 1387 1049 1426 puellus,
1073 1397 1181 1426 puera,
1204 1387 1353 1425 puellula,
1378 1386 1487 1425 puella.
1532 1385 1644 1415 Versus
1665 1383 1768 1413 Ennii:

736 1428 827 1458 Poeni
848 1436 915 1458 suni
937 1428 1020 1458 soliti
1042 1441 1090 1459 sos
1111 1431 1280 1470 sacrificare
1301 1428 1424 1469 puellos.

112 1470 187 1500 Vide
209 1471 336 1501 Nonium
359 1472 404 1510 (p.
419 1473 490 1505 158.
511 1472 574 1510 M.).
618 1471 653 1500 In
676 1471 733 1500 fine
756 1481 862 1500 versus
886 1472 984 1500 Plauti
1009 1482 1046 1500 ex
1069 1472 1184 1509 sabula,
1212 1473 1260 1500 cui
1283 1482 1390 1501 nomen
1413 1471 1547 1500 Lenones
1565 1470 1684 1511 gemini.
1727 1469 1786 1498 Pro
1808 1466 1880 1498 olim
1902 1469 2072 1498 Priscianus

112 1513 244 1552 (tib.VI.
269 1517 341 1552 c.8â€š
364 1515 417 1547 42.
442 1520 512 1546 tom.
525 1516 546 1547 Î™,
569 1524 636 1554 pag.
651 1515 724 1547 247.
748 1514 812 1553 Kr.)
836 1514 924 1543 habet
946 1513 1048 1545 solent.
1092 1515 1127 1543 In
1151 1515 1330 1553 quibusdam
1354 1515 1425 1544 edit.
1448 1519 1508 1544 est:

737 1555 825 1585 Dolet
848 1556 897 1585 hio
915 1556 1032 1596 puellus
1054 1568 1113 1585 sese
1132 1568 1234 1586 venum
1259 1555 1368 1586 ducier.

112 1598 205 1629 Dac.
235 1599 363 1628 Glossis:
388 1598 506 1628 Puella,
529 1602 600 1634 Ï€Î±á¿–Ï‚
623 1595 755 1638 á¼€ÏÏ‡Î±á¿–Î¿Ï‚.
802 1597 910 1629 Goth.

278 1641 652 1671 Praeciamitaiores.
698 1641 831 1669 Macrob.
855 1641 905 1670 lib.
920 1641 942 1669 Î™.
964 1642 1024 1670 Sat.
1048 1641 1178 1678 (c.16.):
1205 1639 1316 1680 Regem
1339 1651 1450 1670 sacror.
1472 1638 1678 1679 Flaminesque
1701 1650 1758 1668 non
1781 1636 1888 1667 licebat
1910 1635 2007 1666 videre
2017 1636 2073 1679 fe-

113 1683 166 1712 riis
187 1694 260 1723 opus
277 1684 366 1724 fieri,
402 1691 428 1712 et
451 1682 516 1713 ideo
540 1694 592 1723 per
614 1694 786 1721 praeconem
816 1682 1043 1720 denuntiabant,
1079 1695 1113 1711 ne
1135 1682 1208 1724 quid
1231 1683 1290 1712 tole
1311 1690 1457 1723 ageretur,
1495 1689 1521 1710 et
1541 1682 1692 1721 praecepti
1714 1679 1860 1720 negligens
1881 1679 2072 1709 multabatur.

112 1725 202 1754 Ant.
224 1726 319 1765 Aug.
361 1727 484 1755 Servius
511 1727 544 1754 in
572 1726 703 1754 schedis:
739 1725 897 1765 Pontifices
926 1726 1124 1764 sacrificaturi
1149 1727 1332 1765 praemittere
1353 1724 1501 1754 calator-es
1522 1735 1591 1753 suos
1613 1723 1722 1759 solent,
1752 1730 1800 1757 ut,
1830 1722 1927 1752 sicubi
1947 1721 2074 1751 viderint

112 1768 232 1807 opifices
254 1767 434 1804 adsidentes,
458 1779 530 1808 opus
551 1780 634 1797 suum
655 1767 844 1807 prohibeant,
868 1780 902 1797 ne
921 1779 976 1808 pro
999 1769 1115 1807 negotio
1136 1779 1190 1797 suo
1212 1775 1238 1796 et
1261 1769 1390 1807 ipsorum
1414 1766 1516 1796 oculos
1539 1774 1564 1794 et
1588 1767 1762 1796 cerimonias
1779 1765 1873 1793 Deum
1889 1764 2072 1793 attaminat.

113 1810 281 1849 Legendum
305 1816 404 1840 autem
427 1810 492 1839 hic:
522 1810 721 1840 antecedentes
743 1809 884 1840 clamant.
931 1811 1087 1839 Caeterum
1109 1811 1247 1849 suspicor
1266 1808 1557 1849 praeclamitatores,
1587 1809 1668 1847 quod
1692 1809 1750 1837 viri
1774 1807 1854 1836 docti
1879 1807 2072 1843 substituunt,

112 1862 213 1882 veram
242 1853 399 1882 lectionem
430 1864 491 1882 non
518 1864 590 1883 esse.
633 1854 701 1882 1100
725 1854 802 1882 enim
832 1858 867 1881 ut
890 1854 1037 1890 facerent,
1077 1854 1194 1882 inducti
1217 1859 1285 1881 sunt
1308 1853 1401 1882 verbo
1424 1851 1588 1888 clamandi,
1624 1861 1684 1889 quo
1709 1852 1811 1879 Festus
1834 1849 1932 1877 utitur
1954 1849 1983 1877 iu
2006 1848 2072 1886 ipsa

112 1896 196 1924 vocis
217 1897 411 1935 expositione.
456 1897 492 1925 At
515 1907 570 1924 nos
594 1901 699 1925 contra
723 1895 1000 1925 Praeciamitatores
1022 1906 1109 1925 verae
1131 1896 1267 1924 lectionis
1296 1895 1467 1931 vestigium,
1505 1904 1567 1922 non
1591 1904 1690 1922 veram
1713 1893 1870 1922 lectionem
1894 1901 1956 1919 esse
1979 1895 2072 1929 puta-

112 1948 194 1975 mus,
222 1943 250 1967 et
272 1939 448 1976 legendum:
483 1938 625 1968 Praeciae
647 1946 799 1967 metatores
820 1939 977 1975 dicuntur,
1008 1939 1059 1977 qui
1082 1939 1280 1974 Flamiuibus,
1309 1938 1402 1975 Diali,
1433 1936 1596 1973 Quirinali,
1627 1936 1757 1965 Martiali
1778 1934 1984 1963 antecedentes
2007 1933 2072 1962 claÎ‡-

112 1981 243 2010 mabant.
287 1982 444 2011 Metatores
473 1986 543 2010 sunt
571 1982 892 2020 Ï€ÏÎ¿Ï€Î±ÏÎ±ÏƒÎºÎµÏ…Î±ÏƒÏ„Î±á½·,
929 1981 966 2010 de
996 1981 1106 2020 quibus
1136 1981 1254 2010 abunde
1282 1981 1312 2009 in
1336 1980 1508 2009 Ausonium.
1551 1980 1708 2008 Praeterea
1736 1987 1798 2008 vox
1825 1976 1898 2005 satis
1928 1981 1998 2005 nota
2023 1976 2072 2004 vel

112 2024 306 2053 mediocriter
329 2024 429 2053 docto.
473 2025 512 2053 At
534 2023 676 2053 Praecias
697 2024 779 2063 ipsos
801 2030 926 2052 vocatos
949 2033 1012 2053 esse
1033 2024 1112 2052 infra
1135 2029 1204 2063 post
1227 2024 1354 2060 dicitur,
1383 2027 1416 2052 ut
1439 2022 1564 2051 dubium
1587 2032 1648 2050 non
1671 2023 1724 2058 sit,
1755 2020 1828 2058 quin
1850 2019 2009 2056 legendum
2030 2019 2072 2047 sit

112 2066 168 2103 ita,
191 2067 236 2095 uti
258 2067 456 2096 emendamus.
499 2067 639 2096 Praecire
661 2071 705 2094 est
727 2067 944 2105 praedamna,
967 2067 1026 2095 cire
1047 2067 1192 2104 clamare,
1215 2067 1297 2095 unde
1319 2066 1350 2094 id
1373 2066 1529 2104 explicans
1552 2065 1699 2093 clamandi
1721 2063 1814 2092 verbo
1836 2061 1935 2090 utitur
1957 2062 2068 2090 Festus.

112 2108 264 2145 Praeciae,
286 2108 508 2149 proculatores,
529 2110 581 2150 qui
600 2110 827 2148 praemittuntur
847 2120 867 2138 Î±
889 2108 1033 2138 Flumine.
1074 2110 1235 2148 Propterea
1258 2114 1338 2138 recte
1359 2113 1520 2137 metatores
1543 2107 1668 2146 exponit
1690 2107 1810 2142 Festus,
1833 2105 1903 2143 quia
1927 2108 1957 2133 et
1978 2109 2069 2132 meta-

112 2156 191 2180 tores
220 2153 487 2190 praemittebantur
513 2153 550 2181 ad
579 2151 678 2180 locum
707 2152 812 2180 castris
842 2152 1018 2190 capiendum
1046 2157 1075 2180 et
1103 2153 1141 2181 ad
1170 2152 1300 2191 hospitia
1328 2151 1473 2180 militibus
1498 2150 1638 2190 paranda.
1667 2146 1769 2179 Scal.
1814 2147 1872 2176 Sed
1894 2147 2005 2191 frustraÂ¹
2025 2149 2068 2173 â€˜Â³âµâ€˜-

111 2195 252 2231 Scaliger.
297 2195 443 2230 Quamvis
471 2195 549 2224 enim
577 2204 682 2223 verum
711 2194 748 2222 sit
775 2199 933 2223 metatores
957 2194 995 2223 ad
1017 2195 1117 2223 locum
1141 2196 1246 2224 castris
1270 2194 1448 2233 capiendum
1472 2193 1623 2233 praemitti
1646 2192 1752 2221 solitos
1775 2190 1881 2227 fuisse,
1917 2198 1975 2217 non
1998 2187 2067 2215 inde

111 2238 262 2276 sequitur,
286 2239 416 2275 praecias
440 2238 524 2274 illos,
547 2237 598 2276 qui
620 2237 751 2265 flamines
774 2237 1008 2276 praecedebant,
1040 2242 1074 2266 ut
1097 2237 1218 2276 opifices
1242 2237 1452 2276 prohiberent,
1480 2240 1639 2265 metatores
1663 2235 1732 2263 dici.
1775 2232 1858 2262 Nihil
1880 2232 1956 2260 enim
1979 2238 2065 2277 prae-

111 2280 164 2309 ciis
183 2280 243 2309 illis
265 2290 331 2309 cum
353 2281 549 2310 metatoribus
570 2290 736 2309 commune.
778 2280 877 2315 Quare
900 2280 1173 2319 praeclamitatores
1195 2281 1303 2318 iidem,
1334 2280 1385 2319 qui
1408 2279 1553 2318 praeciae.
1578 2277 1666 2307 Dac.
1709 2277 1766 2306 Alii
1788 2274 2063 2320 Praeciannuncza-

110 2330 195 2352 tor-es.
225 2321 330 2353 Goth.
379 2323 417 2353 Ut
439 2322 578 2353 homines.
619 2322 692 2352 Vide
714 2322 845 2351 Macrob.
861 2323 884 2352 1.
906 2324 966 2351 Sat.
983 2325 1033 2354 16.
1065 2323 1142 2352 adde
1170 2323 1315 2363 quaedam
1344 2323 1415 2360 alia,
1450 2331 1525 2361 quae
1552 2321 1659 2360 scripsi
1687 2330 1777 2359 supra
1800 2319 1830 2347 in
1852 2326 1880 2345 v.
1902 2313 2063 2343 Maxumus

110 2364 265 2408 Pontifex.
309 2364 416 2395 Idem.

278 2407 423 2438 Pedum.
467 2408 546 2438 Vide
566 2418 667 2448 supra.
713 2406 761 2436 Bis
782 2407 860 2436 enim
881 2407 963 2447 apud
987 2407 1112 2437 Paulum
1135 2407 1211 2437 haec
1234 2408 1330 2447 glossa
1351 2407 1469 2446 legitur.

1455 2456 1656 2491 Hhhh*
