2263 2668
414 153 479 187 DE
513 152 788 188 VERBORUM
819 151 1211 189 SIGNIFICATIONE
1246 152 1558 189 FRAGMENTA.
1804 153 1878 188 253

99 250 217 283 lantur.
253 248 331 292 quia
353 248 495 281 Etrusca
528 259 611 293 gens
645 252 718 281 orta
751 253 800 282 est
827 249 988 283 Sardibus
1023 258 1063 281 ex
1085 247 1204 291 Lydia.
1257 247 1453 291 Tyrrhenus
1487 249 1572 282 enim
1603 247 1682 281 inde
1708 248 1878 293 profectus

98 313 174 335 cum
202 312 325 345 inagna
351 311 451 332 manu
478 311 610 339 eorum,
638 301 816 345 occupavit
842 313 915 334 eam
942 304 1072 345 partem
1099 299 1234 340 Italiae,
1261 310 1347 341 quae
1373 311 1460 333 nunc
1487 304 1625 333 vocatur
1644 300 1786 333 Etruria.
1833 301 1878 333 At

98 351 228 386 Sinnius
249 352 371 396 Capito
399 352 460 392 ait,
503 351 556 384 Ti.
581 351 777 385 Gracchum
803 352 983 386 Consulem
1011 351 1181 396 collegam
1208 351 1246 384 P.
1267 351 1381 383 Valeri
1403 352 1553 385 Faltonis
1580 352 1767 385 Sardiniam
1791 351 1877 385 Cor-

98 405 267 447 sicamque
294 403 483 448 subegisse,
525 414 587 436 nec
613 404 760 447 praedae
787 405 966 448 quicquam
993 403 1104 443 aliud,
1145 413 1246 445 quam
1273 403 1438 446 mancipia
1465 409 1620 448 captum,
1656 414 1799 446 quorum
1826 403 1876 435 vi-

97 455 220 488 lissima
246 455 426 489 multitudo
451 454 559 487 fuerit.
621 455 794 489 Sarcito
827 455 860 488 in
886 455 960 488 Xll.
987 455 1059 489 Ser.
1087 454 1254 499 Sulpicius
1280 454 1326 486 ait
1351 454 1536 499 significare
1563 455 1721 488 damnum
1747 455 1877 496 solvito,

98 511 278 551 praestato,

263 556 585 600 Sardanapalus
612 568 668 589 rex
694 558 901 602 Assyriorum
930 557 993 591 fuit
1020 556 1137 590 unicae
1164 556 1332 596 luxuriae,
1365 556 1449 589 inter
1476 557 1650 598 mulieres,
1693 557 1877 601 epulasque

99 613 244 642 versatus
271 620 420 653 semper,
462 613 562 651 atque
595 610 685 641 omni
718 614 880 654 tempore.
939 609 1117 653 SarguS,
1161 608 1260 652 piscis
1287 619 1412 653 genus,
1456 608 1570 651 quiin
1593 609 1766 654 Aegyptio
1795 608 1876 640 mari

98 661 170 693 fere
196 660 349 694 nascitur.
402 660 566 693 Lucilius:

200 712 331 753 Quem
357 712 611 755 praeclarus
639 711 811 756 helops,
857 723 975 755 quem
1003 712 1204 756 Aegypto
1231 721 1379 755 sargus
1404 711 1597 744 movebit.

97 763 251 796 Saturnia
277 763 389 805 Italia,
418 767 450 795 et
476 774 588 804 mons,
618 764 675 807 qui
698 775 785 798 nunc
808 768 856 796 est
878 763 1103 808 Capitolinus,
1131 763 1301 795 Saturnius
1324 763 1576 806 appellabatur,
1603 761 1695 805 quod
1718 762 1752 794 in
1774 760 1877 793 tutela

97 815 229 848 Saturni
256 826 326 848 esse
353 814 588 850 existimantur.
642 815 785 848 saturnii
812 826 948 858 quoque
975 814 1187 855 dicebantur,
1214 815 1272 857 qui
1299 819 1444 847 castrum
1471 814 1504 846 in
1529 814 1596 846 imo
1624 814 1711 847 clivo
1733 812 1875 856 Capito-

96 866 165 899 lino
198 867 409 904 incolebant,
454 867 512 899 ubi
545 878 602 899 ara
636 866 746 900 dicata
772 867 802 900 ei
829 867 893 900 deo
921 871 996 899 ante
1021 866 1150 900 bellum
1172 866 1357 898 Troianum
1385 865 1532 903 videtur,
1581 865 1657 908 quia
1683 864 1776 908 apud
1803 875 1876 896 eain

96 919 287 962 supplicant
313 918 435 962 apertis
462 918 634 962 capitibus.
660 930 736 950 nam
763 918 869 951 Italici
896 924 1031 952 auctore
1055 919 1170 951 Aenea
1196 918 1307 950 velant
1340 928 1380 950 ca
1396 913 1520 965 Upim,
1555 916 1647 959 quod
1673 915 1716 955 is,
1770 913 1875 960 [133]

96 981 173 1003 cum
206 981 278 1003 rem
313 969 457 1002 divinam
491 970 618 1003 face-ret
650 970 685 1002 in
717 970 827 1002 littore
853 970 1025 1003 Laurentis
1051 970 1124 1014 agri
1148 969 1271 1002 Veneri
1297 969 1411 1011 matri,
1456 980 1497 1000 ne
1525 968 1567 1000 ab
1590 967 1699 1010 Ulyxe
1726 967 1877 1011 cognitus

95 1023 352 1065 interrumperet
378 1021 594 1061 sacrificium,
640 1026 742 1066 caput
768 1021 964 1065 adoperuit,
1009 1026 1110 1064 atque
1141 1021 1187 1053 ita
1221 1025 1439 1064 conspectum
1474 1019 1577 1052 hostis
1611 1019 1750 1051 evitavit.
1809 1017 1878 1050 Sa-

94 1079 217 1106 turno
244 1073 316 1106 dies
342 1072 443 1106 festus
470 1073 659 1106 celebratur
686 1084 797 1105 mense
820 1073 1018 1113 Decembri,
1058 1072 1151 1115 quod
1179 1083 1219 1105 eo
1249 1072 1340 1105 aedis
1369 1077 1415 1104 est
1442 1071 1613 1104 dedicata:
1659 1075 1691 1101 et
1716 1070 1741 1101 is
1769 1069 1878 1102 cultu-

95 1136 152 1157 rae
179 1136 338 1169 agrorum
371 1123 562 1168 praesidere
597 1124 746 1164 videtur,
791 1135 859 1167 quo
888 1124 1010 1157 etiam*
1032 1124 1101 1157 falx
1129 1129 1176 1156 est
1203 1124 1232 1157 ei
1258 1124 1396 1168 insigne.
1423 1134 1534 1155 versus
1562 1133 1696 1165 quoque
1724 1121 1877 1163 antiquis-

95 1176 186 1217 simi,
229 1176 350 1219 quibus
375 1176 510 1208 Faunus
536 1176 604 1208 fata
629 1176 786 1209 cecinisse
814 1175 1003 1209 hominibus
1030 1176 1179 1215 videtur,
1224 1175 1369 1208 Saturnii
1396 1174 1616 1219 appellantur.
1655 1172 1772 1216 quibus
1801 1178 1833 1204 et
1860 1183 1878 1203 a

94 1228 223 1261 Naevio
250 1228 377 1260 bellum
401 1227 563 1260 Punicum
591 1227 751 1271 scriptum
779 1232 826 1260 est
854 1233 886 1260 et
913 1240 932 1260 a
959 1227 1068 1260 multis
1094 1227 1164 1260 aliis
1191 1227 1289 1271 plura
1316 1226 1502 1270 composita
1529 1230 1619 1264 sunt3
1654 1224 1711 1267 qui
1739 1223 1820 1256 deus
1847 1223 1878 1255 in

95 1279 264 1312 saliaribus
288 1279 472 1312 Saturnus*
495 1279 701 1320 nominatur,
745 1279 903 1312 videlicet
929 1291 948 1312 a
975 1279 1161 1312 sationibus
1216 1279 1289 1312 Sas
1317 1278 1452 1311 Verrius
1480 1282 1574 1321 putat
1601 1275 1787 1321 significare
1813 1278 2050 1315 eas,*s.satirnus

93 1336 174 1364 teste
198 1330 326 1371 Ennio,
366 1330 422 1373 qui
448 1329 540 1363 dicat
565 1331 598 1362 in
625 1331 646 1363 l.
671 1331 714 1363 l.:

197 1382 395 1426 Virgines
422 1392 511 1414 nam
537 1381 618 1414 sibi
644 1382 822 1425 quisque
849 1382 964 1415 domi
990 1383 1207 1414 Romanus
1234 1381 1365 1414 habet
1391 1392 1462 1413 saS.

93 1444 169 1467 cum
196 1445 269 1466 suas
295 1432 402 1478 magis
428 1432 580 1466 videatur
606 1433 804 1479 significare.
834 1433 928 1467 sicuti
956 1433 1103 1467 eiusdem
1132 1433 1189 1468 lib.
1212 1433 1287 1466 1111.
1314 1432 1489 1465 fatendum
1517 1435 1565 1463 est
1592 1441 1664 1462 eam
1687 1427 1876 1474 significari,

94 1496 169 1519 cum
196 1485 258 1518 ait:

1888 1119 1917 1142 '‘f.
1935 1118 2050 1151 quoniam

193 1537 306 1570 Nec*
332 1535 547 1579 quisquam
583 1535 910 1581 philosophiam
946 1538 1056 1580 (quae
1083 1536 1274 1570 doctrina**
1297 1535 1395 1568 latina
1423 1535 1537 1579 lingua
1564 1544 1629 1565 non
1655 1529 1781 1573 habet)
1815 1526 1919 1585 sa-fs·
1941 1526 2048 1586 Ῑῖξιίὲῑέἓ-

298 1588 465 1632 pientia
491 1599 597 1630 quae
624 1587 881 1632 perhibetur
1884 1569 2047 1635 phiffffl'uam)

194 1639 234 1672 in
261 1638 415 1671 somnis
441 1637 553 1671 vidit
579 1639 715 1683 prius,
755 1651 875 1683 quam
903 1650 985 1672 sam
1013 1639 1180 1673 discere
1207 1638 1362 1682 coepit.
1896 1629 2034 1654 doen-mam

94 1688 184 1722 idem
210 1700 287 1723 cum
314 1689 360 1722 ait
385 1700 516 1734 sapsam
542 1701 606 1734 pro
632 1691 723 1735 ipsa3
765 1701 829 1724 nec
855 1691 920 1723 alia
945 1691 1041 1734 ponit
1067 1691 1100 1723 in
1126 1690 1185 1724 lib.
1208 1689 1317 1723 Xlll.:

196 1740 290 1781 Quo
317 1752 382 1773 res
408 1752 526 1785 sapsa
553 1741 652 1776 loco
679 1754 720 1775 se
747 1754 788 1776 se
815 1747 1109 1786 ostentatque,
1154 1742 1367 1783 iubetque.

94 1796 127 1823 et
148 1791 310 1825 Pacuvius
335 1792 369 1825 in
391 1792 545 1826 Teucro:

1891 1834 1920 1859 Ἰ.
1933 1834 2036 1859 Teucro

197 1843 295 1876 Nam
321 1844 532 1877 Teucrum
559 1845 651 1888 regi
678 1856 800 1888 sapsa
826 1856 891 1878 res
918 1844 1190 1877 restibiliet*.
1919 1876 2025 1901 regnum

257 1895 462 1929 Scaevam
475 1893 496 1915 4
518 1895 638 1940 volgus
658 1896 793 1938 quidem
814 1901 847 1928 et
865 1897 898 1928 in
915 1897 1002 1929 bona
1023 1901 1056 1928 et
1073 1895 1106 1927 in
1126 1894 1213 1926 mala
1234 1904 1269 1926 re
1286 1895 1400 1925 vocat:
1427 1901 1503 1923 cum
1525 1888 1615 1920 aiunt
1629 1883 1650 1935 ΙΙ
1667 1886 1731 1919 bo-
1768 1883 1870 1931 [134]
1895 1910 2032 1941 sapsa-res

93 1956 168 1977 nam
179 1968 188 1985 ‚
222 1950 255 1978 et
281 1946 403 1979 malam
430 1958 605 1980 scaevam.
634 1951 672 1979 ut
698 1948 887 1993 scriptores
912 1948 945 1980 in
972 1947 1060 1979 mala
1089 1955 1219 1990 ponere
1245 1944 1513 1984 consueverunt,
1545 1942 1582 1971 ut
1609 1938 1701 1982 apud
1722 1936 1871 1970 Graecos
1903 1936 2024 1962 stabihet.

92 1996 264 2029 invenitur
284 1998 438 2042 positum
466 2009 528 2042 pro
555 1998 682 2030 sinistro
709 2009 876 2033 scaevum.
904 1998 1090 2043 usurpavit
1110 1996 1250 2029 Hostius
1271 1995 1305 2027 in
1327 1993 1407 2027 belli
1429 1991 1574 2025 Histrici
1598 1989 1687 2023 libro
1740 2014 1746 2020 .
1801 2011 1808 2019 .

92 2072 101 2080 .
156 2073 162 2080 .
279 2074 286 2081 .
340 2049 435 2082 sentit
469 2061 624 2083 scaevum
687 2073 1191 2084 .........
1252 2046 1320 2078 abit
1361 2044 1492 2090 penitus
1552 2062 1867 2075 ......

93 2098 270 2144 Saperd
279 2111 303 2133 a
316 2098 333 2121 ⁵
356 2111 462 2146 genus
487 2101 621 2145 pessimi
648 2101 762 2145 piscis.
796 2101 989 2146 sapientem
1016 2100 1123 2133 etiam
1150 2097 1332 2144 significat,
1375 2107 1454 2131 cum
1481 2095 1531 2129 ait
1557 2093 1678 2126 Varro.
1731 2088 1868 2129 Belli,

82 2149 246 2195 festivi
270 2152 478 2196 saperdae
504 2163 594 2187 cum
621 2152 752 2186 simus
779 2163 932 2186 omnes.

90 2259 127 2289 dc
149 2259 307 2289 Forctibus
338 2265 366 2289 et
388 2260 545 2290 Sanatibus
575 2261 650 2290 male
679 2261 710 2289 in
733 2260 797 2289 aliis
820 2260 955 2289 editioni-
1000 2259 1082 2290 mihi.
1107 2258 1175 2288 vide
1198 2257 1361 2287 Varronem
1385 2258 1416 2288 6.
1460 2255 1535 2284 Ure.
1566 2267 1606 2274 —-
1648 2250 1681 2290 5)
1705 2247 1864 2289 Saperda.]

90 2302 147 2331 bus
171 2308 292 2342 accepta
315 2308 393 2334 sunt.
437 2304 513 2333 Urs.
542 2319 579 2326 -
609 2302 638 2342 3)
662 2302 798 2342 Sca-pta]
821 2303 896 2332 Vide
926 2303 956 2331 in
999 2302 1093 2331 Varro
1120 2301 1220 2330 Modio
1243 2299 1322 2339 apud
1345 2299 1472 2328 Nonium
1492 2297 1523 2326 in
1546 2293 1713 2334 Saperdaet
1754 2292 1864 2322 Omnes

91 2345 290 2383 Sttrpc'unltcr.
329 2347 407 2377 Urs.
437 2363 478 2368 —
515 2347 543 2385 4)
566 2345 741 2385 Scaevam]
770 2346 892 2375 Plautus
926 2345 955 2374 in
999 2345 1136 2374 videmur
1158 2343 1243 2372 nobis
1266 2353 1328 2371 esse
1348 2341 1419 2372 belli
1429 2350 1443 2380 ,ἢ
1480 2338 1595 2376 festivi,
1634 2335 1772 2376 saperdae
1796 2344 1863 2364 cum

90 2387 253 2418 Pseudolo:
297 2389 376 2418 Bene
405 2388 564 2429 praedatus
592 2389 653 2419 ibo.
676 2389 752 2418 bona
780 2398 884 2418 scaeva
912 2393 957 2417 est
999 2388 1090 2417 simus
1113 2386 1230 2428 σαπροί.
1266 2385 1349 2414 Urs.
1665 2402 1667 2405 .
