2263 2668
238 122 313 158 184
926 115 1158 151 EUTYCHII
1183 118 1496 157 GRAMMATICI

465 212 593 248 Peleus
617 215 651 245 te
676 213 758 243 nato
783 219 942 242 socerum
968 213 1001 243 et
1031 209 1148 244 Thetis
1173 211 1311 258 hospita
1336 214 1503 260 iungunt,

466 265 705 308 Allegantqae
733 271 813 293 snos
838 264 984 306 utroque
1009 272 1034 295 a
1057 263 1233 308 sanguine
1259 264 1368 299 divos.

240 318 379 354 Ovidius
404 316 436 349 in
468 314 564 348 Ibide
585 310 595 330 ¹
622 312 835 356 participium
860 313 969 357 ponit:

466 365 535 398 Ille
558 364 759 408 relegatum
780 363 926 408 gelidas
952 363 1132 408 Aquilonis
1158 364 1210 398 ad
1225 376 1308 400 oras

566 414 646 448 Non
672 415 751 447 sinit
778 415 880 448 exilio
913 415 1091 448 delituisse
1120 426 1191 449 suo.

239 473 263 505 1
287 474 361 503 ante
386 477 435 512 go
461 466 694 506 antecedente,
721 466 883 509 siquidem
909 466 970 499 sint
996 477 1037 498 ex
1062 467 1309 511 praepositione
1343 469 1376 499 et
1400 476 1475 511 ago
1509 467 1613 500 verbo
1640 467 1843 512 composita,
1877 471 1956 502 tunc
1991 467 2078 502 enim
2103 479 2172 502 ser-

238 526 315 554 vant
339 518 495 564 primitivi
520 517 805 562 coniugationem,
832 522 865 550 et
890 518 1005 551 tertiae
1030 522 1113 559 sunt,
1138 523 1173 551 ut
1199 519 1323 563 exigo,
1350 517 1474 550 ambio
1445 528 1514 563 go,
1546 517 1690 563 subigo,
1716 518 1843 564 abigo,
1864 516 2053 565 prodigo²
2053 543 2063 562 ,
2090 519 2174 554 sicut

240 573 339 607 etiam
372 580 534 616 perago,
568 569 783 614 circumage.
846 568 999 602 Carentia
1033 580 1111 602 vero
1146 569 1396 614 praepositionis
1422 570 1668 612 observatione,
1700 571 1793 604 brevi
1824 571 1961 614 quidem
1987 571 2017 613 i,
2044 571 2174 616 primae

239 628 311 657 sunt
338 620 594 666 coniugationis‚
621 624 658 652 ut
684 620 738 665 lig
714 630 775 661 tro,
802 631 861 660 as,
891 621 984 666 rigo.
1038 620 1158 665 Litigo
1190 632 1325 664 quoque
1353 631 1413 662 as,
1447 621 1604 666 remigo,
1639 633 1698 663 as,
1729 622 1883 667 navigo,
1915 622 1993 657 licet
2030 620 2172 668 [2177]

239 673 437 719 quibusdam
455 672 606 704 ridentur
632 672 674 704 ab
701 682 775 716 ago
799 671 902 704 verbo
936 672 1138 716 composita,
1179 677 1289 705 tamen
1322 672 1399 715 quia
1431 682 1507 705 cum
1540 673 1725 706 nominibus
1757 677 1830 706 sunt
1862 671 2065 719 composita,
2102 673 2174 707 iure

239 726 381 772 primam
409 723 675 790 coniugationem
701 727 897 755 meruerunt.

241 891 310 925 go,
336 879 524 921 intethogo

240 925 380 974 coegi¹⁰
381 953 390 970 ,
417 932 524 960 servat
549 927 815 972 coniugationem
841 927 1004 971 primitivi.

949 723 1104 767 Longam
1131 723 1143 755 z·
1168 729 1243 756 ante
1269 734 1319 768 go
1344 722 1519 764 habentia,
1546 723 1708 766 siquidem
1737 725 1909 768 trisyllaba
1935 729 2019 766 sunt,
2044 724 2174 769 primae

241 782 315 811 sunt
341 771 512 809 similiter³
519 785 528 812 ;
554 778 590 806 ut
616 774 760 819 instigo,
788 785 846 815 as,
872 774 1025 818 vestigo,
1043 773 1189 819 fatigo,
1218 775 1347 819 caligo.

241 829 301 874 gis
315 824 468 873 ⁶,jligo,
498 825 574 870 gis,
599 825 688 858 unde
715 824 863 870 affligo,
890 824 1044 870 corngIgo
1070 831 1144 858 sunt
1170 821 1390 870 compossta'.

1398 774 1571 818 Disyllaba
1587 771 1599 791 *¹
1624 786 1704 808 vero
1735 775 1852 809 tertiae
1878 780 1951 809 sunt
1965 772 1988 818 ⁵,
2022 780 2059 809 ut
2071 774 2173 822 figo,

1447 825 1480 859 Ο
1506 826 1722 859 antecedente
1748 823 1908 871 primae⁸
1935 830 2026 868 sunt,
2051 831 2089 860 ut
2114 837 2174 860 ro-

582 875 682 921 Cogo
716 877 802 908 enim
837 877 880 908 ab
907 888 981 921 ago
1008 877 1246 921 compositum,
1283 876 1374 920 quod
1409 881 1442 910 et
1468 873 1637 910 ostendit⁹
1670 878 1703 910 in
1728 877 1908 922 praeterito
1933 878 2086 923 perfecto
2113 889 2174 946 sup

1062 928 1099 960 U
1121 928 1336 962 antecedente
1361 928 1490 972 primae
1519 933 1609 970 sunt,
1635 933 1672 961 ut
1686 928 1806 974 figo,
1832 928 1938 974 iugo,
1965 926 2161 974 conrugo¹¹

239 991 369 1026 rugor,
396 979 518 1024 garis,
542 989 677 1023 nugor,
703 979 825 1023 garis,-
851 991 936 1022 quae
963 991 982 1011 a
1008 979 1193 1012 nominibus
1208 977 1233 998 ¹²
1248 979 1372 1024 saga,
1404 979 1547 1025 iugum,
1583 991 1698 1025 ruga,
1722 991 1844 1025 nugae
1869 980 1976 1021 facta,
2002 980 2074 1013 iure
2103 968 2176 1014 sunt

240 1033 368 1077 primae
383 1027 417 1065 ¹³.

469 1031 610 1062 Notatur
633 1030 766 1070 tertiae,
792 1041 900 1075 sugo,
933 1031 1050 1075 sugis,
1077 1036 1112 1063 ut
1138 1031 1349 1075 primitivum.
1376 1031 1459 1063 Item
1485 1042 1508 1064 η
1534 1031 1587 1064 vel
1612 1042 1632 1063 1·
1657 1031 1712 1064 vel
1739 1028 1790 1064 l¹⁴
1807 1030 2075 1065 antecedentibus
2101 1035 2176 1064 ante

240 1095 290 1129 go
310 1079 343 1122 ¹⁵,
370 1081 430 1115 nisi
455 1081 516 1114 sint
541 1093 560 1113 a
585 1077 824 1121 nominibusffi,
851 1093 1048 1124 quacunque
1074 1083 1182 1115 vocali
1209 1082 1409 1126 anteposita,
1440 1082 1554 1116 tertiae
1580 1087 1654 1115 sunt
1679 1082 1790 1116 omnia
1804 1079 1830 1100 ¹⁷
1855 1082 2115 1128 coniugationis‚
2141 1086 2177 1116 ut

241 1139 371 1179 tango,
388 1132 552 1178 frango,
572 1143 717 1177 pango,
743 1133 899 1164 Horatius
925 1133 957 1164 in
986 1133 1149 1176 epistular.
1167 1130 1190 1150 ’Β
1216 1134 1272 1166 lib.
1301 1134 1344 1166 1.:

470 1183 526 1217 Ne
553 1195 631 1216 cum
656 1184 779 1216 ιεηιινὶ
804 1184 893 1216 volet
919 1184 997 1225 ille,
1020 1188 1188 1229 poemata
1208 1195 1358 1230 pangas
1371 1179 1405 1216 ¹⁹.

242 1237 407 1281 Plango,
422 1234 553 1282 fingo,
579 1235 717 1280 mingo,
744 1235 870 1279 ningo,
898 1235 1015 1280 tingo,
1043 1236 1204 1281 erlingo,
1231 1237 1408 1281 restingo,
1435 1234 1557 1280 cingo,
1580 1235 1713 1281 pingo,
1740 1234 1895 1281 stringo,
1923 1234 2033 1281 lingo,
2059 1234 2176 1281 ringo,

243 1362 338 1393 leidos
355 1364 455 1401 primo
475 1363 555 1392 Cam.
600 1362 651 1391 Est
667 1367 763 1390 autem
787 1362 869 1390 locus
886 1361 1041 1391 Achilleid.
1055 1362 1097 1399 ΙΙ,
1116 1364 1185 1395 224.

245 1416 303 1443 seq,
330 1405 380 1433 ubi
407 1410 506 1433 tamen
531 1405 643 1433 editur:
688 1406 723 1433 Te
753 1406 859 1432 Peleus
888 1411 970 1433 nato.
1012 1405 1088 1432 Tum
1116 1415 1187 1433 suos

245 1454 385 1486 utro-sque
410 1448 488 1476 Cam.
508 1447 537 1475 P.
557 1447 607 1475 sed
629 1452 710 1475 recte
737 1447 806 1475 Cod.
830 1451 864 1475 ut
884 1447 962 1486 apud
985 1447 1110 1475 Statium
1129 1452 1173 1475 cst

1230 1367 1276 1392 cte
1299 1363 1454 1401 ignoratur
1479 1373 1496 1390 a
1518 1358 1591 1392 (3οᾶ.
1615 1377 1658 1384 -·
1681 1361 1726 1400 13)
1751 1361 1982 1401 Coniugationis
2003 1360 2070 1390 add.
2095 1361 2176 1390 Cam.

1230 1406 1261 1436 P.
1288 1421 1328 1428 -—
1359 1405 1405 1443 14)
1433 1404 1489 1434 Vel
1516 1405 1528 1432 l
1552 1404 1652 1433 addita
1682 1413 1697 1432 e
1720 1404 1792 1433 Cod.
1824 1421 1866 1426 —
1907 1403 1953 1440 15)
1975 1403 2057 1432 Ante
2074 1413 2115 1442 go
2136 1403 2178 1431 ita

1231 1448 1303 1476 Cod.
1332 1457 1467 1486 praepos.
1492 1457 1550 1476 om.
1575 1447 1654 1475 cam.
1682 1446 1712 1476 P.
1740 1447 1845 1475 Statim
1874 1447 2010 1485 sequitur
2030 1445 2062 1474 in
2085 1445 2116 1474 P.
2143 1449 2178 1473 ut

246 1502 315 1518 snos
339 1496 488 1528 utroque.
512 1506 553 1511 -—
577 1489 655 1524 1)[11.
679 1488 762 1518 Ibide
783 1489 861 1519 Cam.
877 1490 906 1518 P.
924 1491 963 1517 in
984 1489 1009 1518 J.
1033 1489 1094 1519 lib.
1117 1489 1188 1517 Cod.
1227 1491 1407 1529 primitiva,
1440 1489 1520 1528 quod
1546 1494 1625 1518 recte
1646 1488 1727 1517 abest
1752 1499 1768 1517 a
1798 1489 1878 1518 Cam.
1904 1494 1933 1517 et
1960 1488 2031 1519 Cod.
2060 1503 2102 1508 -
2131 1485 2178 1526 16)

245 1533 364 1570 Legitur
385 1533 468 1561 locus
491 1531 893 1563 Ovid.lbid.v.11.ubi
919 1531 1032 1560 editur.
1060 1531 1190 1569 gelidos

248 1576 401 1613 aquilonis
429 1574 473 1602 ad
501 1579 593 1603 ortu-,5
637 1574 712 1601 Tum
740 1583 796 1611 Plo
821 1583 870 1602 vv.
900 1585 960 1602 non
986 1575 1060 1601 sinit
1087 1574 1189 1601 exsilio

248 1618 342 1656 plima
365 1627 466 1645 manus
491 1616 522 1644 in
544 1616 615 1645 Cod.
639 1627 697 1644 non
720 1625 817 1642 alc-ms
841 1617 881 1643 sit
904 1617 994 1644 exli-so
1027 1615 1109 1656 (sic)
1140 1615 1191 1643 sed

250 1669 327 1687 coir.
347 1660 381 1686 ab
406 1660 456 1687 alt.
480 1669 517 1686 m.
539 1669 600 1686 non
625 1659 698 1686 sinit
730 1658 838 1693 exilia,
870 1668 944 1695 quae
966 1658 1029 1696 ipsa
1049 1658 1192 1686 exhibent

253 1701 332 1727 Cam.
359 1701 389 1728 P.
432 1716 473 1720 —
515 1703 542 1733 Q)
572 1699 683 1738 Exigo,
714 1700 837 1737 sahzgo,
876 1700 1013 1737 ambigo,
1043 1702 1192 1737 tranmgo,

253 1740 328 1776 adig
319 1752 362 1777 ω,
386 1741 493 1778 abigo,
512 1741 653 1779 prodigo,
699 1742 777 1769 Cam.
799 1742 828 1770 P.
861 1742 921 1779 Ego
948 1743 1084 1770 codicem
1110 1742 1194 1781 sequi

253 1783 354 1812 malui.
398 1783 492 1811 Etiam
515 1788 582 1820 post
604 1793 633 1812 v.
651 1783 782 1821 prodigo
811 1784 889 1813 Cam.
921 1785 1005 1813 addit
1030 1784 1129 1823 dirigo
1151 1796 1195 1812 re-

255 1825 347 1864 digo,
378 1829 406 1852 et
427 1825 457 1853 P.
488 1825 615 1862 colligo,
646 1824 762 1863 dirigo,
790 1826 904 1864 redigo.
926 1843 968 1848 -—
988 1826 1017 1866 3)
1044 1827 1196 1865 Coniuga-

255 1869 346 1896 tionis
367 1866 433 1896 add.
461 1866 540 1896 (33111.
560 1868 590 1896 P.
623 1883 661 1888 —
691 1866 719 1904 4)
743 1869 908 1906 thsllaha
932 1869 1002 1897 Cod.
1034 1870 1112 1898 Cam.
1135 1869 1197 1897 dis-

256 1909 374 1947 syllaba
395 1909 426 1937 P.
461 1924 503 1929 —
531 1909 562 1947 5)
586 1910 662 1936 Sunt
684 1909 790 1948 interp.
815 1910 887 1939 Cod.
911 1921 967 1940 om.
994 1912 1072 1940 Cam.
1095 1912 1125 1941 P.
1156 1927 1198 1934 —

255 1952 284 1989 6)
308 1952 399 1989 Frigo
430 1950 543 1979 addunt
569 1952 647 1979 Cam.
672 1956 700 1979 et
725 1952 753 1980 P.
785 1969 824 1973 —
857 1951 887 1992 7)
919 1954 996 1981 Sunt
1032 1956 1199 1993 compo-sita

258 1994 330 2022 Cod.
355 1994 518 2030 composita
540 1999 610 2021 sunt
631 1994 661 2022 P.
686 2000 755 2021 sunt
779 2004 836 2022 om.
865 2003 896 2022 v.
922 1999 1094 2033 composita.
1120 1997 1198 2025 Cam.

256 2052 301 2059 -—-
322 2034 351 2076 ὃ)
377 2036 609 2072 Coniugationis
635 2035 702 2063 add.
720 2037 798 2065 Cam.
821 2037 852 2065 P.
875 2052 916 2057 -—
937 2038 967 2073 9)
996 2039 1200 2077 Compositam

259 2083 318 2111 est,
343 2077 426 2116 qaod
449 2078 577 2105 ostendit
605 2083 631 2105 et
659 2079 738 2106 Cani.
761 2079 793 2107 P.
820 2080 1033 2116 compositum,
1066 2081 1150 2119 quod
1173 2087 1200 2109 et

259 2119 388 2148 ostendit
410 2119 476 2147 dedi
500 2130 514 2148 e
534 2120 604 2148 cod.
640 2136 675 2140 —
706 2121 749 2155 10)
782 2122 916 2157 Perfecto
944 2131 997 2149 Suo
1019 2126 1100 2159 coegi
1127 2124 1199 2154 cod.

254 2163 386 2201 poscat>
404 2163 486 2199 coegi
505 2173 560 2189 suo
577 2163 607 2191 P.
625 2161 735 2189 omittit
751 2164 833 2201 coegi
856 2163 934 2190 Cam.
951 2165 1052 2192 Statim
1065 2147 1200 2202 {equitur

261 2211 287 2232 et
308 2209 405 2231 serrat
422 2203 452 2231 in
473 2204 550 2233 Cam.
571 2205 603 2232 P.
629 2205 714 2232 Recte
736 2209 761 2230 εἰ
784 2215 840 2232 om.
865 2205 936 2233 Cod.
957 2222 997 2227 —
1022 2206 1066 2243 11)
1090 2208 1161 2237 cod.
1185 2219 1200 2236 a

262 2247 544 2286 p1.m.conf11go‚
578 2248 723 2284 coningo,
746 2257 894 2285 cotzrugu3
915 2247 965 2275 sed
993 2258 1125 2286 com-ugo
1149 2260 1201 2278 su-

264 2298 376 2328 prascr.
394 2287 428 2315 ab
442 2290 562 2326 antiqua
579 2294 675 2316 tamon
698 2298 734 2316 111.
751 2293 778 2315 et
795 2299 927 2327 praepos.
942 2289 972 2316 in
988 2289 1100 2317 duabus
1119 2292 1201 2328 prio-

263 2331 346 2359 ribus
375 2336 532 2368 expuncta.
585 2332 684 2366 Fuge,
723 2331 814 2368 iugo,
852 2341 979 2368 cort-ugo
1008 2332 1085 2359 Cam.
1117 2337 1143 2360 et
1170 2334 1200 2362 P.

267 2390 298 2394 —
323 2374 364 2409 12)
387 2372 441 2400 llic
457 2382 484 2402 v,
505 2374 652 2401 venientia
673 2372 746 2401 male
765 2373 880 2401 addunt
899 2374 979 2403 Cam.
1004 2374 1034 2402 P.
1058 2384 1131 2412 quae
1153 2385 1202 2404 re-

1232 1531 1375 1561 Deducta
1397 1531 1511 1561 addunt
1531 1531 1561 1561 h.
1578 1532 1600 1561 1.
1625 1531 1703 1560 (33111.
1731 1536 1760 1559 et
1780 1532 1811 1560 P.
1833 1547 1876 1554 —
1900 1529 1944 1570 17)
1974 1531 2088 1559 Tertiae
2107 1534 2180 1558 sunt

1233 1576 1334 1603 omnia
1365 1575 1439 1603 coni.
1466 1574 1531 1602 Hoc
1560 1574 1664 1603 ordine
1688 1578 1768 1602 recte
1797 1573 1869 1602 cod.
1894 1583 1909 1602 e
1937 1572 2122 1602 correctione
2149 1575 2180 1601 et

1234 1617 1315 1646 Cam.
1331 1617 1361 1646 P.
1381 1618 1482 1644 tertiae
1498 1622 1570 1644 sunt
1593 1627 1649 1645 om.
1667 1626 1728 1644 con.
1745 1616 1816 1645 Cod.
1830 1626 1847 1643 a
1862 1626 1908 1655 pr.
1917 1626 1956 1647 m.
1977 1631 2021 1637 —
2042 1613 2089 1655 18)
2105 1615 2180 1653 Epi.

1235 1665 1262 1686 st
1272 1670 1291 1686 ιι
1301 1659 1357 1688 lar.
1380 1659 1423 1687 [ta
1448 1659 1525 1687 clare
1549 1659 1621 1687 Cod.
1645 1660 1745 1697 Epist.
1772 1658 1851 1687 Cam.
1875 1659 1905 1688 P.
1930 1674 1973 1680 —
2002 1657 2047 1695 19)
2070 1657 2180 1685 Ne—

1231 1711 1370 1740 pangas
1397 1701 1469 1729 Cod.
1495 1702 1570 1729 ‚Nec
1591 1717 1632 1722 —
1652 1712 1784 1739 panges
1806 1700 1885 1730 Cam.
1909 1701 1939 1730 P.
1962 1698 2052 1738 Apud
2073 1698 2179 1728 Horat.

1235 1744 1329 1782 Epist.
1352 1743 1376 1780 Ι,
1395 1745 1443 1779 18,
1461 1743 1511 1775 40.
1537 1744 1780 1781 Nec—panges
1801 1742 1908 1771 editur.
1951 1742 2088 1771 Ceterum
2107 1740 2179 1771 cod.

1637 1805 1680 1821 one

1237 1827 1393 1856 mendose.
1415 1837 1484 1854 cam
1508 1828 1641 1855 venerati
1664 1825 1762 1896 0(sic)
1779 1827 1866 1855 ‡·.olet
1896 1841 1934 1847 -
1968 1828 2013 1860 20)
2033 1827 2180 1865 Extingu,

1237 1871 1369 1908 Stl'lllgo,
1400 1871 1564 1907 reSlnrlgo,
1593 1880 1663 1907 Cbllg
1664 1879 1695 1906 Ο,
1722 1879 1838 1907 Plllgo,
1874 1878 1962 1906 Slflgo
1990 1867 2074 1907 qMOd
2099 1877 2181 1897 nunc

1239 1912 1386 1950 Stngaltt'o
1413 1910 1561 1947 dicimus,
1590 1913 1685 1950 tango
1713 1915 1768 1942 cet.
1787 1912 1818 1940 P.
1842 1912 1991 1949 Extingo,
2022 1912 2180 1950 restringo,

1240 1956 1343 1993 cingo,
1361 1955 1475 1992 pingo,
1496 1955 1627 1992 stringo,
1650 1955 1737 1991 singo
1760 1952 1843 1992 qaod
1866 1963 1948 1981 nunc
1964 1954 2113 1992 Singultio
2135 1951 2181 1981 di.

1241 1998 1352 2033 cimae,
1375 1998 1466 2034 iungo
1486 2000 1540 2025 cet.
1559 1996 1638 2025 Cam.
1671 1997 1803 2034 Extt'ngo
1825 1997 1954 2033 restingo
1979 1996 2066 2034 cingo
2082 1996 2180 2034 pingo

1241 2041 1357 2077 stringo
1383 2039 1465 2076 lingo
1490 2040 1576 2086 slago
1601 2049 1699 2077 sango
1730 2040 1823 2077 iunge
1853 2038 1924 2068 cod.
1951 2048 1968 2066 a
1994 2048 2038 2077 pr.
2067 2047 2106 2067 m.
2128 2036 2181 2066 sed

1242 2083 1328 2120 cingo
1348 2085 1513 2109 correctum
1529 2082 1626 2119 ringo,
1650 2080 1728 2109 unde
1743 2080 1887 2131 probabili
1907 2079 2078 2110 coniectura
2093 2079 2182 2109 etiam

1242 2134 1366 2162 sequens
1393 2123 1515 2152 verbum
1543 2134 1639 2161 tango
1667 2123 1822 2161 rescripsi,
1861 2122 1943 2161 quod
1970 2132 2075 2151 verum
2110 2131 2182 2158 esse,

1242 2166 1535 2204 interpretamentum
1555 2165 1654 2194 illud:
1677 2165 1761 2204 qaod
1772 2175 1853 2194 nunc
1875 2165 2023 2203 singultiet
2038 2164 2180 2200 diccmus,

1243 2209 1404 2237 certissime
1420 2207 1601 2246 comprobat.
1644 2208 1695 2236 Est
1718 2207 1855 2236 nimirum
1877 2217 1975 2246 rungo
1996 2206 2181 2246 primitivum

1242 2256 1343 2285 vetus,
1375 2250 1451 2279 unde
1475 2256 1592 2287 ructus,
1621 2256 1758 2287 ructare,
1783 2251 1927 2278 ructitare
1952 2249 2079 2278 deducta
2101 2252 2179 2277 sunt.

1243 2293 1318 2320 Tum
1340 2293 1411 2322 Cod.
1438 2303 1555 2331 spango
1585 2297 1737 2331 expuncto
1760 2302 1793 2328 8,-
1811 2293 1940 2330 sango,
1976 2291 2027 2320 sed
2045 2290 2143 2319 littera
2162 2299 2179 2317 r

1245 2344 1332 2372 supra
1353 2335 1489 2373 ascripta.
1525 2352 1565 2357 --
1608 2338 1653 2368 21)
1673 2335 1743 2363 Cod.
1767 2344 1783 2362 a
1808 2345 1851 2374 pr.
1877 2345 1915 2362 m.
1939 2332 2094 2362 derivatur
2118 2336 2146 2360 et
2166 2332 2179 2358 i

1246 2381 1314 2405 ante
1334 2387 1349 2404 ο
1370 2376 1541 2407 adsumens.
1585 2377 1642 2407 Sed
1656 2381 1786 2407 correcta
1806 2387 1821 2405 a
1842 2386 1897 2406 ser.
1916 2385 1957 2405 m.
1975 2374 2132 2403 derivatur
2146 2383 2180 2402 ex
