2263 2668
263 172 339 206 534
692 162 1037 199 COMMENTARH
1062 165 1110 198 IN
1135 163 1279 199 PAUIJ
1304 163 1499 198 DIACONI
1525 165 1781 203 EXOERPTA

267 265 387 294 damnas
410 266 452 289 est
473 259 558 286 heres
581 266 619 285 ex
641 265 676 284 eo
700 260 883 286 testamento.
909 255 1010 286 Scal.
1053 256 1095 285 De
1117 257 1317 287 Praenestinis
1341 265 1408 286 cum
1431 260 1536 295 paucis
1557 258 1698 288 Romanis
1722 259 1843 288 Casilini
1863 260 1894 288 in
1917 260 2074 300 Campania
2097 263 2133 292 ab
2150 263 2210 292 An·

266 307 362 336 nibale
390 300 530 336 obsessis,
570 299 735 337 famemque
762 298 890 327 nucibus
919 308 992 336 quae
1022 299 1060 327 ad
1089 309 1120 329 se
1149 301 1246 329 medio
1269 310 1352 328 amne
1376 299 1522 329 Vulturno
1546 301 1716 332 defluebant
1738 303 1966 340 sustinentibus,
2003 304 2071 334 vide
2093 306 2209 336 Livium

266 350 316 378 lib.
329 345 437 376 XXIII.
460 347 531 371 sect.
547 344 596 374 19.
640 341 731 381 Apud
753 341 896 370 Naevium
920 341 1002 379 legoz

841 382 955 413 Alteris
977 384 1091 412 inanem
1116 383 1234 424 bulgum
1257 382 1410 413 madidam
1434 392 1461 412 te
1482 383 1561 416 dare.

267 431 336 460 Ideo
360 429 400 457 ait
422 428 452 456 in
473 425 618 466 proclivi,
651 426 717 464 quia
742 426 868 465 proclivi
890 426 982 454 fluvio
1005 426 1042 454 ad
1064 426 1272 456 Praenestinos
1294 437 1386 455 nuces
1409 426 1586 459 defluebant.
1631 428 1718 458 Dac-

429 468 613 498 Nummus.
657 469 734 498 Pura
757 474 828 507 puta
854 469 1036 497 Graecorum
1060 478 1118 498 vox
1141 475 1193 499 est.
1237 470 1322 499 Illam
1345 469 1471 498 Romani
1494 481 1510 498 a
1529 471 1718 500 Doriensibus
1739 471 1856 500 Siciliae
1878 475 1907 499 et
1929 481 2051 509 maguae
2070 472 2211 503 Graeciae

265 514 371 544 incolis
390 522 540 551 accepere.
564 511 659 540 Varro
676 511 726 540 lib.
741 511 773 543 V.
795 512 824 540 in
841 517 960 551 argento
979 512 1097 540 nummi.
1122 510 1161 540 Id
1178 523 1196 540 a
1213 511 1332 543 Siculis.
1365 511 1560 551 Epicharmus
1574 519 1663 553 poeta
1679 514 1797 543 Siculus
1816 513 1896 552 apud
1911 513 2063 544 Pollucem
2080 515 2130 546 lib.
2143 516 2211 546 1X.:

798 550 872 583 'Ait'
899 551 979 593 ὅμως
999 554 1084 585 καλαὶ
1106 554 1156 585 καὶ
1178 558 1242 586 πῖοι
1265 553 1370 595 ἄρνες,
1409 552 1576 595 εὖρήσουσί
1597 557 1629 587 δέ

805 599 874 626 Mor
897 596 946 626 καὶ
970 593 1133 635 νούμμους.

266 643 291 671 A
314 638 408 680 νόμος
435 639 525 677 igitur
553 635 703 677 νόμισμα,
743 639 888 677 νοῦμμος.
932 638 1032 674 Quare
1060 639 1159 678 inepte
1183 640 1301 668 Sueton.
1324 639 1376 677 qui
1398 649 1413 667 a
1437 638 1534 668 Numa
1563 651 1695 669 nummos
1724 639 1828 669 scribit
1858 641 2009 680 appellari.
2036 639 2124 672 Dac.
2168 643 2212 672 cf.

266 684 384 713 Muller.
409 681 455 710 die
479 682 632 710 Etrusker.
655 680 766 717 tom.I,
790 691 856 720 pag.
871 683 942 712 315.
968 687 995 710 et
1019 682 1069 720 qui
1091 682 1134 710 ibi
1156 687 1226 710 sunt
1248 682 1377 710 excitati.
1423 682 1518 710 Varro
1540 692 1606 721 pag.
1621 685 1691 714 173.
1715 684 1766 722 Sp.

430 722 610 752 Nuncius.
654 724 840 762 Syracusana
864 734 924 751 vox
947 729 1005 760 est,
1037 735 1123 762 quam
1147 734 1162 752 a
1185 724 1248 759 νέος
1271 724 1364 753 Siculi
1387 724 1591 762 declinarunt3
1621 725 1705 761 νέος,
1735 725 1893 765 νουγκίος,
1924 725 1964 754 ita
1988 725 2081 754 scribi
2104 727 2204 755 malim

267 778 319 807 per
335 779 359 797 c.
388 766 455 794 Non
475 767 544 794 satis
567 766 654 795 video
678 776 765 804 quam
783 766 978 795 differentiam
995 767 1099 796 secisse
1117 767 1233 796 dicatur
1249 767 1370 804 Caesar,
1394 767 1417 795 si
1431 769 1555 797 nuncius
1571 767 1682 796 dixerit
1696 773 1725 796 et
1738 768 1774 796 de
1791 778 1841 805 re,
1864 773 1892 796 et
1908 768 1944 796 de
1958 778 2097 807 persona.
2118 768 2210 800 Dae.

429 806 559 847 Nuper.
604 809 687 845 Quae
710 809 834 845 desunt,
857 809 946 848 plane
970 809 1112 848 deposita.
1144 809 1241 848 Nuper
1262 814 1359 838 autem
1382 814 1425 838 est
1447 820 1521 839 novo
1545 821 1644 849 opere,
1668 815 1700 838 ut
1722 817 1818 849 ioper,
1841 817 1901 840 1010
1925 822 2016 850 opere.
2049 810 2124 841 Vide
2147 811 2208 840 Το-

265 863 326 891 per.
350 851 438 880 Dac.
469 850 597 880 Noviter.
625 851 765 890 Noviper.
795 852 872 880 Hinc
896 852 1015 880 Glossae
1037 852 1149 891 Nuper,
1171 852 1285 882 νεωστί.
1334 850 1437 881 Goth.

430 891 575 923 Numen.
621 894 644 922 A
667 905 742 930 nuo,
772 901 888 931 nutum,
918 906 1037 932 numen3
1063 895 1142 924 unde
1165 895 1287 933 proprie
1308 900 1415 923 nutum
1438 894 1601 932 significat,
1628 899 1657 922 et
1678 894 1818 933 quoniam
1842 894 1895 923 Dei
1917 900 2021 923 nutum
2045 895 2144 924 statim
2165 905 2213 924 so-

266 936 368 975 quitur
392 940 530 971 eventus,
565 936 636 965 iude
659 937 770 965 sactum
794 941 852 973 est,
893 941 924 965 ut
947 946 1054 965 numen
1077 948 1132 976 pro
1156 938 1311 966 voluntate
1335 937 1436 966 divina
1459 942 1489 966 et
1509 937 1636 976 imperio
1659 942 1812 974 sumatur,
1849 942 1938 975 atque
1961 938 2049 966 etiam
2070 947 2126 976 pro
2146 937 2213 977 ipso

267 979 336 1007 Deo.
381 978 475 1007 Varro
492 978 539 1009 VI.
562 978 598 1007 de
621 980 651 1008 L.
670 979 701 1008 L.
725 979 799 1018 (pag.
812 981 885 1010 353.
908 980 985 1018 Sp.):
1027 979 1140 1009 Numen
1171 978 1273 1009 dicunt
1301 991 1359 1009 esse
1387 980 1539 1019 imperium
1564 978 1602 1008 ab
1628 987 1708 1009 nutu.
1739 979 1829 1010 Dac.
1873 978 1986 1009 Numen
2008 980 2135 1010 sumitur
2156 990 2212 1019 pro

266 1025 373 1050 ornatu
395 1020 477 1060 apud
499 1021 576 1051 Non.
600 1022 681 1060 (pag.
696 1022 790 1055 143.).
839 1019 939 1051 Goth.

431 1062 615 1095 Numella.
661 1064 774 1092 Nonius
797 1062 880 1103 (pag.
895 1064 965 1096 144.
989 1063 1098 1104 Merc.)
1121 1064 1278 1093 numellam
1307 1063 1476 1094 machinam
1497 1064 1625 1103 ligneam
1648 1064 1738 1101 dicit,
1773 1064 1804 1093 iu
1828 1074 1915 1102 quam
1940 1069 1968 1094 et
1989 1064 2082 1104 pedes
2103 1069 2132 1095 ct
2153 1065 2214 1093 cal-

267 1107 328 1135 lum
351 1105 560 1135 immittebant.
606 1106 694 1136 Dac.

432 1146 625 1178 Numidas.
672 1146 819 1178 Numidae
841 1148 982 1177 dicuntur
1004 1148 1167 1186 Nomades,
1208 1149 1258 1187 qui
1281 1148 1393 1177 diutius
1415 1148 1517 1178 vivere
1541 1148 1698 1186 dicuntur,
1734 1149 1812 1177 unde
1835 1149 1907 1177 Cato
1929 1148 2047 1178 vivaces
2069 1158 2132 1178 esse
2154 1149 2213 1178 Nu-

267 1190 376 1227 midas,
401 1190 481 1228 quod
504 1196 629 1220 aetatem
653 1191 775 1219 multam
799 1192 923 1226 vivunt,
946 1191 1031 1219 dixit.
1069 1191 1152 1227 Quae
1176 1197 1343 1229 sequuntur
1365 1192 1424 1220 alio
1447 1192 1598 1230 pertinere
1621 1193 1699 1228 scio,
1725 1197 1754 1220 et
1775 1192 1807 1220 ni
1829 1191 1933 1227 fallor,
1955 1192 1995 1220 ita
2018 1191 2214 1230 concipienda

268 1238 353 1262 sunt:
376 1231 472 1262 Nuces
493 1234 571 1262 mitti
596 1232 757 1263 Cerialibus
781 1232 884 1273 Capito
909 1232 1029 1262 Sinnius
1050 1233 1142 1263 solere
1164 1233 1225 1262 dici
1246 1235 1304 1271 ait,
1328 1245 1393 1263 cum
1415 1233 1538 1263 velimus
1559 1235 1727 1274 significare
1747 1233 1872 1263 missilia
1897 1232 2056 1263 Cerialibus
2078 1235 2108 1263 in
2129 1232 2214 1263 Circo

267 1276 354 1306 mini.
397 1275 522 1314 Reliqua
544 1286 602 1305 non
626 1282 686 1305 tam
708 1276 808 1305 verbis
829 1276 954 1305 reddere
977 1287 1115 1314 possum,
1149 1286 1235 1315 quam
1258 1277 1431 1305 sententiam
1455 1278 1588 1315 aperire;
1623 1287 1671 1305 eas
1694 1286 1784 1306 nuces
1807 1277 1924 1305 flamma
1948 1281 2026 1304 ustas
2048 1282 2100 1305 aut
2121 1281 2215 1305 tostas

268 1318 366 1346 fuisse.
394 1318 498 1356 quue
521 1319 640 1348 nomine
663 1330 678 1347 a
701 1319 816 1358 populo
839 1318 931 1357 diligi.
961 1319 1033 1347 Nam
1057 1324 1169 1348 certum
1193 1324 1236 1347 est
1258 1319 1336 1347 inter
1358 1319 1482 1347 missilia
1505 1324 1534 1347 et
1555 1329 1662 1355 nuces,
1687 1325 1715 1348 et
1737 1320 1818 1348 cicer
1840 1329 1975 1358 sparsum
1997 1318 2105 1356 fuisse,
2129 1323 2161 1347 ut
2183 1319 2213 1347 in

269 1361 366 1388 Satira
390 1360 481 1399 (Pers.
498 1361 534 1397 V,
561 1364 630 1393 176.
645 1361 754 1401 seqq.):
783 1359 864 1391 Cicer
885 1362 981 1400 ingere
1003 1360 1062 1389 late
1083 1362 1199 1391 rixanti
1218 1360 1338 1401 populo.
1379 1362 1433 1390 Ubi
1456 1361 1533 1390 cicer
1555 1371 1610 1400 pro
1634 1362 1714 1390 omni
1736 1361 1840 1390 missili
1862 1361 2086 1399 accipiendum,
2111 1366 2144 1389 ut
2165 1359 2214 1389 hic

267 1413 374 1431 nucem
400 1407 428 1431 et
450 1404 558 1432 torreri
580 1405 675 1433 solere
692 1404 821 1440 Plinius,
853 1409 881 1432 et
902 1403 970 1441 frigi
988 1403 1110 1432 Plautus
1133 1403 1254 1440 (Bacch.
1270 1404 1326 1439 IV,
1350 1404 1386 1440 5,
1412 1405 1470 1441 7.),
1499 1403 1597 1440 aiunt,
1634 1403 1713 1433 unde
1735 1404 1813 1432 inter
1836 1404 1963 1432 delicata
1988 1403 2085 1432 edulia
2099 1402 2214 1443 fi⁴ictas

268 1456 355 1474 nuces
383 1446 479 1484 ponit.
524 1446 591 1474 Non
619 1447 715 1476 solum
744 1451 841 1475 autem
870 1447 900 1474 in
923 1446 1112 1475 Circensibus
1130 1445 1261 1487 frictum
1286 1447 1362 1475 cicer
1383 1456 1452 1475 cum
1474 1446 1601 1475 nucibus
1623 1446 1834 1485 spargebatur3
1872 1446 1924 1474 sed
1947 1450 1976 1475 et
1998 1455 2073 1484 puer
2094 1449 2214 1484 specta—

272 1488 339 1516 cula
362 1489 645 1525 circumferebatur,
670 1494 700 1518 et
721 1489 913 1518 vendebatur.
957 1488 1098 1517 Horatius
1119 1488 1177 1528 (De
1199 1488 1232 1517 A.
1256 1490 1285 1518 P.
1309 1486 1415 1529 249.):

760 1530 820 1560 Nec
841 1529 940 1570 siquid
955 1530 1050 1571 fricti
1074 1532 1176 1560 ciceris
1196 1530 1318 1569 probat,
1349 1538 1400 1559 aut
1420 1531 1503 1560 nucis
1524 1538 1630 1567 emtor,
1663 1535 1718 1560 etc.

757 1572 795 1602 In
818 1574 908 1602 cicere
930 1580 1016 1612 atque
1027 1572 1112 1612 faba
1137 1572 1230 1609 bona,
1253 1580 1302 1608 iu,
1325 1571 1465 1612 perdasve
1485 1571 1594 1611 lupinis

762 1614 858 1643 Latus
881 1623 911 1643 ut
933 1615 963 1642 in
988 1613 1073 1643 Circo
1095 1616 1234 1654 spatiere,
1259 1622 1310 1643 aut
1332 1626 1435 1643 aeneus
1456 1622 1487 1643 ut
1509 1622 1573 1645 stes.

273 1657 370 1685 Acro:
405 1656 549 1696 Antiquis
571 1655 763 1695 temporibus,
794 1656 846 1686 ubi
864 1658 1050 1695 pauperiores
1071 1665 1151 1686 erant
1174 1655 1321 1694 Romani,
1352 1656 1424 1687 haec
1447 1655 1611 1693 dabantur,
1642 1664 1668 1685 et
1690 1655 1902 1696 spargebantur
1923 1656 1954 1684 in
1976 1654 2079 1694 vulgus
2099 1654 2137 1683 ab
2161 1654 2214 1691 his,

269 1700 322 1739 qui
350 1697 436 1728 ludos
458 1698 591 1728 Florales
618 1698 812 1736 exhibebant,
851 1698 891 1728 ad
916 1697 1053 1738 plausum
1083 1707 1109 1727 et
1136 1698 1240 1738 populi
1260 1699 1399 1740 favorem
1430 1698 1618 1739 captandum.
1662 1699 1726 1728 Hoc
1755 1699 1822 1727 vult
1848 1698 1939 1736 igitur
1960 1698 2080 1727 Sinnius
2103 1697 2216 1736 Capito,

270 1751 361 1770 nuces
389 1751 446 1780 pro
476 1742 613 1770 omuibus
643 1742 802 1771 missilibus
831 1742 908 1778 dici,
946 1742 1017 1780 quia
1045 1741 1123 1770 inter
1154 1742 1250 1770 omnia
1276 1742 1397 1771 missilia
1420 1741 1493 1771 haec
1515 1753 1531 1770 a
1554 1742 1668 1781 populo
1690 1742 1869 1779 diligantur,
1907 1740 2078 1779 praesertim
2100 1739 2217 1768 flamma

271 1794 338 1813 cum
360 1788 428 1812 sunt
451 1789 542 1813 ustae.
578 1784 659 1813 Haec
682 1785 802 1814 omnino
826 1790 869 1813 est
892 1784 1046 1813 sententia.
1086 1784 1243 1813 Videamus
1266 1795 1338 1813 num
1362 1784 1402 1813 ita
1425 1785 1516 1813 verba
1540 1785 1656 1823 expleri
1679 1785 1809 1822 possint:
1837 1782 1931 1813 Nuces
1953 1783 2031 1812 mim*
2055 1780 2217 1811 Cerialibus

274 1826 377 1865 Capito
400 1825 523 1855 Sinnius
545 1825 637 1856 solere
659 1825 720 1856 dici
741 1828 798 1862 ait,
823 1837 887 1857 cum
909 1825 1031 1855 velimus
1053 1827 1218 1867 signficant
1239 1826 1364 1856 missilia
1390 1826 1551 1856 Cerialibus
1572 1828 1603 1856 in
1630 1826 1714 1856 Circo
1738 1827 1831 1855 mitti.-
1855 1824 1951 1865 quod,
1975 1836 2040 1854 cum
2064 1825 2142 1853 mitri
2163 1835 2217 1853 nu·

274 1878 317 1896 ces
338 1880 400 1898 mos
423 1876 509 1906 esset,
544 1867 632 1908 plane
651 1867 785 1898 volumus
808 1880 826 1897 a
846 1877 930 1909 parte
953 1876 1045 1898 totum
1069 1868 1238 1908 designare:
1275 1870 1347 1910 quia
1375 1868 1449 1898 adeo
1478 1868 1641 1908 diligantur
1669 1880 1759 1908 supra
1789 1867 1852 1897 alia
1874 1866 2011 1903 missilia,
2049 1866 2217 1905 praesertim

271 1910 392 1946 flamma
414 1922 479 1940 cum
501 1919 567 1940 sunt
589 1919 678 1941 usiae.
725 1912 779 1940 Vel
798 1923 870 1951 prae
883 1912 1028 1952 flamma,
1058 1910 1115 1940 hoc
1139 1917 1181 1940 est
1203 1922 1274 1950 prae
1296 1916 1407 1941 tostura
1431 1917 1480 1940 aut
1503 1912 1643 1948 frictum,
1674 1911 1754 1949 quod
1777 1911 1863 1939 valde
1885 1910 1992 1949 placet.
2036 1909 2121 1946 Fuit,
2149 1918 2218 1938 cum

276 1953 378 1988 putavi
399 1952 472 1981 haec
495 1954 646 1993 pertinere
668 1953 707 1982 ad
728 1954 844 1983 literam
867 1954 910 1991 V,
945 1958 974 1982 et
1001 1954 1039 1982 de
1067 1954 1208 1992 vulpibus
1231 1955 1295 1992 agi,
1335 1964 1412 1992 quae
1433 1955 1551 1993 stipulis
1574 1954 1726 1983 involutae
1747 1953 1881 1982 subiecto
1904 1952 1971 1991 igne
1994 1952 2129 1980 ardentes
2152 1951 2218 1979 Cir-

279 1994 355 2021 censi
379 1994 496 2024 ludicro
519 1996 689 2026 Cerealibus
709 1997 912 2026 mittebantur.
952 1996 1041 2025 Ovid.
1063 1997 1176 2027 lib.IV.
1199 1997 1275 2027 Fast.
1298 1995 1338 2036 (v.
1352 1997 1444 2036 709.).
1477 1995 1580 2027 Scal.
1624 1997 1724 2025 Potius
1751 1997 1821 2035 quia
1849 2005 1937 2034 saepe
1959 1995 2026 2024 loca
2050 1994 2106 2023 alia
2127 1998 2218 2032 atque

281 2034 338 2062 alia
360 2041 490 2073 petentes
512 2044 683 2077 permutant
704 2040 849 2078 pabulum
872 2039 953 2078 quod
978 2039 1100 2068 Graecis
1121 2036 1216 2078 νομή,
1240 2040 1317 2068 unde
1338 2038 1495 2069 Nomades.
1533 2039 1609 2069 Vide
1632 2039 1701 2068 Sall.
1723 2038 1857 2077 lugurtb.
1883 2038 1921 2077 (c.
1935 2036 2007 2076 18.).
2053 2037 2143 2066 Dae.

440 2078 566 2109 Nuces.
610 2082 656 2111 Ex
685 2081 732 2110 his
761 2083 844 2111 verbi
867 2082 944 2111 Festi
974 2082 1108 2118 elicitur,
1148 2083 1314 2121 auspicium
1344 2082 1521 2111 solistimum
1549 2092 1587 2111 ex
1615 2082 1740 2111 nucibus
1762 2080 1935 2110 cadentibus
1958 2080 1987 2109 in
2009 2079 2122 2118 nuptiis
2142 2078 2217 2108 fieri.

278 2118 313 2147 Id
336 2118 472 2157 displicet
493 2122 587 2150 Plinio
609 2124 661 2155 lib.
673 2125 737 2153 XV.
762 2135 824 2164 cap.
838 2128 889 2156 22.
914 2129 942 2153 et
964 2124 1092 2153 Varroni
1115 2124 1195 2163 apud
1218 2126 1354 2153 Servium
1373 2125 1452 2153 VIII.
1474 2125 1566 2162 eclog.
1604 2125 1698 2153 Ambo
1724 2123 1797 2152 haec
1820 2124 1857 2152 de
1878 2122 2005 2151 nucibus
2027 2121 2217 2160 iuglandibus

279 2161 455 2199 intelligunt.
497 2163 562 2192 Huc
585 2166 733 2203 pertinent
753 2167 804 2196 illa
828 2167 1007 2196 Catulliana:
1040 2166 1206 2196 concubine
1229 2178 1315 2196 nuces
1338 2165 1391 2203 da,
1422 2172 1450 2196 et
1472 2167 1603 2205 Virgilii:
1634 2166 1747 2206 Sparge
1768 2167 1872 2194 marite
1893 2176 1987 2195 nuces.
2010 2164 2098 2194 Ant.
2121 2163 2215 2202 Aug.

279 2203 376 2231 Nuces
400 2203 539 2233 cadentes
561 2209 719 2245 auspicium
742 2210 884 2239 sonivium
907 2211 1005 2238 facere
1027 2209 1067 2238 ait
1089 2210 1200 2238 Plinius
1222 2210 1272 2238 lib.
1283 2209 1347 2239 XV.
1366 2220 1430 2249 cap.
1445 2213 1495 2243 22.
1518 2209 1599 2248 quod
1622 2208 1672 2238 hic
1693 2213 1821 2238 vocatur
1842 2208 2017 2236 solistimum
2041 2206 2215 2246 auspicium.
2262 2219 2263 2222 ¹

284 2244 380 2274 Scal.
403 2246 575 2284 Auspicium
598 2249 770 2279 solistimum
794 2257 837 2280 est
860 2252 939 2291 quod
963 2262 1054 2281 nuces
1076 2252 1106 2280 in
1130 2257 1238 2281 terram
1262 2253 1399 2281 cadentes
1421 2253 1544 2283 faciunt.
1572 2251 1723 2281 Sonivium
1747 2256 1836 2280 vocat
1851 2251 1926 2279 Ptin.
1942 2250 1993 2279 lib.
2006 2250 2069 2278 XV.
2087 2259 2150 2287 cap.
2163 2250 2214 2279 22.

283 2287 342 2316 Cur
363 2298 453 2317 nuces
476 2293 574 2317 autem
596 2298 803 2328 spargerentur
825 2295 855 2322 in
878 2295 1006 2333 nuptiis,
1027 2295 1128 2324 variae
1145 2305 1250 2324 causae
1265 2295 1439 2326 afferuntur.
1468 2295 1543 2324 Vide
1559 2295 1694 2325 Servium
1717 2294 1755 2323 ad
1773 2293 1849 2322 illud
1865 2293 1965 2330 Eclog.
1982 2292 2063 2328 VIII,
2087 2292 2126 2328 (v.
2137 2290 2214 2326 30.):

284 2328 397 2369 Sparge
422 2331 526 2359 marite
552 2343 646 2360 nuces.
686 2333 759 2362 Vide
782 2336 887 2366 Catull.
910 2348 1001 2367 carm.
1017 2338 1069 2369 57.
1092 2337 1129 2366 de
1157 2339 1268 2376 nuptiis
1291 2338 1385 2367 Iuliae
1408 2343 1437 2367 et
1459 2338 1570 2367 Manlii.
1613 2337 1678 2366 Hoc
1708 2337 1877 2365 institutum
1901 2345 1916 2364 e
1939 2334 2058 2363 Graecis
2083 2332 2215 2361 fontibus

283 2381 417 2419 manasse
445 2377 557 2402 certum
585 2378 642 2411 est,
680 2384 747 2402 nam
774 2376 805 2404 in
836 2387 868 2406 ea
894 2385 981 2416 gente
1004 2389 1099 2408 novus
1122 2390 1250 2418 sponsus
1272 2380 1441 2418 iuglandes,
1476 2380 1647 2419 amygdalas
1669 2385 1698 2409 et
1718 2379 1750 2408 id
1772 2388 1862 2417 genus
1885 2378 1941 2406 alia
1963 2375 2119 2415 spargebat
2141 2384 2215 2414 quae

283 2414 341 2452 ipsi
363 2414 512 2444 vocabant
532 2414 755 2456 καταχύσματας
774 2417 909 2457 locuples
931 2422 1014 2450 testis
1034 2421 1256 2460 Aristophanes.
1300 2423 1391 2452 Dac-
