2263 2668
225 175 303 208 130
686 170 831 206 PROBI
856 167 1244 203 INSTITUTIONUM
1269 168 1707 203 GRAMMATICARUM

222 268 388 314 genitivo3
415 272 447 301 et
474 267 609 300 Cicero:
640 264 831 308 Filimnquc
862 259 996 304 Verri¹,
1023 273 1088 308 pro
1120 261 1256 306 Terris,
1285 267 1317 296 et
1341 262 1520 309 Virgilius:

449 318 598 351 Immitis
623 312 795 356 Achilli2,

223 383 286 416 pro
313 371 482 409 Achillis,
511 374 558 400 et:

448 418 605 463 Infelicis
636 413 773 458 Uli.1·i³,

224 483 288 517 pro
319 471 441 504 Ulia-is.
495 469 552 502 Sis
587 469 697 501 omnia
728 464 865 501 tertiae4
902 467 1128 501 declinationis
1153 466 1342 505 terminata,
1378 466 1407 499 is
1433 465 1558 499 faciunt
1584 467 1748 511 genitivo,
1782 467 1901 500 Latina
1926 464 2062 509 quidem
2088 460 2165 505 si85,

225 525 282 556 hic
316 523 419 561 cusis,
455 521 556 554 huius
583 521 680 553 ensis.
741 519 922 564 Peregrina
948 520 994 552 sis
1020 519 1073 551 vel
1101 519 1175 559 (Iis,
1211 518 1299 551 hacc
1326 518 1410 557 Isis,
1445 517 1547 550 huius
1573 518 1657 560 Isis,
1691 520 1743 552 vel
1772 518 1900 555 Isiclis‚·
1935 518 2025 550 haec
2060 515 2165 556 basis,

225 575 326 607 lzniiis
353 573 456 614 basis,
483 573 538 604 vel
566 571 718 610 basidis3
750 572 874 611 cassis,
903 571 1021 610 cassis,
1049 571 1101 602 vel
1129 570 1286 611 cassidis,
1314 569 1461 612 quamvis
1488 569 1647 613 Virgilius
1674 571 1763 603 hacc
1790 566 1951 603 eassidass
1978 568 2165 602 declinavit.

227 626 293 659 Sos
318 636 402 668 pura
428 624 584 656 Latinum
611 623 739 655 nullum
765 623 900 667 repperi
933 622 1157 662 terminatum,
1193 633 1294 653 unum
1322 621 1491 653 Graecum
1518 620 1588 664 legi
1615 622 1648 653 in
1675 622 1832 655 Sallustio
1866 620 2032 654 secundae
2059 618 2166 652 decli-

225 677 386 717 nationis,
413 676 442 708 si
468 675 590 709 faciens
616 674 778 719 genitivo,
806 674 896 706 haec
926 673 1102 714 Camisos,
1130 673 1231 705 huius
1261 668 1421 705 Cumis-5⁷.
1484 670 1573 704 Sons
1600 679 1754 718 correpta
1780 674 1812 705 in
1839 672 1952 705 medio
1978 671 2106 703 habens
2132 681 2167 709 η,

227 729 270 761 tis
302 724 438 767 facietss,
471 727 601 767 insons,
631 725 787 766 insontis,
822 726 868 758 sic
902 725 1070 759 Horatius.
1104 720 1201 757 sons-⁰
1235 735 1300 755 non
1327 723 1406 767 legi.
1457 723 1615 756 Salustius
1647 736 1784 757 numero
1819 723 1942 768 plurali
1974 726 2168 765 utrumque:

228 779 377 812 Insontis
402 778 503 811 sicuti
527 773 674 811 sontis¹⁰.
732 777 784 810 De
810 788 833 809 η
860 781 892 808 et
917 787 934 808 s
960 776 1141 808 terminatis
1167 775 1429 818 frequentissime
1457 774 1568 807 docui.
1631 775 1699 809 Sus
1725 776 1898 808 terminata
1924 773 2082 819 propria,
2114 771 2169 805 vel

229 831 320 864 aliud
346 841 450 875 genus
477 840 517 861 ex
543 841 577 862 se
603 825 806 869 facientiass,
834 827 998 860 secundae
1025 832 1098 859 sunt
1124 826 1367 865 declinationis,
1395 826 1425 858 si
1452 826 1577 859 faciunt
1611 827 1776 871 genitivo,
1804 826 1927 867 Nisus,
1961 825 2059 865 Nisi,
2085 834 2169 868 pro—

228 883 337 927 prium
365 887 397 913 et
421 881 643 924 participium.
695 880 910 924 Appellativa
936 890 1014 911 vero
1042 889 1108 911 non
1135 878 1289 911 facientia
1316 872 1438 909 ιιΙίιιῑὶ12
1464 889 1579 921 genus,
1606 884 1743 921 quartae
1770 874 1899 910 ernnt¹³
1927 875 2168 914 declinationis,

228 945 285 967 sus
311 933 437 966 faciunt
462 932 619 977 genitivo,
647 931 703 964 hic
729 942 883 970 occasus,
910 930 1011 962 huius
1040 941 1192 962 occasus.
1245 930 1329 961 Nam
1352 929 1519 972 plausus,
1546 929 1571 961 si
1599 930 1638 961 sit
1661 930 1883 973 participium,
1910 928 2012 960 liuius
2032 926 2170 972 plausi,-

228 986 254 1017 si
280 996 402 1017 nomen
427 984 666 1028 appellativum
692 994 759 1015 non
785 983 909 1016 faciens
936 981 1026 1014 aliud
1053 992 1092 1014 ex
1117 993 1151 1013 se
1178 992 1294 1025 genus,
1322 980 1423 1012 lulius
1444 980 1612 1023 plmzsus‚·
1639 981 1722 1013 sicut
1745 981 1839 1013 'nisus
1860 979 2073 1023 participium
2094 977 2170 1017 nisi,

230 1036 469 1080 appellativum
495 1035 588 1068 unius
615 1035 762 1079 generis,
789 1035 890 1067 nisus.
942 1033 1116 1076 Excipitur
1142 1043 1244 1064 unum
1271 1031 1524 1075 monosyllabon
1534 1028 1574 1074 Η,
1603 1032 1632 1064 is
1657 1032 1781 1065 faciens
1810 1031 1967 1077 genitive,
1994 1040 2062 1070 sus,
2088 1028 2171 1068 suis,

229 1088 355 1120 ratione
380 1082 739 1130 monosyllaborumffi,
767 1086 810 1118 de
837 1096 902 1128 qua
932 1084 1121 1127 frequenter
1145 1083 1291 1116 tractavi.

394 1137 454 1171 52.
512 1138 583 1171 Tas
609 1137 719 1170 omnia
743 1137 858 1170 tertiae
885 1140 959 1168 sunt
991 1135 1237 1174 declinationis,
1271 1134 1314 1166 tis
1341 1133 1465 1167 faciunt
1499 1134 1700 1178 genitivum,
1725 1133 1909 1178 fitcultas,
1935 1125 2172 1177 facultatisffi.

230 1190 309 1223 Hoc
335 1189 529 1235 Naphtlms
554 1190 701 1233 primae,
728 1192 787 1221 tac
813 1187 959 1232 genitivo
986 1187 1127 1227 faciens,
1159 1186 1260 1219 huius
1282 1185 1489 1230 Naplzllzac,
1516 1196 1637 1218 nomen
1664 1186 1843 1218 barbarum
1871 1189 1985 1217 contra
2011 1182 2173 1214 rationem

230 1247 432 1282 neutrorum,
458 1253 544 1285 quae
569 1241 687 1273 Latina
713 1240 894 1284 genitivum
922 1250 966 1271 ao
991 1238 1208 1282 diphthongo
1235 1248 1301 1269 non
1328 1233 1550 1275 terminant¹⁷;
1575 1237 1720 1280 exceptis
1747 1241 1914 1279 quattuor,
1942 1234 1999 1266 hic
2026 1238 2058 1266 et
2083 1232 2174 1265 haec

233 1299 265 1326 et
290 1293 356 1326 hoc
381 1304 508 1333 verna,
536 1292 637 1325 huius
662 1302 792 1324 vernae
800 1305 812 1334 ‚-
839 1291 896 1323 hic
922 1294 954 1322 et
980 1290 1070 1322 hacc
1096 1295 1129 1323 et
1155 1285 1251 1322 hoc18
1279 1288 1438 1328 advena,
1463 1287 1564 1320 huius
1591 1288 1771 1325 advenam·
1804 1287 1870 1319 hoc
1894 1285 2045 1325 Thur-ia,
2072 1283 2175 1316 huius

238 1345 411 1386 Thuriae,
438 1340 611 1385 flumenffl,
639 1348 672 1375 et
698 1343 763 1376 hoc
789 1341 1000 1386 Naphtlms,
1032 1341 1133 1374 huius
1153 1339 1365 1385 A‘aplztlme,
1398 1350 1502 1384 genus
1531 1339 1596 1371 olei
1623 1339 1724 1372 cedro
1751 1339 1872 1378 simile,
1906 1338 1989 1370 sicut
2015 1335 2175 1368 Salustius

233 1396 454 1429 Historiarum
487 1396 572 1428 libro
612 1391 773 1438 quart020.
835 1393 904 1426 Sed
938 1392 1055 1425 melius
1093 1393 1154 1425 erit
1180 1390 1422 1424 indeclinabile.
1489 1389 1554 1423 Tes
1579 1390 1696 1423 Latina
1730 1391 1772 1423 tis
1798 1390 1923 1423 faciunt
1949 1380 2174 1433 genitivum,²¹

233 1452 338 1488 rates,
366 1448 464 1481 ratis.
517 1447 650 1480 Graeca
676 1441 829 1486 autem²²,
856 1445 882 1477 si
908 1443 999 1488 apud
1026 1444 1100 1475 illos
1127 1457 1202 1483 του,
1232 1442 1324 1486 apud
1351 1453 1410 1474 nos
1438 1445 1507 1482 iac,
1535 1441 1691 1480 Achates,
1718 1441 1880 1482 Achatae,
1907 1435 2021 1482 Ἀχά-
2045 1434 2174 1483 [1474]

233 1496 351 1541 ‘rov233
379 1504 434 1532 aut
459 1498 503 1532 tis
529 1502 695 1532 crescente
722 1496 870 1542 syllaba,
896 1495 922 1529 si
948 1494 1041 1540 apud
1066 1495 1139 1528 illos
1165 1508 1240 1536 τος,
1269 1493 1394 1535 Crates,
1422 1492 1577 1534 Cratetis,
1603 1489 1836 1541 A'thrgvog²*,
1863 1496 1900 1525 ut
1924 1489 2105 1524 Bibaculus
2132 1486 2176 1520 de

233 1550 360 1584 Catone
385 1550 622 1596 grammatico:

460 1603 557 1635 iecur
586 1595 780 1634 Crutetisffi.

242 1652 300 1685 Tis
326 1653 435 1685 omnia
461 1658 533 1686 sunt
557 1652 673 1685 tertiae
700 1649 944 1690 declinationis,
968 1648 1012 1681 tis
1038 1648 1162 1681 faciunt
1188 1647 1332 1692 genitivo
1358 1647 1495 1687 Latina,
1523 1646 1580 1679 hic
1606 1645 1707 1685 mitis,
1736 1645 1837 1678 huius
1862 1645 1975 1689 milis5
2001 1645 2091 1678 haec
2114 1650 2176 1676 ‘n'e-

233 1704 323 1748 ptis,
355 1704 455 1736 huius
481 1705 602 1748 neptis.
656 1703 788 1736 Graeca
815 1702 858 1734 Iis
883 1701 937 1733 vel
964 1700 1036 1740 dis,
1064 1700 1120 1732 hic
1146 1699 1281 1739 Atthis,
1317 1698 1418 1731 lanius
1443 1698 1580 1738 Atthis,
1615 1698 1669 1730 vel
1695 1697 1873 1734 Attlzic15s;
1906 1697 1996 1729 haec
2022 1694 2176 1738 amystis,

325 1766 353 1799 1)
382 1763 439 1791 Ilio
470 1764 618 1792 Ciceronis
639 1764 723 1791 locus
753 1763 878 1801 reperiri
908 1771 966 1790 non
1002 1760 1111 1799 potuit.
1141 1774 1183 1781 -—·
1225 1757 1461 1798 monosyllabon
1483 1758 1523 1786 sic
1545 1758 1573 1786 h.
1593 1758 1612 1787 l.
1630 1757 1702 1786 Cod.
1726 1768 1814 1785 unum
1838 1755 2088 1796 monosyllabum
2110 1754 2176 1784 Asc.

240 1806 271 1844 Ξ)
290 1806 370 1843 Virg.
392 1806 462 1834 Aen.
485 1806 514 1841 I,
542 1808 593 1837 30.
623 1822 661 1827 -—
713 1809 743 1840 3)
764 1805 842 1841 Virg.
867 1805 938 1834 Aen.
962 1803 1021 1839 Ill,
1050 1804 1119 1834 613.
1142 1816 1183 1823 —-
1226 1801 1310 1830 P.—
1341 1803 1383 1833 15)
1408 1799 1694 1838 lllotzosyllabarum
1712 1800 1788 1827 male
1802 1799 1925 1827 Cod.—
1964 1796 2009 1836 16)
2026 1796 2103 1825 Etsi
2117 1805 2178 1836 qua

240 1850 271 1887 4)
287 1848 352 1876 Hoc
372 1848 438 1876 loco
457 1854 522 1876 suni
545 1848 705 1876 intrudunt
728 1848 793 1875 Asc.
810 1848 839 1875 P.
860 1864 895 1867 —
939 1845 967 1883 5)
986 1845 1034 1874 Sis
1050 1844 1184 1872 additum
1227 1840 1300 1870 talia
1325 1842 1452 1870 intrudit
1475 1843 1505 1870 P.
1559 1843 1694 1870 Ceterum
1716 1849 1820 1880 nuptas
1840 1841 1872 1869 in
1896 1840 1968 1871 cod.
1987 1838 2123 1879 Naptlms
2145 1838 2178 1867 Ρ.

243 1901 258 1919 e
284 1891 355 1919 Cod.
378 1891 532 1927 ignoratur
559 1891 593 1917 ab
617 1890 682 1920 Asc.
708 1894 736 1917 et
754 1890 784 1918 P.
805 1905 846 1910 -—-
889 1887 915 1926 6)
940 1888 1019 1925 Virg.
1038 1887 1110 1916 Aen.
1132 1886 1184 1922 Xl,
1226 1883 1381 1923 Naplxtlzas
1405 1885 1472 1912 Asc.
1527 1884 1668 1913 Similiter
1696 1884 1812 1912 variant
1841 1883 1929 1911 etiam
1960 1882 1992 1910 in
2019 1891 2099 1920 seqq.
2134 1895 2178 1903 ·-

243 1934 314 1965 775.
344 1932 460 1962 Aureus
482 1944 521 1961 ex
537 1932 660 1960 humeris
680 1938 764 1960 sonat
781 1942 865 1959 arcus
880 1938 905 1958 et
924 1941 1011 1958 aurea
1033 1930 1093 1958 vati
1111 1927 1186 1957 Cas-

242 1975 317 2004 sida.
368 1976 467 2010 Quare
493 1975 685 2012 intelligitur,
716 1978 796 2001 recte
822 1973 879 2010 legi
907 1972 936 1999 in
965 1972 1036 2000 Cod.
1068 1976 1096 1999 et
1119 1971 1185 1999 Asc.

243 2017 315 2047 haec
340 2016 466 2046 cassida.
511 2016 596 2045 ,Haec
616 2017 698 2044 abest
721 2027 736 2043 a
759 2016 790 2043 Ρ.
811 2031 853 2035 -
899 2013 926 2051 7)
950 2014 1029 2042 Inter
1056 2014 1188 2051 sragmm.

243 2061 361 2089 Sallust.
385 2069 448 2098 pag.
462 2059 533 2091 247.
549 2059 593 2087 ed.
611 2058 747 2087 Gerlach.
763 2074 804 2080 —
832 2056 861 2094 ὃ)
877 2057 1007 2084 Facient
1023 2056 1091 2085 Cod.
1106 2056 1191 2084 male.

245 2121 281 2125 -—
299 2103 330 2141 9)
356 2102 433 2130 Ῑένο
450 2102 646 2140 interponunt
662 2102 724 2130 Asc.
740 2100 771 2128 P.
812 2097 915 2127 Insons
931 2098 1009 2136 apud
1026 2098 1124 2126 Horat.
1147 2098 1192 2126 le-

244 2145 322 2183 gitur
339 2145 463 2172 Carmm.
482 2145 515 2179 Il,
534 2147 581 2178 19,
601 2147 650 2175 29.
680 2145 770 2170 Scrm.
789 2142 808 2175 l,
826 2144 852 2176 6,
867 2143 916 2172 69.
939 2156 980 2161 -
1026 2139 1067 2177 lc)
1091 2141 1192 2169 Sicuti

246 2188 316 2216 (ἰού.
332 2188 406 2216 sicut
420 2187 485 2214 Asc.
504 2187 531 2214 Ρ.
576 2187 669 2214 Locus
688 2190 729 2213 est
744 2185 813 2213 Sall.
832 2185 892 2211 Cat.
915 2185 961 2213 16.
993 2182 1126 2209 Celerum
1142 2183 1191 2209 in-

246 2231 350 2258 sontis
362 2246 403 2250 —
415 2229 519 2256 sontis
537 2227 567 2255 in
587 2228 656 2256 Cod.
672 2227 737 2256 Asc.
752 2228 780 2256 l'.
795 2242 836 2247 --
861 2225 905 2262 11)
915 2224 984 2252 Cod.
1002 2223 1101 2251 habet:
1118 2235 1192 2262 pro-

244 2273 310 2310 pria
329 2282 400 2311 pro
424 2268 498 2309 (sic)
518 2269 564 2298 vel
576 2269 657 2298 aliut
678 2280 791 2307 genus
814 2279 853 2296 cx
875 2268 899 2295 is
909 2266 1065 2306 facientia.
1109 2269 1193 2294 Asu:

245 2315 365 2353 propria
381 2312 426 2341 vel
439 2311 522 2341 aliud
533 2324 622 2351 genus
639 2323 678 2341 ex
694 2310 894 2350 iisfacicmia.
928 2309 959 2337 V.
973 2319 1062 2347 genus
1078 2307 1193 2342 ignorat

246 2357 277 2385 P.
301 2367 341 2385 ex
360 2367 389 2385 se
415 2365 451 2384 cx
468 2356 498 2383 P.
522 2355 629 2393 recepi.
680 2354 761 2388 Quid
778 2363 849 2380 vero
874 2351 948 2379 illud
968 2361 1023 2389 pre
1045 2349 1102 2377 sibi
1123 2350 1195 2377 velit

248 2400 353 2428 nescio.
378 2413 416 2420 --
464 2396 507 2436 12)
532 2400 586 2427 Εα·
602 2408 630 2424 se
649 2395 679 2424 h.
700 2396 719 2423 l.
734 2393 895 2432 interponit
912 2394 941 2421 P.
964 2402 1036 2430 quae
1052 2392 1159 2419 absunt
1179 2402 1194 2419 a

248 2442 319 2472 Cod.
333 2446 360 2470 et
374 2441 440 2470 Asc.
457 2456 492 2462 —
517 2439 560 2479 13)
578 2438 671 2468 Erunt
687 2438 756 2466 cod.
776 2444 841 2466 sunt
852 2437 916 2464 Asc.
930 2436 959 2464 Ρ.
973 2450 1015 2455 -
1038 2434 1083 2471 14)
1100 2433 1195 2462 Unum

1230 1925 1275 1964 17)
1295 1926 1459 1954 Termino!
1482 1927 1556 1954 male
1572 1927 1642 1955 cod.
1667 1942 1708 1950 -—
1750 1929 1793 1960 18)
1816 1924 1930 1953 Vernae
1947 1932 1973 1953 et
1991 1923 2061 1953 haec
2081 1930 2107 1952 el
2121 1921 2178 1952 Ῐιοο

1231 1967 1343 1996 aduena
1360 1968 1430 1998 Cod.
1446 1979 1504 1999 om.
1523 1968 1578 1998 lzic.
1592 1985 1634 1990 —
1679 1970 1720 2001 19)
1742 1967 1984 2007 Yilturiaeflumen
2003 1968 2016 1993 5
2036 1965 2092 1994 hoc
2109 1964 2178 2005 (sic)

1233 2010 1304 2038 cod.
1319 2010 1426 2048 Siglam
1443 2011 1524 2038 illam
1544 2021 1598 2049 pro
1618 2018 1644 2039 et
1658 2010 1791 2048 accipere
1811 2009 1907 2037 debui.
1933 2019 2034 2037 nomen
2047 2007 2179 2045 fluminis

1233 2051 1288 2081 lzoc
1311 2053 1340 2081 P.
1359 2054 1469 2092 flumen
1491 2052 1546 2082 Ιιοο
1562 2053 1629 2082 Asc.
1647 2069 1690 2074 -—
1731 2050 1776 2089 ΣΟ)
1800 2052 1880 2080 Inter
1905 2052 2038 2088 fragium.
2060 2050 2178 2078 Sallust.

1232 2099 1404 2123 numeratur
1430 2096 1478 2126 40.
1509 2105 1572 2133 pag.
1594 2095 1664 2127 243.
1690 2094 1734 2123 ed.
1763 2094 1897 2123 Gerlach.
1948 2094 2084 2121 Ceterum
2105 2091 2177 2120 Cod.

1233 2135 1347 2166 caeclro.
1360 2154 1402 2159 —
1436 2140 1480 2173 21)
1496 2136 1580 2166 Haec
1597 2136 1759 2175 interponit
1774 2137 1805 2165 P.
1828 2153 1870 2158 —-
1892 2135 1938 2173 22)
1957 2134 2070 2164 Graeca
2083 2141 2179 2163 autem

1232 2190 1272 2207 ae
1295 2180 1324 2210 P.
1349 2191 1383 2208 ae
1402 2190 1458 2207 0111.
1476 2180 1541 2208 Asc.
1559 2179 1629 2209 Cod.
1644 2196 1687 2200 —
1724 2178 1769 2215 23)
1790 2177 1884 2217 Apud
1901 2189 1953 2206 nos
1975 2185 2043 2213 iae,
2066 2175 2179 2206 Acha-

1233 2227 1288 2256 ies,
1312 2221 1466 2258 Achatae,
1487 2219 1616 2260 Ἀχὰτου.
1651 2221 1692 2249 Ita
1711 2232 1725 2249 c
1746 2222 1817 2250 eod.
1835 2220 1948 2258 scripsi.
1993 2219 2104 2247 Graeca
2124 2218 2178 2247 de-

1234 2268 1303 2291 sunt
1325 2264 1355 2292 in
1379 2264 1445 2293 Asc.
1485 2264 1542 2292 Sed
1555 2264 1632 2302 apud
1650 2264 1678 2293 P.
1694 2263 1767 2292 ordo
1785 2268 1841 2291 est:
1865 2260 1946 2301 apud
1962 2272 2013 2290 nos
2031 2269 2075 2289 {ae
2095 2257 2177 2298 Ἀχᾶ-

1234 2316 1306 2341 του,
1337 2306 1398 2335 lzic
1428 2306 1575 2341 Achates,
1606 2305 1751 2334 Achatae.
1773 2322 1815 2327 —-
1864 2303 1911 2343 24.)
1938 2304 2018 2332 Ordo
2048 2303 2127 2340 apud
2150 2302 2177 2330 P.

1235 2348 1388 2377 turbatus:
1418 2349 1444 2376 si
1467 2347 1546 2386 npucl
1570 2347 1637 2376 illos
1665 2360 1727 2383 τος
1760 2344 1959 2386 Κράτητος
1986 2345 2048 2374 hic
2071 2342 2178 2373 Crates.

1237 2389 1307 2417 cod.
1326 2391 1440 2427 ignorat
1457 2389 1504 2417 hic
1520 2394 1549 2418 et
1570 2390 1701 2418 ordinem
1718 2389 1846 2425 exhibet,
1871 2399 1954 2427 quem
1978 2386 2119 2415 dedimus.
2136 2402 2179 2408 —-

1236 2430 1282 2470 25)
1296 2431 1379 2461 Iecur
1395 2431 1527 2463 Cratetis.
1564 2432 1644 2461 llaec
1660 2443 1675 2461 e
1694 2433 1764 2462 cod.
1781 2432 1899 2460 reduxi.
1943 2430 2053 2457 Desunt
2067 2429 2098 2456 in
2110 2428 2178 2459 Asc.
