2263 2668
525 129 590 164 DE
616 126 1006 163 SIGNIFICATIONE
1035 128 1318 165 VERBORUM.
1375 129 1521 164 LIBER
1546 129 1637 164 Xlll.
1978 132 2055 169 555

272 222 424 252 ovibus.
455 221 515 262 (Ad
538 233 604 263 pag.
620 221 702 262 195.)
732 221 807 251 Vide
829 218 969 257 multam,
1007 225 1036 249 et
1058 222 1219 252 aestimata.
1243 222 1329 252 Ant.
1351 222 1446 262 Aug.
1491 223 1565 260 Lege
1589 220 1716 259 duobus,
1747 232 1808 251 non
1830 221 1953 255 duabus.
1997 226 2055 256 Sed

105 264 241 303 profecto
265 266 296 294 in
318 265 365 295 his
386 266 510 304 requiro
530 266 610 295 Festi
632 265 832 303 diligentiam,
869 264 920 302 qui
942 263 973 291 in
996 264 1161 293 minoribus
1190 266 1364 294 criminibus
1391 266 1492 295 ovium
1516 266 1659 302 duorum,
1697 265 1728 293 in
1750 265 1912 295 maioribus
1934 268 2055 306 triginta

105 307 198 336 boum
228 309 352 337 multam
382 309 474 338 fuisse
502 309 596 343 dixin
632 318 698 336 cum
730 308 790 336 duo
821 316 889 335 oves
918 316 1066 344 nunquam
1093 314 1305 346 separarentur
1327 320 1342 337 a
1365 309 1485 346 triginta
1509 308 1623 345 bubus,
1662 317 1755 346 neque
1778 314 1881 337 contra
1903 309 1994 339 boves
2018 311 2055 340 ab

106 349 232 388 ovibus3
270 357 387 380 tantum
409 352 506 388 abest,
538 357 572 380 ut
594 351 624 379 in
648 351 740 379 multa
763 349 888 378 dicenda
909 348 1000 377 boves
1023 354 1090 377 ante
1115 360 1183 378 oves
1207 352 1358 379 nominare
1381 351 1484 389 religio
1509 356 1597 381 esset.
1641 350 1741 386 Quare
1762 351 1792 379 in
1815 352 1975 381 maioribus
1999 354 2056 382 de-

106 392 187 421 lictis
209 394 302 423 multa
326 399 389 423 erat
411 395 512 423 ovium
538 394 684 428 duorum,
724 393 830 422 bovum
854 392 990 429 triginta3
1035 396 1063 420 et
1085 391 1240 422 dicebatur
1264 395 1407 429 maxima,
1445 394 1492 422 vel
1515 403 1667 432 supreina3
1702 393 1732 421 in
1755 394 1918 423 minoribus
1940 395 2056 425 delictis

107 435 172 464 ovis
196 437 298 473 unius,
321 442 351 465 et
374 447 435 465 eam
459 437 608 465 minimam
633 436 794 472 vocabant3
824 435 871 464 vel
893 438 1051 473 postquam
1076 436 1223 464 aestimari
1246 437 1360 475 coepit,
1389 437 1517 465 maxima
1540 447 1575 465 ac
1598 445 1735 474 suprema
1757 437 1849 465 multa
1873 438 1963 467 trium
1985 439 2056 467 mil-

108 478 197 516 lium,
229 490 262 507 ac
285 479 422 516 vicessis;
453 480 590 515 minima,
615 479 691 507 aeris
717 479 792 506 deni.
837 476 995 513 Quomodo
1018 477 1110 514 igitur
1133 478 1237 507 Festus
1260 478 1308 507 hic
1331 479 1438 507 oblitus
1462 480 1524 515 sui,
1548 483 1650 507 contra
1676 479 1851 507 sententiam
1875 490 1974 517 suam,
1997 480 2055 509 hoc

108 520 275 560 scripserit,
312 522 362 560 qui
385 523 469 550 aliter
492 523 523 550 in
547 521 640 550 verbo
664 520 757 549 multa
786 519 1029 559 pronunciasset,
1066 520 1169 548 mirari
1198 521 1316 560 potius,
1351 532 1439 559 quam
1467 522 1612 550 rationem
1641 520 1765 549 reddere
1795 532 1925 559 possum.
1972 523 2056 552 Deest

108 567 207 593 autem
230 574 372 593 numerus
394 565 425 592 in
448 564 559 601 bubus3
591 564 620 592 in
644 563 805 592 maioribus
828 567 927 591 autem
949 563 1047 590 XXX.
1072 562 1171 591 boum.
1196 562 1294 593 Scal.
1341 563 1448 592 Ovibus
1471 563 1594 594 duabus.
1633 563 1746 591 Ovibus
1770 563 1896 593 duobus.
1933 564 2054 594 Autem.

107 605 250 644 Triginta.
280 605 439 636 Peculatus
462 608 580 635 crimen.
610 606 676 634 Vid.
699 607 776 634 infra
793 604 965 642 Peculatus‚
989 610 1018 633 et
1040 615 1131 643 supra
1147 605 1326 636 Aestimata.
1356 605 1451 635 Boves
1468 608 1600 636 centenis.
1630 605 1697 634 Vid.
1713 615 1805 645 supra
1821 605 1964 637 Multam.
1995 606 2055 636 Su-

107 659 216 687 prema.
252 649 317 678 Vid.
341 660 432 688 supra
454 647 596 677 Multam.
645 647 750 678 Goth.

276 693 446 720 Ovantes.
491 690 643 720 Plutarch.
673 692 704 719 in
732 690 872 719 Marcello
897 689 933 718 ab
956 700 1007 718 ove
1028 689 1110 718 ducit
1134 699 1249 718 nomen.
1293 689 1416 728 Dionys.
1440 691 1493 719 lib.
1505 690 1541 720 V.
1565 691 1612 729 (c.
1624 693 1675 723 47.
1699 691 1883 730 pag.313.):
1921 688 1981 721 ἀπὸ
2003 692 2058 721 τοῦ

111 729 247 772 εὖάστης.
275 734 360 764 Ant.
383 734 479 773 Aug.
526 734 650 762 Ovantes
672 732 710 761 ab
734 743 765 762 eo
789 731 925 762 clamore.
968 732 1051 760 Hanc
1076 732 1245 771 opinionem
1268 733 1376 761 refellit
1398 733 1549 762 Plutarch.
1573 734 1602 761 in
1625 734 1766 762 Marcello
1790 731 1925 773 (tt-22),
1955 733 2057 771 aitque

111 777 275 805 ovationem
298 777 356 804 dici
382 777 417 804 ab
441 787 506 812 ove,
530 786 616 814 quam
640 781 762 804 ovantes
786 775 994 812 immolabant,
1025 775 1073 803 cui
1097 775 1196 813 potius
1219 776 1364 804 assentior
1385 786 1472 814 quam
1492 776 1654 813 Becmano,
1679 776 1728 814 qui
1751 786 1804 805 ovo
1827 775 1939 804 dictum
1961 780 2057 814 putat,

111 819 196 857 quasi
219 830 269 848 evo
292 819 328 847 ab
354 815 463 855 εὐάζω,
487 829 559 847 evan
583 819 687 849 clamo,
716 818 738 847 A
761 818 924 847 festivitate
945 817 1063 846 Bacchi.
1087 817 1175 848 Dac.
1210 818 1304 846 Ovare
1325 818 1501 857 interposito
1525 818 1670 856 digamma
1692 818 1806 848 dictum
1827 828 1883 857 pro
1907 828 1990 855 oare,
2013 817 2058 846 id-

112 871 171 900 que
193 861 268 890 nihil
291 862 346 890 nisi
369 859 488 898 ὥάζειν,
511 862 529 891 i.
548 872 577 899 q.
597 858 723 897 εὖάζειν.

278 903 421 933 Ovalis.
465 904 531 932 Vid.
557 904 629 934 Plin.
659 904 709 932 lib.
722 903 785 934 XV.
813 913 878 941 cap.
889 905 941 935 29.
966 902 1041 932 Gell.
1063 901 1113 931 lib.
1127 902 1161 930 V.
1185 912 1250 941 cap.
1263 905 1293 933 6.
1340 901 1414 930 Vide
1443 902 1530 931 etiam
1559 910 1675 942 myrtea.
1707 902 1796 931 Ant.
1819 901 1914 941 Aug.
1959 899 2060 930 Ovalis

112 955 242 983 corona,·
281 957 318 975 ex
348 952 446 986 myrto
472 947 592 975 Veneris
622 946 742 982 fronde,
783 947 864 984 quod
893 956 953 974 non
975 945 1116 981 Martius,
1152 945 1204 974 sed
1234 945 1317 983 quasi
1341 945 1482 974 Venerius
1511 946 1631 983 quidam
1657 944 1826 984 triumphus
1850 949 1926 973 esset
1949 944 2059 980 ovatio,

112 997 188 1026 quae
211 988 429 1018 decernebatur
457 999 524 1018 cum
554 994 604 1017 aut
631 989 708 1018 bella
732 999 790 1017 non
812 993 893 1018 recte
916 988 1043 1024 indicta,
1079 997 1174 1025 neque
1198 997 1266 1015 cum
1290 988 1369 1016 iusto
1391 987 1476 1016 hoste
1499 992 1579 1025 gesta
1602 988 1734 1023 fuerant,
1771 992 1820 1015 aut
1843 997 1909 1015 cum
1929 986 2060 1015 hostium

111 1040 219 1059 nomen
243 1030 355 1061 humile
379 1037 429 1061 aut
451 1042 511 1060 non
534 1032 691 1068 idoneum,
716 1036 749 1060 ut
772 1041 924 1059 servorum
947 1032 1185 1069 piratarumqroe,
1209 1035 1261 1059 aut
1282 1029 1432 1059 deditione
1456 1035 1577 1069 repente
1597 1030 1676 1059 facta
1698 1031 1759 1058 sine
1781 1029 1922 1069 pulvere,
1945 1033 1979 1058 ut
2001 1028 2061 1057 dici

61 1107 65 1111 q
112 1073 202 1110 solet,
226 1074 439 1114 incruentaque
462 1075 585 1103 victoria
611 1074 740 1103 obvenit.
767 1073 854 1104 Dac.
894 1073 1025 1112 Myrtea.
1064 1073 1108 1103 Cf.
1131 1083 1220 1111 supra
1243 1072 1374 1111 Illyrica.
1424 1071 1527 1102 Goth.

279 1116 546 1146 Obvaricator.
592 1119 615 1145 A
638 1128 742 1152 varus,
765 1127 868 1144 varare
890 1120 920 1144 et
941 1117 1087 1153 varicare,
1111 1114 1283 1144 obvaricare
1301 1121 1328 1143 et
1343 1114 1500 1152 οόυανανε,
1522 1115 1676 1153 impedire.
1712 1113 1822 1143 Ennius
1839 1113 1953 1142 Achille
1969 1112 2063 1152 (apud

113 1157 189 1186 Non.
211 1158 241 1187 in
261 1159 410 1188 Obvarare
431 1169 498 1199 pag.
514 1162 610 1196 147.):
634 1170 703 1187 nam
727 1157 858 1188 consiliis
881 1157 1041 1195 obvarant,
1064 1157 1169 1199 quihus
1192 1165 1287 1186 tamen
1311 1156 1445 1187 concedit
1467 1157 1515 1187 hic
1538 1156 1620 1186 ordo.
1652 1157 1830 1186 Obvaricare
1853 1156 1889 1185 de
1910 1155 2062 1185 itinerario

114 1201 249 1240 auspicio
274 1202 392 1233 dicitur.
438 1202 542 1231 Horat.
564 1202 675 1241 (Carm.
691 1201 747 1238 ΙΙΙ,
770 1203 828 1236 27,
853 1200 912 1238 5.);

779 1249 909 1291 Rumpat
932 1259 983 1280 aut
1004 1263 1118 1292 serpens
1140 1252 1194 1280 iter
1216 1251 1389 1280 institutum.

116 1293 204 1322 Dac.

282 1335 503 1376 Oufentina.
551 1334 734 1377 oufentinae.
760 1335 919 1374 Perperam
937 1334 1094 1365 Lucretius
1109 1347 1163 1376 pro
1180 1333 1346 1372 Lucillius‚
1370 1340 1403 1364 ut
1418 1335 1499 1373 apud
1512 1334 1674 1363 Varronem
1693 1333 1736 1374 (p.
1748 1336 1821 1366 370.
1840 1338 1867 1362 et
1883 1344 1912 1372 p.
1924 1335 1975 1364 27.
1992 1330 2066 1373 Sp.).

115 1375 219 1406 Scal.
255 1378 365 1406 Verum
389 1384 433 1408 est
457 1379 538 1417 quod
562 1379 603 1407 ait
625 1379 699 1407 alios
723 1378 818 1406 eidem
842 1378 934 1406 tribui
958 1378 1124 1418 adscriptos
1147 1379 1252 1415 fuisse,
1278 1389 1345 1406 nam
1368 1383 1522 1406 crescente
1545 1378 1582 1406 ob
1607 1388 1698 1406 novos
1723 1377 1802 1405 cives
1825 1374 1990 1414 frequentia
2012 1375 2067 1404 tri-

115 1420 169 1448 bus
193 1420 354 1450 Oufentina
378 1432 446 1450 eum
468 1422 602 1450 Falerina
625 1422 682 1450 fuit
705 1421 806 1449 addita
830 1432 845 1449 a
868 1421 1044 1449 censoribus
1068 1423 1098 1450 L.
1118 1421 1236 1460 Papirio
1262 1422 1367 1449 Crasso
1388 1426 1417 1450 et
1441 1421 1472 1450 C.
1488 1420 1614 1449 Moenio.
1638 1420 1700 1450 Liv.
1725 1419 1788 1456 (lib.
1801 1419 1859 1455 IX,
1882 1420 1955 1456 20.).
1978 1417 2067 1447 Duc.

118 1461 286 1504 Oufentina.
318 1464 468 1494 Ufentina.
501 1464 632 1505 Oufente.
666 1463 782 1492 Ofente.
815 1462 981 1493 Lucretium
1015 1464 1166 1493 Lucillius.
1214 1462 1319 1492 Goth.

282 1506 480 1536 Oscillum.
504 1506 563 1546 (Ad
581 1517 609 1546 p.
623 1505 705 1545 193.)
729 1505 818 1541 Quod
843 1505 875 1533 in
897 1505 955 1533 fine
979 1505 1076 1542 deest,
1100 1506 1211 1545 poterit
1234 1505 1304 1534 addi
1328 1515 1364 1533 ex
1386 1505 1437 1541 iis,
1468 1515 1544 1543 quae
1567 1504 1669 1533 scribit
1684 1504 1818 1543 Hyginus
1834 1502 1933 1531 fabula
1948 1501 2067 1530 CXXX.

118 1551 146 1575 et
167 1547 220 1576 lib.
232 1548 284 1576 Xl.
308 1549 344 1577 de
368 1550 478 1586 signor.
502 1550 619 1578 caelest.
636 1547 781 1584 historia,
805 1547 898 1576 verbo
921 1547 1143 1588 arctophylaoe‚·
1166 1553 1197 1577 et
1219 1549 1364 1586 interpres
1381 1548 1463 1576 Arati
1480 1548 1601 1576 Latinus
1624 1547 1715 1576 verbo
1739 1547 1830 1576 canis.
1874 1545 1914 1574 Hi
1934 1544 2070 1573 oscillum

118 1589 158 1618 ita
181 1589 244 1618 fieri
269 1591 304 1618 ab
333 1591 559 1620 Atheniensibus
583 1591 731 1626 scribunt,
762 1595 796 1618 ut
819 1590 918 1618 tabula
941 1589 1115 1628 interposita
1138 1590 1303 1629 pendentes
1326 1590 1445 1618 funibus
1469 1601 1499 1618 se
1521 1590 1679 1627 iactarem,
1709 1594 1737 1618 et
1759 1594 1847 1618 vento
1871 1591 2070 1616 moverentur.

119 1631 260 1660 Nonnihil
284 1632 342 1661 hac
366 1635 402 1662 de
425 1644 456 1662 re
478 1633 610 1662 Macrob.
632 1633 686 1661 lib.
700 1632 721 1660 l.
745 1633 865 1661 saturn.
889 1637 917 1660 et
939 1632 1022 1660 Serv.
1039 1632 1062 1662 Ι.
1088 1634 1194 1671 Georg.
1210 1632 1297 1662 Ant.
1314 1632 1411 1671 Aug.
1444 1633 1535 1670 Lege:
1559 1633 1597 1661 ab
1620 1644 1651 1662 eo
1675 1631 1755 1673 quod
1777 1643 1809 1661 os
1827 1629 1933 1660 cillere.
1961 1630 2071 1658 Notum

119 1672 217 1702 cillere
239 1684 301 1703 esse
323 1686 459 1712 movere3
483 1676 520 1705 de
542 1676 676 1715 personis
701 1675 840 1712 Virgilius
863 1673 984 1713 (Georg.
999 1675 1042 1710 ΙΙ,
1065 1675 1166 1715 389.);

656 1723 770 1753 oscilla
793 1736 833 1754 ex
855 1723 919 1753 alta
942 1724 1120 1764 suspendunt
1143 1724 1246 1755 mollia
1270 1736 1385 1764 quercu.

656 1767 772 1807 Oraque
795 1766 953 1796 corticibus
978 1776 1095 1797 sumunt
1118 1766 1264 1797 horrenda
1289 1767 1411 1797 cavatis.

120 1818 254 1847 Meminit
278 1823 304 1847 et
326 1817 448 1847 Maurus
470 1818 672 1847 Terentianus.
712 1818 754 1846 l)e
776 1818 888 1846 oscillis
915 1819 986 1847 satis
1015 1819 1045 1846 in
1068 1818 1230 1847 Ausonium
1254 1829 1329 1847 anno
1353 1817 1517 1856 superiore.
1555 1816 1655 1852 Quare
1678 1815 1709 1848 τὸ
1734 1817 1883 1845 Cunarum
1905 1815 1935 1844 in
1958 1813 2073 1843 funium

120 1860 202 1889 docti
225 1861 282 1890 viri
305 1867 419 1890 mutare
443 1861 610 1897 voluerint,
640 1871 699 1889 non
723 1860 819 1889 video.
844 1859 946 1890 Scal.
994 1859 1124 1899 oscilla,
1154 1861 1228 1890 festa
1251 1861 1281 1890 in
1304 1860 1448 1889 honorem
1472 1859 1545 1888 Icari
1569 1864 1597 1889 et
1620 1859 1761 1899 Erigones
1785 1859 1820 1888 ab
1844 1856 2072 1888 Atheniensibus

120 1903 266 1933 instituta.
308 1904 381 1933 Aliis
405 1904 436 1933 in
461 1904 605 1933 honorem
628 1902 738 1932 Bacchi
760 1903 906 1941 Virg.X1.
931 1904 1037 1941 Georg.
1062 1903 1120 1941 (11,
1144 1904 1244 1943 389.):

657 1955 774 1994 Oraque
795 1953 952 1984 corticibus
975 1961 1091 1983 sumunt
1112 1953 1260 1984 horrenda
1282 1954 1396 1983 cavatis

653 1995 691 2025 Et
714 2004 740 2025 te
762 1996 882 2026 Bacche
903 2004 1010 2026 vocant
1030 2008 1083 2036 per
1105 1998 1239 2026 carmina
1262 1995 1340 2025 laeta
1364 1994 1473 2035 tibique

658 2037 771 2068 Oscilla
792 2050 833 2068 ex
855 2038 918 2068 alta
940 2038 1117 2078 suspendunt
1141 2038 1244 2068 mollia
1270 2050 1384 2079 quercu.

122 2091 244 2119 Graecis
267 2090 377 2129 αἶ’ωραι
394 2089 488 2117 nicta.
533 2088 597 2116 Vid.
620 2088 749 2127 Hesych.
773 2090 803 2118 iu
827 2090 938 2129 αἶ’ωρα,
974 2090 1005 2118 in
1029 2090 1064 2118 iis
1086 2090 1157 2118 sune
1180 2090 1216 2118 de
1240 2090 1321 2127 tigno
1344 2090 1390 2118 vel
1414 2088 1521 2118 arbore
1543 2087 1684 2125 religato,
1720 2086 1768 2115 vel
1791 2085 1882 2115 etiam
1904 2091 2072 2114 transverso

122 2134 217 2171 tigne,
250 2132 285 2160 de
308 2132 412 2160 arbore
436 2141 598 2170 suspenso,
629 2131 660 2159 in
683 2142 750 2160 aere
772 2132 873 2161 librati
892 2142 1010 2161 sursum
1034 2137 1062 2161 et
1084 2132 1223 2161 deorsum
1246 2132 1432 2168 ferebantur3
1467 2131 1546 2159 dicta
1568 2129 1670 2158 oscilla
1694 2129 1729 2157 ab
1753 2139 1801 2158 ore
1823 2133 1850 2157 et
1873 2127 1973 2163 cille0‚
2006 2137 2071 2155 ino-

122 2186 186 2205 veo.
227 2174 290 2204 Nec
313 2173 415 2203 desunt
438 2174 489 2214 qui
510 2172 676 2212 exemplum
701 2172 889 2204 Graecorum.
923 2175 1035 2213 Nempe
1061 2175 1296 2213 Atheniensium5
1327 2185 1402 2213 quae
1426 2174 1502 2203 infra
1527 2173 1650 2208 desunt,
1673 2172 1716 2200 sic
1738 2171 1906 2210 supplenda
1929 2170 2070 2199 arbitror:

119 2229 172 2258 per
193 2216 406 2246 simulationem
436 2214 583 2254 suspendii
613 2214 688 2244 diem
706 2215 822 2257 festum
852 2216 1047 2246 osculationis
1075 2218 1277 2256 instituerun15
1314 2222 1407 2246 totam
1436 2216 1514 2245 hanc
1542 2214 1697 2244 historiam
1726 2214 1791 2243 fuse
1813 2214 1950 2253 Hyginus
1971 2211 2069 2241 sabula

123 2261 243 2289 CXXX.
283 2259 356 2288 Vide
378 2264 406 2287 et
429 2259 563 2286 Servium
587 2258 624 2286 ad
648 2258 729 2296 Vin-g.
754 2259 860 2297 Georg.
876 2260 912 2287 11.
935 2260 1002 2288 loco
1026 2271 1117 2299 supra
1141 2260 1271 2289 laudato.
1316 2260 1407 2289 Dae.

289 2302 489 2330 Ostentum.
535 2300 607 2328 Attii
635 2311 739 2329 versus
771 2302 930 2330 mendosus
960 2307 1012 2331 est.
1041 2302 1129 2332 Ant.
1151 2302 1250 2342 Aug.
1296 2303 1337 2331 De
1360 2302 1434 2331 Attii
1457 2310 1547 2330 versu
1568 2299 1638 2328 vide
1660 2298 1823 2328 secundum
1847 2297 2067 2326 coniectaneum

122 2346 203 2384 (pag-
217 2346 267 2375 88.
291 2343 418 2382 steph).
457 2345 489 2372 C.
511 2342 640 2372 Gracchi
662 2344 768 2372 verba:
793 2343 873 2384 quod
893 2356 982 2373 unum
1005 2344 1089 2374 nohis
1110 2346 1298 2382 inusitatum,
1322 2346 1393 2384 ipsis
1414 2345 1528 2373 inusum
1551 2349 1729 2382 asportatur.
1768 2340 1886 2370 Inusum
1910 2338 2065 2384 elegant-er,

121 2388 302 2417 inusitatum.
328 2385 429 2416 Scal.
466 2385 516 2415 Ait
537 2390 686 2415 ostentum
709 2397 764 2426 pro
786 2387 923 2426 prodigio
947 2388 1129 2417 substantive
1152 2388 1229 2425 dici,
1252 2389 1322 2417 item
1344 2387 1488 2417 adjective
1510 2396 1566 2426 pro
1590 2389 1747 2414 ostentato.
1776 2381 1886 2420 Supple
1908 2380 2000 2418 igitur
2021 2388 2066 2407 m—

1482 2439 1657 2473 Aaaa*
