2263 2668
212 151 296 187 288*
904 139 1127 174 MAXIMUS
1160 139 1450 175 VICTORINUS

215 239 423 291 complures¹
451 240 542 273 hunc
567 237 690 282 pedem
717 235 760 268 de
786 245 882 267 versu
907 234 1101 267 hexametro
1138 234 1383 268 excludendum
1412 239 1614 268 censuerunt.
1668 235 1805 279 Quippe
1839 238 1942 271 omnis
1968 240 2097 283 syllaba
2122 240 2156 274 in

213 310 309 333 versu
335 296 450 330 ultima
477 284 692 334 ἀδιάφορος2
719 291 784 326 est,
818 285 854 317 id
881 290 939 326 est,
967 284 1193 318 indifferenter
1219 287 1395 330 accipitur,
1431 297 1493 320 nec
1525 287 1668 329 interest,
1696 292 1806 320 utrum
1839 289 2004 332 producta
2038 292 2077 325 sit
2113 304 2155 325 an

214 353 384 394 correpta;
410 341 570 385 siquidem
590 339 753 383 positione
775 337 878 381 longa
901 337 975 376 fiat,
1008 348 1085 370 cum
1108 342 1237 381 partem
1263 338 1416 370 orationis
1445 337 1477 369 in
1500 338 1587 370 exitu
1610 338 1697 379 finit,
1720 349 1789 381 quo
1812 340 1960 381 accedit,
1987 343 2078 384 quod
2105 344 2156 376 vi-

213 403 314 435 tiosus
342 393 500 431 eiusmodi
528 402 639 423 versus
667 394 730 431 est,
764 389 821 432 qui
846 388 1042 421 trochaeum
1069 387 1238 422 admittit3.
1273 390 1358 421 Nam
1385 400 1461 421 cum
1491 388 1534 420 ita
1555 389 1637 421 ratio
1661 395 1837 433 exposcat,
1872 395 1907 423 ut
1932 392 2034 435 pleno
2060 405 2157 427 versu

214 451 331 497 viginti
359 452 500 490 quatuor
526 447 679 486 tempora
702 441 812 482 insint,
849 439 991 473 admisso
1025 439 1138 482 utique
1172 440 1332 473 trochaeo
1363 440 1544 473 curtabitur
1572 452 1726 473 numerus
1759 445 1965 486 temporum,
2000 448 2032 476 et
2064 450 2158 478 erunt

216 510 370 545 tempora
392 495 507 541 viginti
531 495 609 534 tria,
645 493 701 536 qui
736 496 784 524 est
817 502 927 524 versus
954 487 1121 524 colobus⁴.
1173 491 1237 523 Illa
1266 496 1338 524 sunt
1362 502 1444 536 ergo
1467 491 1611 534 quinque
1634 503 1759 536 genera
1784 493 1817 525 in
1846 493 2012 538 dactylico
2033 500 2158 529 metro:

217 555 425 589 hexameter,
452 548 674 591 pentameter,
701 548 908 584 tetrameter,
935 543 1100 583 trimeter,
1128 542 1276 575 dimeter.

382 616 416 650 5.
469 615 672 647 Hexameter
699 611 829 655 dicitur,
856 615 912 643 aut
934 607 1174 651 hexametrus-²³,
1202 615 1376 653 utrumque
1401 614 1436 642 ut
1462 609 1637 650 Evander,
1664 611 1855 653 Evandrus,
1888 623 2031 656 quorum
2057 625 2160 647 unum

221 672 310 706 venit
342 681 381 703 ex
408 667 539 700 Graeca
566 663 810 704 enunciatione,
837 663 977 695 alterum
1000 674 1038 694 ex
1057 662 1182 695 Latina.
1236 662 1371 705 Quippe
1404 661 1574 694 Cornelius
1603 660 1792 706 Epicadus⁶
1817 663 1850 695 in
1872 674 1912 696 eo
1933 665 2037 706 libro,
2059 677 2160 709 quem

221 724 266 757 de
287 721 398 756 metris
426 718 577 761 scripsit,
598 716 829 756 Hexameter,
854 714 974 757 inquit,
1001 724 1129 746 versus.
1183 712 1305 745 Contra
1329 724 1427 755 quem
1450 713 1528 745 item
1553 712 1687 746 Caesius
1710 714 1847 756 Bassus,
1882 715 1931 747 vir
1960 716 2077 750 doctus
2108 721 2160 749 at-

223 787 288 819 que
314 772 476 810 eruditus,
501 769 534 801 in
560 768 646 800 libro
671 766 714 799 de
733 765 861 805 metris,
888 765 1067 798 Iambz‘cns
1093 765 1288 807 trimetrus,
1317 764 1368 796 ait.
1423 765 1542 796 Nostra
1565 775 1697 807 quoque
1721 767 1881 798 memoria
1904 766 2093 801 Lactantius
2117 767 2160 801 de

224 826 351 864 metris,
380 822 619 860 pentameter,
645 817 766 860 inquit,
795 821 827 850 et
853 820 1063 849 tetrameter.
1116 816 1317 848 Hexameter
1340 826 1421 859 ergo
1446 816 1513 848 sive
1531 815 1748 849 Hexametrus
1772 828 1882 849 versus
1904 821 1962 858 est,
1986 819 2077 861 quod
2096 830 2161 862 pe-

225 878 321 910 dibus
345 885 399 906 sex
420 867 577 912 cons-test,
604 869 738 912 dactylo
771 872 803 900 et
832 868 984 912 spondeo
1012 868 1134 900 circum
1159 878 1192 898 se
1212 867 1340 911 positis,
1377 871 1432 898 aut
1453 867 1577 898 alterna
1600 868 1848 911 interpositione
1875 868 1982 900 varia-
2010 868 2159 915 [1958]

224 925 293 961 tis³.
346 923 539 958 Hexametri
560 932 669 955 versus
690 931 815 964 genera
844 924 917 952 sunt
937 919 1013 951 tria:
1040 919 1099 951 Est
1122 918 1313 950 hexameter
1323 915 1345 957 ⁹,
1363 918 1420 950 ubi
1444 917 1593 961 dactylus
1613 923 1738 951 tantum
1761 923 1830 961 est,
1858 919 2039 963 dactylicus
2048 917 2072 937 ¹⁰
2097 921 2162 954 he-

224 990 311 1012 rous.
364 977 422 1009 Est
445 975 638 1007 hexameter
653 971 830 1013 iambicus,
861 971 918 1014 qui
946 975 978 1003 et
1000 970 1157 1009 senarius,
1186 980 1261 1001 cum
1286 973 1413 1002 constat
1434 980 1473 1001 ex
1489 969 1702 1013 simplicibus.
1756 970 1818 1003 Est
1848 970 1926 1002 item
1951 968 2022 1003 ex¹¹
2048 971 2162 1016 dupli-

225 1031 335 1069 cibus,
362 1028 517 1060 trimeter.
570 1025 607 1058 Si
633 1034 712 1056 vero
735 1034 844 1055 versus
867 1022 1059 1055 hexameter
1075 1032 1130 1054 sex
1150 1021 1304 1064 spondeis
1325 1020 1521 1060 constiterit,
1549 1021 1609 1053 erit
1632 1021 1767 1064 quidem
1783 1032 1892 1054 versus
1901 1018 1925 1038 ¹²
1946 1023 2164 1066 spondiazon,

225 1086 366 1115 metrum
387 1085 496 1110 tamen
519 1075 738 1119 dactylicum3
765 1074 892 1118 quippe
921 1073 1081 1105 eiusmodi
1106 1073 1304 1116 compositio
1325 1082 1392 1104 non
1415 1072 1473 1103 nisi
1499 1072 1531 1103 in
1555 1072 1757 1115 dactylicum
1776 1077 1918 1105 metrum
1942 1073 2039 1109 cadit.
2090 1074 2164 1106 He-

222 1131 364 1166 xametri
385 1128 539 1172 dactylici
561 1132 688 1160 tantum
711 1130 801 1167 sunt,
829 1125 885 1168 qui
907 1129 1056 1158 constant
1078 1135 1133 1156 sex
1156 1124 1298 1167 pedibus
1321 1123 1508 1166 dactylicis,
1535 1128 1667 1167 praeter
1692 1124 1781 1155 bella
1805 1128 1837 1156 et
1863 1121 1986 1156 saeta¹³
2021 1125 2164 1158 heroum

225 1183 389 1228 quidlibet
416 1180 505 1213 aliud
528 1179 748 1217 continentes,
771 1176 872 1209 veluti
899 1181 971 1208 sunt
1000 1175 1179 1216 Bucolica,
1202 1175 1387 1218 Georgica,
1416 1179 1612 1218 caeteraque
1636 1175 1807 1210 eiusmodi·
1860 1175 2056 1209 Hexameffi
2084 1187 2164 1210 vem

227 1233 384 1277 dactylici
410 1231 535 1264 heroici
561 1234 650 1271 sunt,
691 1229 748 1271 qui
776 1228 867 1260 bella
893 1227 1034 1259 heroum
1068 1232 1099 1259 et
1130 1238 1180 1258 res
1219 1231 1327 1270 gestas
1361 1226 1643 1270 complectuntur,
1677 1226 1776 1258 veluti
1815 1230 1862 1258 est
1895 1227 2015 1260 Aeneis
2049 1227 2165 1272 Virgi-

226 1287 278 1327 lii,
315 1285 390 1317 llias
415 1282 566 1316 Homeri.
626 1280 767 1321 Quintus
798 1279 844 1311 ibi
870 1290 930 1323 pes
954 1289 1086 1322 semper
1108 1279 1168 1310 erit
1192 1277 1357 1320 dactylus,
1386 1288 1426 1310 eo
1454 1278 1529 1320 quia
1557 1289 1687 1321 semper
1718 1278 1749 1309 in
1778 1288 1871 1309 versu
1894 1279 2037 1321 exceptis
2048 1274 2072 1295 ¹⁴
2096 1279 2165 1311 aliis

226 1337 328 1371 locis.
368 1335 400 1366 in
436 1334 553 1377 quibus
587 1332 674 1364 varie
711 1330 863 1374 ponitur,
896 1330 1042 1373 quintam
1072 1329 1244 1373 regionem
1280 1330 1417 1372 proprie
1451 1329 1592 1367 obtinet;
1634 1329 1805 1372 minusque
1840 1328 1920 1360 lenis
1962 1335 2009 1362 est
2044 1340 2166 1369 versus,

227 1389 284 1433 qui
313 1386 427 1430 quinto
460 1386 538 1418 loco
563 1384 670 1428 magis
694 1381 880 1426 spondeum
897 1378 920 1399 ¹⁵
950 1392 1051 1425 quam
1081 1381 1251 1424 dactylum
1284 1380 1454 1421 habuerit,
1488 1385 1521 1413 et
1553 1380 1725 1415 vocabitur
1759 1377 2032 1424 Spondiazonffi,
2065 1380 2166 1414 veluti

228 1446 274 1475 est
299 1437 399 1471 illud:

456 1486 528 1520 Aut
555 1485 639 1518 levis
668 1494 791 1517 ocreas
821 1483 912 1515 lento
940 1482 1071 1515 ducunt
1093 1486 1244 1527 argento
1260 1479 1293 1514 ¹⁷.

227 1561 283 1594 Sic
309 1563 344 1592 ut
370 1555 537 1601 spondeus
564 1549 728 1596 quoqueffl
761 1563 780 1584 a
807 1550 1002 1593 quibusdam
1035 1551 1117 1583 imus
1149 1561 1208 1594 pes
1244 1550 1515 1595 cognominatur,
1550 1549 1643 1593 qnod
1675 1549 1847 1594 regionem
1879 1551 2003 1581 sextam
2036 1560 2169 1594 semper

230 1612 391 1651 obtineat,
418 1619 479 1640 nec
506 1616 649 1649 unquam
677 1603 827 1645 dactylus
866 1603 899 1634 in
933 1602 999 1634 tine
1033 1607 1184 1645 ponatur.
1237 1602 1362 1634 Modus
1401 1607 1511 1633 autem
1544 1601 1744 1645 syllabarum
1779 1602 1811 1633 in
1845 1611 1940 1633 versu
1965 1601 2170 1634 Hexametro

232 1662 396 1705 dactylico
418 1659 484 1692 sive
510 1656 666 1695 heroico,
694 1653 874 1687 duodecim
894 1653 1025 1696 syllabis
1052 1653 1167 1687 crescit
1193 1664 1296 1696 usque
1323 1653 1366 1685 ad
1394 1653 1512 1687 decem
1540 1658 1572 1686 et
1598 1658 1725 1697 septem
1735 1647 1768 1684 ‘¹⁰-
1822 1653 1908 1684 Nam
1931 1652 1989 1695 qui
2018 1652 2169 1686 minimus

319 1777 348 1815 1)
368 1776 486 1805 Mem-ici
504 1774 667 1811 complure-r
683 1772 783 1800 addita
808 1781 843 1799 ex
873 1771 928 1799 Go.
959 1787 1000 1791 —
1022 1769 1051 1810 Ξ)
1069 1770 1103 1799 In
1131 1771 1182 1798 ul-

237 1824 309 1850 timo
338 1829 437 1847 versu-c
467 1815 634 1854 diaplzorzts
653 1816 706 1842 Go.
736 1815 767 1841 iu
791 1824 876 1841 versu
904 1814 1015 1841 ultima
1038 1811 1183 1852 διάφορος

238 1865 286 1892 Pe.
318 1877 358 1883 —
380 1864 410 1896 3)
434 1859 539 1887 Omnia
560 1857 632 1884 haec
648 1866 698 1885 vv,
718 1855 867 1894 Siquidevn
882 1874 923 1877 —
942 1858 995 1894 qui
1010 1856 1183 1883 trochaeum

240 1905 372 1934 admisti(
395 1907 422 1930 et
443 1900 616 1939 interposita
641 1898 747 1926 desunt
768 1899 798 1925 in
815 1899 860 1927 Pe.
884 1903 911 1926 et
938 1897 1057 1927 Putsch.
1078 1898 1182 1936 quibus

241 1949 358 1977 deinum
374 1943 522 1979 admissis,
547 1951 620 1980 quae
635 1944 817 1978 sequuntur,
844 1941 1026 1968 commodam
1042 1940 1183 1978 praebent

1225 1776 1392 1799 correctum
1409 1771 1443 1799 ab
1462 1770 1582 1808 antiqua
1609 1780 1698 1798 manu
1718 1769 1919 1808 apondaiwn,
1941 1770 2016 1798 male
2039 1769 2168 1807 quidem.

1224 1830 1265 1835 .-..
1289 1816 1331 1847 17)
1356 1815 1449 1841 Lenis
1480 1824 1537 1841 ocr.
1562 1813 1608 1841 Pe.
1630 1812 1724 1840 Locus
1744 1817 1787 1840 est
1808 1813 1886 1850 Virg.
1906 1813 1978 1840 Aen.
2004 1812 2077 1848 Vll,
2100 1814 2170 1843 634.

1224 1872 1266 1876 —
1297 1858 1338 1889 18)
1362 1856 1487 1893 Quoque
1508 1855 1642 1882 additum
1664 1864 1699 1882 ex
1713 1854 1767 1882 Go.
1785 1855 1888 1882 Paullo
1904 1860 1973 1893 post
1988 1864 2042 1892 pro
2058 1864 2172 1892 cogno-

1225 1899 1362 1926 minatur
1375 1899 1420 1926 Pe.
1434 1902 1461 1925 et
1484 1897 1601 1926 Putscli.
1626 1896 1765 1924 exhibent
1779 1896 1910 1926 dicatur.
1933 1913 1975 1917 —
1999 1895 2041 1934 19)
2055 1896 2172 1924 Cresci-

1226 1947 1259 1968 ta
1281 1940 1439 1968 duodecim
1455 1939 1581 1977 syllabis
1598 1949 1693 1977 usque
1707 1938 1750 1966 ad
1762 1939 1868 1968 XVII.
1892 1939 1938 1968 Pe.
1955 1938 2073 1968 Putsch.
2092 1939 2171 1967 Cou-

241 1989 433 2022 sententiam,
455 1985 486 2012 id
508 1984 587 2022 quod
607 1983 664 2010 iam
680 1982 755 2010 vidit
773 1983 934 2011 Dubnerus.
957 2000 994 2004 —-
1019 1986 1045 2016 4)
1073 1983 1183 2011 Verba:
1227 1988 1272 2011 tra
1290 1993 1376 2010 usum
1392 1981 1519 2010 melioris
1536 1982 1636 2009 aetatis
1659 1980 1756 2008 decem
1779 1987 1805 2009 et
1827 1987 1936 2020 septem
1955 1980 2172 2009 Grammaticus

243 2034 297 2072 qui
313 2036 353 2058 cst
371 2038 472 2057 versus
487 2026 610 2054 cololms
625 2029 811 2053 accesserunt
825 2035 860 2052 ex
878 2026 931 2054 Go.
949 2042 989 2046 —
1011 2024 1039 2065 5)
1066 2026 1185 2053 Utrum-
1228 2025 1363 2063 scripsit,
1387 2034 1460 2063 quae
1478 2024 1576 2052 eadem
1597 2023 1673 2051 ratio
1699 2023 1865 2061 saepissime
1887 2022 1965 2062 apud
1989 2023 2172 2052 Priscianum

244 2086 299 2114 que
319 2072 419 2101 addidi
443 2080 477 2098 ex
501 2070 554 2096 Go.
585 2084 619 2090 --
645 2070 675 2103 6)
698 2065 861 2104 Epidagus
877 2068 924 2095 Pe.
942 2069 995 2095 (ἑο.
1014 2084 1056 2088 -
1077 2070 1105 2103 7)
1134 2068 1187 2096 Ce-
1228 2067 1389 2096 invenitur.
1422 2083 1462 2088 —
1492 2065 1538 2099 20)
1575 2066 1645 2093 Non
1672 2066 1779 2104 plnres
1807 2076 1901 2105 quam
1928 2065 2033 2094 XVII.
2065 2066 2111 2094 Pe.
2143 2069 2173 2094 et

244 2117 289 2145 dit
313 2115 383 2143 Cod.
407 2115 462 2144 Go.
493 2128 535 2133 —
565 2110 593 2146 S)
627 2109 792 2136 Vra-ielatis
816 2110 869 2136 Go.
898 2124 938 2130 —
974 2109 1000 2147 9)
1026 2111 1081 2138 Est
1107 2109 1188 2138 deest
1229 2109 1349 2138 Putsch.
1371 2109 1479 2137 Plzms
1501 2119 1554 2147 pro
1572 2109 1646 2146 plu-5·
1667 2109 1843 2136 correctoris
1869 2107 1944 2136 male
1974 2107 2076 2137 seduli.
2102 2108 2171 2138 Sta-

244 2160 274 2188 in
294 2155 467 2187 Pe Putsch.
496 2169 537 2174 --
561 2155 605 2186 10)
623 2152 802 2188 Duos-„licus
828 2156 997 2178 vocatur
1017 2149 1122 2180 heroic-9
1137 2153 1186 2181 Pe.
1229 2153 1283 2180 tim
1307 2156 1373 2190 post
1405 2162 1458 2189 pro
1482 2151 1592 2178 verbis:
1618 2152 1765 2187 Quamvis
1791 2162 1850 2178 non
1871 2151 2040 2188 negaverim
2064 2154 2117 2178 cet.
2140 2149 2173 2177 in

244 2199 365 2230 Putsch,
394 2214 434 2220 -—
460 2196 505 2231 11)
530 2195 594 2222 Est.
622 2193 750 2230 Itemque
774 2203 806 2219 cx
829 2191 902 2230 [lup.
930 2193 975 2220 Pe.
1001 2194 1118 2222 putsch.
1146 2211 1186 2215 -—
1231 2194 1302 2222 cod.
1319 2194 1371 2222 Go.
1390 2193 1461 2222 haec
1482 2193 1635 2230 leguntur:
1662 2192 1745 2229 Quid
1764 2203 1831 2231 ergo
1851 2203 1910 2220 non
1926 2192 2103 2230 plerumque
2123 2192 2169 2219 im-

246 2247 289 2277 12)
315 2240 423 2269 Verba:
453 2236 572 2277 quidem
595 2245 695 2263 versus
716 2239 901 2263 accesserunt
925 2244 959 2262 cx
985 2235 1038 2263 Go.
1070 2252 1108 2257 —
1142 2237 1186 2273 13)
1229 2238 1333 2264 venias
1348 2238 1380 2263 ιἸι
1401 2245 1519 2263 ver-rum
1542 2237 1697 2273 septimum
1718 2234 1866 2263 decimum
1890 2245 1927 2262 ac
1948 2235 2058 2272 viginti
2076 2233 2171 2271 sylla-

246 2287 343 2314 Ilccla
373 2288 397 2310 et
421 2281 498 2309 bella
523 2280 567 2307 Pe.
594 2276 711 2306 Putsch.
742 2293 783 2298 ·-
813 2275 858 2316 14)
888 2278 931 2305 Eo
956 2276 1037 2313 qaod
1064 2279 1189 2316 excepti-s*
1232 2280 1352 2315 bartam,
1376 2285 1410 2306 uc
1432 2283 1502 2305 sunt
1523 2278 1573 2315 lzi3
1604 2287 1676 2315 quae
1699 2282 1769 2305 sunt
1796 2277 2024 2305 mendosissime«.
2050 2290 2088 2298 —
2124 2275 2169 2309 21)

247 2329 296 2357 I'e.
327 2323 444 2355 Puisch.
465 2321 576 2350 omissis
598 2319 714 2349 verbis:
737 2329 847 2356 semper
872 2320 903 2345 in
925 2329 1006 2344 versu
1019 2339 1027 2351 ,
1051 2330 1123 2357 quae
1139 2331 1188 2347 ac-
1233 2321 1312 2359 Virg.
1334 2322 1403 2349 Aen.
1417 2320 1466 2356 IV,
1484 2320 1554 2350 315.
1574 2321 1680 2348 Misere
1695 2320 1774 2348 nillil
1790 2320 1836 2348 Pe.
1859 2335 1900 2340 —
1916 2318 1962 2355 22)
1972 2317 2048 2354 Virg,
2065 2316 2168 2351 Georg.

249 2371 400 2398 cesserunt
423 2375 459 2394 ex
480 2365 532 2392 Go.
561 2379 601 2384 --
631 2361 675 2398 15)
701 2360 870 2399 Spondfum
893 2362 992 2398 magis
1010 2361 1053 2390 Pe.
1070 2362 1189 2391 Putsch.
1233 2363 1289 2400 IV⁷
1315 2365 1381 2394 168.
1409 2361 1601 2391 Venientibus
1621 2363 1740 2401 agmine
1763 2362 1818 2391 Go.
1843 2366 1871 2389 et
1889 2361 1935 2388 Pe.
1957 2374 1997 2382 -·
2020 2357 2066 2394 513)
2091 2356 2168 2393 Virg-

248 2429 287 2434 --
309 2411 351 2449 16)
376 2407 566 2447 Slwtzdt‘azon
590 2405 644 2434 Go.
661 2405 706 2432 Pe.
730 2402 847 2432 Putsch.
872 2403 927 2431 Sed
949 2403 979 2431 in
1001 2403 1129 2440 margine
1145 2405 1191 2433 Pe.

1236 2405 1305 2434 Aen.
1330 2405 1391 2440 lV,
1413 2405 1485 2437 547.
1515 2420 1557 2428 —
1585 2405 1633 2443 24)
1656 2404 1737 2442 Virg.
1767 2405 1837 2434 Aen.
1865 2402 1924 2440 Xl,
1951 2401 2019 2432 537.
2053 2414 2094 2420 —
2123 2401 2171 2433 25)
