2263 2668
264 179 336 213 150

676 173 817 206 PAULI
844 174 964 208 lnAc.
990 175 1245 209 EXCERPTA
1272 175 1334 208 EX
1361 175 1448 208 LlB.
1478 175 1620 210 POMP.
1648 177 1785 212 FEST!

265 270 526 316 Septimontium
554 266 773 310 appellabant
801 267 890 299 diem
918 268 1055 310 festum,
1091 269 1182 312 quod
1205 269 1235 300 in
1256 274 1383 312 septem
1406 268 1487 301 locis
1510 267 1694 303 faciebant¹
1714 272 1927 315 sacrificium,
1955 274 2102 314 Palatio,
2130 275 2200 309 Ve-

364 323 424 358 lia,
459 317 631 361 Fagutali,
665 313 818 350 Subura²

264 374 443 418 Siparium
470 379 573 413 genus
600 368 664 400 veli
691 369 859 401 mimicum
869 367 889 401 ⁴.

263 416 506 467 Seliqnc1stra5
527 431 631 464 genus
658 420 822 455 sedilium.

819 343 827 358 ‚
863 319 1036 362 Cermalo,
1071 316 1210 365 Oppio³
1232 327 1263 353 et
1284 319 1407 363 Cispio.

264 471 379 508 Silus⁶
405 470 592 515 appellatur
625 482 702 503 naso
736 483 861 504 sursum
896 483 1006 505 versus
1041 478 1074 505 et
1105 473 1288 517 repandus,
1338 472 1424 505 unde
1456 474 1574 517 galeae
1601 486 1736 519 quoque
1762 488 1782 510 a
1810 477 2018 509 similitudine
2044 479 2122 512 silae
2147 479 2200 512 di-

361 529 434 557 ctae
460 527 540 554 sunt.

263 576 392 610 Scrilla
417 573 549 617 navigia
575 573 705 612 lstrica,
746 585 830 616 quae
858 574 925 606 lino
954 570 1014 607 ac⁷
1037 579 1150 619 sparto
1177 575 1436 615 condensantur,
1477 587 1495 607 a
1523 578 1727 611 conserendo
1756 584 1788 611 et
1815 580 2022 613 contexendo
2050 580 2149 614 dicta.

263 628 372 661 &ultis
398 627 422 657 si
450 625 554 657 vultis.
606 624 747 656 Ennius:

632 675 783 708 Pandite
809 674 904 708 sulti’
924 687 1039 721 genas
1067 680 1099 709 et
1126 677 1231 709 corde
1257 677 1440 721 relinquite
1465 688 1631 711 somnum.

264 726 405 763 Serius³
428 728 548 762 Accius
575 739 593 758 a
619 737 697 760 sero
724 727 947 770 comparavit,
982 728 1028 760 ait
1054 728 1157 761 enim:

631 777 701 817 Ne,
741 779 771 811 si
787 778 890 824 sorte
911 779 1041 823 paulo,
1078 790 1183 824 quam
1211 783 1262 818 tu,
1296 779 1432 812 veniam
1459 780 1580 821 seritis.

266 829 446 875 Spondere
473 830 659 874 ponebatur
685 841 748 873 pro
777 831 905 869 dicere,
934 831 1022 863 unde
1049 836 1080 863 et
1105 829 1319 875 respondere
1345 830 1458 864 adhuc
1486 837 1612 872 manet,
1639 832 1698 865 sed
1725 838 1842 876 postea
1869 834 2018 877 usurpari
2043 839 2199 879 coeptum

364 886 412 913 est
438 881 470 913 in
497 881 658 925 promissu
668 878 689 913 ⁵⁵.

265 933 432 966 Subditus
458 932 565 965 iudex
593 929 758 972 dicitur¹⁰,
806 933 862 975 qui
889 933 965 966 loco
994 934 1112 965 mortui
1140 923 1237 965 datur
1264 933 1319 973 iis,
1369 934 1427 976 qui
1455 945 1530 966 eum
1558 933 1744 968 habuerant
1755 930 1776 950 ¹¹
1800 935 1942 968 iudicem
1970 935 2002 968 in
2030 937 2140 980 aliqua
2166 948 2201 969 re

363 984 413 1016 vel
442 985 508 1017 lite.

263 1036 415 1080 Scaptia
441 1036 545 1068 tribus
572 1046 591 1066 a
618 1035 749 1067 nomine
777 1035 864 1067 urbis
892 1035 1048 1079 Scaptiae
1075 1031 1307 1079 appellaturffl.

264 1087 442 1120 Sabatina
469 1099 487 1119 a
513 1086 588 1118 lacu
615 1087 737 1119 Sabate
748 1083 771 1102 ¹⁷³
793 1083 922 1119 dicta¹¹.

263 1138 390 1171 Sabim·
416 1150 434 1170 a
462 1133 624 1172 cultura15
644 1137 783 1170 deorum
812 1138 906 1179 dicti,
948 1138 983 1170 id
1012 1143 1060 1170 est
1088 1135 1161 1172 a’no‘
1186 1138 1253 1172 τοῦ
1279 1134 1496 1182 σε’βεσθαιὶϋ.

263 1189 379 1223 Silere
405 1195 515 1223 tacere
542 1189 723 1233 significat,
757 1190 836 1223 ficto
863 1186 965 1222 verbo
977 1185 999 1205 ¹⁷
1023 1189 1065 1221 ab
1076 1185 1100 1205 ¹⁸
1120 1200 1138 1221 s
1165 1189 1277 1229 litera,
1317 1200 1403 1232 quae
1429 1189 1556 1222 initium
1583 1194 1614 1222 et
1640 1195 1718 1223 nota
1745 1190 1860 1223 silentii
1870 1186 1893 1206 ¹⁹
1914 1196 1970 1223 est.

263 1241 458 1286 Sanqualis
483 1244 581 1285 porta
607 1241 798 1285 appellatur
824 1241 973 1285 proxima
1000 1240 1075 1272 aedi
1101 1237 1236 1273 Sanci²⁰

933 1304 1034 1335 quum
1068 1291 1174 1324 stillae
1201 1296 1376 1325 concretae
1404 1291 1530 1336 frigore
1557 1291 1688 1327 cadunt.

263 1292 484 1325 S'tiricidium
516 1292 609 1335 quasi
641 1289 886 1333 stillicidiumffl,

365 1351 429 1381 est,
469 1344 553 1376 stilla
580 1343 818 1376 diminutivum.

1747 1291 1846 1325 Stiria
1872 1293 1957 1325 enim
1984 1288 2202 1336 principalem
2223 1317 2225 1320 Α

263 1396 458 1428 Servorum
485 1395 555 1427 dies
583 1394 682 1427 festus
708 1400 778 1428 erat
805 1394 917 1427 Idibus
944 1394 1102 1439 Augusti,
1135 1393 1228 1437 quod
1256 1404 1296 1426 eo
1324 1393 1379 1426 die
1404 1404 1461 1427 rex
1488 1393 1637 1435 Tullius⁷
1668 1393 1755 1427 filius
1782 1394 1941 1435 ancillae,
1975 1393 2094 1426 aedem
2121 1392 2200 1425 Dia-

364 1458 425 1479 nae
451 1445 618 1479 dedicavit
626 1442 660 1479 ²³.

264 1497 536 1531 Sacramentum
562 1497 699 1540 dicitur,
740 1497 832 1540 quod
858 1496 1063 1529 iurisiurandi
1073 1493 1098 1513 ²⁴
1120 1497 1302 1529 sacratione
1326 1496 1517 1540 interposita
1544 1496 1677 1540 geritur.

264 1549 426 1594 Siremps
452 1549 570 1583 dicitur
596 1549 687 1592 quasi
714 1545 857 1581 similis²5
878 1560 928 1580 res
954 1549 1034 1591 ipsa.

265 1600 505 1645 spatiatorem
533 1611 595 1644 pro
623 1605 801 1633 erratorem
811 1596 836 1616 ²⁷
856 1599 939 1632 Cato
965 1599 1085 1643 posuit.

266 1650 408 1685 Stata'ffl
431 1652 626 1685 dicebantur
652 1652 832 1689 sacrificia,
866 1662 952 1695 quae
979 1651 1075 1685 certis
1101 1649 1219 1683 diebus
1246 1645 1413 1682 fiebant‘ffl.

365 1707 422 1736 cta
449 1703 641 1738 deseruisti.

1088 1547 1241 1580 Habetur
1267 1544 1369 1580 hoc²⁰
1390 1548 1422 1580 in
1449 1547 1539 1580 libris
1566 1547 1709 1581 Catonis,

1467 1648 1569 1683 Cato:
1608 1660 1716 1682 sacra
1742 1652 1854 1689 stata,
1888 1647 2085 1688 sollemnia,
2118 1656 2201 1678 san—

268 1754 458 1787 Sollemnia
468 1751 492 1771 ³⁰
514 1766 605 1787 sacra
633 1754 802 1792 dicuntur,
846 1765 931 1797 quae
957 1754 1053 1787 certis
1080 1752 1287 1796 temporibus
1314 1751 1448 1784 fiebant.

352 1849 377 1887 1)
395 1849 569 1888 faciebant]
584 1850 681 1888 fiebat
701 1850 730 1878 B.
759 1865 800 1870 —
828 1850 858 1886 Ξ)
882 1848 1022 1887 Subura]
1047 1847 1168 1876 Sabura
1183 1847 1212 1875 L.

269 1891 298 1917 15.
343 1891 456 1919 Sabina
478 1903 522 1931 pr.
545 1909 586 1914 —
609 1895 639 1927 A)
665 1891 780 1931 Oppio]
808 1891 888 1920 Celio
910 1893 986 1929 Opio
1010 1892 1039 1919 L.
1055 1891 1086 1919 B.
1135 1890 1214 1918 Celi-

269 1933 354 1970 oppio
375 1944 420 1972 pr.
443 1950 483 1955 -—
504 1933 532 1973 4)
556 1936 728 1970 mimicum]
753 1935 906 1962 minatam
924 1935 955 1961 L.
975 1934 1008 1962 B.
1056 1935 1150 1971 Atque
1172 1932 1213 1960 ita

270 1974 391 2002 sortasse
412 1975 606 2006 scribendum.
635 1994 676 1999 —
705 1976 732 2016 5)
753 1977 860 2016 Sel1·q,]
885 1977 972 2015 Siliq.
990 1977 1019 2004 L·
1043 1992 1083 1998 -···
1106 1974 1134 2014 ⁶)
1157 1975 1213 2002 Si*

269 2015 332 2054 luS]
356 2017 412 2044 Nos
429 2017 552 2054 glossam
569 2020 702 2048 dedimus
716 2030 730 2048 e
747 2019 834 2048 codd.
850 2024 879 2049 et
897 2019 965 2049 edit.
984 2029 1028 2057 pr.
1073 2017 1147 2045 Scal.
1164 2026 1213 2046 se—

269 2058 370 2096 quitur
386 2057 604 2091 schedasFesii.
626 2079 667 2083 —
689 2065 716 2097 7)
742 2062 790 2100 ac]
814 2067 839 2090 et
854 2063 884 2090 B.
907 2078 949 2083 ——
972 2060 1000 2100 8)
1025 2058 1138 2099 Serius]
1154 2070 1212 2088 om.

266 2101 395 2138 ¹glossam
411 2100 441 2127 L.
466 2117 507 2121 —
527 2101 555 2140 9)
574 2104 739 2143 promissa]
763 2105 811 2133 Sic
826 2105 863 2133 M.
878 2106 933 2133 Gu.
947 2108 974 2136 2.
992 2114 1037 2142 pr.
1075 2103 1213 2141 promis-

269 2152 334 2171 sum
356 2143 386 2171 L.
425 2144 574 2179 promisso
596 2145 627 2172 B.
648 2147 702 2174 Gu.
720 2150 745 2177 1.
767 2148 796 2176 S.
822 2164 861 2168 —
886 2146 929 2186 10)
954 2145 1044 2175 iudex
1063 2145 1139 2183 dia]
1164 2145 1213 2172 Sic

271 2186 367 2215 Gu.2.
413 2184 470 2211 llic·
485 2184 548 2212 iud.
566 2187 643 2224 vulg.
665 2204 705 2208 —-
730 2191 773 2225 Η)
795 2189 979 2227 habueram]
1001 2188 1162 2216 habuerint
1179 2188 1212 2216 B.

270 2243 310 2248 -
334 2230 376 2260 12¹)
401 2226 586 2264 appellatur]
611 2230 802 2265 appellantur
822 2232 869 2268 L.‚
898 2232 949 2270 qui
969 2231 1050 2259 add:
1077 2241 1155 2270 qaae
1172 2235 1213 2257 est.

271 2271 303 2296 in.
321 2268 498 2307 Campania.
522 2286 560 2290 ——-
587 2272 630 2303 13)
654 2271 773 2311 Sabate]
790 2274 905 2302 Sabata
918 2274 956 2302 M.
983 2291 1018 2295 -—
1046 2275 1091 2309 14)
1114 2272 1211 2311 dicta]

272 2311 369 2339 tribu-s·
385 2310 452 2342 add.
468 2311 496 2339 L.
521 2327 561 2332 —
588 2310 629 2349 1¹3)
653 2313 784 2351 cultura]
801 2317 886 2343 cultu.
900 2317 929 2345 L.
952 2333 992 2337 —
1018 2315 1060 2354 16)
1086 2312 1144 2345 οἷπό
1159 2317 1212 2345 τοῦ

272 2353 427 2392 σέβεσθαι]
452 2352 500 2381 Sic
516 2353 544 2383 S.
561 2353 597 2381 M.
613 2354 668 2381 Gu.
683 2356 712 2385 2.
756 2365 811 2385 om.
828 2358 882 2385 Gu.
895 2361 922 2389 1.
939 2358 987 2394 Β,,
1010 2358 1061 2396 qui
1077 2359 1107 2386 in
1122 2367 1213 2395 marg.

274 2395 392 2424 exhibet
406 2395 556 2433 σεβεσθαι.
601 2396 703 2423 Sevini
719 2396 746 2424 L.
792 2408 848 2434 apo
864 2405 896 2426 ιιι
910 2400 1006 2427 sehein
1022 2409 1069 2437 pr.
1087 2404 1118 2428 ut
1132 2401 1212 2438 vulg.

273 2454 312 2459 —
338 2440 382 2472 17)
396 2438 472 2475 ficto
489 2436 576 2474 verb]
595 2438 742 2474 werbfict.
764 2438 795 2465 B.
823 2455 854 2459 —
881 2438 926 2478 18)
943 2441 992 2479 ab]
1010 2452 1028 2468 ιι
1043 2441 1079 2469 Μ.
1102 2458 1143 2463 -
1168 2443 1213 2479 19)

1257 1858 1334 1885 quae
1349 1849 1380 1874 in
1396 1845 1462 1884 ete]
1486 1847 1535 1875 Sic
1549 1847 1630 1885 vulg.
1668 1857 1745 1886 quae
1756 1853 1799 1874 est
1811 1852 1883 1874 nota
1895 1846 2008 1873 silentii
2021 1845 2052 1875 L.
2068 1845 2096 1872 S.
2130 1848 2203 1871 nota

1256 1890 1412 1917 silentium
1434 1887 1503 1928 (sie)
1523 1889 1556 1918 B.
1601 1890 1658 1918 Gu.
1677 1892 1703 1921 1.
1725 1900 1769 1928 pr.
1792 1894 1864 1917 nota
1884 1889 1998 1916 silentii
2018 1892 2069 1915 est.
2092 1901 2134 1907 --
2155 1884 2202 1924 20)

1257 1931 1327 1960 aedi
1346 1933 1455 1967 Sami]
1488 1931 1537 1960 Sic
1558 1932 1664 1970 scripsi
1689 1942 1724 1961 ex
1750 1932 1929 1970 optimorum
1954 1929 2041 1959 codd.
2062 1926 2201 1966 vestigiis,

1255 1984 1384 2013 quorum
1397 1975 1435 2003 M.
1449 1973 1539 2003 habet
1553 1975 1638 2002 aedi-s·
1652 1976 1768 2010 sanci-5,-
1793 1976 1886 2005 Gu.2.
1900 1972 1984 2001 aedis·
1996 1972 2102 2001 ane-iis.
2128 1969 2201 1998 Scal.

1255 2017 1286 2045 in
1304 2027 1393 2055 marg.
1411 2027 1426 2045 e
1443 2016 1508 2046 cod.
1525 2022 1607 2045 notat
1623 2017 1692 2045 aedi
1705 2018 1805 2055 ¹mugi.
1849 2015 1924 2044 Vide
1940 2016 2039 2044 Dacer.
2077 2012 2203 2041 aedibus

1255 2059 1337 2088 Anci
1359 2060 1390 2088 L.
1407 2060 1439 2088 B.
1455 2060 1483 2087 S.
1528 2059 1614 2087 aedis
1634 2060 1715 2087 Anci
1737 2060 1815 2097 vulg.
1860 2057 1946 2086 aedis
1960 2057 2055 2086 Ancii
2074 2056 2154 2094 regis
2170 2054 2200 2082 L.

1256 2113 1314 2132 om.
1328 2102 1358 2130 L.
1375 2102 1432 2132 Gu.
1444 2104 1469 2132 1.
1495 2118 1529 2122 —
1555 2101 1599 2140 21)
1622 2101 1772 2141 stilla-id]
1788 2100 1913 2130 stilicid.
1928 2101 1960 2129 B.
1976 2101 2031 2129 Gu.
2045 2103 2071 2131 1.
2094 2115 2136 2119 ——
2156 2095 2201 2135 22)

1251 2145 1432 2183 principale]
1444 2145 1629 2182 principalis
1646 2145 1719 2176 L-B.
1729 2166 1737 2181 ‚
1762 2144 1813 2183 qui
1830 2154 1886 2174 om.
1901 2148 1950 2171 est.
1971 2159 2013 2164 —
2033 2144 2078 2177 23)
2101 2138 2202 2168 aedem

1256 2189 1383 2217 Dianae
1402 2186 1569 2225 dedicavit]
1593 2187 1642 2215 Sic
1663 2188 1718 2216 Gu.
1736 2190 1764 2218 2.
1807 2185 1909 2214 aedem
1929 2186 2065 2220 Dianae,
2093 2181 2200 2211 omisso

1256 2230 1347 2258 verbo
1363 2230 1401 2258 M.
1440 2229 1540 2257 aedem
1555 2228 1702 2257 dedicavit
1715 2231 1840 2258 Dianae
1853 2229 1887 2258 B.
1924 2233 2017 2256 natas
2032 2231 2074 2254 est
2087 2234 2141 2264 pro
2155 2221 2199 2252 his

1256 2272 1399 2303 exhibent
1416 2271 1445 2301 [ι.
1462 2271 1520 2302 Gu.
1531 2274 1556 2302 1.
1569 2282 1613 2310 pr.
1631 2272 1657 2300 S.
1682 2289 1722 2294 —
1741 2271 1788 2309 24)
1811 2268 2030 2307 iurisiurandi]
2045 2268 2092 2296 Sic
2108 2265 2197 2294 Gli-2·

1257 2317 1284 2344 S.
1327 2316 1436 2343 iusim.
1450 2314 1528 2352 vulg.
1551 2330 1590 2337 —
1615 2316 1660 2350 25)
1684 2313 1816 2353 similis]
1839 2313 1980 2341 similiter
1995 2312 2025 2339 L.
2041 2310 2071 2338 B.
2091 2321 2132 2329 -‘
2153 2305 2197 2341 26)

1255 2358 1324 2392 stoc]
1341 2367 1397 2386 om.
1411 2366 1457 2394 pr.
1479 2373 1521 2378 —
1542 2354 1589 2397 27)
1613 2356 1785 2396 erratorem]
1807 2361 1937 2384 erratore
1948 2355 1980 2383 B.
2002 2367 2044 2373 —·
2060 2349 2107 2386 28)
2130 2348 2197 2375 Sla-

1257 2406 1290 2428 ta
1304 2400 1369 2437 ete]
1395 2409 1452 2427 om.
1470 2399 1595 2436 glossam
1611 2399 1666 2427 Gu.
1677 2401 1704 2430 1.
1727 2414 1768 2420 —
1788 2398 1836 2434 29)
1849 2395 1984 2436 fiebant]
1997 2394 2080 2432 flant
2097 2389 2133 2438 M:
2156 2404 2197 2437 ᾗ·

1257 2445 1305 2477 30)
1324 2441 1507 2478 sollemnia]
1532 2451 1590 2471 om.
1607 2441 1731 2478 glossam
1749 2440 1803 2468 Gu.
1815 2443 1839 2469 1.
1862 2455 1903 2460 —-
1925 2439 1968 2474 31)
1986 2433 2132 2473 proeliari
2147 2430 2197 2459 αἰ-
