2263 2668
552 171 615 205 DE
642 167 1026 206 SIGNIFICATIONE
1054 168 1335 207 VERBORUM.
1386 170 1530 205 LIBER
1557 171 1596 205 V.
1964 173 2040 210 4⁰9

264 262 446 292 Electaho
475 260 640 292 eliciam.
684 264 779 294 Plaut.
803 255 915 292 Adinar.
933 260 975 298 II,
999 262 1033 297 2,
1058 258 1154 299 (29.):

474 312 555 352 Quae
575 315 663 344 istaec
682 313 793 354 praeda
816 311 881 343 est?
909 310 956 341 ibo
979 309 1136 339 advorsum
1159 318 1245 352 atque
1266 310 1409 350 electabo,
1440 312 1580 354 quicquid
1602 321 1649 343 est.

100 363 174 395 Vide
196 362 315 393 Adlicit
338 368 367 392 et
388 363 489 394 Lacit.
534 365 619 395 Dac.

265 414 492 455 Enunquam.
538 416 650 445 Gloss:
678 414 852 456 Enunquam
876 414 905 445 εἴ
923 424 994 444 ποτε
1016 413 1067 442 καί
1088 424 1170 443 ποτε.
1208 412 1308 442 Livius
1331 413 1380 442 lib.
1392 415 1428 445 X.
1454 414 1562 454 (c.8.):
1590 413 1763 454 Enunquam
1776 413 1882 457 fando
1904 415 2036 455 audistis,

100 457 245 497 patricios
266 458 362 496 primo
385 469 442 486 esse
452 457 576 498 factos,
608 469 665 487 non
689 457 724 486 tie
747 457 826 487 coelo
850 455 995 486 demissos.
1040 454 1127 483 Dac.

268 509 514 537 Emussitata.
558 509 742 537 Adaniussim
766 509 851 538 facta.
895 508 984 535 Recte
1003 505 1124 544 respicit
1146 505 1246 534 locum
1269 506 1364 535 Plauti
1388 507 1447 535 Mil.
1471 508 1552 538 Glor.
1569 507 1624 544 ΙΙΙ,
1649 509 1684 543 1,
1708 507 1802 545 (37.):

554 559 589 589 Si
610 559 695 589 albus
718 557 844 598 capillus
865 557 912 586 hic
934 555 1061 593 videtur,
1092 557 1259 596 neutiquam
1282 558 1397 596 ingenio
1420 565 1460 586 est
1481 570 1570 588 senex

555 601 633 631 Inest
656 604 685 631 in
707 601 763 630 Ῐιοο
784 600 955 629 amussitata
979 609 1032 628 sua
1054 597 1111 627 sibi
1132 599 1256 637 ingenua
1279 598 1399 630 indoles.

104 649 160 678 Ubi
183 660 220 679 ex
242 651 328 680 Festo
351 652 503 690 legendum
525 653 708 689 emussitata,
731 656 767 680 ut
790 657 817 679 et
838 651 869 679 in
885 649 991 679 Aldina
1014 649 1121 688 legitur
1143 653 1171 677 et
1194 648 1274 687 apud
1290 649 1415 678 Nonium
1438 650 1466 678 in
1490 661 1562 679 voce
1584 650 1760 679 examussim
1784 650 1861 689 (pag.
1874 653 1904 682 9.
1924 651 2038 690 Mero),

103 692 204 721 Malim
233 698 328 722 tamen
350 696 537 732 amussitata‚
573 700 606 723 ut
628 696 658 723 in
682 694 882 733 antiquissima
907 693 1022 721 Veneta.
1066 692 1101 720 Et
1127 691 1211 719 facile
1235 691 1314 730 apud
1338 692 1454 721 Festum
1479 697 1505 721 et
1527 694 1653 721 Nonium
1677 697 1804 721 erratum
1828 693 1916 721 fuisse
1940 694 2039 723 credi—

104 734 217 771 derim,
241 741 268 764 et
289 739 455 766 emussitata
476 748 532 776 pro
556 738 729 766 emussitata
753 747 858 775 operas
880 736 1022 774 posuisse.
1060 734 1123 762 Etsi
1147 734 1244 762 obstat
1266 734 1356 762 series
1380 735 1531 764 literarum
1555 736 1637 773 (vide
1662 744 1735 773 quae
1758 735 1860 763 notavi
1884 736 1920 764 ad
1944 736 2038 767 Plaut.

104 777 165 806 Mil.
189 778 225 816 gl,
243 779 299 815 ΙΙΙ,
326 783 359 815 1,
382 782 433 811 38.
457 791 486 818 p.
499 782 549 811 74.
574 780 620 808 ed.
641 780 813 816 Teubner.).
854 779 946 807 Porro
970 777 1006 806 de
1028 777 1124 815 primo
1148 786 1235 805 versu
1261 776 1370 813 Plauti,
1407 788 1442 806 en
1466 778 1517 806 tibi
1542 778 1638 816 quod,
1669 778 1722 807 etsi
1744 778 1870 806 alienum
1891 779 2039 816 videatur,

105 829 165 848 non
187 821 333 859 ingratum
358 827 453 851 tamen
476 823 539 851 fore
562 822 689 851 consido.
732 822 760 850 Is
783 826 827 850 est
848 831 885 850 ex
910 821 1091 849 Anacreonte
1115 819 1152 847 ad
1175 819 1298 848 verbum
1322 821 1481 849 translatus
1505 820 1560 848 Od.
1576 820 1614 852 48
1635 832 1641 848 =

565 875 671 913 Τρίχινς
692 873 786 913 γέρων
810 872 861 911 μέν
885 871 942 903 ἔστι

565 914 624 951 Τὰς
646 915 677 946 δὲ
699 916 811 955 φρένας
832 912 934 951 νεάζει.

104 962 194 993 Dac.
238 965 374 994 Fortasse
402 971 527 1005 uterque
552 971 580 995 et
602 967 714 996 Nonius
740 972 768 996 et
789 967 893 995 Festus
918 976 1008 1005 prava
1032 965 1110 1004 apud
1134 963 1269 993 Plautum
1295 965 1440 1004 sciiptura
1464 964 1561 1004 decipi
1585 976 1613 993 se
1637 976 1738 1004 passus
1762 972 1814 996 est.
1858 965 1930 994 Nam
1953 965 2040 994 etiam

106 1006 178 1036 cod.
204 1007 281 1036 Cam.
298 1008 334 1036 Il.
359 1009 389 1036 in
413 1010 511 1038 Plauti
533 1009 552 1040 l.
575 1020 601 1038 c.
624 1010 791 1038 emussitata
816 1008 945 1037 exhibet.
978 1008 1118 1037 Amussis
1143 1007 1320 1036 vocabulum
1344 1008 1422 1037 haud
1447 1008 1535 1036 ‹lubie
1559 1008 1710 1037 descendit.
1732 1020 1746 1036 a
1769 1010 1918 1037 Sanscrita
1942 1008 2042 1037 radice

105 1059 186 1085 mas,
214 1050 387 1079 Germanica
410 1063 535 1089 messen,
568 1052 646 1080 unde
670 1053 790 1088 massis,
820 1052 919 1080 messis
941 1051 959 1079 i.
982 1062 1008 1089 q.
1033 1050 1152 1090 μέτρον,
1183 1061 1337 1086 mensura,
1368 1061 1403 1078 ex
1428 1062 1486 1089 quo
1509 1050 1638 1089 praelixa
1661 1061 1678 1078 a
1701 1051 1812 1087 vocali,
1838 1056 1870 1079 ut
1892 1061 1977 1089 saepe
1999 1050 2042 1087 fit,

106 1092 245 1129 amussis,
269 1098 301 1120 ut
324 1094 403 1131 apud
429 1095 557 1123 Graecos
580 1095 707 1135 με’λγειν,
735 1091 875 1133 ἄμολγός,
899 1093 1014 1133 με’ρδω,
1038 1090 1169 1131 ἅμὲρδω,
1198 1091 1289 1132 (ffatim)
1314 1090 1399 1130 ἆμάω
1424 1095 1532 1129 (metu,
1557 1095 1672 1122 Sanscr.
1696 1095 1775 1131 md),
1801 1098 1829 1121 et
1852 1093 1915 1123 alia.

273 1134 502 1166 Endoitium.
545 1136 766 1176 Endoplorato,
790 1135 1038 1175 Endoprocinctu.
1083 1136 1129 1163 Sic
1151 1136 1180 1163 in
1204 1135 1269 1163 ΧΠ.
1293 1135 1354 1165 tab.
1377 1146 1494 1164 manum
1518 1134 1683 1164 endoiacito
1707 1146 1761 1174 pro
1784 1135 1910 1169 inficite,
1934 1139 1962 1163 et
1984 1135 2043 1163 En-

106 1174 174 1202 nius
196 1177 274 1214 apud
299 1179 460 1207 Ausonium
490 1179 520 1207 in
549 1179 775 1217 monosyllabis:
813 1177 897 1206 Εηᾱο
922 1190 1003 1206 suam
1028 1176 1064 1207 do
1087 1188 1142 1216 pro
1164 1178 1194 1206 in
1218 1188 1299 1206 suam
1323 1178 1453 1206 domum.
1498 1178 1560 1206 Hac
1584 1179 1619 1206 de
1644 1188 1747 1215 causa,
1786 1182 1818 1206 ut
1840 1178 1984 1214 arbitror,
2014 1178 2044 1205 in

107 1216 279 1247 kalendario
303 1221 426 1258 Augusti
449 1226 583 1260 tempore
605 1222 741 1250 confecto
764 1233 797 1249 en
821 1231 876 1259 pro
899 1221 1036 1249 interciso
1061 1225 1193 1249 notatum
1217 1225 1275 1256 est,
1300 1221 1383 1258 quasi
1405 1219 1622 1250 endotercisum.
1668 1220 1740 1249 Vide
1762 1219 1814 1249 sub
1836 1231 1886 1249 vos
1906 1218 1994 1259 placo
2017 1223 2045 1248 et

108 1266 221 1290 struere.
245 1262 332 1291 Ant.
355 1262 448 1302 Aug.
483 1264 541 1293 Pro
564 1265 594 1292 in
616 1270 731 1293 veteres
755 1263 892 1292 dicebant
914 1262 996 1293 endo.
1029 1263 1151 1292 Glossae
1174 1262 1264 1299 endo,
1290 1263 1336 1299 ἐν,
1360 1264 1409 1298 εἰς.
1438 1261 1619 1292 Endotuetur
1640 1263 1750 1292 Ennius
1772 1273 1826 1302 pro
1848 1263 1981 1292 intuetur.

640 1313 821 1344 Endotuetur
842 1313 885 1343 ibi
906 1312 985 1352 lupu'
999 1312 1137 1353 femina,
1172 1314 1321 1353 conspicio
1344 1325 1450 1343 amens.

108 1359 197 1390 Duc.
244 1363 355 1392 Gloss.:
385 1363 572 1403 Endoclusa‚
594 1364 779 1405 Endopicus,
802 1363 1028 1404 Endopetiscas,
1051 1363 1271 1400 Endotlocarit,
1296 1363 1527 1406 Endofistabat‚
1551 1363 1759 1394 Endoribuum.
1809 1363 1915 1397 Goth.

272 1413 350 1451 Em,
375 1422 443 1444 tum.
488 1416 572 1444 Hanc
595 1417 721 1454 glossam
745 1417 887 1445 omittunt
910 1416 941 1445 L.
964 1416 991 1444 S.
1015 1415 1084 1444 Dae.
1129 1414 1194 1443 Eri
1217 1414 1356 1444 exhibent
1379 1426 1434 1454 pro
1456 1428 1498 1444 em
1522 1417 1552 1446 B.
1579 1415 1635 1443 Gu.
1650 1418 1676 1446 1.
1709 1414 1908 1453 Undecunque
1930 1413 2048 1443 desum-

109 1457 160 1492 pta
188 1454 242 1491 sit,
280 1466 338 1484 non
366 1458 455 1495 plane
485 1458 649 1488 abiicienda
678 1469 739 1488 esse
768 1459 888 1488 videtur
914 1457 989 1486 haec
1017 1458 1121 1496 glossa.
1164 1456 1219 1485 Em
1250 1458 1325 1486 enim
1352 1459 1539 1487 accusativus
1569 1463 1649 1486 esta
1674 1458 1764 1496 stirpe
1793 1457 1993 1496 pronominali
2021 1466 2048 1483 es

111 1495 243 1534 (Sanscr.
268 1498 300 1537 ἔ)
324 1500 401 1528 unde
423 1501 567 1538 genitivus
589 1503 663 1537 eius,
697 1501 815 1530 dativus
838 1502 878 1538 ei,
917 1500 993 1528 sicut
1015 1501 1054 1528 im
1078 1510 1139 1529 acc.
1163 1510 1178 1528 a
1202 1500 1293 1539 stirpe
1317 1502 1516 1539 pronominali
1539 1502 1563 1529 is
1587 1502 1716 1537 (Sanscr.
1740 1500 1771 1539 i).
1817 1500 1877 1528 Iam
1902 1496 2048 1538 quemad-

110 1538 231 1567 modum
256 1551 319 1569 cum
344 1547 371 1570 et
394 1554 480 1582 quum
504 1543 625 1582 proprie
648 1543 739 1580 nihil,
769 1544 825 1572 nisi
849 1542 1010 1572 accusativi
1034 1542 1217 1581 pronominis
1240 1543 1374 1580 relativi,
1408 1544 1458 1581 qui
1482 1544 1510 1572 in
1534 1543 1674 1571 adverbia
1696 1543 1876 1571 transierunt
1899 1548 2048 1578 tempora-

111 1580 166 1617 lia,
202 1582 241 1610 ita
265 1594 305 1611 em
330 1586 516 1613 accusativus
539 1586 568 1614 in
592 1586 764 1614 adverbium
789 1586 950 1624 temporale
975 1584 1062 1621 abiit,
1098 1584 1264 1622 significans
1288 1596 1319 1614 eo
1343 1593 1482 1624 tempore,
1518 1593 1587 1614 tum.
1633 1585 1745 1614 Etenim
1774 1585 1869 1624 ipsun]
1891 1591 1950 1610 tum
1975 1581 2049 1610 nillil

112 1627 156 1651 est
179 1625 232 1652 nisi
258 1627 446 1654 accusativus
469 1627 583 1665 antiqui
605 1629 789 1666 pronominis
813 1627 1052 1660 demonstrativi,
1076 1627 1156 1664 quod
1181 1636 1217 1654 ex
1238 1633 1323 1665 parte
1346 1627 1443 1656 adhuc
1466 1629 1495 1656 in
1512 1629 1624 1657 Graeco
1649 1638 1781 1655 sermone
1805 1635 1891 1664 super
1910 1629 1964 1653 est:
1987 1621 2048 1660 τᾶν,

113 1664 182 1703 τὴν,
212 1663 261 1703 τό,
293 1672 317 1695 et
344 1669 371 1695 in
396 1669 516 1707 reliquis
540 1670 653 1700 formis.
699 1671 783 1698 Haud
807 1670 896 1698 dubie
918 1669 1008 1706 igitur
1031 1669 1219 1697 scribendum
1243 1681 1301 1705 em,
1333 1680 1390 1698 non
1414 1670 1499 1705 erim,
1530 1681 1582 1699 nec
1606 1671 1660 1704 eri,
1692 1670 1761 1697 licet
1783 1670 1858 1696 inl'ra
1883 1668 1912 1695 in
1936 1677 1961 1695 v.
1987 1665 2049 1695 Nec

114 1707 200 1741 erim,
232 1708 499 1747 interpretationem
523 1712 662 1740 adiecerit
684 1713 801 1740 Paullus
826 1712 887 1741 Nec
909 1723 980 1740 eum.
1025 1711 1169 1739 Nimirum
1194 1711 1281 1739 etiam
1305 1712 1345 1739 ibi
1369 1712 1556 1741 svribendum
1582 1712 1653 1740 Nec
1675 1723 1734 1740 em.

276 1750 474 1791 Empandn.
520 1755 717 1792 Paganoruin,
753 1754 809 1782 hoc
833 1760 874 1782 est
898 1753 1095 1792 agricolarum
1121 1754 1192 1787 (lea,
1225 1753 1253 1781 in
1279 1754 1361 1782 cuius·
1385 1754 1526 1783 honorem
1551 1753 1702 1792 Paganalia
1728 1753 1799 1781 festa
1823 1761 1920 1780 mense
1943 1751 2050 1779 Ianua-

115 1790 159 1817 rio
182 1793 409 1830 peragebantur,
442 1795 557 1832 eadem,
589 1807 663 1835 quae
688 1798 774 1825 Ceres
797 1807 833 1825 ex
857 1797 989 1824 Varrone
1014 1796 1092 1834 apud
1118 1796 1242 1824 Nonium
1267 1793 1411 1834 (pag.44.
1436 1797 1536 1831 Merc.)
1562 1797 1591 1824 in
1616 1793 1761 1823 Pandere:
1799 1793 1913 1830 Varro,
1944 1792 2051 1831 inquit,

114 1832 266 1861 existimat
288 1846 320 1863 ea
346 1848 433 1865 causa
457 1837 533 1875 dici,
571 1838 651 1878 quoti
673 1841 723 1879 qui
746 1850 798 1878 ope
820 1838 994 1878 indigerent,
1027 1846 1052 1866 ct
1075 1837 1115 1866 ud
1136 1837 1247 1877 asylum
1274 1836 1381 1867 Cereris
1404 1839 1616 1879 confugissent,
1645 1837 1732 1874 panis
1756 1835 1891 1873 timetur,-
1926 1833 2051 1873 pandere

115 1884 198 1913 ‘⁷3⁰⁷
223 1878 307 1914 quasi
326 1889 428 1916 panem
453 1879 539 1916 dare,
563 1888 588 1909 et
611 1881 690 1921 quod
713 1892 859 1921 nunquam
874 1881 988 1921 fanum
1013 1879 1120 1908 talibus
1143 1878 1331 1909 clauderetur.
1363 1880 1408 1909 De
1429 1882 1489 1909 vita
1510 1879 1614 1920 populi
1630 1878 1717 1908 Rom*
1737 1877 1786 1908 lib.
1801 1877 1825 1907 Ῑ.
1854 1877 1946 1906 Hanc
1967 1875 2051 1904 deam

115 1915 222 1945 Aelius
240 1925 325 1956 putot
348 1931 404 1948 esse
424 1920 565 1961 Cererem,
587 1923 637 1951 sed
659 1922 738 1963 quod
760 1925 789 1952 in
813 1922 923 1963 asylum
947 1924 998 1963 qui
1019 1922 1211 1963 confugisset,
1234 1922 1321 1960 panis
1339 1921 1469 1959 daretur,
1492 1935 1550 1951 esse
1572 1933 1673 1950 nomen
1685 1922 1794 1960 fictum
1817 1931 1835 1949 α
1854 1930 1930 1959 pane
1951 1915 2049 1946 dando

114 1957 256 1996 pandere,
279 1959 333 1990 hoc
355 1970 394 1990 est
417 1964 535 2002 aperire.
571 1965 635 1993 Non
660 1966 782 1994 dubium
807 1971 866 2001 est,
890 1965 960 2004 quin
985 1965 1113 1993 Pandam
1136 1966 1197 1993 sive
1221 1965 1402 2002 Empandam
1427 1966 1516 1993 Deam
1538 1963 1726 1993 intellexerit.
1757 1963 1813 1991 Sed
1837 1972 1898 1990 eam
1922 1958 2050 1996 Scaliger

117 2010 132 2027 a
156 2001 311 2031 latitudine
335 2005 515 2043 Empandam
539 2007 648 2036 dictam
671 2013 772 2047 putat3
809 2018 874 2036 nam
899 2013 929 2036 et
949 2003 1144 2047 εὐρύστερνος
1167 2007 1329 2037 dicebatur.
1375 2008 1412 2036 At
1435 2008 1529 2036 Varro
1553 2018 1568 2035 a
1590 2005 1756 2046 pandendo.
1799 2003 1927 2033 Eandem
1950 2001 2050 2030 Aelius

117 2042 266 2081 Cererem,
298 2046 428 2085 Scaliger
452 2049 557 2079 Palem.
603 2051 647 2078 Ab
670 2055 795 2089 utraque
817 2055 913 2079 tamen
936 2050 1082 2078 diversam
1106 2050 1203 2078 facere
1228 2049 1346 2077 videtur
1369 2050 1463 2079 Varro
1486 2048 1532 2078 his
1554 2048 1704 2078 versibus:

652 2101 693 2129 Te
714 2101 807 2130 Anna
829 2109 854 2129 et
878 2100 1023 2135 Perenna,
1055 2099 1158 2129 Panda
1181 2100 1243 2130 καὶ
1266 2100 1391 2138 Λατώ,
1424 2099 1517 2137 Pales,

648 2142 799 2180 Nerienes,
827 2142 979 2179 DIinerva,
1009 2142 1139 2171 Fortuna
1162 2153 1198 2171 ac
1223 2141 1312 2172 Ceres.

116 2185 187 2215 Eam
218 2187 265 2216 alii
297 2191 378 2229 pacis
403 2192 498 2221 Deam.
544 2193 640 2222 Gtone.
665 2193 761 2222 Panda
792 2191 911 2231 εἰρήνης
937 2190 1017 2228 θεός.
1062 2193 1115 2221 Cui
1144 2204 1205 2222 non
1233 2193 1379 2222 immerito
1403 2203 1418 2222 a
1443 2190 1597 2231 pandendo
1622 2188 1717 2218 Panda
1742 2197 1848 2217 nomen
1873 2186 1973 2215 datum
1997 2189 2048 2214 est·

117 2227 203 2258 Dae.
244 2231 355 2269 Locus,
380 2244 465 2272 quem
491 2235 558 2264 Dae.
582 2246 617 2264 ex
642 2235 773 2264 Varrone
797 2235 883 2271 citat,
907 2235 1015 2273 legitur
1037 2235 1117 2274 apud
1140 2236 1172 2264 A.
1189 2236 1316 2264 Gellium
1334 2235 1422 2271 Xlll,
1448 2238 1497 2267 21.
1522 2239 1550 2264 et
1572 2233 1613 2262 sic
1636 2230 1809 2261 scribendus
1833 2239 1893 2258 esse
1915 2227 2047 2257 videtur:

651 2286 692 2314 Te
714 2285 806 2314 Anna
829 2292 855 2313 et
876 2286 1023 2322 Perenna,
1051 2284 1171 2322 Panda,
1201 2293 1227 2314 te
1248 2286 1344 2322 Lato,
1372 2284 1467 2322 Pales,

648 2327 784 2364 Neriene,
816 2335 842 2357 te
864 2327 1015 2365 Minerva,
1045 2327 1175 2357 Fortuna
1197 2339 1234 2358 uc
1258 2327 1348 2358 Ceres.

280 2372 402 2404 Emem.
448 2378 521 2407 Vide
545 2379 622 2408 infra
644 2390 695 2409 em.
743 2378 829 2408 Dac.

280 2415 384 2445 Elum
396 2417 435 2447 bu
446 2431 482 2451 m.
525 2420 682 2450 Elumbem.
718 2421 792 2450 Vide
814 2419 975 2460 Elinguem.
998 2420 1086 2450 Dac-
1122 2419 1248 2460 Evuls05
1270 2421 1383 2451 avulso.
1429 2417 1535 2450 Goth.

162 2466 328 2496 GRAMMAT.
348 2479 415 2498 Lar.
438 2470 471 2499 11.
1558 2469 1587 2502 F
1601 2468 1644 2501 ff
