2263 2668
253 196 328 230 666
680 187 1024 222 COMMENTARH
1050 189 1096 222 IN
1123 187 1266 221 PAULI
1292 186 1486 221 DIACONI
1512 187 1767 223 EXGERPTA

253 291 407 324 στυπεῖον,
447 287 660 313 Germanorum
682 279 816 320 stopferu
852 278 966 318 στύφω.
1013 282 1089 316 Quat
1099 285 1126 308 ta
1149 279 1236 309 radix
1259 286 1303 309 est
1324 279 1453 316 Mambli,
1490 280 1562 318 niti,
1600 281 1677 310 unde
1699 279 1850 317 srambha,
1889 281 2041 317 columna,
2078 290 2191 321 stamm,

251 330 390 369 stampse,
415 324 576 363 stampfen3
605 323 735 351 indidem
760 333 877 361 quoque
900 323 1041 351 videntur
1065 324 1245 352 Graecorum
1272 321 1405 361 θάμβος,
1429 325 1575 362 θαμβεῐν,
1598 322 1703 360 ταφών
1727 322 1900 352 derivanda.
1944 325 2001 352 Sed
2025 323 2078 352 has
2100 335 2192 355 voca-

251 374 387 402 bulorum
416 368 531 397 radices
556 365 713 395 cohaerere
736 376 835 394 omncs
858 376 943 394 nemo
966 377 1026 394 non
1049 366 1139 394 videt.
1186 366 1278 395 Aliter
1306 372 1405 394 statuo
1435 366 1470 393 de
1499 376 1573 395 voce
1602 368 1705 406 stirps,
1744 376 1830 403 quam
1858 366 1944 403 longe
1973 367 2048 395 alius
2071 368 2193 405 originis

250 425 312 444 esse
334 412 478 441 existimo.
519 409 593 438 Nam
616 408 864 447 quemadmodum
887 409 1010 437 vocibus
1033 412 1155 448 γρῖπος,
1179 412 1288 449 γρῖφος
1312 411 1494 436 Graecorum
1516 409 1676 448 respondet
1699 409 1870 436 Latinorum
1890 409 2021 447 scirpus,
2043 409 2083 438 ita
2104 411 2193 449 stirps

249 456 320 485 nihil
345 459 404 489 est,
428 454 484 481 nisi
505 452 686 480 Graecorum
709 451 783 488 ῥίψ,
813 451 961 486 calamus,
991 452 1091 488 virga,
1122 461 1159 480 ex
1183 462 1239 490 qua
1262 462 1335 479 voce
1359 452 1469 478 sactum
1492 452 1596 490 strips,
1618 452 1720 490 stirps,
1745 456 1778 479 ut
1800 461 1837 479 ex
1861 449 1898 479 lis
1920 451 2029 479 factum
2053 457 2096 480 est
2116 451 2191 490 ulis,

249 509 284 527 ex
308 508 335 526 v.
357 496 484 531 lembus,
511 493 657 524 stlembus.
703 494 766 522 Erit
786 494 878 531 igitur
898 495 986 533 stirps
1008 494 1131 532 proprie
1153 494 1229 522 idem
1254 494 1334 533 quod
1359 493 1505 529 calamus,
1529 492 1626 531 lzalm,
1648 492 1770 533 stengel,
1795 499 1824 522 et
1847 503 1937 531 quum
1961 494 2017 532 ῤ’ἰψ
2040 495 2192 524 manifeste

248 544 402 578 cognatum
433 539 470 566 sit
498 547 566 566 cum
595 547 669 565 voce
699 537 782 573 ῥίζα,
819 536 881 564 fieri
910 537 996 564 aliter
1024 546 1083 564 non
1110 537 1222 575 potuit,
1257 537 1327 576 quin
1352 536 1438 564 etiam
1460 534 1574 564 radicis
1595 537 1743 565 notionem
1765 546 1794 564 v.
1816 537 1903 576 stirps
1925 536 2070 566 indueret.
2114 536 2192 566 Hinc

246 583 424 612 translatum
447 585 490 609 est
510 580 548 608 ad
572 580 699 608 familiae
722 589 756 607 ac
779 579 974 616 generationis
997 578 1184 616 significatus.

411 631 601 661 Sobrinus.
646 631 693 659 Ait
715 631 851 659 sobrinos
874 630 932 658 dici
955 629 1201 659 consobrinorum
1226 630 1317 663 filios,
1343 633 1375 656 ut
1398 634 1426 656 et
1450 629 1553 657 Donat.
1576 629 1605 657 in
1631 629 1722 659 Andr.
1745 629 1809 659 Act.
1825 629 1859 658 V.
1882 638 1922 658 sc.
1936 630 1965 661 4.
1990 629 2050 668 (IV,
2074 631 2108 667 5,
2132 629 2190 669 6.):

246 674 382 711 Sobrini,
406 674 518 712 inquit,
548 681 614 702 sunt
637 672 874 702 consobrinorum
887 671 963 712 filii.
1006 673 1061 700 Per
1084 673 1276 701 consobrinos
1298 675 1394 699 autem
1418 671 1525 699 fraires
1549 672 1694 708 patrueles
1719 676 1747 700 et
1770 672 1883 700 amitini
1906 672 2088 710 intelligendi
2110 678 2190 708 sunt,

246 728 373 756 quorum
403 716 488 745 liberi
517 716 640 754 proprie
669 716 780 744 sobrini
804 715 955 743 dicuntur.
1002 716 1089 743 Caius
1111 716 1141 744 in
1165 716 1193 744 L.
1211 719 1239 746 ὃ.
1266 715 1297 742 D.
1320 713 1356 741 de
1379 714 1460 749 grad.
1484 719 1512 742 et
1534 715 1570 742 ad
1595 714 1658 742 lina
1696 713 1783 750 Item,
1815 714 1927 752 inquit,
1957 715 2058 754 patrui
2079 716 2190 754 magni,

245 761 352 788 amitae
373 769 512 797 magnae,
542 756 681 787 avunculi
703 758 820 797 magni,
849 764 1017 785 materterae
1039 769 1161 797 magnae
1183 768 1284 797 nepos,
1308 756 1417 794 neptis‚·
1445 757 1496 795 qui
1518 768 1557 785 ex
1577 755 1721 796 fratribus
1739 756 1935 795 patruelibus,
1959 764 2010 785 aut
2033 757 2190 786 consobri—

244 803 305 837 nis,
335 809 386 829 aut
408 801 553 835 amitinis,
586 799 713 840 undique
731 801 906 840 propagati,
936 801 1054 838 proprie
1077 799 1187 828 sobrini
1210 806 1359 828 vocantur.
1404 799 1483 826 Infra
1508 800 1537 827 in
1561 799 1658 827 verbis
1681 799 1760 827 Festi
1782 799 1955 837 legendum,
1990 804 2020 827 ut
2044 799 2075 827 in
2098 800 2190 829 veteri

242 843 308 871 lib.:
346 842 466 871 Femina
495 841 596 870 iisdem
626 841 661 871 de
688 843 785 871 causis
810 840 940 881 appellat
959 842 1085 881 fratrem
1108 850 1133 871 et
1151 842 1275 883 fratrem
1297 839 1456 880 patruelem
1481 848 1507 870 el
1530 840 1734 870 consobrinum
1757 848 1783 869 et
1803 842 1924 881 propius
1945 840 2064 870 sobrino
2086 849 2113 870 et
2134 852 2190 871 so-

243 884 350 916 briaae.
390 885 464 913 Vide
483 883 607 923 Propius
629 884 756 914 sobrino.
801 884 888 912 Duc.

406 935 603 964 Sororium
626 934 808 974 tigillum.
832 934 890 973 (Ad
915 945 943 973 p.
959 935 1028 965 143.
1045 939 1074 963 et
1088 935 1172 973 240.)
1196 934 1295 963 Aurel.
1320 934 1432 962 Victor.
1455 933 1492 962 de
1512 934 1586 962 viris
1610 934 1774 962 illustribus
1798 936 1835 970 (e.
1850 934 1906 970 4.):
1939 933 1976 962 Et
1999 946 2064 963 cum
2086 933 2190 974 spoliis

241 985 360 1006 onustus
381 977 484 1006 rediret
500 977 671 1017 (Horatius)
687 988 812 1006 sororem
837 976 951 1005 obt-iam
975 976 1095 1013 habuit,
1118 989 1191 1017 quae
1212 977 1274 1005 viso
1295 974 1505 1014 paludamento
1527 977 1627 1016 sponsi
1647 976 1708 1012 sui,
1732 978 1782 1016 qui
1804 988 1877 1004 unus
1899 987 1939 1005 ex
1957 976 2096 1005 Curiatiis
2116 985 2188 1014 erat,

236 1021 307 1059 flere
322 1021 430 1059 coepit,
452 1019 550 1060 frater
564 1031 624 1048 eam
644 1018 768 1055 occidit,
794 1030 883 1059 quare
905 1018 985 1058 opud
1003 1019 1178 1048 Duumviros
1201 1017 1427 1055 condemnatus,
1448 1017 1488 1047 ad
1503 1017 1643 1057 populum
1659 1019 1847 1057 provocavit,
1870 1017 1920 1047 ubi
1935 1019 2041 1057 patriis
2058 1017 2189 1048 lacrimis

241 1061 424 1090 condonatus
449 1061 486 1090 ab
509 1073 541 1090 eo
564 1061 709 1099 expiandi
729 1064 830 1100 gratia
852 1060 904 1090 sub
928 1060 1055 1100 tigillum
1079 1062 1199 1098 missus,
1223 1059 1302 1100 quod
1324 1072 1401 1089 nunc
1424 1072 1537 1100 quoque
1559 1062 1622 1089 viae
1644 1062 1824 1100 suppositum
1847 1062 1990 1090 sororium
2012 1060 2188 1101 appellatur.

239 1105 393 1133 Sororium
425 1104 551 1142 tigillum
580 1105 609 1133 in
640 1104 760 1141 regione
787 1109 894 1142 quarta
923 1105 1051 1132 collocat
1076 1105 1186 1134 Victor.
1215 1103 1303 1133 Dac.
1343 1103 1434 1132 Metii
1452 1103 1581 1144 Siffetii.
1617 1103 1660 1131 Ita
1683 1113 1770 1140 saepe
1792 1104 1936 1141 scriptum
1958 1104 2108 1132 invenitur
2129 1103 2188 1132 hoc

239 1157 363 1183 nomen,
395 1147 446 1175 sed
471 1146 581 1185 ubique
604 1146 828 1175 rescribendum
852 1146 944 1176 Metti
963 1145 1084 1187 Fufetii.
1128 1147 1200 1175 Ram
1227 1145 1401 1184 Φουφέττιον
1425 1146 1528 1174 Graeci
1551 1151 1668 1174 vocant.
1701 1145 1810 1174 Idem.
1855 1147 1942 1175 Recte
1966 1145 2095 1188 Fuffitii‚
2124 1146 2142 1177 ἰ.
2164 1156 2188 1175 e.

240 1186 361 1230 Fuffetii
382 1190 414 1218 in
436 1189 562 1218 schedis.

404 1239 619 1269 Sororiare.
664 1241 739 1268 Sunt
762 1240 812 1277 qui
836 1239 932 1267 Plauti
954 1248 1073 1267 versum
1096 1239 1139 1268 ita
1160 1240 1274 1277 legant:
1304 1239 1389 1267 Tunc
1408 1236 1543 1277 papillae
1563 1239 1690 1278 primum
1713 1238 1919 1267 sororiabant:
1941 1237 2018 1267 illud
2038 1237 2119 1268 volui
2140 1237 2187 1267 di-

240 1293 301 1310 cere
319 1281 568 1322 fraterculabant.
614 1282 685 1318 Alii,
718 1288 749 1311 ut
772 1282 917 1317 Faernus,
946 1282 1048 1318 legunt
1068 1281 1246 1321 primulum,
1282 1286 1409 1320 propter
1431 1291 1549 1309 versum
1573 1282 1737 1317 senarium,
1772 1282 1821 1319 qui
1845 1282 1875 1309 in
1898 1291 1932 1309 eo
1955 1281 2046 1310 verbo
2071 1281 2186 1310 desinit.

241 1325 314 1353 Vide
337 1324 484 1353 Fratrare.
507 1325 595 1355 Ant.
620 1324 711 1364 Aug.
758 1325 878 1353 Plautus
899 1324 1081 1352 Fribularia:

980 1384 1015 1387 ——
1063 1383 1104 1387 —
1147 1374 1216 1395 tunc
1237 1364 1370 1405 papillae
1389 1365 1526 1403 primitus

903 1407 1167 1446 Fraterculabant;
1193 1407 1269 1436 illud
1291 1406 1372 1436 volui
1396 1405 1489 1435 <licere

901 1450 1116 1489 .S'or0riabant‚·
1146 1448 1217 1490 quid
1240 1461 1312 1489 opus
1333 1456 1374 1477 est
1396 1447 1515 1478 verbis?

239 1493 338 1523 Scal.

401 1534 586 1574 Surregit.
633 1535 767 1572 Sui-regit
797 1540 825 1563 et
856 1540 973 1563 sosctus
996 1535 1111 1573 antiqui
1132 1533 1284 1573 ponebant
1305 1544 1362 1572 pro
1387 1533 1481 1570 surgit
1503 1538 1531 1561 et
1555 1535 1616 1562 eius
1639 1534 1817 1572 panticipio,
1856 1534 1940 1572 quasi
1962 1535 2001 1563 sit
2022 1539 2185 1570 surrectus,

238 1583 270 1606 ut
293 1583 336 1606 est
359 1578 388 1606 in
413 1577 577 1606 Annalibus
600 1578 630 1604 L.
654 1577 770 1612 Livssli,
797 1578 826 1605 in
851 1577 956 1615 quibus
979 1577 1010 1605 id
1033 1578 1204 1615 frequenter
1227 1581 1278 1604 est.
1322 1576 1432 1604 Paulus
1455 1575 1644 1605 abbreviator
1666 1587 1720 1615 pro
1745 1577 1775 1604 L.
1799 1577 1906 1605 Livillo
1930 1576 2046 1606 Livium
2068 1581 2184 1616 poetam

236 1620 387 1659 intelligit,
417 1620 517 1648 nescio
541 1630 576 1647 au
602 1620 717 1648 diversa
741 1619 870 1648 lectione
894 1631 908 1648 a
932 1624 1034 1648 nostra
1060 1630 1139 1648 usus.
1185 1619 1274 1647 Dae.

402 1669 503 1698 Sors.
551 1670 623 1698 Vide
646 1669 828 1698 Desertiones
851 1675 880 1698 et
902 1669 1031 1699 Eretum.
1075 1670 1125 1698 Sic
1150 1669 1271 1698 Graecis
1293 1671 1405 1707 κλῆρος
1428 1674 1457 1696 et
1479 1679 1534 1707 pro
1557 1669 1740 1698 haereditate
1762 1674 1791 1697 et
1812 1679 1868 1708 pro
1891 1669 2013 1698 deorum
2034 1670 2185 1708 responsis

237 1712 378 1749 sumitur,
415 1717 443 1740 et
465 1723 522 1751 pro
546 1723 597 1749 eo,
635 1712 715 1750 quod
740 1712 847 1751 cuique
869 1713 898 1740 in
920 1712 1072 1741 sortiendo
1096 1712 1225 1750 contigit.
1249 1710 1340 1740 Duc.
1387 1711 1515 1739 Glossis:
1554 1711 1652 1740 Sortes
1674 1712 1818 1751 χρησμοί,
1851 1713 1972 1752 κλῆροι,
2005 1711 2038 1742 αἱ
2058 1712 2186 1750 κεφαλαὶ

238 1752 449 1794 δανεισμάτων.
497 1753 523 1783 G
530 1754 601 1784 oth.

401 1804 591 1835 Soracum.
637 1805 793 1841 Refertur,
822 1811 855 1833 ut
877 1805 1003 1843 opinor,
1027 1817 1042 1834 a
1066 1806 1152 1834 Festo
1177 1815 1279 1833 veisus
1302 1805 1400 1833 Plauti
1422 1806 1452 1833 iu
1475 1806 1562 1834 Persa
1585 1805 1655 1844 (Ill,
1682 1808 1713 1841 1,
1737 1804 1814 1844 64.):
1840 1804 2000 1834 Librorum
2023 1806 2097 1835 enim
2119 1817 2187 1836 ecce

240 1845 321 1875 illum
342 1846 458 1886 plenum
483 1858 633 1876 sorracum
657 1846 758 1876 habeo.
803 1847 862 1876 Sed
885 1848 1008 1876 verbum
1031 1848 1105 1876 enim
1130 1858 1187 1876 nou
1210 1848 1343 1884 agnoscit
1365 1847 1484 1884 Festus,
1520 1853 1549 1876 et
1571 1858 1624 1886 pro
1646 1858 1711 1876 ecce
1732 1845 1816 1876 illum
1838 1847 1901 1875 sive
1923 1846 2076 1885 eccillum,
2108 1847 2185 1878 icil-

241 1886 299 1915 lum
321 1890 437 1928 scripsit
460 1890 616 1925 librarius,
641 1890 721 1928 quod
744 1890 774 1918 in
798 1890 928 1926 margine
951 1895 1086 1919 notatum
1109 1900 1170 1918 esse
1193 1889 1281 1918 video
1303 1890 1390 1919 litera
1410 1888 1451 1919 R.
1487 1889 1573 1918 Vaiie
1595 1889 1654 1919 hoc
1677 1899 1782 1918 nomen
1805 1890 1950 1928 scriptum
1972 1891 2080 1929 reperi.
2110 1891 2183 1920 Nam

243 1929 415 1963 Quintilian.
438 1932 488 1960 lib.
502 1932 579 1961 Vffl.
602 1942 665 1970 cap.
681 1934 711 1962 3.
736 1933 828 1961 refert
853 1934 1025 1961 Ciceronem
1048 1933 1079 1961 in
1101 1933 1240 1961 Pisonem
1263 1933 1434 1971 scripsisse:
1474 1930 1547 1961 Cum
1574 1931 1629 1961 tihi
1656 1939 1718 1961 tota
1746 1932 1884 1971 cognatio
1909 1933 1940 1961 in
1963 1943 2079 1963 serraco
2101 1934 2185 1970 (sar-

242 1974 324 2008 raco)
347 1972 516 2003 advehatur.
559 1975 596 2003 Et
619 1974 736 2006 Vitruv.
759 1975 810 2003 lib.
824 1976 861 2004 X.
885 1979 1010 2014 cap.1.:
1045 1974 1228 2004 Portationes
1257 1985 1355 2004 eorum
1383 1985 1441 2003 non
1472 1982 1579 2011 essent,
1612 1975 1671 2003 nisi
1696 1973 1896 2014 plaustrorum
1926 1981 1978 2002 aut
1997 1985 2184 2005 sarracenam

240 2023 291 2050 per
318 2020 438 2051 terram,
474 2016 677 2046 navicularum
705 2027 757 2056 per
782 2028 892 2058 aquam
920 2019 1053 2046 inventae
1079 2024 1169 2046 essent
1195 2016 1438 2046 machinationes.
1481 2017 1584 2047 iuven.
1606 2017 1740 2053 Sanni,
1764 2017 1882 2054 (255.):
1917 2016 2025 2056 Longa
2049 2025 2184 2047 coruscat

243 2052 372 2083 Sarraco
399 2058 524 2086 veniente
551 2058 645 2095 abies,
682 2067 770 2099 atque
796 2058 891 2089 altera
919 2061 1022 2100 pinum
1044 2058 1182 2088 Plaustra
1207 2058 1321 2088 vehunt.
1365 2059 1403 2088 Et
1425 2060 1523 2098 Satyr.
1540 2060 1579 2096 V,
1602 2061 1691 2097 (23.):
1727 2058 1850 2098 Frigida
1877 2059 2079 2099 circumagunt
2103 2060 2184 2100 pigri

244 2094 375 2124 Sarraca
396 2096 515 2127 Bootae.
547 2101 662 2140 Ulpian.
685 2102 740 2130 sub
763 2102 853 2130 titulo
878 2102 915 2130 ad
936 2103 956 2132 l.
980 2103 1077 2141 Aquil.
1101 2112 1164 2140 cap.
1177 2104 1245 2134 29.:
1272 2100 1349 2140 Quia
1368 2102 1455 2141 parvi
1477 2101 1565 2144 refert
1586 2112 1688 2131 navem
1710 2099 1908 2137 immittendo,
1930 2109 1981 2130 aut
2003 2100 2182 2131 serraculum

243 2136 284 2165 ad
305 2149 405 2166 navem
429 2138 575 2176 ducendo,
612 2154 650 2172 an
674 2151 724 2172 tua
744 2156 836 2173 manu
859 2142 998 2173 damnum
1021 2143 1142 2174 dederis.
1189 2144 1285 2180 Quem
1313 2145 1413 2172 locum
1440 2154 1501 2173 non
1529 2144 1726 2179 intelligentes
1751 2154 1806 2182 pro
1829 2144 1980 2173 serraculo
2002 2142 2182 2173 servaculum

244 2179 291 2229 {2⁸¹
311 2179 500 2217 verriculum,
528 2184 576 2211 vel
597 2184 824 2223 gubernaculum
847 2187 894 2215 vel
905 2185 1079 2228 feraculum
1103 2186 1270 2217 ediderunt.
1292 2187 1380 2216 Ant.
1400 2186 1495 2226 Aug.
1537 2187 1595 2216 Alii
1619 2186 1773 2216 Snracum.
1813 2187 2008 2215 Glossarium:
2039 2184 2182 2223 San-ram,

244 2222 350 2272 αᾳαξα-
373 2221 474 2252 Scul.
519 2224 542 2264 ᾼ
567 2226 678 2255 Graeco
702 2226 852 2266 στύρακος,
884 2229 920 2257 de
943 2240 1001 2267 quo
1024 2230 1067 2258 sic
1088 2230 1211 2258 Pollux:
1243 2226 1388 2267 Σώρακος
1410 2229 1440 2259 δὲ
1461 2227 1542 2268 παρὰ
1563 2232 1626 2265 τοῖς
1647 2230 1875 2267 κωμῳδοποιοῖς
1897 2226 1993 2263 οὕτως
2014 2224 2181 2268 αἷνομάσθη

245 2275 277 2294 ¹⁰
301 2267 435 2304 αΥΥΕῑθν,
464 2264 496 2295 ἐν
519 2265 542 2305 ᾧ
565 2265 599 2295 τᾶ
622 2267 708 2307 σκεύη
731 2273 790 2300 τῶν
812 2269 992 2311 ὑποκριτῶν.
1035 2272 1116 2301 Idem
1139 2276 1183 2300 est
1205 2282 1341 2300 soracum
1365 2281 1399 2299 ac
1420 2283 1573 2304 soracum,
1603 2271 1682 2310 quod
1704 2271 1736 2299 in
1757 2271 1854 2299 Gloss.
1876 2271 2038 2309 exponitur
2057 2270 2181 2299 vehicu-

245 2306 315 2354 lum.
330 2306 443 2354 ’Quare
466 2307 623 2336 dicendum
647 2315 704 2345 est,
728 2313 824 2349 primo
848 2324 984 2343 soracum
1009 2314 1120 2343 dictum
1142 2313 1326 2348 vehiculum,
1347 2314 1377 2341 in
1402 2323 1461 2352 quo
1484 2314 1582 2343 corbis
1606 2318 1681 2349 erat,
1705 2313 1752 2342 vel
1775 2313 1857 2342 aliud
1879 2324 1930 2342 vas
1952 2313 1989 2342 ad
2009 2323 2111 2341 omnes
2132 2321 2179 2340 res

245 2348 445 2397 recipiendas,
466 2354 568 2388 postea
591 2360 662 2378 vero
686 2353 811 2388 quodvis
832 2355 1018 2392 vehiculum,
1043 2367 1102 2395 quo
1125 2367 1215 2385 onera
1238 2361 1407 2396 portantur.
1444 2356 1548 2395 Neque
1570 2356 1735 2386 audiendus
1757 2356 1931 2393 Salmasius,
1955 2355 2006 2394 qui
2027 2355 2178 2383 diversum

245 2391 326 2422 facit.
357 2391 444 2419 Varie
465 2397 563 2420 autem
586 2392 727 2431 scriptum
749 2394 902 2425 invenitur
924 2398 1000 2426 illud
1023 2408 1145 2435 nomen,
1167 2410 1320 2435 soracum,
1343 2409 1496 2436 soracum,
1519 2410 1671 2429 sarr-acum
1694 2403 1724 2427 et
1741 2409 1899 2427 serr-acum.
1930 2398 1988 2426 Sed
2011 2394 2179 2433 ubicunque

246 2434 294 2463 vel
313 2443 465 2463 aarracum
487 2434 595 2472 legitur
615 2435 662 2464 vel
684 2446 846 2472 urracam,
869 2440 1091 2468 rescribendum
1115 2445 1189 2478 puto
1211 2451 1346 2470 sav-acum
1369 2441 1416 2469 vel
1438 2451 1583 2471 soracum.
1621 2441 1694 2469 Nam
1709 2451 1726 2469 ο
1743 2450 1831 2478 saepe
1846 2443 1979 2468 mutatur
1992 2438 2021 2466 in
2038 2448 2064 2466 a.
2087 2437 2177 2468 Dac.
