2263 2668
824 174 912 208 LIB.
939 172 983 206 11.
1035 171 1178 207 SEGM.
1205 173 1230 206 l.

1911 177 1985 211 123

49 270 166 317 rasus,
193 268 285 317 ⁷⁸²{fi5
311 274 343 303 et
375 269 488 313 siqua
520 268 609 301 talia.
674 268 752 303 Gas
777 280 878 302 unum
904 267 1060 301 Latinum
1087 270 1321 311 monoptotum
1355 269 1506 313 repperi,
1540 270 1671 314 generis
1704 270 1824 312 omnis,
1855 283 1983 317 nugas.

50 323 179 357 Graeca
206 322 321 355 tertiae
347 325 419 353 sunt
445 319 691 363 declinationis,
728 321 771 353 tis
797 320 951 354 facientia
977 318 1141 364 genitivo,
1167 330 1190 351 n
1216 324 1291 352 ante
1318 331 1391 352 eam
1426 320 1600 363 habentia,
1633 321 1770 367 Gigas,
1803 323 1982 368 Gigantis.

55 374 127 407 Ges
153 379 306 417 correpta
332 373 447 405 tertiae
480 368 601 413 sunt'fl,
636 372 679 404 Iis
705 372 828 406 faciunt
854 371 1023 416 genitivo,
1057 381 1179 415 seges,
1215 371 1364 415 segelis3
1390 373 1555 415 producta
1584 385 1663 406 vero
1690 375 1750 418 gis
1760 371 1801 415 Ἠ,
1828 379 1983 419 strages,

49 425 195 470 stragis.
245 425 377 458 Graeca
404 433 484 456 vero
511 423 570 468 gis
597 423 649 455 vel
676 423 719 456 lis
744 424 799 456 vel
830 435 922 468 gae,
963 422 1103 467 Gyges,
1136 421 1270 466 Gygis,
1302 422 1356 454 vel
1388 421 1582 468 Gygctisffl,
1616 425 1670 457 vel
1701 425 1851 470 Gygaeg
1883 426 1983 459 Gan-

49 488 135 522 ges,
168 476 324 520 Gangis,
358 475 412 507 vel
444 474 639 519 Gangetis,
674 475 728 507 vel
759 475 925 519 Gangae.
991 474 1070 514 Gis,
1107 484 1173 506 non
1207 474 1315 506 inveni
1349 473 1414 506 hac
1449 476 1576 518 syllaba
1609 488 1730 508 nomen
1765 478 1982 511 terminatum.

56 524 161 561 Gos²⁴
195 532 228 560 et
259 526 450 570 corripitur,
486 530 518 558 et
552 525 721 558 Graecum
755 532 820 567 est,
856 526 924 559 hoc
959 525 1099 570 Argos,
1133 524 1234 558 haias
1271 524 1386 569 Argi,
1422 526 1646 560 declinationis
1680 539 1797 561 secun-
1853 527 1982 575 [1465]

51 579 125 612 dae.
176 578 254 611 Hoc
279 583 388 610 tamen
414 589 536 610 nomen
562 589 700 610 numero
727 574 897 620 qnidem²⁵
922 577 1098 621 singulari,
1125 588 1249 620 genere
1276 582 1392 608 neutro
1421 577 1554 617 dicitur,
1581 579 1703 622 plurali
1730 591 1825 618 vero,
1853 592 1984 614 mascu-

50 631 137 670 lino,
164 629 201 662 hi
226 629 346 674 Argi,
373 625 440 661 ut²⁶
465 629 531 661 hoc
551 640 720 673 porrum,
748 630 784 662 hi
803 629 916 674 porri.
969 629 1031 660 His
1058 628 1219 660 contraria
1244 632 1318 660 sunt
1342 639 1478 661 numero
1508 631 1666 674 singulari
1691 632 1880 672 masculina,
1906 633 1986 676 plu-

50 682 112 714 rali
138 685 270 722 neutra,
297 680 354 713 hic
386 680 569 718 Tartarus,
596 680 686 713 hacc
717 680 872 714 Tartara
881 694 893 724 ,-
919 679 976 713 hic
1008 679 1213 723 Gargar-us,
1241 679 1330 712 haec
1361 679 1556 724 Gargarm
1581 682 1638 714 hic
1667 682 1867 721 Maenalus,
1895 683 1985 717 haec

50 732 234 766 Maenala.
292 731 385 771 Gns,
417 731 582 764 secundae
609 729 733 773 sunt²⁷,
758 733 801 777 gi
826 732 952 765 faciunt
977 731 1135 775 genitivo,
1163 742 1324 776 mergus,
1351 733 1477 776 mergi.
1528 734 1663 772 Neutra,
1690 734 1772 766 sicut
1798 746 1897 778 supra
1920 735 1985 766 do-

51 784 195 825 cuimus,
222 795 263 816 us
287 784 479 823 terminata,
507 783 616 815 omnia
643 788 715 815 sunt
742 780 888 817 tertiae²³
914 782 1161 821 declinationis,
1196 783 1245 815 ris
1270 782 1417 827 genitivo
1444 782 1613 826 facientia,
1645 784 1783 830 frigus,
1806 785 1986 831 Ji·ig01·is;

51 835 197 880 exceptis
223 840 395 878 quattuor,
422 835 569 880 vulgus,
597 835 768 880 pelagas,
790 846 878 880 pus,
903 835 1016 877 virus,
1045 834 1088 866 de
1115 835 1233 877 quibus
1258 834 1361 879 paulo
1389 839 1463 867 ante
1489 836 1633 870 tractavi.

213 910 273 946 44.
326 910 423 953 Has,
450 911 564 944 tertiae
590 915 664 943 sunt
690 911 840 954 Graeca,
875 911 931 944 dis
956 910 1103 955 genitivo
1130 907 1306 955 faciunt²⁰,
1347 910 1504 954 Orchas,
1536 911 1723 946 Orc-hadis.

284 962 471 996 Orchatlcs
498 967 530 995 et
555 962 662 995 radii.

50 1013 165 1047 Unum
191 1014 297 1046 inveni
324 1015 501 1047 barbarum
527 1018 780 1057 monoptotum,
807 1012 1018 1058 Naphthas,·
1052 1009 1258 1046 Sallustius³¹
1289 1013 1409 1057 posuit.
1466 1012 1541 1046 Hcs
1566 1014 1730 1058 producta
1757 1014 1888 1049 Graeca
1914 1019 1987 1048 sunt

50 1066 166 1098 tertiae
193 1065 437 1104 declinationis,
473 1065 547 1098 chis
572 1065 626 1097 vel
653 1065 697 1098 tis
722 1065 875 1098 facientia
902 1065 1064 1109 genitivo,
1098 1064 1254 1105 Laches,
1290 1065 1474 1106 Lachetis,
1509 1064 1563 1098 vel
1588 1065 1738 1104 Lachis;
1771 1063 1839 1099 ut³²
1875 1066 1986 1100 Chre-

52 1128 142 1158 mes,
173 1116 350 1157 Chremis,
377 1118 429 1148 vel
461 1116 674 1153 Chremetis;
703 1116 829 1150 Dares.
882 1116 1073 1149 Terentius:

276 1168 432 1201 Puerum
458 1168 598 1200 conveni
629 1165 829 1203 Chrcmis³³.

51 1218 135 1259 His,
163 1219 277 1252 tertiae
303 1216 423 1261 sunt34,
457 1219 512 1252 dis
538 1219 664 1252 faciunt
690 1220 855 1263 genitivo,
889 1218 1062 1260 Bacchis,
1092 1217 1295 1251 Bacchidis.
1347 1217 1439 1260 Hos,
1473 1230 1538 1251 non
1565 1219 1673 1251 inveni
1698 1218 1757 1252 nisi
1783 1230 1883 1251 unum
1909 1219 1987 1252 bar—

50 1270 168 1303 barum
194 1282 332 1303 numero
359 1282 490 1315 semper
516 1271 655 1314 plurali,
688 1267 886 1311 Tarrhosffi,
914 1281 1037 1303 nomen
1063 1270 1200 1304 civitatis
1226 1269 1350 1302 lectum
1377 1271 1411 1303 in
1437 1271 1606 1303 Sallustio.
1657 1270 1735 1304 Has
1761 1267 1933 1313 anteque³⁶
1957 1281 1988 1312 c,

55 1320 195 1355 Orchus
225 1321 351 1362 Orchi,
387 1322 553 1356 secundae
581 1323 817 1355 declinationis.
870 1322 950 1363 Ias,
988 1322 1137 1363 Graeca,
1174 1322 1230 1354 ‹lis
1256 1321 1380 1353 faciunt
1406 1323 1571 1366 genitivo,
1605 1322 1830 1355 declinationis
1863 1322 1988 1364 tertiae,

56 1372 204 1417 Thyias,
244 1371 455 1418 Thyiadisffl.
513 1373 581 1416 Jes,
609 1373 676 1416 Its,
710 1375 762 1407 his
788 1374 904 1408 iunctis
938 1373 1065 1406 nullum
1093 1385 1214 1406 nomen
1240 1374 1375 1417 repperi
1407 1375 1626 1406 terminatum.
1685 1374 1744 1407 Ios
1776 1373 1988 1417 productum,

51 1436 152 1457 unum
178 1426 299 1465 inveni,
329 1426 388 1458 sed
415 1437 553 1458 numero
580 1422 753 1469 plurali³¹³‚
786 1426 895 1466 Teios,
923 1425 1060 1458 civitatis
1087 1420 1251 1458 nonien³⁹.
1305 1424 1367 1456 Ius
1392 1426 1675 1469 monosyllabum,
1702 1437 1724 1457 u
1751 1431 1825 1457 ante
1851 1425 1900 1457 ris
1924 1424 1989 1457 ha-

50 1476 145 1509 bebit
169 1476 202 1509 in
228 1477 391 1521 genitivo,
419 1478 471 1510 ius
497 1477 603 1515 inris3
630 1474 863 1520 disyllabum⁴⁰
889 1477 941 1509 vel
969 1477 1130 1520 amplius,
1159 1476 1396 1520 comparativa,
1424 1482 1456 1509 et
1476 1477 1547 1521 ipsa
1576 1477 1626 1509 ris
1651 1477 1774 1510 faciunt
1799 1472 1989 1521 genitivofl,

52 1527 110 1560 sed
137 1533 211 1561 ante
238 1540 310 1561 eain
338 1540 357 1562 o
383 1529 602 1573 productam,
628 1529 759 1571 maias,
782 1524 949 1565 maiori&
977 1529 1097 1573 peius,
1125 1529 1268 1573 peioris.
1329 1527 1426 1567 Kas,
1454 1527 1544 1569 Kcs,
1571 1527 1655 1568 Kis,
1683 1528 1775 1568 Kos,
1806 1528 1902 1568 Rus,
1937 1527 1990 1559 his

53 1578 186 1622 syllabis
219 1580 346 1613 nullum
373 1592 495 1613 nomen
528 1581 737 1622 terminatur,
771 1581 898 1614 ratione
925 1579 962 1612 Κ
988 1580 1133 1621 litterae,
1168 1591 1269 1624 quam
1296 1590 1395 1623 supra
1421 1578 1538 1619 docui,
1572 1579 1663 1622 quod
1689 1591 1858 1623 nunquam
1883 1579 1942 1611 nisi
1967 1589 1990 1611 a

52 1630 162 1664 solum
187 1636 265 1676 post
290 1644 324 1664 se
353 1632 477 1675 habet,
504 1632 597 1665 nulla
623 1632 728 1665 altera
754 1633 863 1666 littera
889 1642 1001 1665 secum
1028 1632 1147 1665 iuncta.

217 1692 276 1727 45.

1776 912 1935 958 Virgilius
1944 909 1986 946 ³⁰:
2008 944 2012 946 .

1305 1686 1317 1706 2

330 1694 422 1736 Las,
456 1695 482 1727 si
506 1696 661 1729 vocalem
693 1698 769 1726 ante
795 1705 829 1726 se
855 1693 1026 1735 habuerit,
1060 1698 1073 1727 t
1105 1694 1159 1727 vel
1186 1687 1304 1725 aliam*
1350 1695 1582 1724 consonantem
1608 1695 1742 1736 praeter
1769 1689 1831 1731 ΖΒ,
1861 1689 1991 1734 primae

53 1793 129 1823 desit
148 1794 180 1823 in
195 1795 264 1824 cod.
286 1795 352 1824 Asc.
372 1796 403 1824 P.
448 1797 543 1835 Supra
567 1796 598 1825 in
618 1795 708 1824 simili
723 1804 769 1823 re:
800 1801 831 1823 ut
854 1793 909 1823 hoc
928 1806 1004 1833 por-

55 1848 127 1866 rum.
148 1853 190 1859 —
233 1841 278 1874 33)
293 1837 415 1869 Terent.
433 1839 525 1868 Andr.
542 1839 578 1873 11,
597 1842 625 1874 2,
640 1840 691 1869 31.
736 1838 778 1865 Cs.
796 1837 935 1867 Priscian.
954 1837 1002 1872 Vl,

56 1881 105 1914 11,
120 1882 167 1911 60.
189 1897 231 1902 --
272 1879 319 1919 34)
339 1880 414 1917 His,
442 1882 542 1910 tertiae
567 1880 773 1910 declinationis
794 1887 875 1915 sunt,
897 1890 1005 1918 graeca

54 1920 86 1949 P.
118 1920 178 1950 His
197 1923 296 1982 tertia?⁸
311 1930 393 1960 sunt,
417 1922 462 1952 <lis
478 1929 532 1953 cet.
565 1923 637 1952 Cod.
655 1924 721 1952 Asc.
739 1922 818 1960 quod
835 1922 949 1960 scripsi.
964 1936 1003 1942 ν-

291 1969 298 1982 l

55 1987 101 2025 35)
126 1988 197 2016 Cod.
220 1988 334 2019 thar-ros
359 1987 435 2028 (sic).
461 1991 526 2019 lloe
549 1991 571 2019 si
597 2000 699 2018 verum
724 1994 783 2021 est,
815 1988 1004 2017 scribendum

57 2029 228 2067 Tharrhos,
250 2036 283 2059 ut
303 2033 340 2060 sit
359 2033 503 2061 Graecum
522 2032 649 2071 Θάῤῥος.
682 2031 861 2069 intelligitur
883 2032 1006 2058 sortasse

56 2073 200 2111 oppidum
216 2074 360 2111 Cretense,
380 2076 459 2112 quod
475 2080 570 2104 tamen
587 2075 668 2113 apud
685 2075 828 2103 Mannert.
846 2072 1005 2108 10111.Vl[l,

54 2126 121 2155 pag·
136 2118 206 2146 700.
220 2116 359 2146 scribitur
371 2118 488 2147 Tar-ros.
523 2118 580 2146 Sed
593 2118 653 2146 vid.
670 2117 745 2144 infra
756 2119 855 2146 5o.—
877 2114 922 2153 36)
940 2113 1006 2142 Hus

55 2165 123 2186 ante
145 2169 160 2186 c
186 2163 291 2186 contra
313 2164 438 2187 mentem
463 2160 655 2189 Gramumiici
679 2164 707 2186 et
728 2159 789 2186 sine
811 2167 898 2185 sensu
923 2158 953 2185 A.
972 2157 1004 2184 P.

56 2200 114 2228 Sed
133 2200 204 2230 Cod.
222 2201 273 2238 qui
291 2202 400 2238 pariter
416 2201 503 2230 habet
526 2210 592 2231 ante
609 2213 624 2230 c
639 2211 725 2238 supra
748 2201 876 2227 litteram
894 2210 909 2227 c
925 2198 1007 2227 scri-

55 2247 141 2281 ptum
162 2242 250 2271 habet
270 2254 340 2282 qne,
368 2244 446 2272 unde
470 2245 645 2279 intelligitur
668 2249 810 2281 anteque
839 2253 854 2270 c
876 2241 1005 2270 voluisse

56 2285 221 2313 librarium.
266 2285 371 2313 Omnia
386 2290 483 2314 lamen
498 2287 584 2315 haec:
629 2283 696 2312 I‘Ius
710 2292 830 2324 anteque
844 2300 886 2305 —
901 2295 1006 2312 secun-

57 2326 113 2355 dae
129 2326 210 2362 decl,
229 2327 258 2355 in
276 2328 404 2362 margine
422 2328 494 2357 Cod.
512 2329 622 2367 scripta
647 2331 723 2355 sunl.
740 2343 782 2348 —
824 2326 872 2365 37)
896 2327 1008 2354 'I'erriae

58 2368 280 2406 declinationis,
313 2370 421 2405 ΊἸιίιις,
455 2370 580 2398 Thiadis
609 2370 673 2398 Asc.
700 2370 728 2398 P.
782 2369 847 2397 Non
879 2373 922 2397 est
947 2378 1007 2396 vox

59 2413 170 2440 Graeca
193 2410 273 2448 θιάς.
303 2413 390 2443 Cod.:
421 2411 626 2441 declinationis
649 2412 748 2440 tertiae
772 2411 853 2452 thyas
884 2410 1006 2451 tlzyaclis.

1047 1793 1157 1831 Scripsi
1179 1792 1269 1829 igitur
1294 1788 1416 1828 Thyias,
1448 1790 1526 1828 quod
1555 1796 1597 1820 est
1616 1792 1797 1820 Graecorum
1823 1789 1922 1827 θυιάς.
1951 1808 1988 1813 —-

1045 1839 1089 1869 33)
1118 1835 1212 1863 Unum
1237 1834 1332 1862 inveni
1358 1844 1473 1861 numero
1498 1844 1606 1873 semper
1626 1833 1739 1873 plurali
1761 1835 1825 1862 Asc.
1850 1835 1879 1862 Ρ.
1935 1833 1989 1863 Un.

1046 1878 1141 1906 inveni
1162 1875 1212 1905 secl
1235 1887 1349 1905 numero
1360 1874 1401 1913 ΡΖ.
1419 1874 1492 1904 Cod.
1505 1893 1543 1897 —
1588 1876 1637 1915 39)
1648 1877 1699 1905 His
1715 1877 1797 1905 addit
1813 1878 1860 1905 R:
1885 1874 1992 1904 dicitur

1046 1921 1120 1948 sicut
1145 1918 1293 1954 Tar-rhos,
1324 1927 1396 1956 quae
1421 1922 1502 1946 recte
1525 1918 1631 1947 absunt
1655 1919 1690 1946 ab
1712 1919 1777 1948 Asc.
1802 1925 1831 1948 et
1858 1919 1927 1947 Cod.
1950 1933 1993 1939 —-

1046 1962 1091 1999 40)
1117 1960 1313 2001 Dis-syllabam
1336 1960 1401 1988 Asc.
1419 1960 1450 1988 P.
1473 1959 1649 1998 disyllabum
1669 1962 1739 1990 Cod.
1760 1978 1803 1985 —
1843 1962 1887 1995 41)
1908 1960 1993 1989 Geni-

1049 2004 1107 2033 tivo
1131 2004 1262 2031 additum
1287 2013 1302 2031 e
1324 2002 1395 2032 Cod.
1414 2018 1453 2024 ——-
1497 2004 1542 2038 4⁶2)
1562 2002 1597 2032 Si
1617 2003 1746 2033 vocalem
1765 2012 1831 2032 ante
1853 2003 1993 2037 habuerit,

1909 2049 1933 2063 Re

1049 2082 1080 2108 e,
1110 2068 1157 2099 vel
1180 2069 1281 2100 aliam.
1326 2070 1367 2099 Ila
1392 2074 1533 2108 corrupte
1551 2070 1619 2100 Asc.
1639 2072 1669 2100 P.
1714 2071 1748 2100 Si
1766 2083 1829 2101 voc.
1854 2078 1920 2100 ante
1939 2069 1995 2098 ha-

1050 2112 1139 2141 huet—it
1155 2114 1222 2151 (sic)
1245 2120 1255 2140 t
1277 2112 1324 2142 vel
1341 2112 1431 2142 aliam
1447 2113 1516 2141 Cod.
1562 2114 1755 2142 scribendum
1778 2119 1875 2142 tamen
1896 2113 1995 2152 polius

1049 2155 1185 2185 videtur:
1208 2167 1224 2185 c
1239 2154 1285 2184 vel
1302 2154 1414 2193 aliam,·
1437 2167 1452 2184 c
1467 2161 1495 2184 et
1514 2162 1524 2183 i
1546 2156 1699 2194 aliquoties
1718 2157 1941 2186 confunduntur
1964 2154 1995 2181 iu

1050 2199 1121 2227 cod.
1138 2215 1180 2220 —
1222 2198 1270 2236 43)
1286 2197 1403 2227 Praeter
1418 2197 1438 2235 Z,
1455 2211 1477 2233 r,
1491 2199 1612 2237 primae.
1656 2200 1699 2228 lta
1716 2200 1790 2228 salso
1809 2200 1874 2228 Asc.
1889 2199 1918 2227 P.
1962 2196 1994 2224 In

1378 2248 1387 2269 l

1050 2282 1121 2312 Cod.
1141 2287 1199 2312 est:
1222 2290 1335 2321 praeter
1364 2294 1379 2319 χ·
1395 2279 1482 2322 (sic),
1507 2283 1586 2311 unde
1606 2283 1783 2321 intelligitur
1797 2297 1812 2312 r
1828 2283 1913 2322 plane
1934 2288 1993 2308 esse

1049 2326 1226 2360 delendum,
1257 2326 1286 2353 id
1316 2325 1397 2363 quod
1426 2326 1473 2354 vel
1503 2325 1564 2353 sine
1596 2326 1667 2354 Cod.
1695 2337 1731 2354 ex
1761 2337 1839 2364 seqq.
1870 2320 1993 2357 intelligi

1050 2373 1176 2408 poterat.
1221 2369 1323 2397 Paullo
1347 2373 1416 2407 post
1437 2367 1527 2397 asilus
1549 2367 1640 2397 asilae
1665 2367 1743 2406 (sic)
1762 2371 1793 2398 in
1817 2366 1885 2395 Cod.
1906 2371 1993 2402 supra

1049 2422 1105 2440 scr.
1127 2427 1168 2434 -

1510 2470 1590 2512 Q*
