2263 2668
519 127 584 161 DE
611 125 997 162 SIGNIFICATIONE
1026 126 1309 164 VERBORUM.
1362 129 1507 164 LIBER
1533 131 1624 166 XIV.
1970 134 2046 169 577

260 222 433 261 Paginae.
478 220 500 249 A
521 220 673 259 pagendo,
694 220 724 249 id
749 225 792 250 est
814 219 980 259 pangendo.
1013 220 1133 249 Graecis
1157 221 1289 257 σελίδεις.
1320 223 1445 261 Paginae
1470 224 1599 263 antiquis
1623 224 1659 253 de
1679 224 1763 253 libris
1786 224 1954 256 chartarum
1978 240 2046 268 pro-

92 265 156 305 prie
185 264 362 293 dicebantur
391 268 419 292 et
451 273 487 291 ex
516 274 575 292 una
602 269 717 292 tantum
749 268 833 302 parte
864 263 993 301 scriptae
1025 268 1117 292 erant.
1161 265 1298 293 Tabellae
1325 275 1398 294 vero
1429 267 1466 296 de
1495 267 1674 297 membranis
1703 272 1790 296 etex
1812 274 1939 308 utraque
1961 278 2047 310 parte

92 308 182 337 scribi
205 308 319 336 solitae.
342 306 428 335 Dac.
468 305 619 344 Figuntur.
651 306 802 343 Figantur.
851 304 955 334 Goth.

262 353 404 379 Parcus,
451 348 606 376 Parentum
630 353 659 377 et
679 354 798 387 patrum
821 349 941 377 nomine
968 347 1017 376 avi
1040 352 1068 376 et
1090 349 1194 386 proavi
1218 350 1426 389 continentur,
1464 357 1496 381 ut
1520 352 1650 381 filiorum
1674 362 1749 380 voce
1773 358 1912 392 nepotes,
1951 366 2047 395 nepo-

93 400 157 423 lum
180 404 252 422 vero
274 401 374 420 omnes
397 391 517 430 posteri.
562 390 647 420 Dae.

261 437 306 464 Pa
317 441 400 462 rrei.
445 434 547 462 Cicero
571 433 600 461 in
624 433 739 463 Vcrrin.
766 433 863 463 Divin.
889 432 956 471 (17,
980 431 1058 471 56.):
1084 431 1118 461 Si
1139 441 1221 472 paret
1243 445 1304 462 eam
1328 446 1358 464 se
1380 443 1406 464 et
1428 447 1481 465 sua
1500 436 1621 465 Veneris
1643 448 1701 465 esse
1726 435 1847 467 dixisse.
1879 439 1916 467 Et
1936 439 1984 468 lib,
1999 440 2047 470 IV.

96 478 231 519 (Act.11‚
253 480 288 513 2,
315 476 391 514 12.):
429 474 463 504 Si
483 483 566 515 paret
584 474 715 517 fundum
741 474 933 515 Capenatem,
962 486 1019 515 quo
1043 473 1078 502 cle
1101 477 1213 515 agitur,
1249 487 1289 505 ex
1311 478 1372 506 iure
1394 491 1456 507 eum
1481 482 1509 508 P.
1534 477 1651 508 Servilii
1674 491 1739 507 esse.
1784 480 1820 508 Et
1842 481 1892 509 lib.
1909 482 1942 510 V.
1966 480 2047 522 (Act.

94 522 126 550 iu
149 521 232 549 Verr.
249 520 287 556 ll,
312 522 347 555 3,
370 517 450 558 22.);
489 518 523 546 Si
543 525 642 557 paret,
673 519 772 557 iugera
793 516 885 558 fundi
906 529 963 546 csse
983 516 1082 557 plura.
1128 519 1162 546 Et
1185 518 1273 553 (lbid.
1292 519 1333 556 Il,
1356 523 1390 556 3,
1414 522 1494 559 28.):
1526 521 1562 550 Si
1582 528 1666 560 paret
1688 520 1825 551 adversus
1848 523 1973 553 edictum
1993 525 2049 565 fe·-

96 565 176 593 cisse.
215 563 252 591 Et
275 572 319 600 pr.
343 563 378 597 Q.
401 562 485 589 Rosc.
510 561 618 599 (c.4.):
648 560 681 589 Si
702 569 785 599 paret
808 559 884 591 H.S.
907 558 1021 589 DCCC.
1047 558 1121 589 dari.
1161 561 1263 590 lustin.
1288 562 1337 590 lib.
1352 562 1385 591 V.
1409 564 1496 594 Inst.:
1528 563 1562 593 Si
1584 571 1706 603 apparet
1729 575 1791 592 eum
1816 564 1887 593 dare
1909 575 2048 606 oportere.

96 607 151 634 Cui
175 605 321 633 formulae
345 604 428 632 addit
450 603 649 642 Theophilus:
681 602 849 632 condemna
872 614 933 631 eum
956 601 1058 632 iudex.
1081 603 1166 632 Ant.
1190 604 1284 643 Aug.
1329 605 1363 633 In
1386 605 1442 634 fine
1466 607 1542 644 Iege:
1571 614 1601 634 ut
1613 607 1701 646 fieret
1721 614 1821 645 paret,
1852 608 1932 647 quod
1956 617 1981 637 et
2004 611 2049 638 in—

95 648 228 676 veniatur
258 648 288 675 in
320 644 489 685 comparet,
528 646 671 685 Apparet.
704 644 804 676 Scal.
856 645 889 674 In
919 645 1056 674 formulis
1086 645 1267 675 iudiciorum
1299 647 1465 677 dandorum
1497 649 1608 688 primas
1639 648 1756 677 tenebat
1784 657 1877 688 paret.
1929 651 2047 681 Petron.

96 689 174 729 (pag.
190 691 260 722 175.
286 689 330 718 ed.
353 688 459 728 Lips.):

717 729 946 759 Iurisconsultus
965 737 1065 770 paret,
1092 742 1150 759 non
1170 739 1271 770 paret,
1296 732 1400 761 habeto

759 773 861 812 Atque
883 780 941 801 esto
963 773 1104 813 quicquid
1128 772 1245 802 Servius
1266 782 1292 803 et
1312 774 1425 804 Labeo.

96 817 187 855 Apud
210 821 325 845 veteres
349 816 425 844 enim
448 816 540 843 multa
563 815 652 843 verba
675 815 789 854 duplici
816 816 1024 853 coniugatione
1046 815 1156 844 inflexa
1179 817 1334 854 leguntur,
1361 828 1464 854 caveo,
1493 827 1565 846 cavo
1589 818 1689 847 Horat.
1712 817 1836 855 Fervet»,
1857 818 1946 860 fervo
1970 820 2050 858 Virg.
2097 834 2102 842 ι

96 857 331 900 Fulgeo,fulgo
355 859 470 887 Lucret.
494 856 654 896 Indulgeo‚
678 857 801 897 indulgo
823 858 939 887 Terent.
967 856 1056 895 Oleo,
1080 857 1128 886 olo
1151 859 1247 887 Plaut.
1271 859 1359 890 Dac.
1399 860 1482 888 Adde
1506 870 1580 898 quae
1603 861 1639 889 de
1662 860 1719 889 hoc
1742 871 1848 899 genere
1872 863 1998 901 exposui
2019 863 2050 891 in

97 903 150 931 Ed.
175 904 253 941 0pp.
275 902 346 929 min.
370 901 528 936 Prisciani,
553 910 628 938 quae
652 900 764 939 prodiit
787 901 817 931 L.
840 901 871 931 Β.
898 903 1002 937 1818.,
1026 902 1176 940 pag.344.
1191 912 1272 940 seqq.

265 942 426 972 Paribus
449 944 563 983 equis.
608 943 696 972 Pares
720 943 860 971 dicebant
882 943 969 972 binos
993 947 1021 971 et
1043 944 1158 972 fratres.
1203 945 1338 982 Propert.
1361 944 1412 972 lib.
1425 944 1475 973 ΙΙΙ.
1499 945 1577 983 Eleg.
1594 948 1640 977 7.;

719 985 891 1026 Electosque
911 997 996 1025 pares
1018 984 1150 1024 sylvestri
1172 986 1296 1015 eoeubere
1320 998 1404 1026 reges.

97 1029 146 1057 Sic
169 1033 272 1057 contra
292 1027 404 1068 fraires
426 1027 563 1056 dicebant
584 1038 639 1067 pro
663 1027 741 1056 binis
764 1033 792 1057 et
815 1029 952 1068 paribus,
989 1028 1059 1057 inde
1078 1027 1212 1070 fratrare
1232 1040 1394 1068 pueroium
1420 1039 1562 1057 mammae
1586 1029 1745 1067 dicuntur,
1779 1030 1858 1069 quod
1882 1031 1965 1059 velut
1988 1031 2050 1059 sra-

96 1077 157 1100 tres
180 1081 267 1110 pares
291 1071 440 1102 oriuntur.
464 1070 553 1100 Dac.
598 1070 684 1099 Adde
707 1081 797 1109 supra
824 1072 977 1100 Parui-ium
1000 1083 1055 1099 aes.
1104 1069 1207 1100 Goth.

264 1114 359 1142 Para
371 1114 472 1142 rium.
519 1113 608 1148 Quod
636 1123 691 1152 pro
714 1114 853 1152 paribus,
890 1113 948 1142 hoc
971 1119 1016 1142 est
1038 1114 1114 1142 binis
1139 1114 1221 1151 equis
1245 1113 1392 1152 equitibus
1417 1114 1555 1143 dabatur.
1601 1115 1673 1143 Vide
1699 1114 1821 1144 Par-ibus
1843 1115 1931 1155 equis.
1962 1114 2053 1144 Dae.

100 1154 188 1194 Quod
208 1167 262 1195 pro
287 1154 362 1184 binis
384 1156 472 1195 equis.
518 1156 606 1192 Quod
630 1166 685 1195 pro
709 1157 848 1195 paribus,
880 1156 912 1185 id
936 1161 980 1185 est
1001 1156 1079 1185 binis
1102 1157 1186 1195 equis
1210 1156 1347 1185 dabatur.
1391 1156 1434 1184 lta
1458 1157 1577 1185 Festum
1600 1158 1753 1196 scripsisse
1779 1162 1869 1196 puto3
1899 1157 1968 1185 facit
1993 1167 2054 1186 vox

100 1198 223 1229 Par-ibus
246 1198 332 1226 infra.
380 1197 488 1230 Goth.

265 1241 401 1269 Parioi.
447 1241 657 1269 Persuaserunt
685 1240 742 1268 sibi
768 1240 825 1268 viri
849 1240 929 1269 docti
953 1239 1077 1270 Paricos
1099 1245 1271 1279 quaestores
1295 1241 1405 1277 dictos,
1443 1242 1493 1280 qui
1517 1252 1618 1270 rerum
1642 1242 1811 1281 capitalium
1835 1251 1937 1269 caussa
1962 1242 2054 1270 creati

98 1288 203 1312 essent.
247 1283 307 1311 Nos
340 1288 443 1311 contra
471 1283 550 1311 omni
581 1293 671 1321 opere
701 1283 908 1311 contendimus
937 1293 998 1311 non
1024 1284 1124 1312 Parici
1151 1291 1331 1324 quaestores,
1368 1284 1420 1312 sed
1446 1283 1578 1313 Paricicli
1604 1292 1768 1324 quaestores
1796 1284 1952 1322 legendum
1982 1294 2053 1315 esse.

97 1326 173 1355 Vide
200 1335 305 1354 vocem
332 1324 513 1363 Quaestores.
558 1325 602 1353 lta
631 1326 720 1363 igitur
749 1325 936 1354 vocabantur
960 1326 1139 1361 Quaestores
1168 1337 1269 1355 rerum
1298 1327 1479 1365 capitalium.
1524 1328 1662 1355 Clausula
1685 1337 1755 1356 vero
1782 1325 1921 1356 Par-icida
1943 1334 2001 1356 esto
2025 1328 2056 1355 in

98 1370 177 1397 ouini
200 1378 232 1396 re
256 1367 377 1406 capitali
405 1368 584 1405 ponebatur.
629 1368 735 1396 Cicero
754 1368 789 1398 ΙΙ.
814 1368 851 1396 de
875 1368 971 1406 Legib.
996 1369 1065 1405 (9.):
1105 1368 1230 1397 Sacrum
1259 1380 1379 1398 sacrove
1409 1369 1658 1406 commendatum,
1696 1371 1748 1410 qui
1774 1368 1891 1409 cleperit
1921 1370 2055 1409 rapsitve,

95 1409 233 1451 paricida
255 1417 330 1446 esto,
353 1410 385 1437 id
410 1415 453 1438 est
476 1408 589 1449 capital
610 1417 677 1439 esto.
702 1409 805 1440 Scal.
844 1409 882 1438 Id
904 1418 1008 1439 autem.
1039 1411 1255 1441 indemnatum.
1302 1410 1407 1440 Gotlz.

265 1454 478 1492 Purumper.
522 1453 548 1480 A
573 1453 687 1481 Graeco
717 1453 816 1491 potius
845 1450 1029 1492 παῦρόνπερ.
1062 1454 1150 1483 Duc.
1195 1455 1270 1482 Sane
1300 1455 1442 1483 credibile
1473 1458 1531 1491 est,
1570 1454 1739 1483 Latinorum
1766 1454 1932 1482 encliticam
1953 1466 2005 1494 per
2027 1459 2057 1483 et

95 1499 244 1536 potestate
267 1505 319 1523 sua
344 1500 372 1523 et
394 1496 508 1533 origine
531 1495 652 1523 eandem
676 1506 739 1524 esse
761 1501 851 1534 atque
875 1497 1059 1524 Graecorum
1083 1497 1181 1525 enclit.
1204 1499 1275 1536 πέρ,
1306 1507 1382 1535 quae
1405 1502 1438 1526 ut
1460 1497 1530 1526 satis
1553 1502 1659 1525 notum
1681 1501 1744 1533 est,
1767 1502 1832 1526 orta
1856 1502 1899 1525 est
1922 1508 1958 1525 ex
1981 1497 2057 1537 περί.

97 1540 182 1568 Alius
204 1539 365 1567 sententiae
389 1538 508 1566 videtur
532 1548 594 1566 esse
620 1538 788 1567 Doederlin.
811 1540 880 1576 Syn.
905 1539 965 1567 Lat.
988 1543 1060 1566 tom.
1074 1539 1094 1566 1.
1118 1549 1183 1576 pag.
1199 1542 1247 1570 13.
1272 1550 1358 1577 quem
1383 1539 1461 1569 vide.

266 1582 518 1619 Parasangae.
562 1581 608 1608 Ex
629 1580 783 1609 Herodoto
808 1585 837 1609 et
859 1580 1006 1619 Hesychio
1026 1583 1076 1611 30.
1102 1581 1196 1609 stadia
1220 1582 1385 1611 continent.
1429 1584 1506 1611 Sunt
1528 1587 1642 1619 tamen,
1673 1582 1724 1620 qui
1747 1592 1841 1620 usque
1865 1582 1902 1610 ad
1925 1584 1976 1613 60.
2000 1582 2058 1611 tri-

96 1624 199 1653 buant.
244 1622 336 1651 Dae.

266 1665 435 1694 Penuria.
479 1664 598 1703 Optime
623 1664 706 1693 Voss.
730 1664 839 1704 (Etym.
862 1665 926 1693 sub.
950 1675 978 1695 v.
999 1664 1151 1704 penuria):
1178 1664 1267 1704 Quod
1286 1667 1374 1706 penui
1396 1667 1492 1695 minus
1514 1667 1560 1696 sit.
1593 1667 1666 1695 Nam
1690 1678 1705 1695 a
1727 1677 1803 1705 penu
1826 1665 1946 1695 deducit
1966 1678 2058 1706 penu-

99 1709 154 1737 ria.
199 1706 285 1735 Dac-

266 1747 442 1778 pellices.
487 1748 510 1776 A
529 1749 645 1778 Graeco
667 1747 823 1785 πάλλακες.
857 1750 968 1778 Gellius
990 1750 1039 1780 hb.
1055 1750 1102 1780 1V.
1123 1761 1187 1789 cap.
1202 1752 1233 1782 3.
1268 1750 1325 1779 Sed
1350 1761 1417 1779 cum
1441 1751 1539 1789 pellex
1563 1751 1600 1780 sit
1623 1751 1702 1785 eius,
1727 1751 1778 1789 qui
1800 1750 1906 1779 habeat
1924 1761 2060 1789 uxorem,

99 1788 236 1828 παλλακή
260 1801 330 1820 vero
356 1790 493 1827 coelibis,
517 1792 607 1828 magis
631 1792 726 1830 placet
749 1792 819 1820 lano
838 1793 1016 1829 Guilielm07
1040 1797 1072 1820 ut
1093 1792 1195 1833 pellem
1218 1793 1256 1821 sit
1279 1804 1294 1821 a
1315 1792 1509 1832 pelliciendo,
1537 1799 1567 1822 ut
1592 1794 1626 1821 ab
1651 1792 1801 1822 illiciendo
1825 1792 1910 1822 illex.
1948 1794 2058 1822 Contra

100 1841 201 1864 tamen
225 1834 308 1862 Voss.
331 1834 362 1862 in
384 1834 512 1872 Etymol.
558 1834 632 1869 Quis
658 1835 766 1871 nescit,
797 1835 912 1873 inquit,
943 1846 1009 1864 cum
1033 1846 1122 1864 voces
1146 1846 1183 1864 ex
1207 1845 1262 1863 una
1290 1836 1386 1873 lingua
1411 1837 1440 1864 in
1464 1836 1550 1864 aliam
1571 1836 1837 1872 transfunduntur,
1863 1836 2059 1874 quemadmo—

100 1878 171 1906 dum
200 1877 231 1905 in
261 1876 338 1904 vinis
367 1876 416 1913 fit,
452 1876 493 1904 ita
524 1882 552 1905 et
580 1876 653 1905 haec
683 1887 800 1915 quoque
830 1877 965 1906 nonnihil
992 1878 1073 1907 abire
1097 1889 1112 1906 a
1137 1878 1231 1917 priori
1257 1879 1384 1907 natura?
1425 1878 1524 1914 Quare
1548 1879 1620 1907 mihi
1644 1879 1762 1917 quidem
1787 1878 1909 1906 dubium
1934 1888 1993 1906 non
2017 1878 2058 1914 fit,

100 1921 173 1958 quin
196 1919 294 1958 pellex
317 1920 354 1946 sit
377 1929 393 1946 a
416 1920 577 1955 παλλακίς,
602 1920 711 1948 extrito
736 1921 747 1948 i
770 1925 798 1948 et
820 1931 966 1949 converso
994 1932 1011 1948 α
1034 1922 1065 1949 in
1088 1933 1110 1949 e.
1145 1921 1207 1949 Hoc
1223 1921 1345 1949 Vossius
1370 1922 1478 1961 (Etym.
1503 1921 1557 1950 sub
1581 1932 1609 1950 v.
1630 1920 1754 1961 pellex).
1787 1921 1844 1948 Sed
1866 1930 1932 1948 cum
1952 1921 2058 1949 Graeci

99 1961 210 1998 πάλλαξ
233 1967 262 1991 et
284 1959 395 1999 πάλληξ
418 1962 568 1997 dixerint,
599 1962 667 1990 inde
689 1963 806 1990 facilius
827 1962 937 2002 pellex.
962 1963 1050 1992 Dac.
1090 1961 1151 1991 Sed
1173 1964 1259 1991 etiam
1284 1975 1385 1994 mares.
1427 1965 1473 1992 Ait
1497 1975 1591 1992 mares
1615 1965 1700 1993 etiam
1724 1963 1846 2002 pellices
1869 1963 1945 1999 dici,
1977 1963 2058 2002 quod

100 2015 205 2034 verum
228 2009 278 2032 cst.
319 2004 451 2042 Hesych:
483 2001 666 2040 παλλάκιον,
696 2004 865 2044 μειράκιον,
910 2006 1006 2034 Gloss.
1031 2011 1117 2034 vett:
1146 2004 1278 2044 παλλακὴ
1303 2005 1483 2043 concubina,
1513 2006 1654 2041 succuba,
1683 2005 1793 2045 pellex.
1831 2005 1920 2034 Item:
1947 2005 2059 2044 πάλληξ

98 2059 194 2088 pupa,
226 2044 355 2086 pupula,
391 2044 557 2075 catulaster.
602 2047 691 2076 Item:
727 2045 894 2078 παλλάκιον
918 2047 1139 2077 concubinatus.
1186 2049 1239 2076 Ubi
1264 2049 1417 2077 manifeste
1440 2049 1596 2086 legendum
1622 2047 1808 2078 concubinus.
1854 2048 1956 2086 Neque
1980 2049 2058 2077 enim

102 2101 231 2129 uuquam
253 2087 406 2127 pallacion
430 2089 465 2116 de
488 2089 669 2118 scortatione
692 2089 749 2118 dici
774 2095 887 2128 potest,
910 2091 960 2118 sed
985 2091 1022 2118 de
1046 2090 1188 2118 scortillo.
1213 2089 1321 2119 Idem.
1358 2090 1461 2121 Pellem
1482 2103 1566 2120 aram
1584 2091 1704 2120 Iunonis
1726 2102 1760 2119 ne
1777 2091 1901 2129 tangito.
1933 2090 1996 2119 Hoc
2015 2096 2058 2120 est

101 2140 135 2163 ut
157 2134 369 2171 interpretatur
394 2132 522 2160 Granius
548 2133 670 2161 Flaccus
693 2134 723 2160 in
746 2133 823 2160 libro
848 2133 884 2161 de
907 2134 971 2161 iure
995 2133 1170 2171 Papiriano,
1209 2134 1308 2171 pellex
1338 2134 1411 2162 nulli
1438 2134 1502 2162 viro
1526 2144 1650 2163 uxorem
1675 2133 1796 2161 habenti
1819 2142 1855 2161 ne
1877 2133 1996 2171 nubito,
2032 2134 2056 2161 si

101 2177 253 2216 nupserit,
278 2173 410 2202 crinibus
434 2174 576 2204 demissis.
614 2175 753 2203 Demissis
777 2175 907 2203 crinibus
932 2176 962 2203 in
986 2175 1124 2203 tristitiae
1147 2176 1272 2213 signum.
1309 2176 1396 2206 ovid.
1420 2176 1502 2216 (Her.
1518 2178 1561 2214 X,
1587 2175 1683 2212 137.):

722 2217 835 2256 Aspice
858 2217 1011 2250 demissos,
1036 2216 1160 2255 lugentis
1182 2229 1274 2255 more,
1298 2218 1434 2258 capillos·

100 2260 208 2290 Idem.
240 2257 313 2287 Vide
335 2258 440 2289 l.144.
466 2258 503 2287 de
526 2269 553 2288 V.
580 2260 652 2296 sign.
679 2257 784 2288 Goth.
829 2259 979 2289 Pellicum.
1009 2260 1156 2288 Pellitum.
1202 2259 1310 2289 Idem.

269 2299 464 2330 Pae-(lidos.
513 2302 534 2329 Α
557 2300 697 2341 paedore,
737 2302 817 2340 quod
848 2299 907 2332 οἷπὸ
937 2305 990 2333 τοῦ
1011 2300 1134 2338 παιδὸς,
1176 2303 1225 2331 alii
1246 2302 1339 2342 pedor
1362 2314 1375 2331 a
1398 2301 1485 2342 pede,
1522 2307 1556 2331 ut
1579 2303 1616 2332 sit
1638 2303 1746 2342 pedum
1771 2303 1895 2331 illuvies.
1941 2301 2052 2328 Closs:

99 2343 212 2386 paedor
236 2340 347 2379 ῥύπος,
379 2340 501 2381 αι’·χμὸς.
525 2344 615 2372 Duc.
658 2344 747 2373 Forte
771 2355 786 2372 a
809 2345 934 2384 pedibus
958 2355 1008 2373 seu
1032 2345 1180 2383 pediculis
1206 2356 1232 2374 v,
1253 2346 1328 2375 infra
1354 2345 1476 2375 Pedibus
1498 2345 1632 2375 obsitum.
1672 2347 1697 2374 ls
1721 2351 1817 2374 autem
1840 2345 1958 2371 videtur
1980 2353 2051 2379 esse,

102 2391 153 2428 qui
176 2386 272 2415 Nonio
297 2384 376 2424 (pag.
392 2388 461 2417 163.
481 2385 583 2427 Merc.)
607 2387 797 2426 paeminosus
820 2398 853 2416 ac
874 2389 945 2417 mali
968 2387 1069 2416 odoris
1092 2398 1106 2416 a
1130 2388 1257 2427 pedore,
1280 2389 1331 2417 ubi
1355 2399 1458 2418 vereor
1479 2399 1516 2417 ne
1539 2388 1695 2426 legendum
1719 2389 1757 2416 sit
1778 2386 1967 2426 pedidosum,
1992 2395 2050 2413 non

151 2437 319 2466 GRAMMAT.
337 2446 406 2465 rar.
425 2435 462 2464 ΙΙ.
1502 2441 1533 2474 D
1546 2441 1566 2474 (1
1584 2441 1605 2474 d
1621 2440 1644 2473 (l
