2263 2668
791 152 883 188 ARS
921 149 1257 185 GRAMMATICA.
1929 161 2001 195 281

835 246 900 280 De
942 244 1211 291 Participio.

222 323 281 357 21.
333 323 416 356 Sunt
449 327 560 355 autem
598 322 763 365 quaedam
797 321 976 367 participia
1014 321 1132 354 similia
1166 321 1465 366 appellationibus,
1493 328 1528 356 ut
1554 335 1678 368 passuS,
1705 322 1848 369 iussus²²‚
1883 330 2001 374 cultus,

59 387 146 419 quae
169 371 426 409 discernuntur²³
452 374 683 409 declinatione.
736 376 823 407 Nam
851 374 979 417 quoties
1006 373 1138 405 nomina
1169 378 1257 414 sunt,
1292 373 1325 405 iu
1359 375 1506 418 genitivo
1532 376 1689 420 singulari
1716 378 1750 409 in
1775 390 1815 411 us
1840 381 2002 423 syllabam

60 422 219 467 exeunt²⁴,
248 431 282 459 ut
308 426 405 458 huius
431 436 560 469 passus,
586 425 704 467 iussus,
736 427 857 463 cultus;
885 424 997 456 dativo
1015 429 1047 456 et
1064 424 1210 457 ablativo
1230 425 1261 456 in
1288 425 1300 456 i
1324 430 1356 456 et
1378 436 1419 466 u,
1446 431 1481 457 ut
1507 426 1586 459 huic
1617 429 1747 472 passui,
1772 429 1844 462 ius-
1872 431 2002 479 [1950]

60 479 126 518 sui,
154 477 272 515 culum
307 473 371 509 et²⁵
397 477 438 509 ab
466 476 533 509 hoc
560 487 674 519 passu,
704 477 808 517 iussu,
835 476 942 514 cultu3
969 475 1047 508 item
1075 475 1221 520 genitivo
1256 476 1379 519 plurali
1409 476 1442 508 in
1476 488 1575 520 uum,
1609 484 1645 512 ut
1678 479 1799 513 horum
1833 493 2001 526 passuum,

59 530 224 571 iussuum,
252 528 416 565 cultuum3
443 527 553 560 dativo
583 534 615 561 et
640 529 784 561 ablativo
805 528 837 560 iu
864 527 944 567 bus,
967 532 1002 559 ut
1028 527 1079 559 his
1106 524 1172 559 et²⁶
1199 527 1241 560 ab
1262 527 1314 560 his
1341 528 1503 571 passibus,
1530 529 1684 571 iussibus,
1714 532 1862 566 cultibus.
1905 535 2003 576 Quo-

60 581 120 613 ties
147 585 256 613 autem
283 578 458 623 participia
492 584 583 620 sunt,
617 581 763 624 genitivo
798 578 955 623 singulari
995 578 1028 610 in
1060 579 1070 611 ἱ
1100 575 1261 611 literam²⁷
1294 584 1429 619 exeunt,
1463 585 1497 612 ut
1523 580 1618 614 huius
1646 583 1751 625 passi,
1784 583 1877 625 iussi,
1905 587 2004 620 culti:

62 631 173 664 dativo
200 636 232 663 et
259 629 402 662 ablativo
429 631 461 662 in
489 641 518 671 o,
546 630 624 664 huic
651 636 683 664 et
710 632 752 663 ab
778 628 879 664 hoc'ffi
909 641 1025 673 passo,
1053 630 1157 670 iusso,
1196 629 1296 663 culto.
1351 630 1435 662 Item
1459 632 1602 674 genitivo
1629 633 1753 677 plurali
1779 635 1811 666 in
1838 647 1933 677 rum,
1969 643 2005 671 ut

61 683 182 714 horum
211 692 400 726 passorum,
432 681 613 723 iussorum,
650 683 832 715 cultorum:
869 680 980 713 dativo
1008 686 1039 713 et
1065 681 1210 714 ablativo
1238 682 1271 713 in
1295 678 1367 722 is²⁹‚
1400 686 1436 714 ut
1463 682 1513 714 his
1543 688 1574 715 et
1601 685 1643 717 ab
1673 684 1724 717 his
1751 687 1869 728 passis,
1903 688 2003 730 iussis,

62 730 196 766 cultisffl.
249 733 372 777 Regno
402 737 434 765 et
470 733 575 778 vigilo
612 745 688 766 cum
723 734 824 766 verba
857 729 1049 764 neutralia31
1076 733 1156 774 sint,
1191 733 1318 767 faciunt
1352 733 1385 766 in
1421 735 1598 778 praeterito
1633 734 1842 781 participio³²
1871 740 2003 783 passivo

61 788 234 830 regnatus,
262 789 295 817 et
314 785 346 816 in
373 784 485 816 futuro
512 785 718 829 vigilandus,
750 790 785 817 ut
811 783 903 828 apud
930 783 1128 828 Virgilium:

290 851 379 885 Acri
405 853 582 897 quondam
603 857 762 899 regnata
788 848 997 897 Lycurgum.

61 903 124 936 Et:

293 952 396 999 Quae
421 955 610 1000 vigilanda
633 956 718 989 viris
729 952 764 990 ³⁴.

62 1013 94 1046 A
120 1012 228 1057 poetis
255 1018 364 1046 autem
391 1011 509 1048 haec³⁵
535 1016 678 1060 figurata
705 1020 788 1057 sunt,
816 1026 902 1058 quae
928 1025 1005 1048 cum
1032 1026 1051 1047 a
1077 1014 1179 1047 verbo
1203 1013 1367 1058 originem
1395 1025 1461 1048 non
1487 1015 1650 1055 habeant,
1678 1015 1791 1059 utique
1817 1027 1884 1049 non
1915 1021 2006 1052 recte

62 1064 239 1109 participia
265 1064 425 1098 dicuntur.

479 1067 655 1110 Participia
690 1068 887 1099 nominativa
921 1077 978 1099 seu
1012 1066 1146 1098 nomina
1179 1066 1400 1112 participialia
1416 1063 1440 1084 ³⁶
1473 1071 1563 1108 sunt,
1602 1077 1687 1109 quae
1729 1067 1820 1111 quasi
1860 1069 2006 1113 speciem

63 1116 313 1160 participiorum
341 1116 483 1160 habent,
509 1123 545 1151 ut
571 1124 736 1160 comatus,
764 1119 931 1163 galeatus,
957 1114 1144 1150 hastatus³³.

863 1245 929 1279 De
967 1243 1208 1279 Adverbio.

228 1318 287 1351 22.
339 1320 545 1354 Adverbium
580 1325 627 1353 est
658 1332 735 1364 pars
768 1322 941 1363 orationis,
983 1333 1069 1365 quae
1102 1322 1231 1355 adiecta
1257 1321 1360 1354 verbo
1385 1320 1659 1366 significationem
1687 1321 1778 1355 verbi
1804 1321 2006 1355 manifestio-

65 1380 136 1402 rem
163 1372 195 1402 et
221 1371 407 1414 planiorem
434 1369 588 1413 reddit³⁸,
616 1377 653 1404 ut
677 1373 776 1406 docte
797 1374 894 1413 dixit,
923 1374 1066 1418 pulchre
1095 1374 1183 1407 fecit.

65 1426 121 1453 aut
143 1421 184 1453 ab
208 1423 278 1455 aliis
300 1424 447 1466 partibus
475 1424 646 1465 orationis,
669 1430 705 1456 ut
728 1424 814 1465 heri,
842 1425 992 1469 pridem,
1020 1437 1135 1469 nuper.

65 1473 176 1516 tionis,
203 1478 239 1506 ut
260 1474 376 1508 doctus
400 1475 518 1515 docte,
553 1476 681 1519 sapiens
712 1477 885 1520 sapienter.

66 1524 160 1557 ratio.
215 1525 472 1570 Significationis
497 1527 623 1570 species
650 1532 722 1559 sunt
744 1529 877 1560 multae.

1238 1374 1424 1406 Nascuntur
1453 1378 1562 1405 autem
1593 1369 1679 1405 aut3⁹
1702 1385 1721 1405 a
1748 1384 1803 1405 sua
1830 1373 2003 1416 positione,

1188 1425 1242 1457 Ab
1269 1425 1338 1457 aliis
1363 1424 1498 1467 quidem
1523 1421 1727 1456 tralnmtur⁴⁰
1753 1425 1900 1467 partibus
1927 1435 2004 1456 ora-

939 1476 1114 1509 Adverbiis
1138 1477 1201 1509 tria
1233 1472 1429 1516 acciduntfl,
1456 1476 1672 1519 significatio,
1706 1475 1832 1519 figura,
1863 1486 2004 1519 compa-

931 1528 1014 1561 Sunt
1044 1530 1130 1561 enim
1159 1528 1323 1571 quaedam
1347 1527 1522 1570 temporis,
1549 1532 1585 1558 ut
1610 1526 1700 1567 heri,
1728 1522 1875 1570 nupera.
1927 1527 2003 1559 Alia

66 1575 150 1618 loci,
176 1587 261 1620 quae
284 1577 420 1621 quidem
441 1578 474 1610 in
492 1583 633 1622 quatuor
655 1579 781 1622 species
795 1579 1000 1613 dividuntur:
1027 1584 1082 1612 aut
1104 1579 1146 1612 ad
1167 1581 1296 1621 locum,
1321 1584 1357 1611 ut
1383 1578 1469 1620 huc,
1497 1578 1595 1616 illum
1622 1581 1676 1609 aut
1701 1577 1733 1609 in
1754 1577 1849 1618 loco,
1876 1582 1912 1610 ut
1933 1577 2001 1620 hic,

67 1695 96 1725 3.
112 1694 164 1723 fin.
188 1711 230 1716 -
251 1697 298 1731 ΞΞ)
325 1696 417 1724 Visus
433 1697 480 1725 Pe.
494 1697 615 1726 Putsch.
631 1702 719 1736 atque
735 1697 774 1726 ita
795 1698 826 1726 in
841 1709 922 1737 seqq.
937 1709 1012 1737 quo-

65 1736 240 1776 tiescunque
260 1739 387 1767 recurrit
407 1740 518 1770 iussus.
542 1757 582 1762 -—
604 1739 650 1779 23)
676 1741 812 1769 Tantum
832 1740 860 1769 h.
876 1742 895 1770 l.
914 1742 1012 1769 inter-

67 1784 183 1818 ponunt
209 1780 255 1808 Pe.
274 1781 392 1811 Putsch.
416 1782 453 1810 ln
474 1781 548 1811 decl.
569 1783 622 1812 G0.
644 1799 685 1804 --
709 1782 754 1821 24)
773 1785 847 1811 Exit
869 1784 944 1812 male
961 1784 1010 1813 Pe.

68 1821 186 1851 Putsch.
209 1822 349 1860 ὁζιίίαύα
366 1830 469 1852 meunt
493 1826 546 1853 G0.
571 1841 608 1846 —-
636 1824 681 1864 25)
705 1827 745 1853 Et
761 1826 894 1854 additum
911 1836 925 1854 e
942 1827 1011 1854 eod.

70 1863 125 1891 G0.
148 1864 250 1892 Paullo
272 1871 339 1894 ante
359 1872 394 1894 zat
414 1872 481 1895 ante
507 1868 581 1895 haic
603 1879 637 1906 p,
658 1868 737 1896 deest
758 1868 789 1896 in
816 1869 868 1896 G0.
895 1885 936 1889 —
964 1868 1011 1905 26)

70 1905 200 1934 Voculae
218 1906 266 1934 his
285 1914 311 1935 et
333 1909 448 1938 additae
471 1920 508 1937 ex
530 1910 584 1940 G0.
607 1926 648 1931 —
669 1913 714 1944 27)
737 1910 772 1938 In
795 1912 808 1937 i
828 1911 937 1938 littera
958 1920 1013 1937 ex·-

71 1954 141 1976 eunt
163 1948 233 1977 Cod.
256 1950 310 1979 G0.
326 1952 434 1979 Litera
452 1951 533 1980 deest
550 1953 582 1980 in
594 1952 640 1980 Pe.
662 1952 780 1980 Putsch.
803 1969 844 1974 -
867 1952 914 1989 23)
937 1952 1013 1980 Ver-

69 1991 125 2019 ba:
148 1988 185 2018 Et
202 1990 239 2018 ab
255 1991 309 2019 hoc
323 1993 421 2021 addita
436 2003 472 2021 ex
490 1994 544 2022 G0.
573 2012 606 2015 —
633 1995 681 2032 29)
698 1996 858 2022 Dattvas
878 2000 904 2021 et
921 1994 1013 2021 obla--

72 2035 168 2062 timus
190 2034 220 2060 in
245 2033 320 2062 bus.
343 2035 391 2064 Pe.
418 2035 536 2065 Putsch.
557 2036 690 2065 Pessime.
711 2038 864 2065 Datilum
881 2041 907 2063 et
925 2036 1014 2063 abla-

71 2078 170 2105 tivum
190 2076 220 2103 ιἰι
241 2077 269 2102 is
297 2076 350 2104 G0.
373 2077 492 2106 Causam
514 2089 568 2106 cur
588 2079 631 2106 sic
650 2079 794 2106 variarum
818 2079 849 2106 in
875 2077 1016 2106 termina-

71 2119 167 2153 tione,
197 2118 270 2146 male
294 2118 440 2147 intellecta
475 2121 648 2158 compendia
676 2121 884 2159 praebuerunt.
906 2135 947 2141 —
968 2117 1015 2158 30)

72 2160 187 2197 Pas-sis,
204 2161 306 2194 ilc-susis,
322 2161 413 2188 cultis
426 2167 506 2190 recte
529 2164 582 2193 G0.
602 2163 758 2200 passibus,
780 2162 924 2197 cultibus,
947 2163 1016 2188 visi-

73 2203 129 2231 [ιιι-ς·
144 2204 190 2232 Pe.
209 2201 325 2230 Putsch.
347 2219 389 2224 —·
409 2204 460 2238 31)
471 2204 547 2232 Cam
565 2207 625 2232 sint
642 2205 717 2232 verb.
732 2210 827 2232 muer.
842 2203 1017 2232 Pe-Putsch.

73 2262 114 2267 —-
135 2243 182 2285 32)
206 2244 374 2283 Prctliciln'o
391 2245 490 2273 addidi
504 2256 519 2274 e
533 2247 602 2274 cod.
621 2246 690 2281 G0.,
713 2247 764 2274 ubi
785 2251 881 2274 tamen
892 2247 1017 2284 pamm

74 2287 222 2317 omissum.
246 2303 284 2308 —
307 2290 352 2321 3³)
374 2287 456 2325 Agri
486 2288 637 2326 qnondam
659 2300 685 2317 ν.
709 2289 756 2316 Pe.
780 2287 898 2317 Putsch.
926 2288 1018 2327 Agri-

75 2331 142 2358 cola
166 2335 291 2367 regnata
316 2329 369 2358 G0.
390 2330 482 2357 Locus
504 2335 546 2358 est
562 2330 643 2367 Virg.
666 2331 737 2358 Aen.
760 2330 808 2367 Ill,
835 2333 882 2361 14.
905 2347 946 2352 -—
967 2331 1016 2368 34)

75 2373 155 2409 Virg.
177 2372 281 2409 Georg.
301 2371 323 2408 I,
349 2374 420 2403 313.
443 2388 484 2393 —-
506 2371 551 2410 35)
575 2373 659 2399 llaec
682 2378 783 2400 antem
804 2383 824 2400 α
841 2374 939 2411 poetis
961 2372 1018 2401 hoc

76 2415 180 2444 ordine
202 2415 251 2443 Pe.
277 2413 395 2442 Putsch.
421 2431 456 2436 —
479 2414 526 2452 36)
549 2416 722 2454 I’articiln'a
745 2416 935 2444 nominativa
956 2416 1018 2445 Sive

128 2475 291 2503 GRAMMAT.
313 2483 380 2502 ΜΤ.
403 2473 424 2501 1.

1052 1697 1276 1736 Participialia
1292 1697 1338 1726 Pe.
1355 1694 1473 1725 Putsch.
1493 1694 1599 1724 Veram
1615 1695 1772 1724 lectionem
1793 1695 1930 1734 praebuit
1945 1696 1999 1724 G0.

1053 1758 1096 1762 —
1130 1740 1175 1778 37)
1203 1740 1375 1773 Gonnum,
1395 1738 1460 1775 gal.
1484 1743 1645 1765 astatus
1669 1739 1707 1766 Pe
1732 1737 1848 1765 Putsch.
1866 1737 1999 1775 pessime.

1054 1784 1187 1810 Aslatus
1210 1781 1279 1810 cod.
1299 1780 1353 1808 Go.
1372 1784 1453 1808 recte
1473 1780 1658 1807 emendatum
1682 1791 1697 1807 a
1719 1779 1864 1810 Dtibnero.
1888 1795 1929 1801 --
1950 1779 1998 1817 38)

1055 1825 1165 1861 Vulgo:
1192 1822 1278 1860 Quae
1299 1821 1420 1849 adiecta
1442 1822 1527 1850 verbo
1543 1823 1732 1858 manifestior
1746 1828 1773 1849 et
1788 1823 1906 1860 plenior
1927 1821 1999 1850 recl—

1055 1866 1152 1901 dHnr,
1177 1874 1321 1903 perverse.
1366 1864 1439 1892 Nam
1461 1864 1543 1892 verbi
1561 1864 1735 1901 significatio
1762 1865 1927 1893 adiectione
1942 1865 1999 1892 ad·-

1054 1908 1146 1937 verbii
1167 1906 1302 1935 redditur
1319 1906 1437 1945 plenior
1458 1911 1486 1934 et
1512 1906 1708 1943 mmisesfiur,
1736 1917 1797 1935 non
1821 1907 1918 1945 ipsum
1947 1907 1998 1935 ad-

1054 1951 1197 1979 verbium.
1220 1949 1300 1977 Nihil
1324 1949 1426 1976 auxilii
1450 1949 1506 1977 sert
1526 1948 1598 1978 Cod.
1616 1950 1669 1978 G0.
1692 1949 1830 1978 Definitio
1849 1949 1941 1988 petita
1955 1954 1999 1977 est:

1056 2003 1092 2021 ex
1120 1993 1233 2020 Donato
1256 1991 1294 2028 II,
1319 1993 1373 2027 13,
1398 1993 1424 2022 1.
1455 1990 1643 2019 Adue-laium
1672 1997 1714 2019 est
1734 2003 1813 2030 palus·
1840 1993 1998 2027 arcuimus,

1059 2045 1135 2072 quae
1149 2033 1267 2062 adiecta
1282 2033 1366 2061 verbo
1381 2034 1635 2071 Signzficalionem
1657 2035 1723 2062 eia-9
1747 2035 1890 2073 explanat
1912 2040 2001 2072 alque

1058 2077 1169 2114 implet.
1215 2077 1259 2104 Ex
1274 2076 1380 2114 quibus
1394 2076 1583 2113 intelligitur,
1619 2077 1696 2114 apud
1713 2077 1875 2105 Maximum
1896 2078 1999 2106 verba:

1058 2120 1309 2157 significationem
1332 2118 1414 2147 verbi
1435 2124 1559 2157 propter
1575 2118 1669 2147 simile
1685 2120 1865 2148 vocabulum
1889 2120 1933 2147 bis
1950 2130 2001 2158 po-

1059 2162 1146 2189 situm
1167 2161 1324 2197 excidisse,
1352 2166 1381 2189 et
1402 2166 1465 2189 tum
1487 2161 1600 2199 reliqua
1627 2167 1843 2199 consequenter
1870 2172 1886 2189 a
1906 2162 2001 2190 libra-

1059 2203 1112 2233 riis
1128 2204 1279 2232 immutata
1296 2213 1366 2232 esse.
1412 2204 1468 2232 Pro
1482 2204 1600 2242 plenior
1616 2205 1686 2232 cod.
1709 2206 1762 2232 G0.
1777 2204 1896 2233 exhibet
1911 2204 2001 2231 blan-

1061 2245 1143 2283 dior,
1176 2246 1254 2275 unde
1275 2245 1391 2274 correxi
1405 2247 1599 2284 planiorem.
1622 2262 1664 2268 —
1685 2245 1733 2287 39)
1753 2247 1819 2275 Λιιι
1840 2247 1940 2274 addidi
1964 2255 2001 2273 ex

1062 2290 1116 2317 G0.
1137 2305 1178 2310 —
1201 2286 1247 2329 40)
1270 2288 1381 2317 Verba.-
1401 2288 1521 2326 quidem
1543 2288 1710 2317 tralnmtm·
1728 2290 1821 2317 adieci
1842 2299 1879 2316 ex
1894 2290 1947 2316 G0.
1960 2303 2002 2309 -—

1060 2331 1110 2366 41)
1132 2330 1286 2359 Accidunt
1307 2333 1368 2359 tria
1396 2330 1454 2360 hoc
1477 2331 1580 2360 ordine
1601 2332 1648 2360 Pe.
1675 2331 1794 2360 Putsch.
1817 2330 1915 2359 Paullo
1935 2334 2001 2357 aute

1060 2372 1149 2445 goel&
1157 2373 1310 2445 sdPigsch.
1327 2384 1365 2403 ex
1383 2384 1481 2404 errore
1498 2379 1617 2414 typogr.
1639 2390 1682 2396 —-
1703 2373 1749 2412 42)
1764 2374 1804 2402 Et
1821 2377 1936 2400 caetera
1951 2370 1999 2398 ad-

1081 2421 1105 2445 1t
1149 2426 1164 2445 o
1190 2437 1197 2445 .
1253 2426 1280 2446 o.

1528 2467 1598 2500 Nn
