2263 2668
239 167 316 203 544
668 159 1018 196 COMMENTARH
1042 159 1091 194 IN
1117 157 1261 193 PAULI
1287 157 1486 193 DIACONI
1511 160 1769 197 EXCERPTA

242 270 307 301 cap.
319 262 349 293 9.
374 258 411 288 de
434 255 551 285 civitate
574 253 625 282 Dei
648 253 705 290 (cf.
727 253 842 292 Fragm.
865 251 902 281 de
923 253 998 292 Rep.
1021 251 1068 282 ed.
1091 251 1165 291 Aug.
1187 251 1256 281 Mai.
1278 261 1344 291 pag.
1356 252 1459 289 291.).
1504 252 1616 284 Ultima
1645 254 1739 284 verba
1763 253 1904 284 mendosa
1927 261 2013 293 sunt;
2049 257 2080 286 in
2102 259 2196 288 veteri

242 304 337 339 libro,
359 311 417 330 una
439 298 537 326 littera
559 301 677 325 tantum
700 295 828 326 diversa.
868 293 987 325 candus
1010 295 1088 324 enim
1111 295 1173 324 illic
1194 305 1250 334 pro
1274 301 1378 324 cantus
1399 294 1544 333 scriptum
1567 301 1619 326 est.
1651 298 1783 327 Gabrieli
1804 298 1935 334 Faenio,
1959 299 2072 337 optimo
2095 310 2196 330 emen-

242 345 341 376 datori
363 341 492 371 omnium
515 339 674 375 librorum,
697 339 817 368 videtur
839 348 902 367 esse
924 337 1132 367 scribendum:
1154 336 1224 366 inde
1246 335 1421 367 cantilenam
1438 336 1500 367 dici
1515 338 1675 379 querellam
1693 351 1751 370 non
1767 348 1872 370 cantus
1890 339 2100 370 iucunditatem
2115 351 2196 382 puto.

242 389 332 419 Ant.
353 383 448 422 Aug.
487 380 523 410 Si
543 382 608 422 quis
629 392 747 410 carmen
769 380 959 416 occentassit,
988 379 1069 421 quod
1090 378 1177 409 alteri
1188 380 1345 420 flagitium
1356 378 1460 419 facit,
1483 380 1598 420 capital
1618 389 1686 413 esto.
1725 382 1888 422 Flagitium
1912 383 1992 421 apud
2015 389 2130 413 veteres
2152 386 2195 415 ei-

243 426 400 468 gnificabat
421 424 580 453 infamiam.
623 423 727 462 Itaque
750 424 871 453 Plautus
894 422 997 461 (Epid.
1012 423 1071 460 111,
1093 422 1129 459 4,
1151 424 1235 460 79.):
1267 421 1379 450 maiore
1400 432 1465 451 cum
1478 423 1604 463 flagitio
1627 423 1730 454 reddes
1749 432 1867 465 postea,
1892 424 1950 454 hoc
1971 430 2033 461 est,
2057 437 2122 455 cnm
2145 427 2196 457 in-

239 470 355 512 famia,
391 472 420 497 et
444 467 533 503 Cato,
568 465 757 496 intercutibus
778 466 886 506 stupris
906 465 1085 505 flagitatus,
1119 464 1178 494 hoc
1201 469 1261 501 est,
1297 464 1441 493 intestinis
1460 465 1578 504 probris
1600 466 1778 507 infamatus,
1817 467 1896 496 unde
1909 468 2102 508 flagitatores
2124 468 2196 500 dicti

240 517 345 553 postea
368 511 583 545 foeneratores,
613 508 695 547 quod
717 509 854 537 convicio
878 513 1015 546 repetant
1036 508 1150 537 foenus.
1194 508 1268 536 Nam
1291 505 1361 534 odio
1384 506 1605 537 foeneratorum
1628 508 1703 538 haee
1724 510 1756 538 in
1778 510 1848 538 illos
1870 510 2031 549 appellatio
2055 510 2196 549 obtinuit,

241 565 310 585 cum
333 553 468 592 alioquin
490 553 553 590 lege
575 551 642 580 XII.
663 551 813 589 flagitare,
835 551 893 580 huc
917 555 975 587 est,
1000 550 1143 579 conviciis
1165 550 1289 578 alicuius
1314 549 1564 580 existimationem
1585 551 1718 589 laedere,
1742 553 1852 591 capital
1875 557 1958 581 esset.
1991 553 2095 592 Itaque
2115 559 2196 585 recte

240 598 346 627 Festus
370 596 410 625 ait
432 595 462 624 id
485 600 572 633 turpe
594 593 713 630 haberi,
750 594 821 633 quia
848 603 908 622 non
931 592 994 622 siue
1017 603 1105 622 causa
1127 592 1192 622 fieri
1215 596 1350 631 putetur3
1390 592 1443 621 vix
1466 593 1544 622 enim
1567 594 1725 633 quisquam
1748 606 1782 624 eo
1804 595 1946 624 audaciae
1967 595 2194 634 proveheretur,

241 646 275 670 ut
297 639 422 669 alicuius
444 638 551 666 famam
574 641 704 676 peteret,
729 637 788 666 nisi
810 635 970 665 iustissima
994 646 1082 664 causa
1105 635 1254 669 subesset3
1284 644 1377 673 quare
1399 643 1552 665 occentare
1573 646 1633 665 non
1656 637 1782 675 licebat,
1805 648 1873 667 cum
1896 638 2002 676 aliquis
2024 648 2088 668 rem
2111 649 2195 668 suam

240 682 411 722 repetebat3
442 679 500 709 hoc
523 680 601 709 enim
624 679 745 719 proprie
769 679 924 709 dicebatur
936 679 1099 719 flagitare,
1132 678 1214 717 quod
1236 677 1332 715 idem,
1366 681 1400 706 ut
1420 683 1513 717 puto,
1541 679 1592 707 lex
1613 680 1743 710 vocabat
1764 681 1871 721 pipulo
1895 690 2028 721 poscere.
2071 681 2194 711 Plautus

241 724 396 755 Aulularia
419 723 491 761 (ΙΙΙ,
518 726 553 758 2,
577 723 656 760 32.):

732 762 781 793 Ita
805 776 848 793 me
872 763 940 793 bene
960 771 1036 793 amet
1056 763 1211 800 Lauerna,
1242 763 1302 791 iam
1327 762 1385 791 nisi
1406 761 1491 792 reddi

734 806 817 837 Mihi
838 818 910 836 vasa
930 805 1027 844 iubes,
1050 805 1153 846 pipulo
1176 806 1223 840 hic
1246 803 1386 846 dffram
1410 813 1436 835 te
1457 813 1525 835 ante
1545 804 1635 837 aedis.

239 852 292 881 Cu.
314 850 436 880 Mattius
459 850 490 878 in
514 849 706 879 Mimiambis:

733 891 807 920 Dein
831 892 945 920 cocenti
968 902 1041 921 vasa
1065 898 1173 921 cuncta
1195 889 1327 921 deiectat.

732 933 902 973 Nequamve
923 935 1097 963 scitamenta
1117 932 1220 974 pipulo
1241 933 1348 973 poscit.

239 985 331 1023 Quod
354 985 474 1015 Plautus
498 985 571 1014 dicit
594 984 698 1024 pipulo
721 984 842 1013 differre
865 989 934 1014 ante
956 984 1058 1022 aedes,
1080 986 1159 1014 idem
1181 986 1213 1014 in
1236 986 1324 1014 Persa
1348 983 1426 1013 dixit
1447 993 1600 1015 occentare
1623 986 1738 1015 ostium.
1783 986 1916 1015 Isidorus
1938 986 1969 1014 in
1992 986 2113 1025 glossis:
2143 988 2194 1028 pi-

236 1027 324 1069 pulo,
362 1029 512 1065 convicio,
544 1027 672 1067 ploratu.
717 1028 868 1056 Postrema
898 1037 973 1066 quae
1003 1027 1053 1056 hic
1080 1029 1237 1066 leguntur,
1272 1031 1342 1056 sunt
1371 1027 1473 1056 addita
1501 1038 1538 1057 ex
1561 1028 1729 1058 corollariis
1751 1028 1986 1066 abbreviatoris3
2022 1039 2117 1068 neque
2139 1035 2194 1066 est,

240 1071 322 1110 quod
346 1071 428 1100 docti
451 1071 510 1100 viri
532 1071 563 1099 in
585 1071 645 1099 illis
668 1070 859 1099 emendandis
887 1075 1034 1107 aestuent,
1072 1071 1129 1099 nisi
1154 1071 1278 1100 Paulum
1308 1070 1401 1099 latine
1429 1070 1513 1109 loqui
1542 1077 1659 1110 putant.
1704 1072 1771 1100 Non
1800 1076 1845 1101 est
1872 1076 1970 1101 autem
1996 1072 2194 1102 omittendum

238 1114 315 1143 illud
338 1113 419 1152 apud
437 1113 566 1142 Plinium
589 1112 744 1150 (XXVIII,
768 1115 823 1151 2.),
847 1123 884 1142 ex
906 1113 985 1141 XII.:
1015 1112 1051 1142 Si
1073 1115 1138 1154 quis
1159 1112 1271 1142 malum
1294 1124 1412 1142 carmen
1435 1113 1624 1151 incantassit,
1647 1124 1708 1143 non
1731 1124 1794 1143 esse
1814 1113 1894 1144 idem
1916 1124 1984 1143 cum
2006 1114 2064 1143 hoc
2087 1116 2194 1154 capite,

239 1156 323 1195 quod
347 1160 527 1192 tractamus,
564 1156 615 1185 sed
638 1156 724 1194 longe
755 1155 852 1192 aliud;
889 1155 1026 1194 loquitur
1054 1157 1131 1185 enim
1155 1156 1192 1185 de
1213 1155 1466 1193 incantatoribus,
1502 1157 1539 1185 de
1565 1157 1674 1196 quibus
1698 1157 1837 1196 suspicor
1858 1157 1976 1186 Festum
1998 1162 2143 1186 tractasse
2164 1158 2195 1187 in

237 1199 375 1238 reliquiis
397 1199 477 1236 illis,
502 1209 576 1238 quae
599 1198 718 1227 ultimae
741 1203 812 1227 sunt
833 1198 864 1227 in
887 1198 972 1227 litera
990 1199 1021 1227 P.
1046 1197 1146 1230 Scal.
1177 1197 1251 1227 Inde
1273 1196 1449 1227 cantilenam
1475 1197 1544 1230 dici.
1575 1200 1635 1229 Ista
1657 1200 1755 1229 reiicit
1770 1199 1902 1238 Scaliger
1921 1201 2006 1239 quasi
2028 1200 2066 1229 ab
2087 1200 2194 1230 abbr&

239 1242 357 1271 viatore
380 1241 493 1270 addita.
538 1242 603 1270 Nou
626 1241 702 1269 male
724 1245 822 1269 tamen
847 1241 990 1269 Antonius
1015 1241 1216 1279 Augustinus,
1241 1241 1293 1279 qui
1313 1240 1444 1279 legebat:
1473 1240 1542 1270 inde
1564 1241 1743 1272 cantilenam
1767 1241 1829 1272 dici
1850 1241 2012 1283 querelam,
2035 1254 2094 1272 non
2116 1254 2194 1272 can-

238 1291 286 1313 tus·
308 1282 517 1314 iucunditatem
539 1291 619 1324 puto.
643 1283 732 1312 Dae.
771 1282 889 1312 Cantus.
919 1284 1046 1313 candus,
1076 1284 1160 1313 Male.
1193 1283 1253 1321 Qui
1274 1282 1369 1313 illam.
1402 1284 1572 1319 Querelam.
1602 1285 1707 1314 Faern.
1731 1286 1765 1314 A.
1813 1283 1919 1315 Goth.

407 1325 546 1355 Ocrem.
585 1327 734 1355 Graecum
752 1324 853 1364 ὅκριν,
877 1326 955 1355 unde
979 1326 1091 1365 oppida
1114 1326 1281 1355 Interocrea
1304 1331 1333 1354 et
1349 1326 1542 1364 Ocriculum,
1567 1332 1600 1356 ut
1613 1328 1735 1356 Graecis
1751 1326 1883 1367 τράχων,
1905 1327 2061 1367 reunitum.
2091 1326 2193 1358 Scal.

238 1368 306 1397 Non
329 1368 426 1397 solum
455 1374 599 1406 montem,
636 1368 689 1398 sed
718 1369 815 1397 omnia
845 1369 1001 1398 eminentia
1031 1374 1060 1397 et
1088 1379 1193 1408 aspera
1220 1369 1312 1398 ocrim
1333 1368 1472 1397 dicebant
1494 1380 1510 1397 a
1534 1370 1651 1398 Graeco
1674 1367 1773 1409 ὄκρίς,
1811 1370 1891 1398 unde
1914 1367 2020 1406 ὀκρίδα
2043 1367 2195 1410 φάραγγα,

238 1411 320 1450 apud
344 1410 526 1450 Aeschylum
549 1412 577 1440 in
601 1410 750 1440 Prometh.
775 1422 835 1440 non
863 1412 952 1450 longe
975 1422 990 1440 a
1013 1411 1080 1440 fiue.
1126 1411 1251 1440 Versum
1273 1411 1363 1440 Livii:
1400 1410 1549 1452 celsosque
1574 1413 1652 1441 ocris
1681 1417 1738 1443 etc.
1783 1413 1832 1441 Sic
1859 1412 1976 1450 legebat
2004 1413 2135 1450 Scaliger
2163 1413 2194 1441 in

238 1454 439 1484 coniectaneis
462 1454 541 1494 (pag.
555 1455 606 1486 51.
630 1454 676 1485 ed.
699 1453 828 1493 Steph.):

778 1503 931 1546 Celsosque
953 1506 1030 1534 ocris
1052 1516 1181 1545 arvaque
1200 1505 1308 1544 petrita
1331 1511 1356 1533 et
1378 1515 1458 1533 mare
1478 1515 1626 1544 magnum.

237 1555 283 1585 Ex
306 1556 426 1586 Homer.
448 1556 479 1585 in
502 1554 611 1595 Odys-s-
628 1552 660 1592 ε’,
683 1556 810 1592 (v.411.
824 1558 912 1594 seq.):

768 1604 936 1637 ’Έκτοσθεν
958 1606 1012 1645 μὲν
1035 1604 1091 1647 γὰρ
1115 1604 1206 1646 πάγοι
1229 1603 1322 1643 ὀξέες,
1357 1602 1437 1644 οἷμφὶ
1460 1605 1491 1636 δὲ
1512 1608 1603 1644 κῦμα,

776 1649 924 1689 Βέβρυχεν
946 1648 1072 1689 ῥόθιον,
1098 1650 1183 1688 λίσση
1208 1646 1235 1680 δ’
1261 1645 1447 1688 ἀναδέδρομε
1469 1647 1572 1687 πέτρη.

243 1698 326 1729 Unde
345 1698 476 1742 fortasse
498 1710 618 1738 ocreae‚·
653 1710 669 1727 a
692 1709 780 1729 crure
808 1705 906 1730 tamen
929 1701 1024 1730 Varro
1051 1700 1103 1729 lib.
1115 1701 1165 1729 IV.
1189 1699 1274 1739 (pag.
1288 1702 1359 1732 121.
1383 1698 1467 1738 Sp.):
1505 1697 1600 1729 Ocrea
1629 1697 1711 1740 quod
1735 1697 1935 1739 opponebatur
1956 1697 1994 1728 ob
2016 1709 2092 1729 crus.
2137 1699 2194 1728 Sed

238 1744 338 1771 verius
360 1743 438 1771 Festi
459 1747 588 1782 etymon.
632 1742 677 1770 Ab
702 1742 766 1771 ocri
790 1743 887 1772 dictae
910 1749 980 1773 sunt
1002 1744 1103 1773 ltaliae
1126 1744 1264 1772 civitates
1289 1741 1461 1772 Ocriculum
1484 1746 1514 1771 et
1535 1740 1719 1779 Interocrea‚
1756 1747 1789 1770 ut
1812 1742 1933 1770 Graecis
1955 1738 2088 1781 τράχων,
2124 1753 2195 1781 τρα-

239 1785 346 1823 χίνιοι,
370 1796 387 1814 a
409 1784 530 1824 τραχύς,
552 1785 727 1823 petrinam,
750 1796 844 1825 asper.
870 1786 959 1816 Dac.
993 1785 1079 1816 Ocris
1102 1791 1131 1815 et
1154 1786 1259 1816 Graec.
1284 1782 1391 1825 ὅκρις
1413 1785 1615 1813 aLatinorum
1639 1785 1757 1820 acris,
1785 1784 1967 1813 Graecorum
1989 1780 2108 1823 ἆκρός
2129 1784 2195 1814 dia-

240 1827 343 1857 lectice
363 1833 479 1857 tantum
502 1827 654 1856 differunt.

409 1868 556 1900 Occare.
600 1870 698 1898 Locus
722 1870 875 1899 Ciceronis
903 1871 1015 1899 relatus
1038 1881 1054 1899 a
1077 1871 1164 1900 Festo
1195 1875 1240 1899 est
1268 1870 1301 1899 iu
1328 1869 1407 1899 libro
1435 1870 1471 1899 de
1493 1870 1652 1899 Senectute
1675 1871 1718 1907 (c.
1733 1870 1800 1906 15.)
1823 1869 1908 1898 iuxta
1930 1867 2092 1897 editionem
2113 1869 2195 1898 Petri

242 1907 384 1947 Victorii,
407 1918 435 1941 et
457 1918 492 1942 ut
513 1914 623 1942 citatur
646 1923 663 1941 a
685 1912 782 1942 Nonio
804 1913 943 1942 Marcello
967 1914 1045 1952 (pag.
1057 1913 1137 1953 42),
1160 1923 1221 1942 non
1244 1918 1278 1941 ut
1301 1913 1389 1950 vulgo
1413 1913 1635 1942 circumfertur.
1657 1913 1746 1942 Ant.
1769 1911 1863 1951 Aug.
1902 1910 2037 1940 Isidorus
2058 1911 2090 1940 iu
2111 1912 2195 1950 glos—

243 1952 299 1980 sis:
321 1963 410 1991 occa,
433 1963 569 1985 rastrum.
598 1955 637 1986 M.
653 1955 741 1984 Suilii
763 1961 886 1995 etymon
907 1956 1061 1985 transtulit
1081 1957 1112 1985 in
1136 1956 1297 1985 dimetrum
1319 1955 1478 1985 iambicum
1493 1957 1622 1985 Serenus
1643 1955 1675 1984 in
1699 1954 1852 1995 opusculis
1875 1953 1969 1993 (apud
1983 1954 2058 1982 Non.
2073 1964 2104 1993 p.
2115 1955 2193 1994 61.):

989 1997 1130 2036 occatio,
1161 1999 1331 2028 occaecatio
1353 2005 1404 2027 est.
2139 2023 2141 2025 ,

245 2034 298 2064 Est
318 2035 459 2067 iambicus
481 2039 613 2069 dimeter.
654 2039 711 2069 Sed
734 2051 787 2069 uos
811 2040 982 2069 derivamus
1004 2040 1041 2070 ab
1065 2052 1145 2071 ocra.
1170 2040 1194 2070 S
1202 2039 1274 2071 cal.
1322 2039 1450 2076 Occare,
1483 2045 1564 2069 crate
1586 2040 1635 2069 vel
1655 2044 1753 2069 rastro
1775 2038 1877 2078 glebas
1900 2038 2036 2075 caedere,
2057 2039 2194 2078 βωλοκο-

244 2080 312 2108 πεῖν
335 2077 439 2107 Graeci
461 2087 624 2120 exponunt.
668 2083 765 2112 Locus
791 2083 943 2112 Ciceronis
965 2089 1011 2113 est
1032 2084 1065 2112 in
1085 2084 1162 2113 libro
1185 2084 1223 2113 de
1246 2084 1415 2119 Senectute3
1453 2088 1483 2111 et
1504 2083 1545 2111 ibi
1578 2083 1693 2112 fallitur
1716 2083 1836 2118 Cicero,
1870 2091 1967 2121 neque
1989 2081 2066 2111 enim
2089 2092 2195 2111 occare

246 2123 293 2148 est
314 2119 349 2148 ab
373 2122 573 2159 occaecando,
607 2124 658 2153 sed
681 2125 718 2153 ab
741 2124 944 2163 occaedendo,
980 2126 1029 2155 vel
1050 2131 1085 2156 ut
1107 2126 1229 2165 quidam
1252 2126 1360 2155 volunt
1381 2125 1417 2154 ab
1441 2125 1578 2155 Hebraeo
1600 2123 1699 2154 dakak
1720 2125 1932 2154 comminuere.
1978 2123 2052 2153 Vide
2073 2124 2194 2153 omnino

246 2162 369 2192 Salmas.
392 2162 421 2190 iu
444 2164 536 2194 Solin.
559 2165 645 2195 Dac.
690 2168 804 2197 Glossis
826 2176 926 2205 occat,
955 2170 1132 2208 βωλοκοπεῖ.
1158 2167 1264 2198 Goth.
1310 2169 1353 2198 Cf.
1380 2168 1464 2197 Voss.
1488 2169 1615 2207 Etymol.
1639 2178 1662 2196 s.
1682 2177 1711 2196 v.
1747 2168 1885 2196 Ceterum
1907 2166 1982 2195 nihil
2003 2171 2112 2205 agunt,
2142 2167 2194 2206 qui

248 2202 361 2233 Occam
384 2209 414 2233 et
435 2205 561 2235 occandi
581 2208 705 2237 verbum
729 2211 849 2239 aliunde
871 2211 1024 2249 derivant,
1054 2222 1146 2250 quum
1170 2221 1319 2240 sermones
1341 2211 1580 2249 Indogermanici
1603 2210 1730 2249 simplex
1749 2216 1872 2249 etymon
1894 2208 2055 2239 exhibeant
2076 2219 2192 2238 omnes:

248 2257 312 2285 ege,
333 2258 417 2287 egge,
446 2245 532 2286 egat,
560 2247 646 2286 ekko,
675 2253 757 2289 quod
778 2258 936 2292 cognatum
962 2259 1018 2291 est,
1049 2255 1101 2283 sed
1124 2260 1223 2283 tamen
1246 2254 1364 2291 differt,
1393 2264 1462 2283 cum
1484 2252 1570 2289 ecka,
1600 2251 1681 2290 ecke,
1709 2253 1728 2282 i.
1748 2263 1772 2283 e.
1795 2253 1888 2287 acies,
1918 2262 2000 2281 acus.
2045 2252 2082 2281 Ut
2101 2251 2193 2290 igitur

248 2288 350 2328 paullo
371 2293 439 2337 ante
460 2290 491 2318 in
512 2290 591 2319 ocris
613 2296 642 2320 et
663 2295 757 2331 acris,
788 2293 897 2333 ὅκρις
919 2301 948 2324 et
969 2294 1106 2336 οέκρός,
1138 2302 1168 2327 et
1189 2307 1277 2336 saepe
1299 2301 1402 2334 antea,
1433 2297 1585 2325 vocalium
1607 2296 1840 2325 demutationem
1863 2294 2124 2334 deprehendimus,
2149 2294 2192 2322 sic

248 2330 372 2361 eandem
393 2342 423 2360 m
445 2343 534 2369 occa,
556 2343 638 2371 egge,
667 2344 753 2368 acus,
775 2338 852 2365 acies
873 2338 1051 2369 invenimus,

416 2372 538 2403 Ocius.
583 2375 674 2412 Lego:
714 2375 769 2404 alii
796 2377 935 2408 dictitant
964 2389 1095 2418 nostras,
1127 2380 1182 2410 alii
1202 2389 1330 2411 tractum
1353 2392 1393 2411 ea:
1419 2380 1550 2420 Graeco‚·
1589 2391 1626 2409 ex
1647 2385 1751 2410 vetere
1773 2379 1924 2418 scriptura
1947 2377 2043 2408 dictas
2065 2384 2190 2407 nostras.

250 2415 286 2444 In
307 2414 364 2445 fine
386 2415 534 2446 citabatur
556 2418 672 2452 Coelius
695 2418 726 2446 in
747 2417 940 2450 historiarum
962 2423 1064 2460 libris,
1093 2424 1144 2461 qui
1162 2424 1287 2460 dixerit,
1319 2425 1505 2454 concitantur
1526 2423 1673 2459 ocissime,
1696 2427 1724 2451 et
1749 2423 1862 2451 Aelium
1881 2421 2010 2450 Lamiam
2032 2427 2192 2459 opportune
