2263 2668
367 179 440 213 178
990 174 1129 207 SEXTI
1156 173 1356 208 POMPEII
1382 175 1521 210 FESTI

368 277 518 317 nugator.
537 266 558 318 Η
573 267 870 314 Negibundum
897 267 1026 312 antiqui
1049 278 1117 312 pro
1135 274 1325 314 negantem
1349 269 1524 304 dixerunt.
1555 268 1645 302 Cato
1671 269 1706 302 in
1722 280 1771 309 ea,
1792 279 1890 313 quam
1909 273 2039 316 scripsit
2059 271 2141 318 [14]

1027 321 2143 364 negibundus...........Neuti—

370 369 515 417 quaml
536 382 606 416 pro
631 371 725 404 nullo
752 370 858 403 modo
885 370 974 413 dici,
1010 372 1105 404 testis
1133 376 1181 405 est
1236 397 1242 404 .
1298 400 1304 406 .
1360 397 1366 403 .
1420 383 1496 405 cum
1531 373 1584 406 ait.
1637 372 1705 405 Sed
1741 372 1828 405 milti
1856 374 2054 418 neutiquam
2083 386 2144 408 cor

370 423 552 464 consentit,
581 434 660 455 cum
691 422 865 455 oculorum
895 427 1042 466 aspectu.
1075 422 1164 456 Cice.
1194 422 1460 456 Indissolubiles
1482 424 1624 468 quidem
1652 435 1726 457 esse
1752 435 1818 456 non
1839 424 2007 469 potestis,
2033 427 2142 460 neuti-

369 486 468 518 quam
497 478 615 507 tamen
646 473 889 507 dissolvemini.
950 472 1146 518 Nepos2‚
1182 475 1380 507 luxumbsus
1411 487 1433 507 a
1461 475 1579 509 Tuscis
1607 475 1743 508 dicitur:
1786 487 1870 508 nam
1901 480 2040 520 nepotes
2065 482 2144 511 sunt

369 526 571 559 lu.ruriosae
606 526 700 558 vitae
732 525 884 558 homines
919 526 1093 570 appellati
1100 540 1112 569 ‚-
1151 527 1244 571 quod
1267 537 1332 558 non
1354 527 1475 571 magis
1504 527 1558 560 his
1582 537 1639 559 res
1659 538 1715 559 sua
1738 527 1921 560 familiaris
1950 539 2060 562 curae
2083 533 2143 571 est,

370 589 475 622 quam
506 578 566 615 iis,
603 577 726 622 quibus
751 581 860 622 pater
896 588 1051 621 avusque
1098 577 1218 610 vivunt.
1256 577 1350 620 quod
1383 588 1506 611 nomen
1538 579 1682 611 ductum
1719 578 1765 611 ab
1798 590 1855 619 eo,
1908 580 2002 623 quod
2041 583 2144 613 natus

368 633 447 674 post
470 629 571 673 patri
599 629 653 669 sit,
681 641 781 672 quam
809 629 910 662 filius.
968 628 1141 675 Quidam,
1173 630 1262 661 inter
1288 640 1373 673 quos
1394 629 1622 663 Aristarchus
1649 630 1814 675 interpres
1835 630 1995 671 Homeriq
2026 630 2144 664 Grae—

372 692 449 713 cum
485 691 558 713 esse
585 681 719 721 volunt,
755 681 805 713 ad
838 680 932 724 quod
961 683 1072 715 τεοῖσι
1106 677 1314 715 νεπόδεσσιν
1341 679 1506 729 ἑτοίμη3,
1541 680 1696 728 afferunt
1727 693 1771 715 ea·
1801 682 1995 726 Apollonio.
2052 682 2142 715 Ne-

214 741 250 765 ·f.
274 739 342 774 apud
368 743 394 777 p
405 729 559 764 hasti4
586 732 656 764 dies
675 731 898 764 notabantur.
951 731 997 764 N.
1015 732 1133 764 littera
1159 732 1252 776 quod
1269 732 1311 764 iis
1337 733 1473 777 nephas
1500 737 1548 765 est
1576 733 1760 773 Praetori,
1797 735 1906 777 aput*
1935 745 2034 776 quem
2063 734 2145 779 lege

371 783 511 828 agitur,
542 782 628 827 sari
657 784 727 816 tria
756 783 884 822 verba,
920 783 984 823 do,
1017 783 1096 816 dico
1129 783 1261 817 addim.
1315 784 1414 827 Nep.
1446 789 1529 817 nota
1557 785 1745 830 designari
1770 785 1879 817 solent
1907 786 1965 830 qui
1985 785 2146 830 nephasti

364 836 496 880 priores
511 840 601 875 sunt,
630 846 776 877 quorum
802 845 891 879 pars
917 835 1073 867 anterior
1085 834 1172 880 sas:
1196 835 1250 867 his
1269 836 1362 868 servi
1381 835 1511 868 liberati
1534 842 1626 877 sunt,
1651 837 1806 869 delectus
1826 835 2014 877 hahentur,
2043 847 2144 869 exer-

369 887 457 919 citus
477 885 686 928 scribuntur,
715 893 747 919 et
772 887 804 918 in
832 887 1028 931 provincias
1048 886 1100 919 ire
1126 887 1220 926 licet,
1254 897 1362 919 sacra
1390 898 1523 932 quoque
1548 888 1691 920 instituta
1719 888 1819 930 fiunt,
1849 891 1881 920 et
1908 892 1988 921 vota
2014 899 2145 920 nuncu—

363 941 457 982 pata
483 938 585 979 solvi,
613 943 645 971 et
671 938 771 971 aedes
798 938 937 979 sacrari,
964 938 1082 971 solent.
1137 937 1264 982 Nepa
1288 938 1461 983 atfrorum
1489 939 1615 984 lingua
1641 940 1745 981 sidus,
1773 939 1865 982 quod
1894 939 2014 972 dicitur
2041 951 2059 971 a
2083 950 2144 972 no-

369 990 441 1021 stris
469 1000 613 1031 cancer,
641 990 695 1023 vel
722 994 757 1022 ut
778 990 923 1034 quidam
951 990 1067 1022 volunt
1094 990 1253 1034 scorpios.
1308 990 1443 1023 Plautus
1469 991 1501 1023 in
1534 991 1680 1024 Casina:
1708 991 1884 1024 Recessim
1903 990 1997 1024 dabo
2028 1002 2082 1023 me
2101 991 2145 1023 ad

368 1041 548 1084 parietem,
577 1041 732 1074 imitabor
758 1053 894 1086 nepam.
948 1040 1117 1086 Nepos,
1145 1053 1211 1075 non
1233 1052 1356 1086 purus.
1411 1043 1441 1075 N
1450 1040 1541 1075 esi5
1568 1054 1631 1087 pro
1659 1043 1726 1076 sine
1753 1043 1898 1087 positum
1927 1046 1976 1076 est
2003 1042 2037 1075 in.
2064 1042 2147 1087 lege

368 1092 602 1125 dedicationis
629 1104 712 1126 arae
738 1094 865 1126 Dianae
892 1093 1133 1126 Aventinensis.
1186 1093 1405 1127 Nauteam
1433 1095 1484 1127 ait
1515 1094 1648 1140 Opilius
1675 1095 1845 1135 Aurelius,
1873 1093 2006 1127 herbae
2032 1104 2147 1139 genus

370 1154 443 1176 esse
469 1144 597 1188 granis
624 1145 755 1189 nigris,
804 1157 870 1188 qua
897 1144 1027 1178 coriarii
1054 1150 1204 1185 utuntur,
1248 1145 1345 1178 cuius
1370 1146 1485 1178 videri
1511 1158 1534 1179 a
1560 1158 1694 1180 nausea
1722 1147 1861 1179 (luctum
1889 1157 2025 1186 nomen,
2070 1145 2146 1188 quia

368 1207 523 1228 nauseam
552 1193 648 1238 facit,
686 1197 946 1241 permutatione
977 1196 1014 1229 T.
1042 1200 1074 1229 et
1102 1197 1136 1230 S.
1165 1197 1346 1230 litterarum
1373 1197 1577 1231 intermedia
1603 1198 1755 1243 antiquis
1781 1201 1952 1231 consueta.
2012 1196 2146 1229 Plautus

368 1246 402 1278 in
428 1247 627 1279 Artemone:
679 1248 903 1293 Unguentum
937 1248 1031 1292 quod
1064 1248 1210 1284 naribus
1242 1249 1426 1281 mulionum
1462 1256 1614 1282 nauteam
1646 1250 1779 1283 fecisset
1832 1274 1839 1281 .
1893 1276 1900 1283 .
1957 1274 1963 1280 .
2017 1273 2023 1279 .
2078 1274 2084 1280 .
2139 1272 2145 1279 .

370 1323 377 1330 .
393 1293 414 1345 Η
433 1324 440 1331 .
493 1323 500 1330 .
555 1325 561 1333 .
616 1327 622 1333 .
678 1326 685 1333 .
739 1325 746 1331 .
800 1324 807 1331 .
861 1325 868 1331 .
922 1325 931 1333 .
985 1299 1052 1332 lem
1079 1304 1180 1343 atque
1206 1304 1410 1334 aromatum.
1444 1301 1546 1334 Idem
1573 1301 1800 1335 Curculione:
1826 1299 1922 1333 Nam
1950 1299 2038 1333 odor
2067 1298 2145 1344 [ἱὸ]

370 1355 577 1393 unguentum
606 1351 759 1383 omnium
781 1361 876 1395 prae
902 1354 960 1383 tuo
986 1355 1117 1384 nautea
1145 1355 1204 1386 est.
1248 1351 1291 1384 In
1323 1351 1472 1385 Casina:
1500 1354 1532 1386 ei
1553 1364 1623 1398 pro
1648 1358 1759 1386 scorto
1787 1355 2001 1396 supponetur
2028 1351 2148 1383 hircus

369 1404 490 1433 unctus
518 1400 686 1436 maneas.
748 1402 867 1435 Labeo
900 1402 931 1434 in
965 1403 1212 1436 commentario
1244 1403 1330 1436 iuris
1352 1403 1525 1450 pontilicn
1551 1406 1618 1443 ait,
1661 1408 1828 1437 nauteam
1860 1402 2020 1435 rubidum
2047 1401 2146 1445 quid—

369 1451 449 1484 dam
474 1463 564 1492 esse,
592 1464 658 1498 quo
680 1453 888 1500 Pontificum
916 1455 1120 1487 vestimenta
1147 1455 1324 1499 quaedam
1352 1456 1512 1488 colorant.
1567 1456 1654 1489 Ναί
1663 1456 1674 1488 i
1683 1466 1818 1498 onem,
1844 1454 1926 1487 item
1954 1453 2055 1498 apud
2081 1464 2146 1485 an—

370 1503 499 1548 tiquos,
527 1510 657 1545 natum,
687 1505 840 1544 Cincius,
867 1516 982 1550 genus
1008 1506 1203 1546 hominum,
1238 1507 1297 1551 qui
1323 1518 1388 1539 non
1416 1507 1560 1540 aliunde
1587 1512 1767 1547 venerunt,
1802 1505 1860 1538 sed
1887 1505 1933 1538 ibi
1958 1505 2034 1537 nati
2059 1508 2146 1544 sunt,

233 1558 269 1582 ‘tl
283 1558 327 1583 sed
370 1554 581 1601 significare
607 1557 677 1596 ait3
711 1558 769 1601 qui
797 1561 829 1589 et
856 1558 1022 1589 nationem
1047 1558 1090 1589 ait
1116 1569 1182 1590 non
1208 1562 1343 1590 tantum
1372 1559 1558 1591 universim
1585 1560 1631 1591 de
1657 1559 1808 1591 omnibus
1830 1558 1901 1590 set*
1922 1554 1981 1589 et7
2008 1556 2054 1589 de
2075 1556 2147 1588 sin-

369 1606 560 1650 gularibus
587 1619 720 1652 quoque
746 1608 936 1641 hominibus
964 1609 1134 1642 seiunctim
1162 1609 1234 1641 dici
1258 1610 1380 1643 solsre.
1435 1609 1576 1643 Sinnius
1603 1614 1719 1643 autem
1752 1609 1897 1653 Capito,
1937 1608 2047 1640 omnia
2073 1607 2149 1639 fere

370 1669 508 1702 genera
536 1659 711 1692 hominum
735 1671 804 1704 per
829 1661 988 1693 nationes
1014 1660 1144 1700 dividi,
1192 1664 1228 1692 ut
1260 1661 1385 1700 Γιινθε,
1431 1662 1591 1702 Sabinos,
1638 1662 1827 1700 Hernicos,
1868 1659 2023 1704 Aequos,
2066 1659 2147 1692 item

376 1708 524 1743 Volscos.
578 1710 622 1743 In
653 1711 839 1755 pecoribus
871 1723 1005 1754 quoque
1038 1712 1144 1744 bonus
1174 1716 1366 1756 proventus
1387 1712 1559 1757 suturae,
1604 1712 1695 1746 bona
1727 1713 1824 1746 natio
1851 1711 1988 1744 dicitur.
2041 1709 2148 1743 Nau—

371 1761 527 1794 tiorum
555 1762 689 1795 familia
717 1775 740 1795 a
773 1763 933 1796 Troianis
961 1764 1111 1796 oriunda
1140 1767 1198 1796 est.
1252 1763 1348 1796 Nam
1365 1763 1442 1808 suit
1470 1776 1585 1798 eorum
1612 1765 1769 1809 princeps
1796 1763 1947 1804 Nautes,
1989 1761 2048 1807 qui
2073 1761 2148 1794 Ro-

371 1822 466 1844 mam
501 1813 625 1846 detulit
657 1814 885 1847 simulacrum
920 1826 1058 1847 aeneum
1088 1815 1287 1856 Minervae,
1337 1816 1394 1848 cui
1423 1820 1549 1860 postea
1576 1816 1700 1849 Nautii
1725 1815 1923 1849 sacrificare
1948 1813 2034 1846 soliti
2060 1816 2147 1846 sunt.

222 1863 348 1904 fifiA-hafa
381 1862 482 1896 Una'e
502 1865 580 1908 ipsa
603 1877 736 1910 quoque
763 1867 834 1899 dea
856 1865 992 1899 Nuntia
1013 1867 1216 1900 vocabatur*
1240 1866 1283 1900 ‹le
1306 1877 1421 1900 causa.
1474 1868 1549 1901 Alii
1573 1868 1668 1913 quod
1687 1868 1778 1901 duce
1799 1866 1918 1900 Naute
1942 1865 2047 1899 acciti
2066 1875 2149 1897 con-

205 1900 364 1957 ῐῖξῆζῖζαῖζζᾜ
377 1913 532 1958 ductique
558 1927 579 1949 a
604 1917 737 1951 Brutiis
762 1918 889 1951 milites
904 1917 1045 1963 fuerint
1071 1918 1122 1951 ad
1148 1918 1342 1951 Messanam
1369 1920 1659 1964 oppugnandam,
1705 1923 1829 1953 contra
1855 1928 1938 1963 quos
1965 1928 1988 1949 a
2015 1915 2149 1950 Senatu

205 1966 316 2023 spatiurrlz
343 1968 367 2006 {n
377 1964 420 1995 sit
447 1966 558 1999 missus
585 1968 624 2002 L.
645 1968 809 2003 Caecilius
839 1969 1024 2003 Bletetlus:
1068 1970 1128 2014 qui
1155 1981 1232 2003 cum
1259 1969 1305 2003 ab
1333 1970 1403 2003 illis
1427 1971 1624 2005 interfectus
1651 1976 1750 2012 esset,
1799 1969 1884 2003 missi
1911 1968 1963 2002 ad
1986 1976 2045 2001 eos
2059 1966 2148 2013 sae-

206 2008 458 2060 ‚Zffi'ffmags‘hrunt
490 2020 745 2061 expostulatum
780 2021 823 2053 de
856 2021 994 2055 foedere
1027 2021 1151 2054 violato
1184 2022 1300 2067 legati
1353 2047 1359 2054 .
1414 2048 1420 2054 .
1476 2047 1483 2055 .
1536 2051 1543 2057 .
1597 2048 1604 2055 .
1659 2049 1666 2055 .
1719 2034 1774 2063 υς,
1815 2022 1851 2054 Ρ.
1878 2020 2051 2062 Vomitus,
2092 2017 2149 2062 qui

380 2074 457 2097 cum
483 2068 753 2116 aliquantisper,
792 2072 838 2105 ob
865 2073 1081 2106 refectionem
1107 2073 1267 2117 corporis
1292 2073 1327 2106 in
1353 2073 1459 2118 opido
1483 2074 1639 2118 quodam
1665 2071 1878 2114 insedissent,
1912 2069 2036 2111 Ennii,
2072 2070 2148 2115 qui-

374 2113 438 2146 bus
461 2116 587 2159 foedus
612 2126 692 2155 tunc
718 2134 797 2156 eum
819 2123 979 2157 Romanis
1006 2130 1091 2166 erat,
1122 2124 1214 2158 beno
1241 2125 1360 2158 statim
1387 2136 1427 2158 eo
1454 2125 1668 2159 destiterunt.
1694 2126 1773 2159 inde
1799 2135 1819 2158 a
1846 2123 1997 2169 principe
2018 2121 2148 2162 Naute,

364 2164 513 2210 familia
540 2169 675 2205 Nautia
701 2175 872 2219 appellata
900 2182 955 2209 est.
1009 2176 1252 2218 Natinatio,
1285 2176 1472 2210 dicebatur
1497 2178 1702 2223 negotiatio:
1731 2183 1764 2210 et
1790 2177 1999 2210 Natinatores
2026 2185 2070 2207 ex
2097 2183 2147 2211 eo,

460 2272 705 2321 1)Mutiquam.]
720 2280 775 2310 Hic
789 2282 866 2312 idem
881 2293 983 2313 versus
998 2285 1138 2314 eitatura
1155 2284 1237 2314 Cice»
1278 2294 1344 2315 σιν
1365 2306 1372 2314 .
1397 2309 1420 2322 .,
1458 2284 1535 2314 nihil
1560 2286 1643 2315 ali-ud
1658 2308 1667 2322 ,
1705 2285 1779 2315 Ven.
1801 2285 1848 2313 Sc.
1873 2298 1910 2307 *-
1946 2281 1977 2323 4)
2001 2278 2145 2319 Mfam'0]

375 2323 449 2363 rone
461 2325 522 2345 sine
531 2324 636 2356 poetae
650 2325 746 2350 tamen
759 2326 876 2354 nomine
890 2326 921 2354 in
932 2327 1128 2358 Academicis.
1155 2327 1237 2357 Cice-
1281 2327 1395 2356 Nefasti
1419 2327 1450 2356 in
1472 2333 1572 2358 vetere
1595 2328 1776 2357 Kalendario
1799 2328 1823 2356 N
1843 2327 1944 2355 linem
1966 2324 2144 2356 indnuntur,

376 2365 458 2386 roms
468 2361 721 2408 {¹⁰¹0¹{¹*l⁰0u⁸fl¹¹i
735 2365 893 2396 adducitur
907 2370 1032 2405 aFesto,
1050 2371 1168 2400 extatin
1184 2369 1235 2399 lib.
1279 2375 1313 2399 ut
1335 2370 1415 2400 FER.
1444 2371 1558 2400 VOLK.
1586 2372 1621 2400 N.
1650 2371 1713 2401 XV.
1739 2371 1824 2399 KAL.
1846 2366 1921 2398 IUN.
1955 2364 2068 2395 >Nasam-i
2093 2373 2144 2391 au-

377 2399 413 2446 d?
423 2401 626 2449 Ufl'YesSstsse·
649 2406 771 2433 0²⁴⁸·-
787 2407 815 2446 Ξ)
828 2410 946 2450 Nepos]
964 2413 1098 2442 Placidus
1113 2414 1142 2442 in
1152 2414 1236 2442 Glos-
1277 2417 1338 2441 tem
1355 2413 1473 2452 priores
1490 2412 1546 2442 hac
1568 2419 1637 2442 nota
1657 2413 1869 2452 significantur.
1893 2409 1925 2438 N.
1944 2409 1975 2437 P.
2004 2407 2051 2435 Ur
2059 2416 2081 2434 ε.
2104 2422 2144 2426 —

377 2451 424 2471 ⁵¹⁵·
458 2445 568 2483 A‘P‘ffiae
599 2447 782 2477 luxuriosus.
813 2451 888 2479 Urs.
913 2470 949 2474 —
979 2454 1009 2491 3)
1033 2476 1038 2481 .
1063 2477 1068 2482 ,
1097 2453 1234 2486 πόδεσ-
1279 2454 1307 2493 5)
1333 2455 1428 2493 Μαζ]
1451 2456 1511 2485 Lex
1534 2456 1727 2484 dedicationis
1749 2462 1816 2483 arae
1839 2453 1946 2480 Dianae
1969 2449 2143 2478 Aventinen-
