2263 2668
212 172 286 208 750
641 157 986 195 COMMENTARII
1011 158 1059 191 IN
1086 156 1231 191 PAULI
1257 157 1453 192 DIACONI
1478 157 1729 194 EXCERPTA

381 261 580 297 Ungustus.
629 250 791 287 Uncusius,
815 254 916 288 postea
940 257 1088 289 angustus.
1110 249 1197 279 Dac.
1242 250 1316 279 Vide
1339 261 1429 290 supra
1453 251 1490 280 ad
1514 261 1542 282 v.
1568 251 1709 292 Ungulus.

383 298 518 331 Vadem.
562 294 620 325 Vas
643 303 770 333 sponsor
792 297 855 322 erat
877 293 1000 321 sistendi
1024 292 1152 331 aliquem
1173 292 1286 321 iudicio
1311 293 1374 322 sive
1403 293 1541 333 publico,
1578 295 1640 323 sive
1670 294 1798 334 privato.
1843 295 1879 324 Et
1901 294 2022 334 proprie
2045 300 2108 324 erat
2129 296 2158 325 in

214 361 245 379 re
268 344 403 386 capitali,
428 346 461 369 ut
480 340 510 368 in
534 348 566 367 re
587 336 753 366 nummaria
775 347 868 375 praes.
913 336 1022 364 Auson.
1048 335 1264 374 (lechnopaeg.
1282 335 1378 374 XII.):

749 377 822 415 Quis
844 376 921 407 subit
942 379 972 407 in
993 388 1117 417 poenam
1139 378 1265 418 capitali
1286 377 1425 408 iudicio?
1444 389 1505 408 vas.

749 419 828 459 Quid
850 422 875 449 si
898 419 935 450 lis
952 420 1045 462 fuerit
1069 422 1251 458 nummaria,
1277 423 1341 462 quis
1365 419 1509 452 dabitur?
1531 434 1624 461 praes.

273 483 295 501 c.

214 475 264 503 Da
382 507 579 539 Vectio-ula
589 508 693 538 riam.
743 503 951 536 Vecticularius
974 510 1018 535 est
1040 504 1207 534 convicium
1231 506 1415 534 Graecorum
1438 504 1625 547 τοιχωρύχος.
1652 506 1750 537 Scal.
1797 507 2003 545 Vectigularii,
2035 507 2086 546 qui
2108 516 2162 536 ve-

213 562 258 585 cte
282 564 381 584 muros
402 552 521 582 furandi
545 550 636 588 gratia
662 549 843 588 perfodiunt.
889 549 1072 577 perfossores
1096 549 1241 586 parietum
1265 554 1354 577 vocat
1378 549 1496 578 Plautus
1519 549 1619 588 (Asin.
1638 549 1692 587 111,
1716 553 1751 586 2,
1775 553 1823 582 17.
1848 550 1952 579 Pseud.
1969 549 2024 587 IV,
2048 553 2083 586 2,
2107 551 2160 582 23.

214 599 262 627 ubi
287 598 323 627 cf.
345 593 503 634 interpp),
526 594 674 630 iidemque
693 589 1033 631 vecricuZa1·iamfacer-e
1056 590 1212 627 dicuntur,
1237 596 1264 619 et
1287 601 1388 619 eorum
1414 592 1473 620 vita
1496 590 1697 621 vecticularia.
1742 592 1834 624 Dac,

381 637 537 667 Vir-iiim.
583 636 693 664 Gloss.:
724 634 833 662 l'iritim
857 631 921 664 κατ’
947 631 1062 671 ἄνδρα,
1084 631 1159 664 καθ’
1182 632 1235 664 ἕνα
1258 633 1389 664 ἕκαστον.
1434 633 1521 663 Dac.

381 679 574 709 Uxorium.
616 674 755 724 'Ayotui'ov
780 677 848 713 δίκη
873 675 1109 706 Atheniensibus.
1153 676 1229 705 Alibi
1253 678 1357 713 etiam,
1379 675 1437 704 hoc
1461 681 1505 705 est
1526 677 1746 706 Lacedaemone
1770 674 1938 716 ὀψιγαμίου
1961 677 2012 708 καὶ
2034 689 2163 718 κακογα·

214 727 284 765 μίου
309 734 356 753 aes
378 731 489 762 poenae
514 720 630 749 nomine
654 731 668 748 a
692 718 854 748 caelibibus
878 719 967 758 primi
990 724 1168 757 exegerunt,
1200 724 1234 748 ut
1256 725 1346 758 puto,
1378 719 1415 749 Μ.
1435 719 1541 748 Furius
1565 720 1703 748 Camillus
1727 725 1755 748 et
1775 720 1813 749 M.
1829 719 1998 749 Postumius
2022 720 2164 749 Censores

214 787 290 806 anno
320 775 355 803 ab
378 774 411 803 U.
436 763 538 801 (TCOE.
562 768 663 800 Scal.
701 771 739 799 Ut
762 768 926 806 viduvium,
951 780 1014 805 aes,
1040 770 1121 808 quod
1143 781 1158 798 a
1182 770 1279 799 viduis
1303 770 1495 809 pendebatur.
1535 771 1643 799 Gloss.:
1675 769 1826 799 l‘iduvium
1849 768 2015 810 πρόστιμον
2036 771 2164 811 χηρείας.

214 820 262 849 Sic
285 816 366 856 apud
391 814 582 844 Athenienses
607 813 696 841 multa
719 813 829 841 indicta
853 812 883 840 in
908 823 974 849 e05,
998 813 1049 850 qui
1072 823 1196 842 uxorem
1220 823 1280 841 non
1304 813 1467 849 duxerant,
1498 824 1573 852 quae
1597 811 1726 853 ἀγαμίου
1751 813 1832 851 δίκη,
1860 814 1940 851 apud
1963 813 2162 842 Lacedaemo-

214 862 277 891 nios
300 860 331 888 in
353 868 420 895 eos,
453 858 504 896 qui
526 856 572 886 vel
598 865 680 891 sero,
716 856 765 884 vel
786 854 861 884 male
884 860 1060 893 nupserant,
1091 866 1166 895 quae
1189 853 1355 896 ὀψιγαμίου
1378 855 1427 886 καὶ
1449 857 1636 896 κακογαμίου
1661 856 1728 895 δίκη
1752 855 1917 884 dicebatur.
1963 856 2036 885 Vide
2058 857 2164 885 Pollu-

215 914 287 933 cem.
333 901 385 930 Da
395 911 418 929 c.

382 939 639 971 Volturnalia.
693 939 818 968 Videtur
853 940 1044 969 scribendum
1078 939 1271 970 Volturnalib.
1308 938 1447 969 Volturno
1479 939 1532 970 deo
1562 951 1615 969 suo
1645 950 1732 969 sacra
1758 938 1922 979 faciebant.
1957 938 2059 970 Fulv.
2085 940 2164 969 Urs.

215 989 261 1017 VI.
285 985 433 1015 Kalendas
456 984 651 1023 Septembres,
677 982 767 1011 Duc.
815 983 943 1011 Glossis:
980 982 1134 1012 Vulturnus
1158 979 1255 1020 εὖρος.
1304 981 1409 1011 Goth.

383 1026 456 1057 Uis,
502 1027 551 1055 Uls
575 1026 645 1054 ultis
668 1025 848 1064 Pomponius
871 1026 900 1053 in
925 1026 1037 1063 origine
1059 1026 1145 1054 iuris:
1178 1025 1255 1054 Ultis
1283 1024 1419 1055 Tiberim.
1446 1025 1489 1054 Ab
1513 1023 1558 1054 uls
1580 1025 1643 1053 sive
1666 1022 1735 1053 ultis
1758 1022 1851 1060 ultra,
1876 1030 1909 1054 ut
1931 1036 1946 1054 a
1970 1026 2012 1055 cis
2034 1025 2096 1054 sive
2119 1026 2165 1054 ci-

215 1075 252 1102 tis
275 1074 358 1101 citra.
396 1070 468 1098 Vide
494 1068 549 1099 Gis.
572 1068 661 1097 Dac.
704 1067 776 1095 Vide
799 1078 889 1105 supra
915 1067 1059 1098 Citimum.
1109 1066 1213 1097 Goth.

385 1110 541 1142 Vesculi.
588 1110 787 1139 Glossarium:
818 1111 929 1147 Vaces,
952 1122 1051 1140 vescus
1076 1108 1258 1150 ὀλιγόσιτος,
1284 1107 1448 1151 ὀλιγοδεής.
1473 1108 1573 1139 Scal.
1621 1109 1834 1138 Diminutivum
1859 1120 1874 1139 a
1898 1121 2012 1148 vescas,
2036 1110 2166 1149 gracilis,

215 1167 377 1193 exsuccus,
407 1155 591 1184 macilentus.
639 1153 711 1182 Vide
734 1153 764 1181 in
786 1151 930 1192 vegrande
951 1158 980 1182 et
1004 1154 1042 1182 cf.
1066 1154 1098 1182 A.
1121 1153 1194 1183 Gell.
1218 1153 1266 1182 lib.
1281 1153 1314 1182 V.
1340 1163 1403 1192 cap.
1421 1155 1468 1183 12.
1514 1152 1605 1181 Dae.

389 1198 594 1226 Vaticanus
617 1194 742 1225 collis.
770 1195 823 1224 Vel
840 1206 855 1224 a
868 1196 1010 1224 Vaticano
1029 1196 1100 1231 Deo,
1125 1196 1175 1234 qui
1194 1201 1222 1224 et
1241 1196 1410 1235 Vatiganus‚
1435 1194 1517 1234 quod
1534 1194 1680 1232 vagitibus
1695 1194 1852 1223 infantium
1869 1195 2059 1233 praesideret.
2081 1194 2165 1224 Dac.

383 1240 616 1269 Vivissimus.
660 1238 694 1267 A
716 1236 850 1267 videndo,
883 1238 967 1267 Vivo.
1001 1239 1131 1268 Glossis:
1160 1237 1291 1267 Vividum
1317 1236 1458 1274 ζωτικόν,
1481 1236 1577 1266 vivide
1598 1235 1721 1273 ζώντως.
1769 1235 1872 1267 Goth.

384 1281 610 1322 Ungulatos.
656 1282 733 1318 Lego
757 1291 823 1309 cum
848 1280 967 1310 Vossio:
1003 1281 1181 1321 Ungulatos,
1204 1282 1256 1321 qui
1279 1280 1415 1309 haberent
1439 1291 1547 1319 ungues
1571 1291 1701 1319 magnos.
1747 1279 1834 1309 Dae.

390 1326 510 1364 Vopte.
556 1324 629 1352 Vide
651 1331 758 1361 suopte.
804 1323 893 1353 Dae.

387 1369 448 1395 Ver
477 1378 633 1397 sacrum.
679 1365 753 1394 Vide
781 1376 869 1404 supra
900 1366 929 1394 in
953 1365 1129 1395 Mamertini
1157 1371 1185 1395 et
1209 1366 1334 1394 Nonium
1364 1365 1534 1405 (pag.522.
1561 1364 1667 1403 Merc.)
1698 1365 1728 1393 in
1760 1365 1808 1393 Ver
1830 1376 1956 1394 sacrum.
2000 1365 2037 1393 Et
2060 1364 2166 1393 Euseb.

215 1411 330 1441 Iib.IlI.
353 1410 389 1439 de
412 1414 579 1448 praeparat.
603 1409 711 1446 Evang.
736 1407 836 1437 Fulv.
866 1408 942 1437 Urs.
974 1407 1061 1444 Ἔτος
1084 1406 1165 1447 ἲερὸυ
1190 1409 1287 1437 Strab.
1312 1408 1376 1446 (lib.
1391 1409 1424 1436 V.
1448 1417 1513 1446 pag.
1529 1408 1623 1445 250.).
1653 1407 1702 1436 Sic
1726 1407 1899 1441 dicebatur.
1923 1406 2067 1445 quicquid
2089 1407 2166 1434 intra

216 1453 359 1483 Calendas
382 1453 501 1481 Martias
525 1456 554 1480 et
576 1451 673 1490 pridie
688 1450 830 1479 Calendas
853 1451 941 1479 Maias
962 1456 1064 1479 natum
1084 1452 1142 1479 Deo
1166 1451 1343 1481 vovebatur.
1383 1451 1484 1488 Neque
1506 1460 1577 1478 vero
1599 1450 1688 1488 primi
1711 1449 1791 1478 hunc
1815 1459 1926 1478 morem
1950 1449 2017 1478 Itali
2039 1454 2167 1478 tenuere.

214 1498 287 1526 Nam
311 1496 367 1525 tale
390 1495 460 1533 quid
482 1496 512 1522 in
535 1494 627 1522 literis
650 1495 740 1522 sacris
763 1504 777 1521 a
803 1494 951 1522 veteribus
975 1494 1142 1522 factitatum
1165 1493 1253 1521 fuisse
1277 1493 1410 1530 legimus.
1447 1492 1519 1520 Vide
1542 1502 1632 1531 supra
1656 1492 1687 1520 in
1708 1491 1892 1521 ZVIamertini.
1924 1492 1986 1520 Liv.
2010 1492 2060 1521 lib.
2072 1491 2167 1520 XXII.

216 1541 254 1577 (c.
270 1541 328 1576 10.)
352 1544 380 1567 et
402 1537 537 1567 XXXIV,
563 1538 600 1573 (c.
614 1537 676 1573 43.)
700 1542 727 1564 et
752 1537 871 1574 Dionys.
895 1536 945 1565 lib.
957 1535 977 1566 Ι.
1003 1536 1040 1571 (e.
1057 1536 1104 1566 15.
1130 1546 1185 1574 pag
1211 1537 1277 1571 13.).
1309 1535 1394 1564 Dae.
1439 1534 1574 1562 Servium
1593 1534 1655 1563 VII.
1680 1536 1749 1564 Aen.
1774 1534 1811 1562 ad
1834 1533 1926 1563 illud:
1963 1533 2002 1563 Et
2027 1545 2169 1563 sacranae

216 1583 293 1611 acies
316 1582 402 1618 (796.
422 1582 575 1619 pag.502.
592 1578 637 1607 ed.
656 1579 752 1615 nan).
790 1579 828 1606 I)e
852 1588 920 1607 vere
944 1588 1029 1606 sacro
1053 1579 1255 1606 Romanorum
1280 1583 1376 1606 exstat
1401 1587 1588 1616 programma
1613 1576 1822 1605 scholasticum
1841 1576 2033 1612 Zittaviense,
2058 1576 2168 1604 editum

216 1625 251 1653 ab
277 1624 388 1653 Adamo
414 1623 485 1650 Dan.
511 1620 668 1657 Richtero,
697 1622 844 1649 directore
868 1621 1039 1659 Gymnasii,
1068 1621 1097 1648 in
1121 1620 1299 1649 solennibus
1323 1621 1406 1648 Pacis
1431 1619 1728 1658 Hubertiburgensis‚
1757 1630 1804 1648 ao.
1827 1618 2079 1648 CIOIDCCLXIH.
2114 1618 2168 1646 Ce-

217 1673 313 1696 terum
337 1666 375 1695 cf.
400 1664 497 1693 Vorst.
523 1669 552 1693 et
574 1664 713 1701 Bernegg.
738 1663 774 1691 ad
800 1663 902 1692 lustin.
921 1663 977 1700 24,
1001 1664 1030 1694 4.
1056 1663 1125 1693 Intt.
1150 1663 1187 1691 ad
1211 1663 1286 1692 Plin.
1309 1663 1383 1691 Hist.
1408 1667 1466 1690 nat.
1484 1662 1540 1699 ΙΙΙ,
1567 1664 1614 1693 13.
1639 1662 1781 1691 Pithoeus
1804 1661 1920 1692 advers.
1938 1661 1966 1699 1,
1990 1663 2020 1692 6.

389 1708 584 1736 Versuram
603 1704 750 1747 facere.
797 1706 870 1734 Cum
901 1706 967 1744 quis
996 1710 1028 1733 ut
1058 1706 1107 1734 alii
1132 1706 1227 1734 solvat
1250 1705 1286 1733 ab
1310 1706 1366 1734 alio
1389 1709 1551 1735 mutuatur.
1598 1704 1701 1734 Cicero
1725 1704 1826 1744 (Tusc.
1850 1704 1929 1742 Disp.
1946 1704 1973 1740 l,
1996 1701 2060 1743 42.)
2084 1702 2170 1731 etiam

219 1751 294 1779 dixit
313 1760 459 1778 versuram
473 1748 581 1791 facere
603 1759 656 1787 pro
681 1758 729 1777 aes
751 1748 879 1777 alienum
903 1747 1089 1777 contrahere.
1135 1749 1171 1777 Et
1195 1749 1299 1776 Donat.
1320 1749 1350 1776 in
1375 1747 1584 1776 Phormionem
1608 1746 1661 1786 (V,
1684 1749 1720 1784 2,
1745 1746 1824 1786 15.):
1867 1746 2032 1782 Versuram,
2062 1745 2170 1784 inquit,

218 1792 317 1833 facere
338 1790 461 1828 dicitur,
484 1792 536 1832 qui
556 1802 604 1819 aes
626 1790 753 1820 alienum
776 1802 816 1819 ex
837 1802 902 1819 aere
924 1790 1020 1820 alieno
1043 1789 1138 1819 solvit.
1170 1790 1290 1820 Dicitur
1311 1791 1397 1819 etiam
1420 1801 1566 1818 versuram
1580 1789 1704 1831 facere,
1728 1801 1793 1818 cum
1817 1789 1928 1818 minore
1940 1787 2068 1830 foenore
2088 1798 2171 1817 acce-

220 1842 299 1872 ptam
329 1835 393 1874 quis
417 1835 570 1873 pecuniam
594 1834 706 1863 maiore
727 1841 862 1873 occupat.
889 1833 977 1862 Dae.
1023 1833 1067 1862 Cf.
1093 1834 1225 1862 Gronov.
1250 1833 1286 1862 de
1310 1843 1372 1872 pec.
1396 1837 1456 1861 vet.
1479 1842 1544 1871 pag.
1558 1833 1629 1864 535.
1676 1831 1760 1861 Adde
1784 1831 1877 1861 Vicat.
1901 1830 2073 1861 vocabular.
2096 1830 2171 1858 iuris

223 1877 375 1914 utriusque
397 1887 425 1905 v.
453 1877 581 1904 Versura.

389 1918 565 1948 Vinciam.
608 1918 683 1956 Lege
700 1922 734 1946 ut
753 1917 783 1946 in
801 1917 882 1946 MSS.
898 1918 1005 1947 viciam
1029 1923 1056 1946 et
1079 1918 1155 1946 infra
1181 1918 1389 1947 continentiam
1412 1927 1466 1956 pro
1490 1917 1690 1947 continentem.
1726 1916 1798 1946 Nam
1818 1916 1896 1945 vicia
1915 1920 1960 1944 est
1979 1915 2170 1945 continentia.

224 1959 287 1988 Nisi
309 1960 378 1987 velit
398 1961 499 1989 Festus
521 1960 590 1988 inde
612 1961 720 1989 viciam
744 1962 830 1988 etiam
854 1960 1016 1998 virginem,
1053 1961 1100 1988 vel
1133 1961 1285 1989 mulierem
1315 1961 1515 1988 continentem
1547 1959 1665 1990 dictam.
1711 1958 1769 1988 Sed
1798 1958 1842 1987 sic
1863 1958 1951 1987 etiam
1973 1968 2033 1987 non
2055 1957 2172 1986 incom-

224 2001 310 2030 mode
332 2002 457 2030 vinciam
479 2003 605 2031 retineas
628 2012 643 2031 a
665 2003 775 2032 vincire
797 2012 917 2042 nempe,
943 2012 1019 2041 quae
1041 2003 1080 2032 sit
1101 2004 1204 2033 vincto
1227 2007 1363 2042 pectore,
1387 2007 1420 2031 ut
1440 2002 1501 2031 fere
1524 2002 1593 2030 olim
1618 2002 1754 2039 virgines.
1800 2001 1872 2030 Nam
1896 2001 1984 2030 flocci
2003 2004 2062 2038 est,
2091 1999 2172 2039 quod

225 2044 266 2072 ait
289 2042 459 2080 Turnebus,
482 2045 589 2073 alicubi
612 2046 738 2074 vinciam
762 2045 872 2074 dictam
897 2045 1120 2081 continentem,
1143 2047 1212 2085 quia
1238 2056 1313 2084 quae
1335 2045 1456 2074 vinctae
1478 2049 1562 2082 sunt,
1586 2044 1731 2073 tenuioris
1754 2048 1783 2073 et
1804 2043 1968 2082 gracilioris
1991 2047 2062 2072 sunt
2081 2042 2173 2072 abdo-

226 2086 328 2121 minis,
351 2095 438 2123 quam
461 2086 690 2123 incontinentes,
714 2089 822 2126 quibus
847 2088 1012 2127 propendet
1035 2089 1230 2127 aqualiculus.
1275 2088 1364 2117 Dae.

394 2127 597 2157 l'ernisera.
652 2130 790 2159 Mensalia
818 2131 939 2167 auguria
972 2131 1058 2159 multi
1089 2132 1203 2168 generis
1232 2129 1322 2158 habes
1352 2129 1432 2169 apud
1462 2128 1591 2158 Plinium
1620 2128 1670 2158 lib.
1690 2128 1833 2165 XXVIII,
1865 2131 1894 2160 2.
1936 2125 2035 2157 Scal.
2086 2127 2172 2164 Male,

229 2170 279 2208 qui
303 2166 453 2198 Messalae
474 2171 605 2207 auguria.
634 2171 722 2201 Dae.
768 2173 875 2201 Mirum
905 2177 1019 2210 autem,
1059 2173 1140 2212 quod
1171 2183 1246 2212 quae
1277 2172 1313 2201 de
1342 2172 1451 2210 vesperi
1481 2176 1614 2211 tempore
1639 2170 1789 2199 adduntur
1812 2170 1841 2199 in
1864 2170 1969 2199 codice
1991 2169 2173 2206 Monacensi,

229 2212 329 2240 eadem
359 2210 549 2249 reperiuntur
579 2212 608 2239 in
640 2214 705 2241 cod.
727 2214 869 2244 Toletano
898 2216 1003 2244 Isidori
1035 2217 1071 2244 ad
1101 2217 1199 2253 Origg.
1225 2215 1289 2243 libr.
1303 2215 1335 2245 V.
1361 2217 1450 2245 c.31.
1476 2216 1499 2251 §.
1514 2216 1544 2245 4.
1569 2213 1648 2253 apud
1674 2213 1789 2242 Areval.
1814 2213 1845 2242 T.
1858 2213 1879 2243 I.
1903 2222 1967 2251 pag.
1980 2213 2053 2244 571.
2098 2213 2174 2240 Sunt

230 2258 325 2282 autem
348 2252 403 2280 ita:
441 2253 568 2290 Vesper
591 2252 700 2290 dictus,
732 2255 799 2284 (lum
823 2256 871 2286 sol
891 2265 941 2286 aui
965 2257 1034 2286 luna
1048 2257 1257 2299 ferruginibus
1279 2268 1450 2297 quacunque
1473 2255 1532 2284 diei
1551 2263 1602 2284 aut
1625 2256 1718 2285 noctis
1741 2255 1815 2284 hora
1837 2256 1955 2295 tegitur,
1987 2261 2013 2282 ei
2034 2253 2091 2283 Ῐιοο
2112 2264 2172 2283 no-

230 2308 293 2324 men
314 2293 398 2333 facit
431 2295 604 2332 vesperis-
655 2296 809 2334 Vespera
838 2310 903 2328 vero
933 2299 970 2328 ab
998 2300 1071 2328 hora
1098 2311 1174 2329 ηοηα
1197 2299 1257 2329 sole
1280 2299 1444 2328 descensum
1467 2298 1638 2334 inchoante,
1676 2296 1727 2327 sed
1748 2297 1804 2327 hoc
1826 2308 1927 2326 nomen
1951 2294 2172 2326 declinationem

231 2349 288 2367 non
304 2336 398 2365 habet.
445 2336 617 2374 I'esperus
639 2343 696 2373 est,
720 2337 788 2366 dum
811 2340 871 2369 sole
893 2341 1041 2370 occidente
1063 2341 1124 2372 dies
1144 2342 1259 2382 deficit,
1282 2350 1308 2371 et
1327 2343 1370 2370 sic
1389 2339 1600 2377 declinabitur,
1624 2351 1814 2380 vesperus,
1838 2339 2002 2380 vesperi,
2025 2347 2171 2377 vespero

231 2388 257 2409 et
280 2378 402 2419 reliqua.
442 2378 526 2417 l'esp
536 2388 593 2406 era
617 2377 660 2417 (in
678 2388 728 2407 ms.
744 2381 866 2419 vespere)
889 2390 947 2420 est,
971 2396 1059 2423 quum
1080 2384 1154 2414 lucis
1178 2386 1284 2413 oriente
1303 2395 1410 2413 aurora
1432 2394 1497 2412 nox
1510 2384 1634 2423 finitur,
1657 2390 1682 2410 et
1702 2383 1746 2412 sic
1766 2380 1978 2411 declinabitur:
2002 2389 2170 2420 vespera,

232 2432 413 2460 vesperae,
438 2431 619 2459 vesperae.
