2263 2668
538 139 602 173 DE
629 139 1011 175 SIGNIFICATIONE
1037 139 1318 176 VERBORUM.
1369 142 1513 177 LIBER
1547 143 1571 177 1.
1998 146 2022 180 9

146 233 150 239 ”
188 232 430 266 vulnerandum
453 234 604 267 acumine
626 234 780 268 telorum.
833 234 959 270 Totum
983 238 1094 268 autem
1117 245 1157 268 ex
1181 234 1486 278 Graecosermone
1501 236 1659 279 trahitur,
1685 237 1841 281 quoniam
1864 236 2021 274 sarcire³⁵

190 284 281 329 apud
302 284 376 317 illos
398 282 598 320 ἀκέσασθαι
616 283 640 303 ⁴⁰
665 286 794 319 dicitur.

89 335 262 370 Assiduus
281 335 418 379 dicitur,
444 336 501 379 qui
524 336 558 369 iu
577 348 616 370 ea
639 348 676 370 re
692 334 735 378 ⁴¹,
763 348 863 381 quam
884 336 1074 379 frequenter
1099 335 1185 380 agit,
1212 337 1304 380 quasi
1330 338 1516 372 consedisse
1543 338 1702 373 videatur.

190 388 413 432 locupletem,
440 387 531 431 quasi
552 388 731 421 multorum
752 390 868 421 assium
890 387 1014 420 dictum
1034 392 1191 431 putarunt
1205 384 1238 421 ⁴².

1760 339 1829 373 Alii
1854 341 2017 375 assiduum

1290 389 1357 422 Alii
1375 385 1400 406 *³³
1424 401 1510 432 eum,
1536 391 1593 435 qui
1610 395 1742 435 sumptu
1760 392 1899 436 proprio
1914 389 1939 410 ⁴⁴
1955 394 2019 426 mi-

190 439 324 480 litabat,
352 439 393 472 ab
417 450 486 472 asse
510 439 622 471 dando
644 445 798 473 vocatum
821 439 1040 472 existimarunt
1053 435 1086 471 ⁴⁵.

91 489 285 524 Andruare
305 501 473 524 recurrere
488 487 513 507 ⁴⁶
533 502 552 522 a
574 490 707 524 Graeco
727 493 827 524 verbo
850 488 1069 536 ἀναδραμεῖν

90 542 269 576 Antroare
284 537 308 558 “¹⁹
333 541 454 586 gratias
477 542 611 575 referre.
667 542 802 576 Truant
830 546 964 574 movent
984 537 1018 576 ⁵⁰.

191 597 239 626 tes
259 597 342 626 exta.

1084 486 1109 506 ⁴⁷
1128 490 1229 529 venit3
1256 490 1334 524 hinc
1358 495 1390 523 et
1410 491 1503 524 ἀνιια
1523 496 1638 526 vocata
1660 497 1708 525 est
1722 489 1756 526 4⁹.

1076 540 1207 575 Traam
1231 553 1366 586 quoque
1391 548 1526 587 vocant,
1555 555 1622 588 quo
1647 549 1844 589 permovent
1870 556 2018 590 coquen-

91 643 298 689 Acupedius
312 640 334 661 ⁵¹
354 643 541 687 dicebatur,
568 644 621 677 cui
646 644 863 689 praecipuum
884 647 953 676 erat
975 643 1008 675 in
1031 643 1195 676 currendo
1218 655 1357 677 acumen
1380 644 1506 687 pedum
1522 640 1556 677 ⁵².

92 691 345 728 Αάνιινηιιυὶι53
374 706 539 728 rumorem
564 695 660 738 fecit,
695 697 762 728 sive
787 699 1081 729 commurmuratus
1104 699 1170 737 est,
1196 695 1289 739 quod
1318 696 1456 729 verbum
1471 692 1496 713 ⁵³
1524 696 1659 739 quidam
1692 708 1712 730 a
1736 697 1881 739 rumine,
1907 697 1943 730 id
1973 703 2019 732 oet

195 751 289 791 parte
309 748 449 791 gutturis
469 752 585 790 putant
609 747 741 780 deduci.

96 797 230 831 Acieris
248 799 368 830 securis
389 810 503 840 aerea,
530 809 596 841 qua
617 799 650 830 in
671 798 837 832 sacrificiis
855 797 1029 830 utebantur
1052 797 1250 830 sacerdotes.

94 849 281 895 Aplustria
300 845 326 866 ⁵5
347 850 478 882 navium
502 854 709 891 ornamenta,
736 862 821 893 quae
843 849 921 893 quia
944 853 1036 881 erant
1058 849 1216 894 amplius,
1242 860 1343 893 quam
1365 852 1470 881 essent
1490 849 1672 883 necessaria

196 901 332 945 plustria
354 900 558 935 dicebantur.

1686 845 1710 867 ⁵⁶
1729 861 1809 892 usu,
1832 850 1930 883 etiam
1947 862 2020 884 am-

94 960 221 1006 Agz‘na
233 956 259 977 ⁵⁷
281 964 346 1001 est,
373 971 441 1004 quo
459 956 484 977 ⁵⁹
505 961 654 995 inseritur
673 971 792 1004 scapus
806 956 830 977 ⁵⁹
851 959 1010 999 trutinae,
1036 958 1072 991 id
1098 963 1162 1002 est,
1188 959 1221 993 in
1243 970 1311 1004 quo
1332 958 1493 992 foramine
1511 958 1629 992 trutina
1650 971 1684 993 se
1705 959 1811 1001 vertit,
1837 959 1927 993 unde
1948 961 2022 1006 agi-

197 1016 326 1045 natores
348 1011 517 1054 dicuntur,
543 1013 599 1056 qui
619 1024 724 1057 parvo
747 1012 841 1045 lucro
866 1015 1048 1044 moventur.

96 1072 276 1118 Agonium
298 1072 367 1105 dies
392 1072 625 1117 appellabatur
641 1069 682 1113 ⁶⁰,
710 1083 777 1116 quo
800 1082 859 1104 rex
883 1070 1025 1103 hostiam
1047 1070 1247 1103 immolabat.

380 1124 551 1168 Agonium
573 1125 671 1156 etiam
687 1120 712 1140 ‘⁵²
738 1123 900 1168 putabant
929 1122 1028 1154 deum
1056 1121 1122 1155 dici
1135 1117 1160 1137 ⁴⁵³
1186 1121 1428 1166 praesidentem

199 1124 328 1158 cabant.

199 1175 267 1207 eius
288 1174 495 1208 festivitatem
515 1171 557 1216 ⁶⁶,
583 1175 650 1208 sive
681 1176 758 1218 quia
786 1185 911 1219 agones
937 1173 1092 1206 (licebant
1121 1179 1257 1208 montes

371 1226 460 1260 Hinc
474 1226 606 1259 Romae
624 1237 718 1259 mons
739 1226 916 1267 Quirinalis
938 1226 1076 1269 Agonus

98 1277 265 1323 Agonum
287 1276 321 1309 id
339 1273 363 1293 ⁷⁰
390 1282 438 1310 est
453 1273 477 1294 '¹¹
501 1277 636 1318 ludum,
665 1278 709 1310 ob
729 1274 753 1294 ⁷²
784 1277 853 1311 hoc
882 1277 1024 1317 dictum,
1052 1275 1129 1319 quia
1159 1276 1272 1319 locus,
1299 1277 1332 1309 in
1356 1287 1423 1320 quo
1444 1275 1516 1308 ludi
1539 1275 1630 1309 initio
1661 1274 1740 1309 facti
1768 1279 1856 1318 sunt,
1882 1273 1966 1308 fueri

199 1230 320 1260 monte.

1307 1069 1459 1103 Hostiam
1474 1065 1497 1086 ⁶¹

1446 1117 1471 1137 64

1522 1069 1607 1102 enim
1633 1070 1756 1113 antiqui
1781 1070 1935 1116 agoniam
1959 1081 2021 1103 vo—

1499 1121 1597 1153 rebus
1624 1122 1776 1166 agendis3
1806 1122 1972 1166 Agonalia
1995 1118 2020 1139 ⁶⁵

1311 1173 1446 1218 Agonia
1473 1172 1650 1215 sacrificia,
1677 1185 1762 1217 quae
1785 1169 1810 1190 ⁰⁷
1838 1174 1962 1207 fiebant
1988 1172 2021 1206 in

1550 1220 1575 1241 69

1094 1221 1118 1240 ¹⁴⁸
1140 1230 1172 1257 et
1196 1225 1327 1258 Collina
1347 1224 1530 1268 Agonensis
1577 1249 1584 1256 .

1968 1270 2023 1307 tw

195 1329 264 1361 sine
285 1329 427 1373 angu103
455 1329 546 1362 cuius
571 1329 653 1362 festa
674 1329 842 1374 Agonalia
855 1324 880 1344 ⁷⁴
905 1328 1107 1361 dicebantur.

93 1380 202 1426 Agea
222 1380 274 1414 via
297 1379 330 1412 in
351 1380 426 1413 navi
443 1380 549 1423 dicta,
575 1380 668 1425 quod
689 1381 722 1414 in
745 1392 784 1414 ea
806 1380 947 1413 maxime
964 1375 989 1396 ⁷5
1011 1390 1163 1424 quaeque
1186 1390 1238 1413 res
1260 1378 1316 1424 agi
1339 1377 1424 1411 solet
1438 1373 1472 1410 ⁷⁶.

94 1514 194 1542 sertim
208 1523 298 1552 quum
312 1512 363 1541 vix
381 1513 579 1551 grammaticis
595 1513 672 1543 lianc
692 1513 885 1544 subtilitatem
903 1514 1035 1543 scriben-

95 1556 126 1585 di
140 1556 270 1584 tribuere
292 1556 404 1594 possis,
428 1567 484 1595 qua
504 1557 583 1594 apud
608 1558 722 1596 priscos
743 1558 905 1596 scriptores
932 1559 1037 1585 etenim

94 1609 153 1626 non
167 1598 296 1627 secundo
317 1598 385 1627 loco
409 1603 546 1637 ponatur.
590 1599 663 1628 Vide
682 1601 818 1628 Ottonem
840 1600 876 1628 ad
897 1600 957 1628 Cic.
972 1600 1035 1629 Cat.

94 1640 162 1669 Mai.
176 1643 204 1675 9,
228 1642 279 1671 29.
302 1651 330 1678 p.
345 1643 408 1678 76.,
432 1651 609 1679 quamquam
628 1642 714 1671 etiam
731 1642 776 1670 his
795 1641 870 1670 hunc
885 1642 1034 1671 licentiam

95 1682 232 1711 concedit
247 1682 390 1711 Wunder.
407 1683 444 1711 ad
464 1684 523 1712 Cic.
540 1694 582 1712 or.
592 1695 639 1723 pr.
662 1685 758 1713 Plane.
780 1687 827 1721 16,
846 1687 894 1716 38.
915 1695 942 1723 p.
964 1686 1032 1716 123.

94 1741 136 1747 —
160 1725 208 1762 36)
225 1722 304 1763 ὅρος]
325 1735 393 1752 oros
413 1725 468 1754 Gu.
486 1729 513 1758 2.
557 1730 616 1765 ῶρς
637 1727 668 1756 Β.
695 1743 736 1749 -
763 1725 811 1766 37)
831 1726 980 1765 quaedam
999 1727 1034 1754 de

88 1766 256 1805 frumento]
276 1767 311 1795 de
325 1768 425 1804 frum.
444 1767 593 1806 quaedam
611 1770 639 1798 L.
660 1784 701 1791 —-
723 1766 769 1810 38)
788 1780 863 1797 acus
880 1769 1032 1808 dicantur]

95 1809 239 1837 dicuntur
261 1820 335 1837 acus
352 1810 383 1838 B.
405 1826 446 1832 —
468 1809 513 1848 39)
529 1811 653 1850 sarcire]
674 1813 829 1840 sarcinare
843 1812 876 1840 B.
921 1814 950 1840 S.
966 1823 1033 1840 cam

94 1862 173 1881 sare.
197 1868 234 1873 -
256 1851 300 1891 ¹⁴40)
318 1849 500 1891 ἀκέσασθαι]
521 1853 569 1882 Sic
588 1854 618 1884 B.
637 1856 664 1883 S.
699 1854 852 1882 acesastlze
872 1854 910 1884 M.
930 1855 986 1882 Gu.
1004 1857 1031 1885 2.

94 1891 290 1924 οἷκέσθαι-Ου.
309 1897 335 1925 1.
368 1894 431 1923 Om.
446 1895 476 1923 L.
492 1906 536 1933 pr.
574 1895 658 1934 Vulg.
678 1895 808 1936 ῥάπτειν.
849 1897 923 1925 Scal.
941 1906 1034 1935 prae-

93 1937 178 1976 ponit
193 1935 263 1964 huic
278 1942 329 1964 art.
343 1935 419 1964 hanc
432 1938 570 1975 glossam:
592 1939 679 1967 Acus
689 1939 783 1978 palea
798 1945 847 1967 est.
879 1940 976 1967 Varro
992 1949 1036 1965 re-

94 1989 163 2006 ram
182 1979 368 2006 rusticarum
389 1981 491 2007 tertio.-
521 1992 596 2009 acas
614 1981 847 2010 substruendam
861 1982 1036 2020 partarien-

1079 1519 1210 1542 mentum
1224 1513 1291 1542 add.
1305 1513 1335 1543 L.
1358 1528 1399 1534 ·-
1421 1510 1466 1551 49)
1488 1509 1652 1549 Antroare]
1670 1511 1836 1538 Anti-ocare
1850 1509 1880 1539 B.
1904 1514 2023 1538 atroare

1080 1567 1124 1595 pr.
1136 1574 1174 1578 —
1189 1556 1236 1596 50)
1250 1556 1376 1593 movent]
1392 1560 1546 1582 moventur
1559 1555 1588 1583 B.
1599 1554 1636 1581 M.
1653 1554 1708 1582 Gu.
1721 1557 1747 1584 2.
1763 1564 1826 1592 pix,
1847 1553 1878 1580 in
1895 1562 1950 1590 qua
1968 1562 2021 1590 pro

1079 1604 1181 1627 traam
1197 1603 1240 1626 est
1257 1609 1329 1626 eam.
1345 1613 1383 1618 —
1405 1594 1452 1637 51)
1469 1595 1655 1634 Acupeclc'us]
1671 1594 1867 1633 Aucupeclias
1881 1595 1911 1622 L.
1922 1609 1965 1616 —-
1976 1594 2023 1634 52)

1079 1652 1202 1669 acumen
1218 1640 1343 1679 pedum]
1360 1638 1429 1677 ped.
1447 1649 1543 1667 acam.
1561 1639 1590 1667 [a.
1613 1654 1648 1658 —
1669 1640 1713 1675 53)
1737 1635 1936 1675 Adrumavit]
1957 1636 2023 1665 An-

1077 1683 1230 1712 dmmcwit
1248 1693 1291 1722 pr.
1312 1700 1353 1704 -—
1374 1681 1420 1720 54)
1439 1679 1571 1718 verbum]
1595 1680 1691 1710 om.ss.
1718 1696 1752 1700 —
1778 1683 1822 1715 55)
1843 1679 2020 1718 Alplastria]

1075 1726 1269 1764 Amplastria
1286 1725 1341 1752 Gu.
1356 1726 1381 1754 1.
1404 1723 1575 1760 amplastra
1591 1721 1768 1750 dicebantur
1782 1732 1850 1750 nav.
1867 1733 1929 1750 orn.
1938 1721 1969 1749 Β.
1979 1738 2021 1744 —-

1081 1770 1126 1808 56)
1142 1768 1213 1807 usa]
1235 1769 1305 1795 usai
1320 1766 1350 1794 L.
1374 1765 1509 1793 Fortasse
1525 1764 1583 1793 hoc
1600 1775 1702 1793 verum
1718 1769 1770 1793 est.
1787 1780 1821 1785 —-·
1837 1762 1883 1803 57)
1901 1762 2019 1802 Agina]

1075 1812 1203 1850 Agmina
1219 1811 1252 1838 B.
1271 1825 1311 1830 —
1325 1812 1370 1841 58)
1392 1805 1464 1846 quo]
1482 1807 1531 1835 Sic
1551 1808 1580 1838 L.
1597 1807 1628 1835 B.
1645 1807 1681 1837 M.
1705 1807 1762 1836 Gu.
1780 1809 1806 1838 1.
1815 1809 1843 1839 2.
1862 1816 1908 1845 pr.
1935 1806 2020 1843 Vulg.

1076 1864 1147 1892 qaa.
1175 1852 1230 1881 Sed
1246 1862 1303 1890 qao
1319 1854 1362 1878 est
1377 1860 1435 1888 qao
1451 1851 1483 1877 in
1498 1851 1570 1879 loco.
1582 1865 1624 1871 --
1639 1848 1687 1889 59)
1703 1849 1826 1888 scapus]
1840 1848 1972 1887 scaphas
1986 1849 2018 1876 B.

1076 1912 1117 1918 .-.
1140 1896 1185 1930 60)
1209 1894 1272 1921 dies
1294 1891 1518 1932 appellabatur]
1541 1891 1619 1920 diem
1641 1892 1837 1930 appellabunt
1855 1892 1886 1919 L.
1905 1906 1947 1912 —-
1971 1890 2019 1928 61)

1075 1935 1230 1974 Isos-tiam]
1248 1937 1349 1963 hostia
1364 1935 1419 1963 Gu.
1432 1937 1457 1965 1.
1469 1950 1508 1956 ——
1524 1934 1570 1972 62)
1585 1934 1687 1974 etiam]
1704 1934 1801 1963 oui.B.
1811 1948 1853 1955 —-
1865 1932 1914 1971 63)
1930 1932 2019 1960 deam

1076 1978 1154 2016 dici]
1179 1978 1267 2006 dmm
1289 1989 1344 2006 om.
1364 1978 1397 2007 B.
1443 1976 1505 2005 dici
1531 1987 1587 2006 om.
1607 1978 1634 2005 L.
1657 1993 1699 1999 —
1721 1976 1767 2015 64)
1784 1975 2017 2014 praesidentem]

95 2022 194 2049 tibus:
211 2031 283 2048 acus
299 2022 330 2048 in
346 2031 416 2048 areu
431 2024 590 2053 excutitur.
622 2023 701 2052 Idem
717 2026 747 2052 in
763 2023 860 2052 eodem
870 2025 970 2062 primo
986 2034 1036 2049 αν·
1071 2020 1243 2060 praesidem
1261 2021 1290 2049 B.
1312 2037 1353 2041 —
1375 2019 1421 2058 65)
1439 2020 1597 2058 agonalia]
1618 2019 1778 2058 agonialia
1791 2019 1823 2048 B.
1849 2035 1891 2041 ·-—
1913 2016 1960 2059 66)
1968 2019 2017 2055 fe·

91 2064 202 2103 gillam
216 2064 341 2090 mixtam
360 2073 449 2094 acere.
471 2080 512 2086 —
535 2067 580 2101 41)
605 2068 660 2104 qai
676 2068 708 2094 in
725 2078 760 2094 ea
779 2065 819 2104 re]
844 2067 919 2104 qaia
943 2066 975 2092 in
999 2075 1033 2092 ea

94 2118 124 2134 re
140 2106 170 2134 L.
193 2121 233 2128 -
254 2105 303 2143 42)
318 2104 433 2133 dictam
442 2107 607 2146 putarant]
618 2114 686 2147 pat.
704 2108 774 2136 dict.
790 2109 820 2136 L.
841 2124 875 2129 --
902 2108 949 2143 43)
964 2106 1034 2134 Alii

94 2147 171 2187 eum]
189 2148 257 2176 Alii
276 2158 341 2175 vero
361 2158 427 2175 eam
447 2149 478 2177 L.
521 2150 590 2178 Alii
608 2161 676 2178 cum
696 2153 750 2188 qui
772 2160 839 2177 eum
861 2155 985 2187 sumpla
1001 2149 1032 2178 B.

93 2207 134 2212 —
156 2191 202 2226 44)
221 2195 329 2227 sumpt.
340 2189 458 2229 proptu]
475 2202 578 2230 propr.
597 2198 719 2231 sumpta
739 2193 770 2222 L.
796 2208 834 2213 —
865 2191 910 2230 45)
927 2193 1033 2219 existi-

94 2230 234 2270 marant]
258 2233 435 2260 estimarunt
453 2233 482 2260 L.
507 2234 562 2262 Gu.
578 2237 605 2267 2.
639 2251 671 2256 —
705 2233 752 2273 46)
775 2232 940 2261 Arndt-aare
958 2233 1031 2272 recu]

93 2275 142 2303 Sic
158 2275 187 2303 L.
204 2275 258 2303 Gu.
278 2277 305 2306 2.
345 2273 380 2301 id
400 2280 441 2302 est
463 2285 573 2304 recarr.
594 2277 674 2313 vulg.
690 2286 755 2304 cum
772 2276 902 2314 reliquis.
924 2293 964 2298 —
987 2277 1034 2315 47)

92 2313 286 2356 ἀναδραμεῖν]
300 2316 349 2344 Sic
362 2317 416 2345 Gu.
429 2320 456 2349 1.
481 2315 642 2357 α’νδραμεῖν
655 2319 688 2347 Β.
708 2317 869 2346 andr-amin
885 2319 938 2348 Gu.
948 2322 975 2350 2.
991 2329 1034 2357 pr.

93 2360 268 2388 antlzramin
284 2360 362 2387 venit
378 2359 415 2387 M.
438 2359 582 2388 andrami
595 2361 625 2389 L.
661 2360 745 2398 Vulg.
761 2358 938 2400 δραπετεύω.
966 2358 1035 2390 ἄνα-

94 2404 169 2442 δροῖν
185 2402 220 2430 id
233 2407 274 2430 est
289 2403 455 2431 invenires.
467 2418 508 2424 —
523 2404 567 2440 48)
585 2408 690 2431 vocata
705 2402 758 2442 est]
771 2405 902 2431 textricis
917 2405 1034 2432 instru-

136 2450 297 2479 Gmumn’.
319 2460 385 2480 LAT.
409 2450 444 2479 ll.

1075 2062 1260 2103 stivitatem]
1285 2063 1470 2100 festivitates
1494 2063 1526 2091 B.
1569 2062 1644 2091 Tum
1659 2063 1689 2090 in
1711 2061 1846 2090 omnibus
1865 2060 1952 2090 codd.
1973 2064 2017 2090 est

1076 2118 1205 2145 agontur,
1228 2105 1276 2134 sed
1299 2109 1379 2133 recte
1402 2106 1430 2133 S.
1451 2115 1571 2143 agones.
1592 2120 1633 2126 —-
1663 2102 1710 2144 67)
1733 2103 1821 2142 qaae]
1843 2114 1899 2134 om.
1922 2103 1953 2132 L.
1977 2119 2016 2125 —

1075 2152 1123 2186 68)
1146 2147 1287 2188 Agonas]
1310 2148 1452 2186 Agonia-5
1470 2149 1498 2177 L.
1541 2148 1660 2186 Egonis
1678 2147 1710 2175 B.
1729 2147 1767 2176 M.
1788 2156 1834 2185 pr.
1856 2147 1884 2175 S.
1929 2145 2014 2183 Vulg.

1074 2191 1226 2230 Aegonus.
1249 2206 1290 2213 —
1314 2189 1361 2230 69)
1377 2190 1558 2228 Agonensis]
1574 2189 1623 2218 Sic
1635 2190 1673 2219 M.
1718 2189 1803 2227 Vulg.
1822 2188 2014 2227 AegonensiS.

1074 2251 1109 2255 —
1130 2233 1176 2274 70)
1191 2232 1344 2272 Agonum]
1362 2234 1514 2271 Agoniam
1532 2234 1560 2261 L.
1575 2233 1606 2263 B.
1623 2233 1660 2262 M.
1675 2248 1717 2254 —·
1736 2230 1783 2272 71)
1798 2231 1896 2270 idest]
1915 2240 1970 2260 om.
1981 2228 2013 2256 L.

1077 2292 1118 2298 —-
1145 2275 1190 2315 72)
1213 2276 1258 2315 ob]
1280 2286 1313 2304 ex
1339 2276 1371 2304 B.
1395 2276 1451 2304 Gu.
1473 2278 1498 2306 1.
1525 2291 1567 2297 ·--
1598 2275 1646 2313 73)
1665 2274 1775 2313 fuerit]
1791 2275 1858 2311 fait
1879 2274 1908 2301 L.
1952 2271 2014 2298 Sine

1077 2319 1190 2358 angulo
1208 2319 1307 2356 fuerit
1330 2318 1385 2346 Gu.
1405 2321 1430 2350 1.
1453 2335 1487 2339 —
1514 2319 1561 2355 74)
1588 2317 1766 2356 Agonalia]
1789 2313 1959 2353 Agonialia
1981 2312 2012 2340 B.

1076 2378 1118 2384 -—
1140 2363 1186 2397 75)
1201 2360 1340 2400 maxime]
1364 2360 1410 2389 sic
1430 2361 1461 2389 Β.
1479 2361 1516 2389 M.
1543 2362 1598 2392 Gu.
1616 2364 1642 2392 1.
1657 2363 1686 2392 2.
1722 2358 1806 2396 Vulg.
1821 2357 1961 2385 maxima.
1976 2368 2011 2374 —-

1076 2402 1122 2442 76)
1143 2405 1225 2443 solet]
1248 2405 1342 2432 solent
1359 2404 1390 2432 13.
1429 2404 1495 2433 Om.
1515 2404 1546 2432 L.
