2263 2668
411 123 474 155 DE
502 121 774 157 VERBORUM
802 120 1193 157 SIGNIFICATIONE
1221 123 1533 161 FRAGMENTA.
1794 128 1868 161 223

82 229 158 252 nam
185 217 326 257 ruentis,
371 217 612 250 exercitationis
638 217 755 262 gratia.
790 218 881 261 quod
910 218 1041 262 signum
1068 217 1248 261 Pompeius
1275 218 1470 264 Bithynicus
1497 234 1537 255 ex
1564 222 1724 266 Bithynia
1751 224 1866 267 supel-

81 269 200 304 lectilis
224 269 341 313 regiae
361 268 507 302 Romam
534 269 732 314 deportavit.
785 269 1023 302 Rutundam
1038 266 1055 288 7
1079 267 1198 301 aedem
1223 269 1343 303 Vestae
1369 273 1478 305 Numa
1498 274 1687 319 Pompilius
1714 282 1771 307 rex
1792 275 1865 307 Ro-

81 331 256 355 manorum
283 331 492 353 consecrasse
517 321 668 361 videtur,
703 321 795 365 quod
823 321 964 355 eandem
992 330 1062 353 esse
1089 324 1229 363 terram,
1257 332 1323 364 qua
1349 323 1414 356 vita
1441 325 1614 358 hominum
1642 331 1863 359 sunstentare—

80 379 151 414 tur,
180 372 379 410 crediderit3
410 383 551 416 eamque
578 373 667 417 pilae
694 372 803 405 forma
830 385 917 413 esse,
945 376 980 405 ut
1006 372 1054 404 sui
1080 371 1177 404 simili
1203 373 1333 417 templo
1361 375 1424 407 dea
1452 377 1626 412 coleretur.
1681 378 1862 412 Ruscum

81 430 148 466 est,
175 430 212 457 ut
238 425 282 456 ait
303 424 456 465 Verrius,
483 425 626 468 amplius
654 425 772 468 paullo
800 424 925 465 herba,
962 429 993 457 et
1020 423 1162 456 exiruis*
1182 424 1352 469 virgultis,
1385 427 1613 473 fructibusque
1624 430 1651 445 **
1675 440 1742 462 non
1770 430 1864 463 dissi·
1874 427 1920 472 ,ζῑ-
1933 428 2025 469 exilius

80 477 160 510 mile
183 477 299 517 iunco,
327 475 419 508 cuius
440 476 562 509 coloris
584 475 710 509 rebusss
734 477 781 509 uti
806 477 960 509 mulieres
981 475 1097 508 solitae
1109 477 1140 514 ἦ,
1169 483 1411 510 commemorat
1431 479 1514 512 Cato
1539 481 1625 526 origi
1641 476 1661 529 Η
1680 493 1757 514 num
1786 480 1863 528 [73]
1898 461 2039 530 {ugrluutsscr-

79 528 137 561 lib.
159 528 240 561 Vll:
294 527 454 560 Mulieres
487 533 627 572 opertae
661 539 761 567 auro,
805 539 1021 573 purpuraque
1056 538 1106 560 ars
1118 529 1160 565 ††
1183 526 1334 561 inhaeret
1367 530 1541 570 diadema,
1586 544 1724 566 coronas
1751 531 1920 566 aureas†f-
1939 532 2029 572 solitas

79 590 196 613 ruscea
219 578 320 612 facile
331 579 354 618 *,
381 578 523 622 galbeos
534 579 561 594 **
583 579 699 620 lineas,
727 579 854 624 pelles,
882 578 1087 612 redimicula.
1141 580 1340 623 Rupitias
1364 581 1395 613 in
1418 583 1490 617 ΧΠ.
1515 584 1678 628 significat
1703 584 1862 617 damnum
1891 564 2022 630 issfiaactig

78 631 212 664 dederit
222 631 252 668 †.
306 629 469 671 Rodus,
496 631 552 663 vel
579 631 735 664 raudus
761 631 926 675 significat
952 642 1021 663 rem
1049 630 1186 672 rudem⁷
1214 636 1247 663 et
1267 632 1509 677 imperfectam.
1541 646 1614 668 nam
1639 647 1754 669 saxum
1777 647 1862 679 quo—
1873 633 1917 659 ”f-
1933 635 2039 667 galbeas

79 694 145 726 que
171 681 294 715 raudus
322 682 495 725 appellant
520 688 660 727 poetae,
700 688 734 715 ut
761 683 882 716 Accius
908 683 940 715 in
967 681 1166 727 Melanippa
1178 681 1266 721 ††9:
1872 668 2038 735 ssssfldffiffiff

183 733 442 766 Constituit*
469 733 691 779 cognovit,
733 735 866 767 sensit
881 735 908 751 ³³*
934 734 1141 768 conlocat
1167 746 1206 767 se
1234 746 1273 767 se
1300 735 1339 766 in
1366 735 1505 769 locum
1873 773 1881 782 .
1924 737 2014 777 lippo--

181 785 361 823 celsum3
397 784 496 819 hinc
522 786 711 819 manibus
738 797 891 831 repere
917 786 1076 819 roudus
1104 797 1272 819 saxeum
1301 787 1507 831 grandem
1538 795 1575 821 et
1602 801 1784 834 gravem.
1872 772 2037 832 Ᾰςωὲἓξὲἷξῃ

78 844 110 870 et
133 837 168 869 in
194 836 405 881 Chrysippo:

181 888 327 932 Neque
354 887 577 932 quisquam
605 899 624 920 a
653 888 754 921 telis
782 899 956 927 vacuuS,
991 888 1062 921 sed
1091 889 1148 921 uti
1177 889 1331 933 cuique
1359 890 1561 928 obviam†
1590 892 1747 933 fuerat,
1780 892 1916 925 fer-*ri
1936 891 2036 917 obvium

284 950 369 972 rum
397 939 512 972 saxio
538 940 685 972 rudem
699 942 753 979 ††.
1872 943 1933 976 ††f.
1950 951 2036 969 saxum

76 991 209 1036 Vulgus
237 991 375 1034 quidem
402 992 434 1024 in
461 1003 522 1025 usu
548 991 685 1034 habuit,
716 1002 782 1024 non
809 991 913 1024 modo
941 1002 1005 1035 pro
1033 1001 1110 1023 aere
1136 991 1354 1035 imperfecto,
1392 998 1428 1025 ut
1455 993 1619 1033 Lucilius,
1648 1005 1721 1027 cum
1751 994 1811 1026 ait:
1913 978 2003 1003 rodum

178 1042 342 1087 plumbi
367 1043 609 1088 paxillum*
633 1042 761 1076 rodus
789 1043 954 1086 linique
980 1048 1186 1075 matexam
1201 1044 1244 1075 **:
1871 1038 1908 1064 Ὗ·
1929 1038 2035 1098 lpauxil-

75 1094 135 1127 sed
162 1094 261 1127 etiam
287 1105 352 1139 pro
379 1095 524 1140 signato,
552 1094 629 1138 quia
655 1095 688 1127 in
715 1094 959 1140 mancipando,
994 1106 1070 1127 cum
1098 1094 1235 1128 dicitur:
1268 1095 1503 1129 rudusculo
1531 1096 1686 1128 libram
1713 1096 1918 1136 feritowf,
1938 1081 2018 1132 ,Ἑω-

75 1157 146 1179 asse
170 1146 318 1191 tangitur
343 1146 437 1179 libra.
499 1146 631 1180 Cincius
663 1147 706 1179 de
734 1147 841 1179 verbis
868 1146 982 1190 priscis
1009 1146 1055 1179 sic
1083 1147 1145 1179 ait:
1193 1146 1492 1188 Quemadmodum
1521 1148 1627 1180 omnis
1653 1147 1724 1181 fere
1751 1152 1858 1181 mate-
1924 1150 1981 1167 '‘³¹'’

74 1198 122 1230 ria
147 1208 215 1230 non
241 1197 447 1239 deformata,
487 1198 578 1231 rudis
605 1198 815 1242 appellatur,
856 1198 939 1231 sicut
965 1199 1195 1231 vestimentum
1224 1198 1324 1241 rude,
1366 1210 1433 1232 non
1461 1199 1685 1244 perpolitum:
1730 1200 1776 1234 sic
1803 1210 1856 1232 aes

73 1249 233 1283 infectum
259 1249 486 1284 rudusculum.
546 1250 650 1294 Apud
675 1250 794 1283 aedem
824 1250 990 1294 Apollinis
1017 1261 1072 1282 aes
1099 1250 1279 1283 conflatum
1306 1251 1425 1290 iacuit,
1468 1251 1502 1283 id
1529 1251 1676 1284 adrudus
1703 1251 1858 1296 appella-

76 1302 154 1333 bant
208 1329 215 1336 .
270 1327 277 1333 .
332 1328 339 1335 .
392 1302 426 1333 in
461 1301 688 1334 aestimatione
716 1301 875 1335 censoria
910 1313 964 1334 aes
998 1301 1159 1334 infectum
1192 1302 1295 1335 rudus
1323 1303 1523 1347 appellatur.
1578 1303 1778 1336 Rudiarii
1814 1303 1856 1335 ab

74 1352 195 1385 eodem
230 1352 403 1395 dicuntur,
449 1354 506 1396 qui
541 1364 623 1398 saga
657 1364 743 1386 nova
778 1353 917 1397 poliunt.
971 1353 1153 1386 Hominem
1181 1354 1371 1398 imperitum
1399 1354 1546 1388 rudem
1575 1354 1723 1388 dicimus.
1777 1354 1857 1387 Ru—

73 1403 220 1437 dentes
246 1408 347 1437 restes
375 1405 542 1447 nauticae,
571 1410 603 1438 et
630 1405 727 1446 asini,
756 1416 833 1439 cum
859 1416 960 1439 voces
986 1405 1126 1438 mittunt.
1180 1406 1364 1451 Ruspari
1392 1412 1439 1440 est
1465 1418 1626 1450 quaerere
1654 1408 1762 1439 cribro
1773 1408 1795 1447 *,
1825 1404 2014 1438 uss-crebro,

72 1455 140 1490 hoc
165 1466 262 1489 versu
287 1455 468 1490 indicatur:

173 1512 214 1541 et
240 1518 320 1552 ego
347 1507 436 1551 ibo,
477 1513 520 1541 ut
546 1508 741 1540 latebras
768 1518 949 1552 ruspans
975 1508 1167 1540 rimarem
1196 1509 1386 1552 optimas.

73 1559 248 1593 Rustica
281 1560 446 1592 vinalia
481 1560 695 1604 appellantur
727 1570 839 1592 mense
866 1560 1022 1604 Augusto
1047 1559 1137 1592 Xlll.
1165 1559 1241 1594 Kal.
1271 1559 1364 1604 Sept.
1394 1560 1480 1592 lovis
1516 1560 1586 1592 dies
1618 1560 1735 1599 festus,
1780 1559 1854 1601 quia

72 1610 181 1643 Latini
205 1610 334 1644 bellum
360 1616 514 1656 gerentes
546 1611 702 1644 adversus
728 1610 955 1653 Mezentium,
1005 1610 1110 1643 omnis
1136 1611 1202 1643 vini
1228 1611 1421 1645 libationem
1451 1612 1478 1643 ei
1506 1611 1580 1643 Deo
1608 1611 1855 1644 dedicaverunt.

73 1661 193 1694 eodem
228 1666 338 1694 autem
373 1663 428 1696 die
456 1663 579 1696 Veneri
610 1663 739 1707 templa
766 1668 840 1695 sunt
874 1668 1085 1703 consecrata,
1128 1663 1267 1695 alterum
1297 1663 1338 1695 ad
1369 1663 1502 1696 Circum
1532 1663 1734 1699 Maximum,
1772 1662 1873 1708 alte&
2010 1698 2015 1703 ,

73 1724 145 1745 rum
172 1713 205 1746 in
230 1713 297 1747 luci
322 1713 424 1748 libitia
451 1714 544 1748 densi
554 1716 577 1756 *‚
605 1715 682 1758 quia
708 1715 830 1759 impius
842 1714 868 1730 **
892 1715 984 1748 Deae
1010 1715 1113 1747 tutela
1140 1720 1213 1746 sunt
1240 1714 1339 1747 horti.
1392 1715 1564 1746 Rustum
1594 1725 1632 1746 ex
1660 1714 1759 1745 rubus
1770 1710 1803 1733 1⁰
1819 1709 1839 1760 Η
1877 1697 2029 1760 {gilt'ffissssls'

1680 1794 1684 1798 ι
1718 1761 1739 1813 Η
1770 1763 1851 1810 [7⁴]
1864 1766 2028 1801 ''fiinipsius

73 1868 128 1900 ubi
156 1867 313 1900 incubare
340 1876 453 1912 posset
479 1869 614 1913 auspicii
642 1869 815 1912 repetendi
843 1880 950 1903 causa.
1004 1869 1193 1913 Rogatio
1222 1873 1288 1910 est,
1319 1879 1393 1901 cum
1423 1868 1568 1912 populus
1595 1813 1743 1901 consu--ll
1769 1814 1850 1912 {76}

72 1919 149 1951 litur
176 1919 219 1951 de
247 1929 311 1951 uno
340 1921 533 1963 pluribusve
561 1920 768 1956 hominibus.
795 1921 886 1964 quod
916 1932 981 1952 non
1009 1920 1052 1952 ad
1081 1920 1186 1952 omnis
1214 1919 1394 1963 pertineat,
1422 1925 1454 1952 et
1481 1919 1524 1951 de
1553 1929 1633 1959 una,
1662 1919 1851 1963 pluribusve

70 1971 169 2003 rebus
196 1970 239 2002 de
266 1972 384 2013 quibus
410 1983 476 2005 non
504 1973 655 2005 omnibus
682 1972 854 2005 sanciatur.
882 1983 976 2012 nam,
1005 1971 1096 2014 quod
1123 1971 1155 2003 in
1184 1980 1299 2003 omnes
1325 1969 1479 2004 homines
1502 1982 1596 2004 resve
1619 1971 1766 2015 populus
1786 1970 1848 2003 sci—

70 2022 134 2063 vit,
180 2022 232 2053 lex
259 2023 458 2067 appellatur.
519 2025 635 2067 ltaque
659 2023 777 2056 Gallus
804 2024 919 2056 Aelius
945 2024 1009 2064 ait,
1054 2023 1137 2054 inter
1172 2022 1281 2067 legem
1316 2027 1349 2055 et
1375 2022 1582 2068 rogationem
1612 2022 1680 2056 hoc
1704 2022 1845 2054 interest.

70 2154 155 2186 portu
179 2148 258 2176 dicta
289 2153 332 2177 est
361 2148 396 2176 ab
421 2150 528 2182 Roma,
559 2160 634 2187 quae
664 2149 753 2178 habet
775 2150 883 2187 gradus
907 2150 936 2176 in
980 2148 1038 2177 hoc
1062 2147 1204 2176 Varronis
1225 2148 1291 2176 loco
1315 2153 1444 2186 possunt
1469 2149 1545 2178 Festi
1568 2149 1655 2178 verba
1680 2147 1841 2176 emendari.

71 2190 191 2219 Navalia
217 2190 255 2218 ad
286 2191 430 2230 Volupiue
453 2192 604 2220 sacellum.
649 2192 683 2219 ln
714 2193 817 2230 infimo
840 2196 936 2219 autem
989 2191 1066 2218 Urs.
1096 2207 1132 2212 ——-
1162 2188 1192 2230 7>
1217 2190 1395 2219 Rotundum
1421 2192 1490 2221 Ven.
1514 2193 1559 2221 Sc.
1586 2201 1651 2220 cum
1676 2195 1743 2219 nota
1768 2200 1842 2218 mar-

69 2233 215 2272 ncriptutu
240 2237 284 2261 est
306 2244 362 2272 pro
386 2244 437 2267 eo,
475 2234 556 2272 quod
578 2234 607 2262 in
633 2234 844 2272 manuscriptis
871 2238 934 2262 erat
978 2233 1081 2270 ginali:
1105 2232 1274 2260 rutundam
1292 2233 1327 2262 V.
1351 2234 1384 2263 C.
1407 2248 1449 2257 ———-
1471 2233 1499 2273 8)
1514 2235 1603 2271 Lege:
1628 2233 1839 2261 coloribus.-

70 2277 189 2314 infimo,
213 2275 271 2303 hoc
295 2279 354 2312 est,
384 2277 413 2304 in
437 2276 513 2313 imo,
544 2287 619 2314 quae
643 2277 793 2316 scriptura
816 2276 933 2315 saepius
977 2275 1008 2314 9)
1031 2276 1206 2314 Melanippo
1229 2276 1275 2305 Pr.
1305 2290 1346 2298 -·
1381 2277 1425 2316 10)
1449 2277 1503 2305 Hic
1537 2277 1642 2305 lacuna
1674 2281 1718 2304 est
1750 2276 1841 2304 totius

70 2318 219 2347 invenitur
242 2321 271 2346 in
301 2319 453 2348 veteribus
477 2320 682 2348 monumentis.
727 2320 808 2348 Urs.
833 2333 875 2340 -—-
903 2317 932 2359 6)
978 2319 1116 2356 paginae,
1147 2328 1233 2356 quam
1265 2323 1298 2347 ut
1331 2319 1432 2357 spacio
1454 2325 1644 2358 parceretur,
1673 2319 1840 2347 breviorem

71 2360 219 2400 Rutila]
245 2361 337 2390 Vurro
362 2362 411 2390 lib.
428 2365 456 2394 4,
485 2362 572 2390 Aurei
588 2363 665 2390 enim
692 2362 790 2398 rutili,
813 2366 843 2389 et
865 2361 934 2389 inde
979 2362 1099 2389 fecimus
1123 2366 1149 2390 et
1173 2361 1289 2400 punctis
1313 2362 1425 2401 aliquot
1447 2363 1649 2391 indicavimus.

70 2404 153 2432 etiam
178 2403 314 2432 mulieres
338 2405 425 2433 valde
439 2405 541 2440 rufae,
566 2405 682 2433 rutilinv
707 2405 856 2434 dicuntur.
891 2404 932 2432 Ex
