<?xml version="1.0" encoding="UTF-8"?>
<!DOCTYPE html PUBLIC "-//W3C//DTD XHTML 1.0 Transitional//EN"
    "http://www.w3.org/TR/xhtml1/DTD/xhtml1-transitional.dtd">
<html xmlns="http://www.w3.org/1999/xhtml" xml:lang="en" lang="en">
 <head>
  <title>
</title>
<meta http-equiv="Content-Type" content="text/html;charset=utf-8" />
  <meta name='ocr-system' content='tesseract 3.04.00' />
  <meta name='ocr-capabilities' content='ocr_page ocr_carea ocr_par ocr_line ocrx_word'/>
</head>
<body>
  <div class='ocr_page' id='page_1' title='image "./corpusgrammatico01linduoft_0714.png"; bbox 0 0 2263 2668; ppageno 0'>
   <div class='ocr_carea' id='block_1_1' title="bbox 371 172 1626 210">
    <p class='ocr_par' dir='ltr' id='par_1_1' title="bbox 371 172 1626 210">
     <span class='ocr_line' id='line_1_1' title="bbox 371 172 1626 210; baseline -0.001 -1"><span class='ocrx_word' id='word_1_1' title='bbox 371 175 444 209; x_wconf 85' lang='lat'>292</span> <span class='ocrx_word' id='word_1_2' title='bbox 883 172 1272 209; x_wconf 86' lang='lat' dir='ltr'>ADMONITlo</span> <span class='ocrx_word' id='word_1_3' title='bbox 1324 174 1626 210; x_wconf 87' lang='lat' dir='ltr'>LECTORI.</span> 
     </span>
    </p>
   </div>
   <div class='ocr_carea' id='block_1_2' title="bbox 368 267 2144 519">
    <p class='ocr_par' dir='ltr' id='par_1_2' title="bbox 368 267 2144 519">
     <span class='ocr_line' id='line_1_2' title="bbox 373 267 2144 315; baseline 0.001 -13"><span class='ocrx_word' id='word_1_4' title='bbox 373 267 562 302; x_wconf 80' lang='lat' dir='ltr'>addidimus</span> <span class='ocrx_word' id='word_1_5' title='bbox 588 267 644 307; x_wconf 85' lang='lat' dir='ltr'>iis,</span> <span class='ocrx_word' id='word_1_6' title='bbox 672 278 757 310; x_wconf 84' lang='lat' dir='ltr'>quae</span> <span class='ocrx_word' id='word_1_7' title='bbox 785 267 878 301; x_wconf 87' lang='lat' dir='ltr'>Festi</span> <span class='ocrx_word' id='word_1_8' title='bbox 901 280 970 301; x_wconf 84' lang='lat' dir='ltr'>esse</span> <span class='ocrx_word' id='word_1_9' title='bbox 997 268 1258 301; x_wconf 84' lang='lat' dir='ltr'>arbitrabamur:</span> <span class='ocrx_word' id='word_1_10' title='bbox 1285 267 1327 300; x_wconf 85' lang='lat' dir='ltr'>ad</span> <span class='ocrx_word' id='word_1_11' title='bbox 1356 280 1395 301; x_wconf 91' lang='lat' dir='ltr'>ea</span> <span class='ocrx_word' id='word_1_12' title='bbox 1422 280 1522 310; x_wconf 86' lang='lat' dir='ltr'>vero,</span> <span class='ocrx_word' id='word_1_13' title='bbox 1549 280 1636 312; x_wconf 90' lang='lat' dir='ltr'>quae</span> <span class='ocrx_word' id='word_1_14' title='bbox 1663 269 1782 302; x_wconf 84' lang='lat' dir='ltr'>scimus</span> <span class='ocrx_word' id='word_1_15' title='bbox 1804 269 1872 302; x_wconf 88' lang='lat' dir='ltr'>eius</span> <span class='ocrx_word' id='word_1_16' title='bbox 1900 280 1986 311; x_wconf 83' lang='lat' dir='ltr'>esse,</span> <span class='ocrx_word' id='word_1_17' title='bbox 2013 281 2144 315; x_wconf 87' lang='lat' dir='ltr'>cogno-</span> 
     </span>
     <span class='ocr_line' id='line_1_3' title="bbox 370 318 2144 364; baseline 0.001 -11"><span class='ocrx_word' id='word_1_18' title='bbox 370 332 446 353; x_wconf 85' lang='lat' dir='ltr'>men</span> <span class='ocrx_word' id='word_1_19' title='bbox 474 319 541 351; x_wconf 91' lang='lat' dir='ltr'>eius</span> <span class='ocrx_word' id='word_1_20' title='bbox 569 318 810 363; x_wconf 79' lang='lat' dir='ltr'>adscripsimus.</span> <span class='ocrx_word' id='word_1_21' title='bbox 865 319 1067 364; x_wconf 82' lang='lat' dir='ltr'>Reperietur</span> <span class='ocrx_word' id='word_1_22' title='bbox 1093 320 1162 353; x_wconf 89' lang='lat' dir='ltr'>hoc</span> <span class='ocrx_word' id='word_1_23' title='bbox 1188 320 1220 352; x_wconf 89' lang='lat' dir='ltr'>in</span> <span class='ocrx_word' id='word_1_24' title='bbox 1245 320 1294 353; x_wconf 92' lang='lat' dir='ltr'>M.</span> <span class='ocrx_word' id='word_1_25' title='bbox 1312 319 1354 352; x_wconf 92' lang='lat' dir='ltr'>O.</span> <span class='ocrx_word' id='word_1_26' title='bbox 1372 321 1409 352; x_wconf 92' lang='grc' dir='ltr'>Ρ.</span> <span class='ocrx_word' id='word_1_27' title='bbox 1425 321 1467 353; x_wconf 92' lang='grc' dir='ltr'>Τ.</span> <span class='ocrx_word' id='word_1_28' title='bbox 1489 321 1529 354; x_wconf 88' lang='lat' dir='ltr'>V.</span> <span class='ocrx_word' id='word_1_29' title='bbox 1550 320 1674 354; x_wconf 81' lang='lat' dir='ltr'>litteris.</span> <span class='ocrx_word' id='word_1_30' title='bbox 1728 321 1779 353; x_wconf 83' lang='lat' dir='ltr'>Ea</span> <span class='ocrx_word' id='word_1_31' title='bbox 1803 331 1843 353; x_wconf 89' lang='lat' dir='ltr'>ex</span> <span class='ocrx_word' id='word_1_32' title='bbox 1863 321 1959 363; x_wconf 90' lang='lat' dir='ltr'>Aldi,</span> <span class='ocrx_word' id='word_1_33' title='bbox 1987 327 2019 355; x_wconf 89' lang='lat' dir='ltr'>et</span> <span class='ocrx_word' id='word_1_34' title='bbox 2036 322 2144 355; x_wconf 81' lang='lat' dir='ltr'>Masei</span> 
     </span>
     <span class='ocr_line' id='line_1_4' title="bbox 370 370 2144 416; baseline 0.002 -14"><span class='ocrx_word' id='word_1_35' title='bbox 370 371 458 403; x_wconf 87' lang='lat' dir='ltr'>libris</span> <span class='ocrx_word' id='word_1_36' title='bbox 487 370 701 414; x_wconf 79' lang='lat' dir='ltr'>sumpsimus,</span> <span class='ocrx_word' id='word_1_37' title='bbox 734 371 765 403; x_wconf 90' lang='lat' dir='ltr'>in</span> <span class='ocrx_word' id='word_1_38' title='bbox 798 372 917 414; x_wconf 86' lang='lat' dir='ltr'>quibus</span> <span class='ocrx_word' id='word_1_39' title='bbox 946 372 1070 415; x_wconf 87' lang='lat' dir='ltr'>poterit</span> <span class='ocrx_word' id='word_1_40' title='bbox 1096 372 1182 405; x_wconf 91' lang='lat' dir='ltr'>haec</span> <span class='ocrx_word' id='word_1_41' title='bbox 1209 370 1310 404; x_wconf 87' lang='lat' dir='ltr'>editio</span> <span class='ocrx_word' id='word_1_42' title='bbox 1346 372 1388 403; x_wconf 86' lang='lat' dir='ltr'>ab</span> <span class='ocrx_word' id='word_1_43' title='bbox 1415 372 1468 413; x_wconf 85' lang='lat' dir='ltr'>iis,</span> <span class='ocrx_word' id='word_1_44' title='bbox 1506 373 1562 416; x_wconf 90' lang='lat' dir='ltr'>qui</span> <span class='ocrx_word' id='word_1_45' title='bbox 1590 383 1644 405; x_wconf 86' lang='lat' dir='ltr'>eas</span> <span class='ocrx_word' id='word_1_46' title='bbox 1671 371 1825 416; x_wconf 84' lang='lat' dir='ltr'>pagellas</span> <span class='ocrx_word' id='word_1_47' title='bbox 1851 371 1992 415; x_wconf 89' lang='lat' dir='ltr'>habent,</span> <span class='ocrx_word' id='word_1_48' title='bbox 2029 385 2144 406; x_wconf 90' lang='lat' dir='ltr'>emen-</span> 
     </span>
     <span class='ocr_line' id='line_1_5' title="bbox 369 421 2144 469; baseline 0.003 -17"><span class='ocrx_word' id='word_1_49' title='bbox 369 421 476 453; x_wconf 84' lang='lat' dir='ltr'>datior</span> <span class='ocrx_word' id='word_1_50' title='bbox 499 421 580 453; x_wconf 83' lang='lat' dir='ltr'>fieri.</span> <span class='ocrx_word' id='word_1_51' title='bbox 634 422 679 454; x_wconf 79' lang='lat' dir='ltr'>Et</span> <span class='ocrx_word' id='word_1_52' title='bbox 708 424 866 465; x_wconf 87' lang='lat' dir='ltr'>quoniam</span> <span class='ocrx_word' id='word_1_53' title='bbox 898 424 1031 456; x_wconf 81' lang='lat' dir='ltr'>verrius</span> <span class='ocrx_word' id='word_1_54' title='bbox 1058 423 1200 457; x_wconf 77' lang='lat' dir='ltr'>Flaccus</span> <span class='ocrx_word' id='word_1_55' title='bbox 1232 423 1358 466; x_wconf 86' lang='lat' dir='ltr'>primus</span> <span class='ocrx_word' id='word_1_56' title='bbox 1394 422 1492 456; x_wconf 88' lang='lat' dir='ltr'>huius</span> <span class='ocrx_word' id='word_1_57' title='bbox 1520 424 1631 468; x_wconf 85' lang='lat' dir='ltr'>operis</span> <span class='ocrx_word' id='word_1_58' title='bbox 1659 429 1774 457; x_wconf 83' lang='lat' dir='ltr'>auctor</span> <span class='ocrx_word' id='word_1_59' title='bbox 1800 423 1878 457; x_wconf 90' lang='lat' dir='ltr'>fuit:</span> <span class='ocrx_word' id='word_1_60' title='bbox 1912 435 2144 469; x_wconf 86' lang='lat' dir='ltr'>quaecumque</span> 
     </span>
     <span class='ocr_line' id='line_1_6' title="bbox 368 473 1833 519; baseline 0.002 -15"><span class='ocrx_word' id='word_1_61' title='bbox 368 473 434 505; x_wconf 89' lang='lat' dir='ltr'>eius</span> <span class='ocrx_word' id='word_1_62' title='bbox 462 483 567 517; x_wconf 88' lang='lat' dir='ltr'>opera</span> <span class='ocrx_word' id='word_1_63' title='bbox 595 479 723 515; x_wconf 82' lang='lat' dir='ltr'>extant,</span> <span class='ocrx_word' id='word_1_64' title='bbox 751 486 906 519; x_wconf 89' lang='lat' dir='ltr'>quaeque</span> <span class='ocrx_word' id='word_1_65' title='bbox 933 475 977 508; x_wconf 91' lang='lat' dir='ltr'>de</span> <span class='ocrx_word' id='word_1_66' title='bbox 1005 486 1046 508; x_wconf 86' lang='lat' dir='ltr'>eo</span> <span class='ocrx_word' id='word_1_67' title='bbox 1074 476 1116 508; x_wconf 87' lang='lat' dir='ltr'>ab</span> <span class='ocrx_word' id='word_1_68' title='bbox 1143 475 1212 508; x_wconf 88' lang='lat' dir='ltr'>aliis</span> <span class='ocrx_word' id='word_1_69' title='bbox 1239 474 1439 514; x_wconf 83' lang='lat' dir='ltr'>referantur3</span> <span class='ocrx_word' id='word_1_70' title='bbox 1465 476 1558 509; x_wconf 85' lang='lat' dir='ltr'>initio</span> <span class='ocrx_word' id='word_1_71' title='bbox 1586 475 1833 510; x_wconf 84' lang='lat' dir='ltr'>collocavimus.</span> 
     </span>
    </p>
   </div>
   <div class='ocr_carea' id='block_1_3' title="bbox 1009 645 1506 660">
    <p class='ocr_par' dir='ltr' id='par_1_3' title="bbox 1009 645 1506 660">
     <span class='ocr_line' id='line_1_7' title="bbox 1009 645 1506 660; baseline 0 2008"><span class='ocrx_word' id='word_1_72' title='bbox 1009 645 1506 660; x_wconf 95' lang='lat' dir='ltr'> </span> 
     </span>
    </p>
   </div>
   <div class='ocr_carea' id='block_1_4' title="bbox 717 813 1789 869">
    <p class='ocr_par' dir='ltr' id='par_1_4' title="bbox 717 813 1789 869">
     <span class='ocr_line' id='line_1_8' title="bbox 717 813 1789 869; baseline 0.001 -1"><span class='ocrx_word' id='word_1_73' title='bbox 717 813 1789 869; x_wconf 79' lang='lat' dir='ltr'>ADMONITIO</span> 
     </span>
    </p>
   </div>
   <div class='ocr_carea' id='block_1_5' title="bbox 580 941 1936 984">
    <p class='ocr_par' dir='ltr' id='par_1_5' title="bbox 580 941 1936 984">
     <span class='ocr_line' id='line_1_9' title="bbox 580 941 1936 984; baseline 0.001 -13"><span class='ocrx_word' id='word_1_74' title='bbox 580 941 633 972; x_wconf 77' lang='lat' dir='ltr'>DE:</span> <span class='ocrx_word' id='word_1_75' title='bbox 658 942 740 974; x_wconf 85' lang='lat' dir='ltr'>HAG</span> <span class='ocrx_word' id='word_1_76' title='bbox 769 943 883 975; x_wconf 82' lang='lat' dir='ltr'>NOVA</span> <span class='ocrx_word' id='word_1_77' title='bbox 912 943 1122 975; x_wconf 82' lang='lat' dir='ltr'><strong>EDITIONE.</strong></span> <span class='ocrx_word' id='word_1_78' title='bbox 1168 943 1308 984; x_wconf 75' lang='lat' dir='ltr'><strong>(QUAM</strong></span> <span class='ocrx_word' id='word_1_79' title='bbox 1332 942 1514 974; x_wconf 87' lang='lat' dir='ltr'><strong>CURAVIT</strong></span> <span class='ocrx_word' id='word_1_80' title='bbox 1543 943 1680 974; x_wconf 82' lang='lat' dir='ltr'>IOANN.</span> <span class='ocrx_word' id='word_1_81' title='bbox 1704 942 1936 979; x_wconf 82' lang='lat' dir='ltr'>CLERICUS.)</span> 
     </span>
    </p>
   </div>
   <div class='ocr_carea' id='block_1_6' title="bbox 965 1045 1540 1080">
    <p class='ocr_par' dir='ltr' id='par_1_6' title="bbox 965 1045 1540 1080">
     <span class='ocr_line' id='line_1_10' title="bbox 965 1045 1540 1080; baseline 0 -1"><span class='ocrx_word' id='word_1_82' title='bbox 965 1045 1540 1080; x_wconf 81' lang='lat' dir='ltr'>LECTORI.</span> 
     </span>
    </p>
   </div>
   <div class='ocr_carea' id='block_1_7' title="bbox 363 1151 2144 2047">
    <p class='ocr_par' dir='ltr' id='par_1_7' title="bbox 363 1151 2144 2047">
     <span class='ocr_line' id='line_1_11' title="bbox 370 1151 2143 1221; baseline -0.001 -15"><span class='ocrx_word' id='word_1_83' title='bbox 370 1151 478 1209; x_wconf 74' lang='lat' dir='ltr'>Cum</span> <span class='ocrx_word' id='word_1_84' title='bbox 505 1173 726 1206; x_wconf 79' lang='lat' dir='ltr'>statuissemus</span> <span class='ocrx_word' id='word_1_85' title='bbox 753 1173 915 1207; x_wconf 83' lang='lat' dir='ltr'>recudere</span> <span class='ocrx_word' id='word_1_86' title='bbox 941 1175 1157 1208; x_wconf 87' lang='lat' dir='ltr'>Parisiensem</span> <span class='ocrx_word' id='word_1_87' title='bbox 1180 1174 1372 1208; x_wconf 88' lang='lat' dir='ltr'>Editionem</span> <span class='ocrx_word' id='word_1_88' title='bbox 1393 1174 1554 1221; x_wconf 74' lang='lat' dir='ltr'>Pompeii</span> <span class='ocrx_word' id='word_1_89' title='bbox 1580 1175 1692 1217; x_wconf 78' lang='lat' dir='ltr'>Festi,</span> <span class='ocrx_word' id='word_1_90' title='bbox 1723 1174 1838 1208; x_wconf 90' lang='lat' dir='ltr'>moniti</span> <span class='ocrx_word' id='word_1_91' title='bbox 1865 1184 1975 1207; x_wconf 88' lang='lat' dir='ltr'>sumus</span> <span class='ocrx_word' id='word_1_92' title='bbox 2003 1172 2033 1205; x_wconf 89' lang='lat' dir='ltr'>ei</span> <span class='ocrx_word' id='word_1_93' title='bbox 2058 1182 2143 1205; x_wconf 89' lang='lat' dir='ltr'>non-</span> 
     </span>
     <span class='ocr_line' id='line_1_12' title="bbox 367 1224 2144 1270; baseline -0.001 -14"><span class='ocrx_word' id='word_1_94' title='bbox 367 1224 457 1257; x_wconf 90' lang='lat' dir='ltr'>nulla</span> <span class='ocrx_word' id='word_1_95' title='bbox 485 1224 617 1263; x_wconf 83' lang='lat' dir='ltr'>deesse3</span> <span class='ocrx_word' id='word_1_96' title='bbox 656 1236 742 1269; x_wconf 85' lang='lat' dir='ltr'>quae</span> <span class='ocrx_word' id='word_1_97' title='bbox 769 1225 794 1257; x_wconf 88' lang='lat' dir='ltr'>si</span> <span class='ocrx_word' id='word_1_98' title='bbox 821 1227 1075 1270; x_wconf 74' lang='lat' dir='ltr'>supplerentur,</span> <span class='ocrx_word' id='word_1_99' title='bbox 1117 1227 1298 1260; x_wconf 85' lang='lat' dir='ltr'>Lectorum</span> <span class='ocrx_word' id='word_1_100' title='bbox 1325 1227 1435 1260; x_wconf 76' lang='lat' dir='ltr'>usibus</span> <span class='ocrx_word' id='word_1_101' title='bbox 1465 1227 1752 1261; x_wconf 82' lang='lat' dir='ltr'>accommodatior</span> <span class='ocrx_word' id='word_1_102' title='bbox 1784 1227 1896 1259; x_wconf 87' lang='lat' dir='ltr'>futura</span> <span class='ocrx_word' id='word_1_103' title='bbox 1921 1225 2008 1258; x_wconf 87' lang='lat' dir='ltr'>haec</span> <span class='ocrx_word' id='word_1_104' title='bbox 2031 1227 2144 1257; x_wconf 86' lang='lat' dir='ltr'>nostra</span> 
     </span>
     <span class='ocr_line' id='line_1_13' title="bbox 366 1275 2143 1324; baseline -0.001 -15"><span class='ocrx_word' id='word_1_105' title='bbox 366 1275 481 1309; x_wconf 91' lang='lat' dir='ltr'>Editio</span> <span class='ocrx_word' id='word_1_106' title='bbox 507 1276 693 1310; x_wconf 84' lang='lat' dir='ltr'>videbatur.</span> <span class='ocrx_word' id='word_1_107' title='bbox 747 1277 894 1310; x_wconf 87' lang='lat' dir='ltr'>Primum</span> <span class='ocrx_word' id='word_1_108' title='bbox 923 1278 1061 1311; x_wconf 84' lang='lat' dir='ltr'>deerant</span> <span class='ocrx_word' id='word_1_109' title='bbox 1087 1283 1186 1311; x_wconf 86' lang='lat' dir='ltr'>notae</span> <span class='ocrx_word' id='word_1_110' title='bbox 1212 1279 1363 1324; x_wconf 78' lang='lat' dir='ltr'>integrae</span> <span class='ocrx_word' id='word_1_111' title='bbox 1388 1278 1447 1310; x_wconf 90' lang='lat' dir='ltr'>viri</span> <span class='ocrx_word' id='word_1_112' title='bbox 1479 1280 1598 1312; x_wconf 91' lang='lat' dir='ltr'>summi</span> <span class='ocrx_word' id='word_1_113' title='bbox 1628 1279 1698 1313; x_wconf 84' lang='lat' dir='ltr'>Ios.</span> <span class='ocrx_word' id='word_1_114' title='bbox 1726 1278 1926 1324; x_wconf 76' lang='lat' dir='ltr'>Sculigeri,</span> <span class='ocrx_word' id='word_1_115' title='bbox 1950 1288 2031 1320; x_wconf 87' lang='lat' dir='ltr'>quas</span> <span class='ocrx_word' id='word_1_116' title='bbox 2059 1286 2143 1310; x_wconf 89' lang='lat' dir='ltr'>con-</span> 
     </span>
     <span class='ocr_line' id='line_1_14' title="bbox 366 1328 2143 1375; baseline -0.001 -15"><span class='ocrx_word' id='word_1_117' title='bbox 366 1331 486 1361; x_wconf 87' lang='lat' dir='ltr'>tractas</span> <span class='ocrx_word' id='word_1_118' title='bbox 514 1328 578 1361; x_wconf 89' lang='lat' dir='ltr'>suis</span> <span class='ocrx_word' id='word_1_119' title='bbox 604 1328 824 1362; x_wconf 85' lang='lat' dir='ltr'>admiscuerat</span> <span class='ocrx_word' id='word_1_120' title='bbox 852 1330 911 1362; x_wconf 89' lang='lat' dir='ltr'>Vir</span> <span class='ocrx_word' id='word_1_121' title='bbox 938 1329 1145 1363; x_wconf 84' lang='lat' dir='ltr'>Clarissimus</span> <span class='ocrx_word' id='word_1_122' title='bbox 1170 1330 1265 1363; x_wconf 78' lang='lat' dir='ltr'><em>And.</em></span> <span class='ocrx_word' id='word_1_123' title='bbox 1293 1330 1489 1371; x_wconf 67' lang='lat' dir='ltr'>Dacerizw,</span> <span class='ocrx_word' id='word_1_124' title='bbox 1532 1331 1733 1375; x_wconf 88' lang='lat' dir='ltr'>plerumque</span> <span class='ocrx_word' id='word_1_125' title='bbox 1767 1330 1902 1373; x_wconf 88' lang='lat' dir='ltr'>quidem</span> <span class='ocrx_word' id='word_1_126' title='bbox 1938 1328 2053 1361; x_wconf 86' lang='lat' dir='ltr'>addito</span> <span class='ocrx_word' id='word_1_127' title='bbox 2079 1338 2143 1360; x_wconf 92' lang='lat' dir='ltr'>no-</span> 
     </span>
     <span class='ocr_line' id='line_1_15' title="bbox 366 1378 2142 1427; baseline -0.001 -16"><span class='ocrx_word' id='word_1_128' title='bbox 366 1378 455 1412; x_wconf 90' lang='lat' dir='ltr'>mine</span> <span class='ocrx_word' id='word_1_129' title='bbox 483 1378 685 1424; x_wconf 76' lang='lat' dir='ltr'>Scaligeri,</span> <span class='ocrx_word' id='word_1_130' title='bbox 711 1380 770 1413; x_wconf 89' lang='lat' dir='ltr'>sed</span> <span class='ocrx_word' id='word_1_131' title='bbox 799 1385 831 1413; x_wconf 87' lang='lat' dir='ltr'>et</span> <span class='ocrx_word' id='word_1_132' title='bbox 857 1381 1024 1415; x_wconf 88' lang='lat' dir='ltr'>interdum</span> <span class='ocrx_word' id='word_1_133' title='bbox 1051 1382 1181 1415; x_wconf 82' lang='lat' dir='ltr'>omisso.</span> <span class='ocrx_word' id='word_1_134' title='bbox 1234 1383 1300 1415; x_wconf 86' lang='lat' dir='ltr'>Eas</span> <span class='ocrx_word' id='word_1_135' title='bbox 1326 1382 1489 1427; x_wconf 83' lang='lat' dir='ltr'>integras,</span> <span class='ocrx_word' id='word_1_136' title='bbox 1527 1387 1625 1425; x_wconf 85' lang='lat' dir='ltr'>atque</span> <span class='ocrx_word' id='word_1_137' title='bbox 1660 1382 1810 1415; x_wconf 89' lang='lat' dir='ltr'>subiecto</span> <span class='ocrx_word' id='word_1_138' title='bbox 1837 1384 2025 1415; x_wconf 79' lang='lat' dir='ltr'>constanter</span> <span class='ocrx_word' id='word_1_139' title='bbox 2050 1378 2142 1412; x_wconf 90' lang='lat' dir='ltr'>Scri-</span> 
     </span>
     <span class='ocr_line' id='line_1_16' title="bbox 363 1430 2143 1478; baseline 0.001 -16"><span class='ocrx_word' id='word_1_140' title='bbox 363 1431 468 1475; x_wconf 88' lang='lat' dir='ltr'>ptoris</span> <span class='ocrx_word' id='word_1_141' title='bbox 495 1431 647 1473; x_wconf 83' lang='lat' dir='ltr'>nomine,</span> <span class='ocrx_word' id='word_1_142' title='bbox 674 1432 729 1465; x_wconf 88' lang='lat' dir='ltr'>edi</span> <span class='ocrx_word' id='word_1_143' title='bbox 757 1431 814 1465; x_wconf 89' lang='lat' dir='ltr'>hic</span> <span class='ocrx_word' id='word_1_144' title='bbox 841 1433 1036 1468; x_wconf 72' lang='lat' dir='ltr'>curavimus.</span> <span class='ocrx_word' id='word_1_145' title='bbox 1089 1433 1265 1476; x_wconf 90' lang='lat' dir='ltr'>Secundo,</span> <span class='ocrx_word' id='word_1_146' title='bbox 1307 1433 1397 1467; x_wconf 91' lang='lat' dir='ltr'>idem</span> <span class='ocrx_word' id='word_1_147' title='bbox 1424 1434 1644 1478; x_wconf 86' lang='lat' dir='ltr'>praestitimus</span> <span class='ocrx_word' id='word_1_148' title='bbox 1670 1435 1703 1466; x_wconf 90' lang='lat' dir='ltr'>in</span> <span class='ocrx_word' id='word_1_149' title='bbox 1730 1433 1814 1466; x_wconf 83' lang='lat' dir='ltr'>notis</span> <span class='ocrx_word' id='word_1_150' title='bbox 1840 1433 1922 1466; x_wconf 84' lang='lat' dir='ltr'>Ant.</span> <span class='ocrx_word' id='word_1_151' title='bbox 1949 1430 2143 1476; x_wconf 77' lang='lat' dir='ltr'>Augustini</span> 
     </span>
     <span class='ocr_line' id='line_1_17' title="bbox 364 1482 2143 1527; baseline 0 -13"><span class='ocrx_word' id='word_1_152' title='bbox 364 1486 396 1515; x_wconf 88' lang='lat' dir='ltr'>et</span> <span class='ocrx_word' id='word_1_153' title='bbox 422 1482 539 1515; x_wconf 78' lang='lat' dir='ltr'>Fulvii</span> <span class='ocrx_word' id='word_1_154' title='bbox 570 1483 706 1527; x_wconf 80' lang='lat' dir='ltr'>Ursini,</span> <span class='ocrx_word' id='word_1_155' title='bbox 741 1495 823 1526; x_wconf 91' lang='lat' dir='ltr'>quas</span> <span class='ocrx_word' id='word_1_156' title='bbox 847 1484 961 1518; x_wconf 85' lang='lat' dir='ltr'>deesse</span> <span class='ocrx_word' id='word_1_157' title='bbox 989 1485 1087 1518; x_wconf 87' lang='lat' dir='ltr'>etiam</span> <span class='ocrx_word' id='word_1_158' title='bbox 1114 1485 1328 1526; x_wconf 87' lang='lat' dir='ltr'>videbamus,</span> <span class='ocrx_word' id='word_1_159' title='bbox 1369 1485 1428 1518; x_wconf 88' lang='lat' dir='ltr'>nisi</span> <span class='ocrx_word' id='word_1_160' title='bbox 1454 1497 1568 1518; x_wconf 88' lang='lat' dir='ltr'>earum</span> <span class='ocrx_word' id='word_1_161' title='bbox 1596 1485 1703 1518; x_wconf 90' lang='lat' dir='ltr'>obiter</span> <span class='ocrx_word' id='word_1_162' title='bbox 1730 1485 1930 1518; x_wconf 85' lang='lat' dir='ltr'>meminisset</span> <span class='ocrx_word' id='word_1_163' title='bbox 1955 1482 2143 1516; x_wconf 80' lang='lat' dir='ltr'>Dacerius.</span> 
     </span>
     <span class='ocr_line' id='line_1_18' title="bbox 365 1533 2143 1582; baseline -0.001 -14"><span class='ocrx_word' id='word_1_164' title='bbox 365 1533 537 1579; x_wconf 81' lang='lat' dir='ltr'>Scaliger</span> <span class='ocrx_word' id='word_1_165' title='bbox 573 1535 710 1578; x_wconf 91' lang='lat' dir='ltr'>quidem</span> <span class='ocrx_word' id='word_1_166' title='bbox 744 1540 776 1568; x_wconf 86' lang='lat' dir='ltr'>et</span> <span class='ocrx_word' id='word_1_167' title='bbox 803 1535 1027 1581; x_wconf 77' lang='lat' dir='ltr'>Augustinus</span> <span class='ocrx_word' id='word_1_168' title='bbox 1062 1537 1212 1569; x_wconf 90' lang='lat' dir='ltr'>nondum</span> <span class='ocrx_word' id='word_1_169' title='bbox 1240 1537 1389 1570; x_wconf 87' lang='lat' dir='ltr'>viderant</span> <span class='ocrx_word' id='word_1_170' title='bbox 1415 1537 1657 1582; x_wconf 86' lang='lat' dir='ltr'>Fragmentum</span> <span class='ocrx_word' id='word_1_171' title='bbox 1689 1536 1804 1574; x_wconf 75' lang='lat' dir='ltr'>Festi‚·</span> <span class='ocrx_word' id='word_1_172' title='bbox 1848 1535 1907 1569; x_wconf 87' lang='lat' dir='ltr'>sed</span> <span class='ocrx_word' id='word_1_173' title='bbox 1930 1539 2042 1568; x_wconf 82' lang='lat' dir='ltr'>tamen</span> <span class='ocrx_word' id='word_1_174' title='bbox 2065 1533 2143 1566; x_wconf 87' lang='lat' dir='ltr'>feli-</span> 
     </span>
     <span class='ocr_line' id='line_1_19' title="bbox 366 1585 2143 1633; baseline -0.001 -13"><span class='ocrx_word' id='word_1_175' title='bbox 366 1585 494 1620; x_wconf 90' lang='lat' dir='ltr'>cissime</span> <span class='ocrx_word' id='word_1_176' title='bbox 529 1585 664 1620; x_wconf 87' lang='lat' dir='ltr'>lacunas</span> <span class='ocrx_word' id='word_1_177' title='bbox 698 1588 938 1631; x_wconf 81' lang='lat' dir='ltr'>exemplarium</span> <span class='ocrx_word' id='word_1_178' title='bbox 971 1599 1105 1621; x_wconf 88' lang='lat' dir='ltr'>suorum</span> <span class='ocrx_word' id='word_1_179' title='bbox 1140 1588 1280 1621; x_wconf 90' lang='lat' dir='ltr'>subinde</span> <span class='ocrx_word' id='word_1_180' title='bbox 1316 1589 1536 1633; x_wconf 84' lang='lat' dir='ltr'>supplevere,</span> <span class='ocrx_word' id='word_1_181' title='bbox 1570 1588 1766 1633; x_wconf 88' lang='lat' dir='ltr'>praesertim</span> <span class='ocrx_word' id='word_1_182' title='bbox 1800 1587 1994 1633; x_wconf 73' lang='lat' dir='ltr'>Scaliger3</span> <span class='ocrx_word' id='word_1_183' title='bbox 2028 1597 2049 1618; x_wconf 87' lang='lat' dir='ltr'>a</span> <span class='ocrx_word' id='word_1_184' title='bbox 2074 1595 2143 1629; x_wconf 89' lang='lat' dir='ltr'>quo</span> 
     </span>
     <span class='ocr_line' id='line_1_20' title="bbox 365 1637 2144 1683; baseline 0 -14"><span class='ocrx_word' id='word_1_185' title='bbox 365 1637 444 1670; x_wconf 88' lang='lat' dir='ltr'>ideo</span> <span class='ocrx_word' id='word_1_186' title='bbox 471 1637 657 1682; x_wconf 88' lang='lat' dir='ltr'>inspectum</span> <span class='ocrx_word' id='word_1_187' title='bbox 692 1638 939 1683; x_wconf 81' lang='lat' dir='ltr'>fragmentum,</span> <span class='ocrx_word' id='word_1_188' title='bbox 980 1640 1129 1683; x_wconf 85' lang='lat' dir='ltr'>quamvis</span> <span class='ocrx_word' id='word_1_189' title='bbox 1156 1639 1383 1681; x_wconf 89' lang='lat' dir='ltr'>dissimularit,</span> <span class='ocrx_word' id='word_1_190' title='bbox 1425 1640 1521 1673; x_wconf 83' lang='lat' dir='ltr'>fuere</span> <span class='ocrx_word' id='word_1_191' title='bbox 1553 1641 1612 1683; x_wconf 92' lang='lat' dir='ltr'>qui</span> <span class='ocrx_word' id='word_1_192' title='bbox 1642 1639 1853 1674; x_wconf 83' lang='lat' dir='ltr'>crediderint.</span> <span class='ocrx_word' id='word_1_193' title='bbox 1921 1639 2076 1672; x_wconf 82' lang='lat' dir='ltr'>Attamen</span> <span class='ocrx_word' id='word_1_194' title='bbox 2111 1641 2144 1670; x_wconf 87' lang='lat' dir='ltr'>et</span> 
     </span>
     <span class='ocr_line' id='line_1_21' title="bbox 365 1689 2143 1733; baseline 0 -12"><span class='ocrx_word' id='word_1_195' title='bbox 365 1689 532 1722; x_wconf 88' lang='lat' dir='ltr'>interdum</span> <span class='ocrx_word' id='word_1_196' title='bbox 559 1690 602 1722; x_wconf 88' lang='lat' dir='ltr'>ab</span> <span class='ocrx_word' id='word_1_197' title='bbox 630 1690 698 1723; x_wconf 91' lang='lat' dir='ltr'>eius</span> <span class='ocrx_word' id='word_1_198' title='bbox 725 1690 863 1724; x_wconf 86' lang='lat' dir='ltr'>vocibus</span> <span class='ocrx_word' id='word_1_199' title='bbox 891 1691 977 1733; x_wconf 87' lang='lat' dir='ltr'>abit,</span> <span class='ocrx_word' id='word_1_200' title='bbox 1023 1691 1068 1724; x_wconf 87' lang='lat' dir='ltr'>ita</span> <span class='ocrx_word' id='word_1_201' title='bbox 1094 1696 1206 1724; x_wconf 84' lang='lat' dir='ltr'>tamen</span> <span class='ocrx_word' id='word_1_202' title='bbox 1239 1697 1275 1724; x_wconf 93' lang='lat' dir='ltr'>ut</span> <span class='ocrx_word' id='word_1_203' title='bbox 1304 1692 1331 1724; x_wconf 89' lang='lat' dir='ltr'>si</span> <span class='ocrx_word' id='word_1_204' title='bbox 1365 1692 1496 1724; x_wconf 90' lang='lat' dir='ltr'>aberret</span> <span class='ocrx_word' id='word_1_205' title='bbox 1524 1691 1624 1726; x_wconf 89' lang='lat' dir='ltr'>docte</span> <span class='ocrx_word' id='word_1_206' title='bbox 1660 1692 1795 1725; x_wconf 89' lang='lat' dir='ltr'>omnino</span> <span class='ocrx_word' id='word_1_207' title='bbox 1830 1690 2071 1730; x_wconf 88' lang='lat' dir='ltr'>hallucinetur‚</span> <span class='ocrx_word' id='word_1_208' title='bbox 2111 1693 2143 1721; x_wconf 85' lang='lat' dir='ltr'>et</span> 
     </span>
     <span class='ocr_line' id='line_1_22' title="bbox 364 1739 2142 1788; baseline -0.001 -14"><span class='ocrx_word' id='word_1_209' title='bbox 364 1741 454 1774; x_wconf 82' lang='lat' dir='ltr'>lectu</span> <span class='ocrx_word' id='word_1_210' title='bbox 481 1741 521 1773; x_wconf 89' lang='lat' dir='ltr'>sit</span> <span class='ocrx_word' id='word_1_211' title='bbox 548 1741 768 1786; x_wconf 87' lang='lat' dir='ltr'>dignissimus.</span> <span class='ocrx_word' id='word_1_212' title='bbox 828 1742 963 1783; x_wconf 89' lang='lat' dir='ltr'>Tertio,</span> <span class='ocrx_word' id='word_1_213' title='bbox 996 1743 1239 1788; x_wconf 85' lang='lat' dir='ltr'>Fragmentum</span> <span class='ocrx_word' id='word_1_214' title='bbox 1275 1748 1307 1776; x_wconf 84' lang='lat' dir='ltr'>et</span> <span class='ocrx_word' id='word_1_215' title='bbox 1345 1743 1500 1777; x_wconf 79' lang='lat' dir='ltr'>Schedas</span> <span class='ocrx_word' id='word_1_216' title='bbox 1539 1754 1617 1777; x_wconf 92' lang='lat' dir='ltr'>cum</span> <span class='ocrx_word' id='word_1_217' title='bbox 1652 1743 1774 1776; x_wconf 90' lang='lat' dir='ltr'>notulis</span> <span class='ocrx_word' id='word_1_218' title='bbox 1806 1742 1886 1777; x_wconf 82' lang='lat' dir='ltr'>Ful.</span> <span class='ocrx_word' id='word_1_219' title='bbox 1917 1741 2036 1775; x_wconf 77' lang='lat' dir='ltr'>Ursini</span> <span class='ocrx_word' id='word_1_220' title='bbox 2061 1739 2142 1773; x_wconf 84' lang='lat' dir='ltr'>sub-</span> 
     </span>
     <span class='ocr_line' id='line_1_23' title="bbox 365 1793 2142 1840; baseline 0.001 -16"><span class='ocrx_word' id='word_1_221' title='bbox 365 1793 546 1834; x_wconf 86' lang='lat' dir='ltr'>iunximus,</span> <span class='ocrx_word' id='word_1_222' title='bbox 574 1799 610 1826; x_wconf 89' lang='lat' dir='ltr'>ut</span> <span class='ocrx_word' id='word_1_223' title='bbox 633 1805 652 1826; x_wconf 89' lang='lat' dir='ltr'>a</span> <span class='ocrx_word' id='word_1_224' title='bbox 678 1793 877 1827; x_wconf 89' lang='lat' dir='ltr'>Lectoribus</span> <span class='ocrx_word' id='word_1_225' title='bbox 903 1799 1039 1839; x_wconf 87' lang='lat' dir='ltr'>possent</span> <span class='ocrx_word' id='word_1_226' title='bbox 1051 1807 1127 1829; x_wconf 91' lang='lat' dir='ltr'>cum</span> <span class='ocrx_word' id='word_1_227' title='bbox 1151 1795 1378 1840; x_wconf 84' lang='lat' dir='ltr'>superioribus</span> <span class='ocrx_word' id='word_1_228' title='bbox 1401 1795 1599 1840; x_wconf 87' lang='lat' dir='ltr'>comparari.</span> <span class='ocrx_word' id='word_1_229' title='bbox 1653 1795 1803 1829; x_wconf 87' lang='lat' dir='ltr'>Tametsi</span> <span class='ocrx_word' id='word_1_230' title='bbox 1822 1794 1911 1827; x_wconf 88' lang='lat' dir='ltr'>enim</span> <span class='ocrx_word' id='word_1_231' title='bbox 1936 1804 1977 1827; x_wconf 87' lang='lat' dir='ltr'>ex</span> <span class='ocrx_word' id='word_1_232' title='bbox 1997 1793 2034 1826; x_wconf 84' lang='lat' dir='ltr'>iis</span> <span class='ocrx_word' id='word_1_233' title='bbox 2061 1803 2142 1836; x_wconf 87' lang='lat' dir='ltr'>sup-</span> 
     </span>
     <span class='ocr_line' id='line_1_24' title="bbox 364 1844 2143 1891; baseline 0 -15"><span class='ocrx_word' id='word_1_234' title='bbox 364 1844 476 1888; x_wconf 86' lang='lat' dir='ltr'>pletae</span> <span class='ocrx_word' id='word_1_235' title='bbox 504 1845 569 1877; x_wconf 90' lang='lat' dir='ltr'>sint</span> <span class='ocrx_word' id='word_1_236' title='bbox 597 1845 736 1879; x_wconf 89' lang='lat' dir='ltr'>lacunae</span> <span class='ocrx_word' id='word_1_237' title='bbox 766 1845 875 1887; x_wconf 83' lang='lat' dir='ltr'>Festi,</span> <span class='ocrx_word' id='word_1_238' title='bbox 915 1847 1072 1879; x_wconf 88' lang='lat' dir='ltr'>nonnulla</span> <span class='ocrx_word' id='word_1_239' title='bbox 1106 1846 1286 1880; x_wconf 89' lang='lat' dir='ltr'>etiamnum</span> <span class='ocrx_word' id='word_1_240' title='bbox 1312 1851 1386 1879; x_wconf 88' lang='lat' dir='ltr'>sunt</span> <span class='ocrx_word' id='word_1_241' title='bbox 1411 1858 1498 1891; x_wconf 89' lang='lat' dir='ltr'>quae</span> <span class='ocrx_word' id='word_1_242' title='bbox 1520 1847 1553 1879; x_wconf 91' lang='lat' dir='ltr'>in</span> <span class='ocrx_word' id='word_1_243' title='bbox 1581 1857 1622 1880; x_wconf 90' lang='lat' dir='ltr'>eo</span> <span class='ocrx_word' id='word_1_244' title='bbox 1648 1858 1715 1880; x_wconf 92' lang='lat' dir='ltr'>non</span> <span class='ocrx_word' id='word_1_245' title='bbox 1742 1849 1954 1891; x_wconf 82' lang='lat' dir='ltr'>comparent,</span> <span class='ocrx_word' id='word_1_246' title='bbox 1996 1849 2030 1878; x_wconf 84' lang='lat' dir='ltr'>et</span> <span class='ocrx_word' id='word_1_247' title='bbox 2056 1855 2143 1887; x_wconf 89' lang='lat' dir='ltr'>quae</span> 
     </span>
     <span class='ocr_line' id='line_1_25' title="bbox 365 1895 2142 1942; baseline 0.001 -15"><span class='ocrx_word' id='word_1_248' title='bbox 365 1895 564 1930; x_wconf 84' lang='lat' dir='ltr'>intercidere</span> <span class='ocrx_word' id='word_1_249' title='bbox 589 1897 796 1942; x_wconf 87' lang='lat' dir='ltr'>negligentia</span> <span class='ocrx_word' id='word_1_250' title='bbox 825 1902 935 1931; x_wconf 85' lang='lat' dir='ltr'>nostra</span> <span class='ocrx_word' id='word_1_251' title='bbox 961 1898 1055 1931; x_wconf 84' lang='lat' dir='ltr'>nefas</span> <span class='ocrx_word' id='word_1_252' title='bbox 1083 1898 1246 1931; x_wconf 83' lang='lat' dir='ltr'>(luximus.</span> <span class='ocrx_word' id='word_1_253' title='bbox 1305 1898 1403 1932; x_wconf 89' lang='lat' dir='ltr'>Haec</span> <span class='ocrx_word' id='word_1_254' title='bbox 1436 1898 1480 1931; x_wconf 90' lang='lat' dir='ltr'>de</span> <span class='ocrx_word' id='word_1_255' title='bbox 1509 1897 1576 1932; x_wconf 88' lang='lat' dir='ltr'>hac</span> <span class='ocrx_word' id='word_1_256' title='bbox 1606 1898 1763 1932; x_wconf 89' lang='lat' dir='ltr'>Editione</span> <span class='ocrx_word' id='word_1_257' title='bbox 1795 1897 1963 1932; x_wconf 86' lang='lat' dir='ltr'>monenda</span> <span class='ocrx_word' id='word_1_258' title='bbox 1988 1895 2142 1929; x_wconf 84' lang='lat' dir='ltr'>habeba-</span> 
     </span>
     <span class='ocr_line' id='line_1_26' title="bbox 367 1947 2141 1995; baseline 0.002 -17"><span class='ocrx_word' id='word_1_259' title='bbox 367 1957 454 1986; x_wconf 87' lang='lat' dir='ltr'>mus,</span> <span class='ocrx_word' id='word_1_260' title='bbox 488 1947 532 1979; x_wconf 87' lang='lat' dir='ltr'>ad</span> <span class='ocrx_word' id='word_1_261' title='bbox 559 1959 645 1991; x_wconf 88' lang='lat' dir='ltr'>quae</span> <span class='ocrx_word' id='word_1_262' title='bbox 671 1948 741 1982; x_wconf 93' lang='lat' dir='ltr'>hoc</span> <span class='ocrx_word' id='word_1_263' title='bbox 766 1960 867 1982; x_wconf 88' lang='lat' dir='ltr'>unum</span> <span class='ocrx_word' id='word_1_264' title='bbox 894 1950 1051 1991; x_wconf 85' lang='lat' dir='ltr'>accedet,</span> <span class='ocrx_word' id='word_1_265' title='bbox 1092 1950 1264 1983; x_wconf 88' lang='lat' dir='ltr'>innumera</span> <span class='ocrx_word' id='word_1_266' title='bbox 1296 1949 1417 1983; x_wconf 89' lang='lat' dir='ltr'>menda</span> <span class='ocrx_word' id='word_1_267' title='bbox 1445 1949 1735 1995; x_wconf 85' lang='lat' dir='ltr'>Typothetarum,</span> <span class='ocrx_word' id='word_1_268' title='bbox 1778 1961 1865 1994; x_wconf 86' lang='lat' dir='ltr'>quae</span> <span class='ocrx_word' id='word_1_269' title='bbox 1891 1949 1924 1982; x_wconf 90' lang='lat' dir='ltr'>in</span> <span class='ocrx_word' id='word_1_270' title='bbox 1949 1947 2141 1983; x_wconf 84' lang='lat' dir='ltr'>Editiouem</span> 
     </span>
     <span class='ocr_line' id='line_1_27' title="bbox 369 1996 1626 2047; baseline 0.005 -19"><span class='ocrx_word' id='word_1_271' title='bbox 369 1996 579 2032; x_wconf 87' lang='lat' dir='ltr'>Parisiensem</span> <span class='ocrx_word' id='word_1_272' title='bbox 607 2000 824 2045; x_wconf 74' lang='lat' dir='ltr'>irrepserant,</span> <span class='ocrx_word' id='word_1_273' title='bbox 853 2012 893 2034; x_wconf 85' lang='lat' dir='ltr'>ex</span> <span class='ocrx_word' id='word_1_274' title='bbox 914 2000 981 2035; x_wconf 87' lang='lat' dir='ltr'>hac</span> <span class='ocrx_word' id='word_1_275' title='bbox 1008 2001 1106 2035; x_wconf 89' lang='lat' dir='ltr'>fuisse</span> <span class='ocrx_word' id='word_1_276' title='bbox 1133 2002 1311 2047; x_wconf 85' lang='lat' dir='ltr'>diligenter</span> <span class='ocrx_word' id='word_1_277' title='bbox 1337 2002 1476 2037; x_wconf 86' lang='lat' dir='ltr'>sublata.</span> <span class='ocrx_word' id='word_1_278' title='bbox 1532 2001 1626 2035; x_wconf 90' lang='lat' dir='ltr'>Vale.</span> 
     </span>
    </p>
   </div>
  </div>
 </body>
</html>
