2263 2668
478 149 540 182 DE
567 146 957 183 SIGNIFICATIONE
986 149 1269 185 VERBORUM.
1321 150 1467 185 LIBER
1488 150 1577 184 XIX.
1919 154 1990 188 741

595 250 710 284 AD
813 250 1255 287 LIBRUM
1342 253 1444 288 XIX.

215 324 386 354 Vicinia.
432 325 525 355 Aliter
551 326 705 355 Cornelius
728 326 853 354 Fronto:
885 324 1006 354 Vicinia
1027 328 1156 357 vicorum
1182 328 1357 358 coniunctio.
1400 327 1548 357 Vicinitas
1569 328 1718 357 hominum
1742 330 1922 359 conversatio
1944 338 1993 359 est.

47 368 84 396 Et
108 367 189 406 apud
212 368 328 396 Terent.
353 367 463 403 (Andr.
479 368 508 404 l,
535 371 565 405 1,
589 368 672 407 43.):
713 368 921 406 Commigravit
944 367 1001 397 lzuc
1022 371 1155 400 viciniae.
1201 371 1313 399 Vicinia
1338 375 1382 400 est
1403 371 1504 407 locus,
1540 370 1591 399 ubi
1613 372 1716 410 plures
1739 371 1831 400 vicini
1853 371 1994 401 habitant.

47 411 84 439 Et
108 410 244 439 vicinitas
267 411 432 439 sucinorum
455 411 671 448 propinquitas.
705 411 801 439 Idem:
828 409 931 438 Virtus
953 418 1003 438 tua
1026 423 1069 441 me
1091 412 1137 442 vel
1157 413 1293 443 vicinitas
1316 412 1445 453 (Terent.
1471 413 1574 443 lleaut.
1593 413 1617 450 l,
1643 415 1674 449 1,
1697 412 1740 454 4.)
1765 418 1818 443 etc.
1864 414 1951 444 Dae.

216 451 415 491 Vesperna.
460 452 533 481 Vide
549 453 681 483 Scensas.
705 453 794 481 Ant.
814 452 908 491 Aug.
947 453 1020 482 Vide
1044 455 1193 484 Donatum
1216 456 1246 483 in
1270 456 1458 484 Eunuchum.
1482 454 1584 485 Scal.
1618 455 1809 484 Desideratur
1832 457 1928 486 Plauti
1950 458 1994 486 lo-

49 504 117 531 cus,
143 493 222 522 unde
244 493 302 523 hoc
326 495 438 523 Penus.
483 495 558 523 Vide
584 494 679 524 Coena
702 501 731 524 et
755 494 887 524 Scensas.
930 495 1019 525 Dac.

215 535 413 576 Vesticeps
433 548 534 576 puer.
580 537 677 566 Vestis
700 538 809 567 dicitur
832 537 926 576 pubes
949 542 978 565 et
1000 538 1100 568 barba.
1146 540 1202 568 Pro
1223 539 1298 579 pube
1321 550 1390 568 usus
1413 540 1569 569 Lucretius
1591 539 1642 568 lib.
1657 539 1695 570 V.
1720 541 1831 578 (672.):

625 596 666 601 —
713 598 748 601 -—
795 579 830 608 Et
854 579 997 619 impubem
1020 581 1105 610 molli
1124 581 1277 621 pubescere
1298 590 1380 613 veste.

47 621 104 650 Pro
131 619 224 649 barba
247 621 345 658 virgil.
361 620 427 650 VIII
466 622 578 660 (659.):

624 665 728 693 Aurea
751 664 891 694 caesaries
915 662 983 693 ollis
1006 672 1092 706 atque
1113 677 1201 694 aurea
1223 667 1317 695 vestis.

47 705 120 733 Inde
140 705 278 744 vesticeps
301 705 411 743 puber,
447 707 563 734 investis
585 707 731 745 impubes.
775 706 886 735 Nonius
910 706 987 744 (pag.
1002 708 1052 738 45.
1077 708 1196 746 Merc.):
1234 707 1359 737 Iuvenes
1386 707 1523 738 dicuntur
1545 707 1720 748 impuberes,
1755 707 1859 748 quibus
1879 716 1997 748 propter

47 755 170 776 teneram
194 755 315 776 aetatem
340 746 422 776 nulla
444 760 516 787 pars
539 750 671 788 corporis
691 748 778 789 pilai.
813 749 885 778 Vide
900 748 1004 780 Pubes.
1029 750 1117 780 Dac.
1158 751 1223 780 Alio
1247 751 1413 788 significatu
1430 750 1588 790 Vestispici
1609 751 1705 779 Nonio
1729 748 1808 791 (pag.
1823 753 1873 782 12.
1891 750 1996 790 Mero.)

47 790 179 819 Vestium
202 791 350 818 custodes.
398 789 501 820 Goth.

214 831 317 862 Veia.
364 832 457 861 Varro
481 833 594 862 lib.1V.
617 832 654 861 de
677 833 759 871 Ling.
784 834 846 864 Lat.
872 831 927 873 (V.
952 843 1016 872 pag.
1030 834 1079 865 42.
1105 834 1189 874 Sp.):
1227 834 1311 864 Velm
1335 834 1426 863 brevis
1446 833 1607 863 vehiculum
1631 842 1671 863 est
1695 835 1739 871 (v.
1761 834 1832 864 velia
1853 845 1931 864 nunc
1954 835 1997 864 ibi

47 874 228 912 ominum->3
261 880 289 903 et
312 875 371 903 alio
396 875 461 903 loco
485 876 531 914 (V.
555 886 620 914 pag.
635 875 714 913 50.):
743 874 891 904 velabrum
916 874 1024 904 dicitur
1045 888 1062 904 α
1085 876 1230 914 vehend03
1265 876 1426 906 velaturam
1446 877 1553 917 facere
1575 877 1740 906 etiamnunc
1763 876 1915 914 dicuntur,
1946 878 1998 918 qui

45 916 78 946 id
103 916 231 946 mercede
244 916 387 957 faciunt‚·
410 917 478 947 hinc
501 926 640 946 vecturae.
664 918 750 948 Ant.
774 918 869 957 Aug.
913 919 1000 956 Lege:
1027 917 1102 947 Vela
1124 918 1206 959 apud
1224 919 1316 948 Oscos
1339 918 1492 948 dicebatur
1512 918 1692 958 plaustrum,
1716 918 1793 948 unde
1814 919 1918 949 velarii
1939 920 1995 948 sti-

42 960 117 999 pites
139 960 169 988 in
189 959 340 999 plaustro,
363 967 388 988 et
410 967 527 989 vectura
548 959 689 989 velatura.
726 959 803 989 Vela
826 972 841 989 a
866 960 951 996 veho,
974 966 1009 989 ut
1032 960 1089 990 tela
1112 973 1127 990 a
1151 970 1239 991 tecco.
1276 964 1301 990 A
1324 962 1387 991 vela
1410 960 1549 991 velatura.
1586 962 1673 1000 Apud
1697 961 1858 990 Varronem
1881 960 1996 991 velatu-

45 1013 107 1031 ram
119 1001 229 1043 facere
250 1002 278 1030 id
304 1007 347 1030 est
369 1003 466 1031 facere
490 1008 652 1032 vecturam.
682 1002 771 1032 Dae.
814 1004 867 1032 Est.
889 1014 905 1032 a
928 1004 1078 1033 Sanscrita
1107 1004 1208 1033 radice
1236 1003 1309 1042 vah,
1348 1003 1471 1041 vehere,
1507 1003 1641 1039 trahere,
1678 1004 1755 1033 unde
1781 1004 1859 1033 valui
1881 1004 1995 1042 (vahas)

46 1054 170 1082 currus,
194 1044 274 1082 quod
299 1045 399 1073 Latine
422 1050 504 1073 sonat
528 1044 598 1074 velta
622 1050 650 1074 et
673 1046 745 1074 veia.

216 1086 397 1116 Urbanas.
443 1087 537 1116 Varro
560 1087 609 1116 lib.
624 1088 670 1117 lV.
695 1087 749 1125 (V.
772 1097 839 1126 pag.
852 1088 902 1119 53.
927 1087 1009 1127 Sp.):
1046 1087 1098 1117 Ab
1121 1088 1177 1118 hoc
1199 1099 1312 1129 quoque
1333 1096 1460 1129 quatuor
1479 1095 1578 1128 partes
1599 1087 1678 1117 urbis
1700 1088 1793 1118 tribus
1815 1087 1927 1119 dictae:
1959 1088 1996 1117 ab

45 1127 119 1158 locis
143 1127 317 1165 Suburana,
342 1129 514 1170 Esquilina,
541 1128 673 1166 Collina,
697 1128 847 1161 Palatina.
891 1130 980 1160 Dac.

213 1170 350 1202 Vestis.
396 1173 444 1201 Ait
467 1178 576 1201 vestem
601 1173 659 1201 dici
684 1182 770 1201 omne
792 1172 840 1208 id,
870 1183 928 1210 quo
952 1173 1018 1212 quis
1041 1173 1181 1209 vestitur3
1207 1174 1415 1202 vestimentum
1439 1178 1554 1212 partem
1578 1173 1706 1212 aliquam
1729 1173 1836 1209 vestis,
1861 1178 1894 1202 ut
1916 1173 1996 1202 tuni-

44 1223 125 1250 cam,
156 1213 280 1252 pallium
305 1219 359 1243 etc.
405 1215 464 1243 Sed
487 1215 646 1243 discrimen
669 1215 743 1243 illud
766 1225 825 1243 non
851 1215 1036 1246 observatur.
1080 1215 1169 1244 Dae.

211 1255 360 1286 Vescus.
407 1258 518 1285 Gloss.:
552 1257 679 1293 Vesanus,
710 1253 889 1296 ὀλιγόσιτος,
920 1255 1081 1298 ὄλιγοὸεής.
1118 1257 1231 1286 Gellius
1253 1257 1401 1294 1ib.XV1,
1425 1258 1470 1289 5.:
1503 1256 1548 1285 Ve
1567 1257 1732 1297 particula,
1755 1258 1829 1287 sicut
1851 1255 1996 1297 quaedam

44 1297 123 1336 alia,
151 1306 212 1327 tum
235 1299 420 1328 intentionem
443 1300 606 1338 significat,
636 1306 694 1327 tum
720 1300 923 1337 minutionem,·
954 1308 980 1328 et
1001 1311 1115 1329 vescum
1138 1307 1250 1335 autem,
1282 1298 1362 1340 quod
1383 1311 1423 1328 esc
1444 1311 1482 1328 ve
1501 1299 1650 1339 particula
1673 1307 1699 1328 et
1721 1310 1806 1329 esca
1828 1297 1996 1338 copulatum

43 1348 101 1377 est,
125 1342 275 1380 utriusque
297 1340 427 1370 diversae
448 1341 675 1380 significationis
697 1342 755 1369 vim
779 1342 867 1380 capit.
896 1340 997 1370 Aliter
1018 1343 1093 1371 enim
1112 1341 1268 1371 Lucretius
1292 1342 1333 1381 (I,
1357 1341 1439 1380 319)
1460 1353 1574 1370 vescum
1597 1341 1688 1371 salem
1712 1341 1807 1378 dixit,
1831 1353 1871 1370 ex
1893 1340 1996 1370 edendi

43 1384 215 1420 intentione;
239 1381 325 1411 aliter
340 1382 477 1412 Lucilius
498 1382 627 1422 appellat
650 1394 715 1411 cum
739 1382 843 1412 edendi
854 1383 999 1425 fastidio.
1032 1385 1136 1414 Festus
1157 1389 1186 1413 et
1203 1385 1315 1413 Gellius
1338 1384 1418 1413 huno
1434 1384 1542 1412 Lucilii
1566 1394 1682 1414 versum
1704 1385 1884 1423 respiciunt,
1907 1393 1994 1422 quem

43 1435 80 1454 ex
104 1424 209 1454 Annal.
235 1426 316 1463 (Sat.)
340 1426 448 1454 XXVI.
471 1425 575 1454 laudat
597 1425 724 1454 Nonius:

583 1467 678 1507 Quam
692 1466 890 1509 fastidiosum
913 1480 950 1498 ac
969 1480 1083 1499 vescum
1107 1481 1172 1499 cum
1185 1469 1321 1510 fastidio
1344 1471 1445 1499 vivere.

42 1511 132 1541 Dac.
172 1511 258 1540 Adde
279 1511 406 1540 Nonium
433 1509 522 1552 (pag.
536 1513 607 1543 186.
621 1521 681 1549 seq.
706 1509 815 1552 Mero.)
843 1511 874 1539 in
899 1511 1034 1542 Vescum.
1070 1511 1177 1542 Goth.
1223 1513 1266 1543 Cf.
1293 1513 1462 1542 Doederlin.
1492 1514 1564 1552 Syn.
1594 1518 1622 1542 et
1651 1512 1748 1550 Etym.
1773 1512 1833 1540 Lat.
1862 1516 1934 1540 tom.
1947 1510 1994 1538 lv.

43 1564 108 1593 pag.
122 1555 193 1586 168.
218 1554 268 1590 qui
291 1565 390 1583 vescas
413 1565 428 1581 a
450 1554 555 1592 vagari
578 1553 707 1582 deducit.

209 1595 327 1625 Vesco
338 1607 359 1624 r.
404 1595 488 1624 Adde
513 1595 640 1623 Nonium
665 1593 828 1634 (pag.415.
853 1595 955 1633 Mero.)
978 1596 1009 1624 in
1032 1595 1128 1624 Vesci.
1178 1594 1282 1626 Goth.

211 1636 437 1677 Vesperugo.
482 1638 576 1666 Plaut.
600 1638 631 1666 in
654 1637 776 1676 Amph-2
813 1636 876 1667 Nec
903 1637 1006 1677 iugula
1036 1649 1088 1667 nec
1115 1649 1288 1677 vesperugo,
1325 1650 1414 1678 neque
1439 1637 1588 1679 Vergiliae
1612 1635 1758 1668 occidunt.
1788 1637 1876 1667 Ant.
1900 1636 1994 1676 Aug.

43 1681 138 1709 Locus
160 1680 257 1708 Plauti
282 1679 413 1719 Amphit.
438 1680 501 1709 Act.
516 1680 536 1708 1.
559 1690 599 1708 sc.
614 1683 648 1715 1,
672 1681 783 1716 (118.):

535 1722 598 1751 Nec
619 1721 738 1761 iugula,
761 1733 850 1760 neque
871 1733 1042 1761 vesperugo,
1069 1734 1158 1761 neque
1179 1721 1330 1761 Vergiliae
1353 1721 1500 1752 occidunt.

46 1764 214 1805 Vesperugo
230 1764 295 1793 aliis
311 1775 408 1804 vesper
422 1769 451 1794 et
465 1775 612 1803 vesperus,
635 1765 766 1804 ἕσπερος.
789 1763 879 1793 Dac.
917 1765 1028 1793 Glossis
1043 1762 1200 1803 '‘Ean-epog-
1232 1765 1317 1794 Adde
1334 1765 1496 1794 Varronem
1514 1765 1557 1804 (p.
1572 1767 1641 1797 189.
1661 1776 1689 1804 p.
1702 1767 1774 1797 336.
1790 1763 1864 1803 Sp.).
1890 1761 1994 1792 Goth.

209 1806 361 1846 Vespae.
406 1808 568 1846 Suspectus
590 1808 692 1843 locus,
730 1817 789 1844 quo
811 1808 940 1835 refertur
961 1808 1123 1843 Martialis,
1156 1817 1243 1845 quem
1267 1818 1326 1836 non
1350 1808 1406 1836 alio
1430 1809 1496 1835 loco
1519 1808 1738 1844 nominaverat,
1768 1812 1797 1836 et
1819 1807 1905 1835 Festo
1928 1805 1993 1840 fuit,

43 1854 76 1878 ut
103 1849 248 1885 arbitror,
289 1850 444 1888 posterior.
473 1850 559 1880 Ant.
578 1850 676 1888 Aug.
720 1849 831 1878 Finalia
854 1849 919 1878 illa:
955 1849 1002 1878 Hi
1029 1850 1117 1878 etiam
1143 1848 1316 1889 Vespilones
1338 1855 1391 1879 etc.
1422 1850 1518 1878 omnia
1548 1850 1583 1878 ab
1614 1850 1714 1889 inepto
1743 1849 1912 1878 mutilatore
1933 1847 1997 1884 huc·

43 1898 141 1921 assuta
164 1897 241 1920 sunt.
265 1891 367 1922 Scal.
414 1893 534 1920 Glossae
557 1892 677 1921 Isidori:
713 1890 912 1932 Vespillones,
934 1892 1082 1932 fossarii,
1113 1893 1164 1932 qui
1186 1899 1316 1921 mortuos
1336 1891 1490 1931 sepeliunt,
1522 1891 1624 1923 baiuli.
1670 1893 1780 1931 Vespa,
1812 1889 1950 1929 vespilio,
1975 1901 1990 1916 a

41 1946 162 1973 vespere.
207 1935 340 1963 Mnaseas
368 1935 488 1973 scripsit
511 1935 541 1962 in
566 1936 696 1973 Cecrope
718 1934 795 1963 libro
818 1933 991 1972 Apollinem
1012 1942 1204 1974 posteaquam
1228 1945 1246 1962 a
1270 1933 1338 1963 Iove
1359 1936 1472 1964 vinctus
1494 1942 1581 1975 atque
1602 1934 1772 1977 interfectus
1794 1941 1851 1970 est,
1882 1944 1901 1961 a
1927 1931 1991 1960 Ve-

41 1976 217 2016 spillonibus
237 1976 279 2005 acl
300 1976 478 2016 sepulturam
502 1975 608 2006 elatum
632 1988 697 2006 esse.
716 1976 808 2006 Dac.
841 1975 889 2005 Hi
910 1977 1005 2005 etiam.
1034 1976 1114 2006 Haec
1136 1977 1234 2005 finalia
1259 1977 1336 2006 unde
1359 1982 1429 2006 sunt
1452 1977 1481 2006 in
1506 1978 1604 2006 fronte
1626 1982 1798 2016 promptum
1821 1979 1936 2013 gerunt.
1971 1975 1991 2001 Α

41 2019 168 2048 barbaro
190 2020 360 2048 mutilatore
383 2020 511 2055 seilicet,
548 2020 597 2048 vel
618 2020 654 2048 ab
677 2019 734 2048 alio
758 2018 863 2058 quovis
886 2018 946 2047 huc
969 2024 1082 2055 assuta,
1120 2025 1151 2047 ut
1174 2019 1280 2048 volunt
1303 2020 1358 2048 viri
1384 2020 1476 2048 docti.
1519 2020 1575 2048 Sed
1606 2021 1727 2049 frustra.
1771 2019 1845 2047 Nam
1868 2017 1990 2046 delenda

40 2067 154 2091 tantum
178 2062 209 2091 hi
230 2063 315 2090 etiam
338 2061 497 2101 vespilones
519 2070 669 2092 vocantur.
704 2062 777 2090 Nam
802 2067 895 2089 cetera
920 2067 990 2090 sunt
1012 2062 1106 2099 Festi,
1131 2062 1181 2100 qui
1200 2062 1362 2090 Martialem
1384 2062 1506 2091 laudare
1528 2063 1642 2101 potuit,
1666 2067 1699 2091 ut
1721 2067 1751 2090 et
1772 2061 1849 2089 infra
1868 2058 1989 2089 Canium

40 2105 161 2141 laudat,
185 2105 237 2142 qui
258 2105 385 2132 Martiali
408 2109 674 2142 contemporaneus
696 2105 763 2133 suit.
802 2104 856 2132 Illa
879 2103 911 2133 Izi
932 2105 1019 2133 etiam
1041 2103 1200 2143 vespilones
1223 2111 1366 2133 vocantur
1388 2105 1424 2133 ab
1447 2106 1581 2134 studioso
1605 2105 1706 2143 aliquo
1729 2104 1765 2132 ad
1788 2113 1891 2132 vocem
1915 2101 1937 2130 Il
1954 2112 1989 2128 e-

41 2145 140 2184 dicas,
172 2157 246 2185 quae
269 2147 385 2175 inversa
410 2147 550 2175 Martialis
575 2147 622 2186 (1,
645 2146 714 2186 31.)
737 2146 886 2184 adscripta
911 2146 1043 2184 snei-ant,
1080 2152 1112 2175 ut
1139 2147 1276 2175 innueret
1307 2147 1437 2176 medicos
1464 2148 1631 2188 vespilones
1653 2147 1739 2176 etiam
1760 2146 1864 2175 dictos.
1908 2142 1988 2170 Nihil

40 2191 159 2218 certius.
196 2189 272 2217 Viris
296 2189 419 2217 eruditis
442 2190 518 2217 illud
541 2189 699 2228 imposuit,
723 2190 803 2228 quod
827 2189 945 2218 Festum
968 2190 1101 2218 Martiale
1124 2189 1322 2227 antiquiorem
1346 2195 1500 2228 putarunt,
1542 2190 1630 2226 Quod
1653 2194 1758 2218 contra
1781 2193 1832 2218 est.
1868 2185 1985 2214 Martia-

40 2232 76 2260 lis
99 2232 175 2261 enim
200 2232 320 2260 Festum
342 2232 442 2260 munis
466 2232 549 2260 annis
572 2232 735 2261 antecessit.
757 2231 812 2260 Da
822 2242 846 2261 c.
890 2231 957 2259 Non
981 2232 1126 2261 intellexit
1149 2232 1292 2260 Martialis
1315 2233 1414 2261 locum
1438 2233 1587 2262 1)ace1·ius.
1622 2233 1759 2261 Ceterum
1782 2234 1860 2259 recte
1882 2237 1912 2255 se
1935 2225 1986 2273 lia-

39 2274 91 2303 bet
113 2274 207 2303 Paulli
231 2275 331 2309 locus,
366 2284 418 2303 nec
444 2274 584 2304 videntur
606 2275 701 2303 serius
725 2284 786 2302 esse
809 2273 910 2303 addita
932 2274 1021 2303 verba
1045 2274 1091 2303 Hi
1112 2275 1198 2303 etiam
1223 2279 1278 2304 cet.
1327 2274 1473 2314 Vespulas
1495 2275 1592 2304 dictos
1615 2285 1677 2304 esse
1700 2275 1754 2309 ait,
1785 2271 1863 2310 quod
1887 2268 1985 2297 credn-

40 2317 98 2346 bile
120 2322 178 2354 est,
210 2317 304 2344 forma
328 2317 518 2345 deininutiva.
562 2317 703 2346 Martialis
727 2321 822 2346 sutem
848 2316 931 2345 locus
954 2317 991 2345 ad
1014 2317 1166 2356 superiora
1189 2321 1303 2346 tantum
1327 2322 1451 2356 spectat.

207 2357 395 2397 Vespices,
444 2359 514 2387 Mihi
537 2359 637 2398 ignota
660 2370 730 2388 vox.
754 2358 966 2388 conficiebam:
991 2361 1117 2400 veprices
1131 2358 1249 2402 fruteta
1272 2358 1362 2389 densa
1384 2371 1403 2389 a
1424 2357 1616 2389 similitudine
1637 2358 1738 2397 vepris.
1781 2356 1889 2384 Tamen
1913 2353 1986 2382 nihil

39 2407 147 2431 temere
168 2401 352 2431 mutandum.
399 2401 485 2431 Dac.
1911 2439 1916 2444 .

209 2442 350 2473 Veluti.
394 2444 470 2482 Ergo
493 2455 509 2473 a
531 2442 626 2473 velare
653 2442 751 2473 velites
779 2444 869 2481 dicti,
907 2443 966 2473 hoc
996 2449 1039 2474 est
1067 2442 1170 2479 velati,
1211 2443 1292 2483 quod
1317 2443 1417 2474 vestiti
1440 2448 1554 2473 tantum
1577 2448 1604 2472 et
1626 2442 1688 2471 sine
1711 2439 1798 2469 armis
1821 2444 1984 2468 exereitum
