2263 2668
518 114 581 148 DE
608 114 992 151 S'IGNIFICATIONE
1019 114 1302 153 VERBORUM.
1355 118 1500 152 LIBER
1527 120 1553 155 1.
1958 124 2008 158 15

64 210 189 243 Amnis
214 208 352 252 proprie
379 207 500 241 dicitur·
520 206 544 227 ³⁰
571 221 590 243 a
617 209 855 243 circumnando
876 206 918 250 ³¹,
941 209 1098 252 quoniam
1122 207 1147 227 ³²
1172 221 1211 243 ex
1234 210 1366 245 Graeca
1392 213 1643 257 praepositione
1663 220 1828 259 sumptum
1848 213 1892 258 ³³,
1919 229 2005 261 quae

165 266 211 292 est
239 258 336 306 οἷμφί
355 255 396 300 ³⁴,
424 259 588 304 significat
614 262 758 301 circum,
786 266 818 294 et
843 271 931 294 nare
957 261 1059 294 fluere
1081 257 1115 296 ³⁵.

62 311 280 356 Ambiguum
307 316 371 351 est,
399 311 491 354 quod
518 313 550 346 in
577 313 692 347 ambas
718 312 775 357 agi
800 318 911 357 partes
933 308 958 329 ³⁶
984 313 1095 345 animo
1121 316 1243 357 potest.

163 363 316 396 (licuntur
336 359 370 393 ³⁷.

64 414 258 448 Ambrones
274 414 408 448 fuerunt
423 424 505 457 gens
522 413 686 456 quaedam
702 414 833 449 Gallica
848 411 883 455 ³⁹,
899 414 955 457 qui
969 414 1076 451 subita
1091 409 1115 430 ³⁹
1142 413 1354 447 inundatione
1371 416 1470 448 maris
1489 429 1590 460 quum
1612 419 1791 452 amisissent
1808 419 1903 453 sedes
1918 432 2001 461 suas,

162 466 286 509 rapinis
313 470 345 497 et
370 464 642 508 praedationibus
660 461 684 481 ⁴⁰
713 477 747 498 se
780 477 921 509 suosque
937 461 960 482 ⁴¹
986 465 1076 499 alere
1110 471 1303 509 coeperunt.
1363 467 1433 499 Eos
1470 473 1502 501 et
1537 469 1691 504 Cimbros
1718 471 1959 515 Teutonosque
1975 469 2000 489 ⁴¹²

163 517 200 550 C.
228 516 355 548 Marius
383 516 514 549 delevit.
566 516 619 548 Ex
645 527 713 559 quo
739 522 881 551 tractum
909 521 971 557 est,
1000 522 1035 551 ut
1060 517 1164 560 turpis
1191 517 1276 550 vitae
1303 517 1454 551 homines
1482 519 1665 556 ambrones
1692 522 1888 555 dicerentur.

64 568 190 601 Antiac
216 567 396 600 muliebres
423 568 536 611 capilli
568 567 699 601 demissi
712 565 737 585 ⁴³
762 569 794 601 in
821 570 964 602 frontem
981 564 1005 585 ⁴⁴
1033 569 1195 612 appellati
1221 580 1261 601 ex
1288 569 1422 603 Graeco
1452 571 1620 611 videntum
1653 573 1745 617 quod
1771 574 1861 606 enim
1891 585 1951 607 nos
1974 571 1998 591 ⁴⁵

163 623 302 658 contra,
329 618 379 650 illi
406 617 531 654 ἅντιον
548 615 571 636 ³⁶
598 619 720 653 dicunt.

64 671 232 703 Amneses
246 666 270 686 ⁴⁷
296 669 508 714 appellantur
540 671 637 703 urbes
671 672 750 704 sitae
784 682 894 715 prope
920 682 1068 711 amnem,
1101 675 1137 703 ut
1163 683 1182 703 a
1208 671 1292 704 mari
1318 673 1511 706 maritimae.
1564 675 1665 708 Unde
1686 671 1711 691 ⁴⁸
1737 676 1938 709 interamnae
1965 681 1997 709 et

1215 719 1239 739 ⁴⁹
1267 723 1320 755 vel
1339 728 1414 757 ante
1441 737 1475 757 se
1499 724 1644 759 habeant
1671 738 1790 760 amnes

1296 313 1501 347 Huiusmodi
1527 316 1620 360 apud
1639 316 1789 351 Graecos
1815 315 2003 365 ἀμφίβολα

162 727 334 754 antemnae
362 721 470 755 dictae
496 726 585 763 sunt,
613 722 703 765 quod
730 723 814 756 inter
840 734 950 755 amnes
977 723 1038 755 sint
1064 723 1192 766 positae

64 781 287 821 Amtermim·‚
315 781 371 823 qui
398 781 486 815 circa
512 783 667 816 terminos
693 783 884 827 provinciae
910 787 1051 815 manent.

157 834 286 878 plexus
312 832 401 866 dicta
427 838 509 866 sunt.

1105 782 1206 816 Unde
1232 784 1381 825 amiciri,
1410 784 1640 827 amburffium,
1663 786 1899 829 ambarvalia,
1918 797 1995 819 am-

62 893 285 939 Ange'portus
316 892 377 926 iter
404 893 690 937 compendiarium
710 890 736 911 ⁵⁰
767 893 799 925 in
832 893 982 937 oppido,
1018 904 1058 926 eo
1076 890 1100 911 ⁵¹
1128 893 1219 937 quod
1249 894 1288 926 sit
1322 900 1478 939 angustus
1511 903 1642 940 portus,
1680 899 1713 931 id
1751 903 1798 931 est
1831 896 1936 930 aditus
1963 898 1996 929 in

161 950 304 989 ΡΟΥῐΠΙῘΙ.

62 1006 279 1050 ,inger-onae
305 1004 396 1036 deae
422 1015 514 1036 sacra
540 1015 559 1035 a
586 1003 744 1035 Romanis
770 1004 912 1036 instituta
938 1009 1029 1043 sunt,

159 1061 266 1093 retur,
294 1056 384 1089 cuius
411 1055 493 1088 festa
522 1054 770 1099 Angeronalia
798 1055 992 1088 dicebantur
1014 1053 1049 1089 ⁵¹.

1063 1016 1166 1048 quum
1201 1006 1322 1050 angina
1349 1017 1447 1038 omne
1474 1019 1577 1052 genus
1604 1009 1791 1042 animalium
1819 1019 1994 1042 consume—

64 1116 172 1149 Actus
198 1115 301 1148 modo
328 1116 515 1159 significant
537 1111 561 1130 ⁵³
587 1115 619 1146 in
644 1115 825 1148 comoediis
853 1120 884 1147 et
910 1114 1091 1160 tragoediis
1118 1119 1209 1148 certa
1235 1117 1347 1160 spacia
1374 1119 1595 1159 canticorum,
1623 1119 1723 1152 modo
1751 1120 1812 1152 iter
1836 1119 1919 1151 inter
1945 1119 1994 1150 vi-

161 1167 251 1200 cinos
279 1172 420 1210 quatuor
441 1163 466 1183 ⁵⁴
492 1165 619 1210 pedum
646 1166 766 1205 latum3
792 1167 896 1199 modo
923 1167 955 1198 in
981 1167 1187 1211 geometrica

1209 1161 1233 1182 ⁵³
1260 1168 1421 1201 minorem
1448 1176 1577 1214 partem
1604 1170 1710 1214 iugeri
1724 1167 1758 1210 5⁶,
1783 1170 1817 1202 id
1844 1176 1893 1203 est
1915 1181 1993 1203 cen-

157 1218 344 1263 tumviginti
369 1217 512 1261 pedum;
546 1218 650 1250 modo
683 1223 809 1251 motum
845 1219 1014 1262 corporis,
1048 1223 1083 1251 ut
1117 1218 1314 1252 histrionum
1343 1225 1375 1253 et
1401 1222 1612 1261 saltatorum,
1649 1223 1703 1265 qui
1731 1222 1828 1254 etiam
1856 1233 1896 1254 ex
1925 1221 1994 1253 hoc

157 1271 231 1314 ipso
259 1270 392 1302 actuosi
418 1269 579 1301 dicuntur.

60 1329 265 1363 Auxiliares
291 1328 444 1361 dicuntur
469 1328 502 1361 in
528 1329 621 1361 bello
649 1329 729 1362 socii
755 1328 985 1362 Romanorum
1021 1334 1204 1362 exterarum

1219 1325 1244 1346 ⁵⁷
1268 1331 1455 1374 nationum,
1488 1333 1567 1367 dicti
1595 1345 1633 1365 ex
1662 1333 1794 1365 Graeco
1827 1331 1992 1364 vocabulo

159 1380 300 1428 αὔξησιν
321 1376 363 1422 ⁵⁸,
390 1380 482 1424 quod
508 1391 566 1413 nos
594 1380 733 1414 dicimus
761 1392 869 1417 rerum
903 1381 1119 1414 crescentium
1146 1381 1333 1415 auctionem
1353 1379 1386 1418 5⁹.

62 1441 253 1475 Ausoniam
280 1440 463 1484 appellavit
489 1441 601 1474 Auson
628 1440 735 1474 Ulixis
754 1436 779 1456 ³⁰
805 1445 837 1473 et
865 1440 1026 1486 Calypsus
1059 1442 1144 1474 filius
1179 1454 1251 1475 eam
1285 1444 1429 1487 primum
1450 1439 1474 1459 ⁶¹
1500 1449 1630 1488 partem
1645 1442 1669 1461 ¹⁵²
1695 1444 1828 1481 ltaliae,
1860 1443 1894 1474 in
1926 1453 1992 1484 qua

157 1497 229 1525 sunt
255 1492 352 1524 urbes
382 1492 610 1525 Beneventum
638 1497 669 1524 et
695 1491 810 1532 Cales;
838 1492 959 1525 deinde
986 1493 1148 1537 paulatim
1175 1499 1244 1526 tota
1270 1506 1404 1538 quoque
1431 1494 1537 1535 ltalia,
1564 1507 1649 1540 quae
1668 1495 1843 1539 Apennino
1865 1491 1890 1511 ‘⁵³
1916 1493 1990 1525 fini-

158 1548 227 1583 tur,
254 1542 343 1581 dicta
370 1549 417 1577 est
444 1544 589 1577 Ausonia
616 1544 658 1576 ab
686 1543 807 1576 eodem
834 1543 936 1584 duce,
965 1556 983 1577 a
1011 1556 1078 1588 quo
1106 1545 1275 1578 conditam
1304 1547 1494 1584 Auruncam
1521 1548 1637 1580 urbem
1666 1542 1802 1579 0113111ΙΗ
1830 1545 1948 1578 ferunt.

58 1676 202 1706 dicuntur
232 1675 398 1714 amphiboli
422 1675 453 1704 L.
499 1675 583 1714 Vulg.
610 1674 779 1715 ἀμφίβολον
807 1676 929 1704 dieitur.
963 1694 1003 1697 -—

57 1718 104 1756 38)
127 1728 202 1757 gen-s·
225 1717 374 1756 quaedam
402 1718 544 1757 Gallica]
570 1725 672 1757 gentes
692 1718 842 1757 quaedam
865 1720 1004 1748 Gallicae

58 1760 89 1789 L.
108 1761 139 1789 B.
162 1777 204 1782 —
225 1758 271 1799 39)
290 1759 353 1799 qai]
377 1771 451 1799 quae
472 1761 502 1789 L.
518 1761 556 1789 M.
578 1778 620 1783 —
642 1761 686 1801 40)
701 1767 727 1789 et
740 1760 858 1800 praed]
882 1761 1002 1800 deprae-

58 1801 120 1831 dat.
144 1802 202 1831 Gu.
222 1805 249 1833 1.
273 1803 381 1831 omisso
403 1808 440 1839 et,
467 1820 508 1824 ——-
535 1804 585 1840 41)
600 1804 746 1843 suosque]
771 1810 859 1843 alque
879 1816 952 1832 sao-5*
968 1805 1000 1833 L.

58 1861 97 1866 —
126 1846 171 1882 42)
196 1844 405 1884 Teutonosqzie]
429 1846 477 1874 Sic
491 1846 522 1874 B.
548 1846 604 1876 Gu.
624 1851 649 1878 1.
672 1857 716 1886 pr.
734 1847 761 1876 S.
805 1849 1002 1886 Teutono-rque

60 1887 97 1916 M.
122 1887 176 1915 Gu.
192 1890 222 1918 2.
265 1887 353 1926 Vulg.
379 1889 585 1927 stationesque.
599 1905 641 1911 —
663 1889 711 1927 43)
729 1889 864 1929 demissi]
882 1889 1003 1917 dimissi

60 1930 116 1958 Gu.
138 1932 166 1960 2.
210 1931 328 1962 remissi
351 1930 382 1963 L,
410 1947 444 1952 —
472 1929 517 1970 44)
532 1931 682 1972 frontem]
697 1933 804 1969 fronte
826 1933 857 1962 L.
886 1948 926 1953 --
953 1932 1002 1967 45)

57 1970 141 2011 qaod
161 1973 236 1999 enim
257 1972 329 2012 nos]
351 1983 377 2011 q.
391 1983 446 2000 nos
461 1974 537 2002 enim
551 1974 608 2004 Gu.
630 1977 656 2006 1.
679 1991 721 1997 —
742 1973 787 2012 46)
810 1975 859 2002 illi
880 1972 1000 2011 ἅντιον]

57 2015 104 2044 Sic
130 2014 186 2042 Gu·
210 2017 234 2045 1.
286 2015 335 2043 illi
356 2017 462 2043 antion
481 2015 514 2044 B.
537 2016 575 2045 Μ.
600 2017 657 2046 Gu.
676 2020 706 2049 2.
750 2017 878 2044 anclzion
898 2017 947 2043 illi
969 2016 999 2044 L.

57 2053 124 2087 α’ντί
153 2067 209 2087 0111.
234 2066 279 2096 pr.
323 2057 372 2084 illi
398 2054 465 2087 ἄντί
488 2057 571 2096 Vulg.
611 2075 653 2081 -—-
689 2058 737 2101 47)
759 2058 920 2096 Amneses]
952 2058 999 2085 Sic

56 2099 92 2128 M.
117 2100 173 2127 Gn.
194 2102 220 2130 2.
266 2099 350 2138 Vulg.
372 2099 551 2136 Amnenses,
574 2101 626 2129 sed
645 2101 742 2139 recepi
767 2101 856 2136 illud,
881 2100 947 2138 quia
968 2100 998 2128 in

57 2142 168 2180 optimo
192 2146 234 2169 est
249 2141 315 2173 cod,
339 2146 367 2170 et
386 2151 475 2182 supra
490 2143 592 2171 eodem
616 2143 705 2171 modo
723 2143 849 2171 Albas-m
863 2147 945 2170 scuta
962 2142 997 2171 ab

57 2184 236 2213 Albcnsibus
263 2184 339 2217 dicta
364 2189 441 2214 sunt.
477 2200 518 2207 —
553 2186 600 2222 48)
630 2185 730 2223 Unde]
761 2191 786 2213 et
809 2185 876 2213 add.
900 2185 934 2214 B.
957 2201 996 2206 —

55 2224 104 2268 49)
126 2228 185 2254 sint
202 2225 288 2265 lio-sn]
309 2232 380 2254 sunt
396 2237 465 2264 pos.
488 2237 534 2265 pr.
576 2238 642 2266 pos.
663 2233 734 2255 sunl
758 2227 788 2254 L.
809 2244 850 2249 —
875 2228 919 2263 50)
944 2228 998 2255 iter

56 2268 167 2309 comp.]
190 2275 231 2296 esi
257 2270 332 2301 inter
359 2279 452 2307 comp.
477 2268 507 2297 L.
531 2268 579 2298 Mss
598 2286 640 2291 —
676 2271 723 2306 51)
744 2268 788 2307 eo]
812 2279 869 2297 om.
892 2270 948 2299 Gu.
968 2273 996 2302 1.

56 2318 81 2346 qc
100 2310 183 2351 qaod
204 2312 232 2338 L.
258 2328 299 2333 —
321 2312 368 2348 52)
390 2311 577 2350 dicebantur]
595 2312 828 2350 appellabantur
846 2312 900 2341 Gu.
918 2314 944 2344 1.
958 2329 998 2334 —-

57 2356 100 2392 53)
121 2353 309 2393 significant]
332 2354 486 2393 significat
502 2355 533 2384 B.
558 2355 612 2383 (ἆυ.
630 2358 655 2385 1.
678 2355 706 2383 S.
729 2371 769 2376 —
791 2352 838 2393 54)
855 2354 996 2393 quatuor]

1049 1678 1093 1704 vel
1111 1684 1194 1715 quat.
1220 1678 1252 1707 B.
1283 1693 1324 1699 ——
1360 1676 1408 1717 55)
1429 1679 1622 1717 geometrica]
1648 1678 1695 1706 Sic
1718 1678 1750 1709 Β.
1774 1679 1810 1706 Μ.
1835 1678 1891 1706 Gu.
1909 1681 1937 1709 2.
1961 1678 1987 1706 S.

1043 1722 1207 1757 geometria
1230 1720 1314 1757 Vulg.
1348 1737 1383 1740 —
1413 1718 1585 1760 &finget-17]
1607 1722 1721 1759 [ageris
1742 1721 1774 1748 B.
1802 1738 1843 1742 —
1872 1721 1921 1757 57)
1940 1730 1989 1747 ex-

1045 1762 1197 1800 terarum]
1232 1767 1420 1789 externarum
1446 1762 1479 1791 Β.
1521 1780 1555 1785 -
1596 1765 1639 1801 58)
1676 1761 1820 1802 αὔξησιν]
1857 1763 1990 1790 auxesim

1046 1804 1102 1833 Gu.
1119 1808 1148 1836 2.
1173 1806 1204 1834 B.
1226 1805 1262 1832 M.
1299 1814 1354 1835 om,
1378 1805 1409 1834 L.
1435 1804 1490 1834 Gu.
1514 1809 1539 1836 1.
1563 1816 1608 1845 pr.
1661 1806 1693 1833 In
1712 1806 1798 1843 Vulg.
1822 1810 1866 1835 est
1889 1803 1988 1842 αὔξη-

1044 1856 1105 1882 σις,
1129 1846 1209 1884 quod
1232 1847 1329 1874 verius
1350 1857 1410 1875 esse
1431 1847 1559 1886 videtur¹
1584 1858 1674 1886 quum
1690 1848 1814 1876 alterum
1834 1847 1915 1878 haud
1935 1846 1988 1875 du-

1045 1889 1091 1917 bie
1120 1889 1259 1925 originem
1287 1888 1394 1917 debeat
1421 1891 1610 1928 accusativis,
1640 1891 1691 1929 qui
1722 1894 1903 1929 sequuntur,
1926 1888 1987 1918 fre-

1045 1931 1145 1969 quenti
1163 1931 1327 1959 scribarum
1348 1931 1428 1961 vitio.
1452 1949 1487 1953 —
1512 1931 1559 1974 59)
1574 1933 1756 1971 auctionem]
1784 1934 1833 1961 Sic
1851 1931 1987 1970 Vulgata.

1043 1973 1099 2001 Sed
1121 1974 1158 2002 M.
1183 1974 1238 2002 Gu.
1258 1977 1285 2005 2.
1308 1984 1353 2012 pr.
1375 1975 1538 2012 actionem,
1570 1976 1648 2014 quod
1674 1975 1760 2004 nihili
1785 1974 1914 2012 videtur.
1945 1991 1972 1995 -

1042 2018 1086 2052 60)
1115 2015 1228 2053 Ulixis]
1257 2016 1306 2044 Sic
1326 2017 1356 2046 L.
1380 2017 1412 2045 B.
1437 2018 1491 2045 Gu.
1517 2020 1543 2048 1.
1566 2021 1594 2050 2.
1645 2018 1747 2055 Ulyxis
1772 2017 1810 2047 M.
1868 2017 1984 2054 Ulyssis

1042 2058 1148 2095 vulgo,
1170 2058 1281 2087 vitiose.
1305 2076 1345 2080 —
1367 2058 1415 2099 61)
1433 2061 1582 2100 primum]
1606 2061 1654 2088 Sic
1677 2061 1732 2091 Gu.
1749 2063 1779 2092 2.
1803 2061 1903 2090 Recte.
1931 2060 1986 2089 Re-

1041 2100 1167 2138 spondet
1181 2100 1293 2132 deimle,
1331 2103 1467 2139 primam
1488 2103 1573 2142 Vulg.
1595 2120 1638 2125 —
1666 2102 1712 2141 62)
1725 2103 1854 2142 partem]
1878 2112 1937 2132 om.
1955 2102 1985 2130 L.

1041 2158 1081 2164 —-
1102 2141 1148 2182 63)
1164 2142 1334 2184 Apennino]
1352 2145 1530 2184 Appennino
1553 2147 1590 2175 M.
1616 2163 1654 2167 —
1677 2145 1722 2185 64)
1745 2145 1900 2174 conditam
1912 2145 1983 2177 Alt-

1041 2195 1124 2213 runc.
1137 2185 1200 2215 urb.
1216 2187 1306 2214 etiam
1315 2188 1390 2226 fitz]
1414 2189 1461 2216 Sic
1476 2189 1533 2217 Gu.
1555 2192 1582 2220 1.
1604 2191 1632 2219 2.
1677 2188 1742 2218 urb.
1764 2190 1820 2219 Ar.
1841 2187 1928 2217 cond.
1950 2187 1981 2214 L·

1148 2231 1162 2246 fl

1040 2252 1198 2286 Araricum
1225 2251 1293 2294 (sic)
1323 2255 1356 2291 B.
1407 2254 1492 2291 cond.
1505 2257 1611 2294 faisse
1629 2256 1686 2286 Ar.
1710 2256 1749 2289 M.
1800 2256 1981 2286 Auruncum

1039 2295 1144 2335 scripsi
1167 2305 1203 2329 ex
1225 2297 1329 2335 Scaiig.
1354 2298 1531 2336 coniectura.
1584 2300 1670 2338 Vulg.
1696 2301 1788 2329 etiam
1812 2296 1898 2325 cond.
1920 2295 1976 2323 Ar.

1039 2338 1172 2376 majer-
1215 2339 1350 2375 FOl'sssssse
1371 2342 1462 2376 etiam
1483 2346 1526 2379 est
1551 2341 1735 2376 ejiciendum.
1779 2339 1860 2368 cond.
1881 2338 1978 2374 saissa>

1039 2381 1092 2410 Ar.
1115 2380 1176 2411 urb.
1188 2381 1250 2419 fer.
1274 2383 1302 2412 S.
