2263 2668
289 168 362 204 118
706 169 850 204 PROBI
876 166 1264 202 INSTITUTIONUM
1295 167 1741 203 GRAMMATICARUM

291 270 323 299 et
349 276 393 298 ae
419 260 656 310 diphthongo¹
684 264 808 297 faciunt
833 262 1031 307 genitivum,
1057 266 1093 295 ut
1118 262 1278 303 Aeneas,
1306 262 1467 300 Aeneam
1495 266 1526 295 et
1548 262 1578 303 i,
1605 266 1641 295 ut
1666 273 1837 308 magmis,
1865 263 2011 307 magni‚·
2037 268 2070 298 et
2096 261 2161 307 2⁹8²,
2191 269 2227 298 ut

296 316 420 358 Fenus,
452 316 613 355 l'eneris;
640 319 672 347 et
697 326 747 355 us,
775 318 810 347 ut
826 313 982 359 fluctus,
998 313 1162 359 ji·nctus;
1188 319 1220 347 et
1248 315 1296 355 ei,
1329 320 1365 348 ut
1391 315 1483 353 dIes,
1511 314 1582 346 clici
1590 325 1601 351 ;
1615 313 1733 360 fides,
1756 313 1864 360 fidei.
1917 315 2012 359 Ergo
2039 327 2100 360 per
2126 317 2228 361 sylla-

289 369 350 401 bas
375 363 585 401 nominativi³
612 366 801 407 doceamus,
829 365 934 408 qualis
961 362 1107 398 eveniat⁴
1133 366 1308 410 genitivus,
1335 366 1424 398 unde
1451 365 1687 398 declinationes
1714 366 1865 410 singulae
1892 364 2132 400 declarantur⁵.
2174 366 2228 401 As

288 431 375 466 pura
404 418 576 452 terminata
609 427 717 460 paene
749 422 817 449 tota
845 416 976 450 Graeca
1010 422 1091 451 sunt.
1149 418 1243 461 Ergo
1278 418 1303 449 si
1340 417 1477 450 fecerint
1513 416 1604 460 apud
1637 417 1787 449 Graecos
1821 416 2003 461 genitivum
2030 431 2097 460 ov,
2131 423 2228 452 erunt

290 470 382 515 apud
409 481 468 502 nos
494 468 621 512 primae
648 468 894 509 declinationis,
928 468 964 500 id
991 473 1056 511 est,
1089 468 1270 512 genitivum
1299 480 1343 501 ae
1371 468 1588 513 diphthongo
1623 469 1863 509 terminabunt,
1897 473 1932 501 ut
1961 469 2114 510 Λυσίας,
2147 471 2228 505 Λυ-

290 517 402 562 σίουθ,
428 520 529 553 huius
549 519 698 563 Lysiae,-
723 519 885 560 Αἰνείας,
911 519 1071 560 Αἰνείου,
1101 519 1202 552 huius
1226 519 1379 554 Aeneae.
1433 520 1468 552 Si
1495 519 1586 563 apud
1615 519 1761 553 Graecos
1788 519 1926 553 fecerint
1951 520 2099 564 genitivo
2115 516 2128 536 ⁷
2156 533 2227 562 τος,

289 571 381 616 apud
407 582 467 604 nos
494 576 587 604 erunt
613 572 729 604 tertiae
756 570 1001 612 declinationis,
1029 571 1058 603 is
1085 571 1214 614 syllaba
1239 571 1446 603 terminantia
1472 570 1665 615 genitivum,
1692 576 1728 603 ut
1758 568 1890 611 &dag³,
1920 568 2098 613 Θόαντος,
2125 571 2228 605 huius

293 618 490 656 leoantis⁹.
549 622 713 655 Feminini
745 622 874 666 generis
900 621 924 654 si
951 627 1062 662 erunt,
1098 619 1163 655 et¹⁰
1198 623 1270 666 ipsa
1297 623 1412 655 tertiae
1446 627 1519 655 sunt
1545 621 1790 663 declinationis,
1826 622 1884 655 sed
1918 622 1974 655 dis
2007 623 2228 656 terminabunt

287 675 490 720 genitivum,
517 677 553 707 ut
582 671 696 715 Θυοῖς,
729 673 865 717 Thyas,
898 669 1105 717 Thymlisss,
1133 678 1166 706 et
1193 674 1303 705 onmia
1328 674 1425 711 talia,
1460 685 1545 716 quae
1572 679 1686 706 contra
1710 674 1871 706 rationem
1897 674 2081 707 Latinitatis
2109 685 2228 708 secun-

287 727 369 759 dum
397 726 545 759 Graecos
572 725 686 758 ultima
712 726 836 768 syllaba
863 730 1034 763 acuuntur,
1061 731 1098 758 ut
1124 724 1377 766 Thaumantias,
1405 724 1688 758 Thamnantiadis
1741 726 1827 758 Nam
1854 725 1879 757 si
1905 721 2005 757 ηοη12
2032 725 2226 765 acuerimus,

288 778 350 811 erit
375 788 496 810 nomen
528 777 657 820 generis
688 776 875 817 masculini,
914 780 947 809 et
980 776 1082 809 faciet
1113 776 1294 821 genitivum
1322 788 1366 809 ae
1393 776 1611 820 diphthongo
1637 776 1846 808 terminatum
1872 777 2000 820 primae
2028 776 2227 810 declinatio-

286 829 356 870 nis,
390 834 427 861 ut
452 828 588 869 Pelias,
615 828 757 869 Peliae,
793 832 825 860 et
856 827 1135 868 Thaumantias,
1167 827 1432 860 Tlmumanliae.
1486 827 1538 860 Es
1569 839 1654 872 pura
1680 828 1812 860 inventa
1838 828 1971 860 nomina
1996 828 2066 860 La-
2097 826 2226 874 [1460]

287 881 372 921 tina,
409 880 434 912 si
460 879 626 923 producta
652 879 792 920 fuerint,
819 879 952 922 quintae
979 883 1072 911 erunt
1103 878 1349 921 declinationis,
1376 891 1453 912 nam
1480 879 1628 923 genitivo
1663 879 1695 911 ei
1721 879 1844 912 facient
1869 879 2043 923 separatis,
2076 885 2113 912 ut
2146 890 2228 924 spe-

288 932 375 972 cies,
410 931 538 976 speciei
546 944 556 969 ‚·
582 931 674 973 dies,
702 931 789 971 diei,
818 935 850 963 et
876 930 986 962 omnia
1012 930 1107 968 talia3
1140 936 1280 975 excepto
1307 941 1375 964 uno
1400 931 1516 963 tertiae
1544 930 1772 963 declinationis
1798 930 1841 963 tis
1866 930 2009 963 faciente
2034 927 2227 975 genitivo¹³‚

287 983 401 1028 quies,
440 982 571 1027 quietis.
630 983 683 1015 Ex
716 982 784 1015 hoc
812 982 1033 1026 compositum
1068 981 1235 1026 producta
1263 983 1293 1015 ei
1328 982 1428 1015 faciet
1461 978 1642 1026 genitivou
1675 982 1808 1024 quintae
1835 982 1960 1015 scilicet
1987 981 2227 1022 declinationis,

286 1033 437 1078 requieS,
464 1033 605 1078 requiei.
658 1034 822 1077 Correpta
848 1044 927 1066 vero
956 1044 992 1065 es
1017 1034 1132 1066 tertiae
1159 1039 1232 1065 sunt
1242 1031 1263 1051 ¹⁵
1299 1033 1547 1075 declinationis,
1574 1034 1723 1077 genitivo
1751 1033 1794 1066 iis
1820 1033 1963 1074 faciunt,
1989 1033 2107 1074 miles,
2134 1033 2227 1071 mili,-

286 1086 349 1122 iis‚·
374 1085 522 1129 inquies,
550 1085 716 1129 inquietis.
777 1084 900 1118 Omnia
927 1089 1035 1117 tamen
1062 1084 1094 1116 in
1121 1085 1266 1128 genitivo
1295 1090 1369 1118 ante
1396 1086 1425 1118 is
1449 1085 1502 1117 vel
1531 1091 1604 1117 ante
1632 1085 1663 1118 ei
1689 1084 1927 1129 producuntur.
1988 1085 2120 1118 Graeca
2145 1095 2226 1118 vero

287 1148 324 1170 es
349 1147 435 1180 pura.
458 1136 632 1169 terminata
659 1136 768 1169 onmia
795 1136 1045 1180 producuntur,
1080 1141 1111 1167 et
1137 1136 1251 1168 tertiae
1279 1142 1351 1168 sunt
1379 1137 1622 1174 declinationis;
1655 1148 1731 1168 nam
1759 1136 1788 1168 is
1817 1132 1999 1180 genitivoffi
2024 1136 2165 1178 faciunt,
2191 1141 2228 1169 ut
2255 1159 2263 1167 .

291 1187 466 1232 Gobryes,
501 1184 694 1231 Gobryisn,
722 1193 754 1220 et
781 1189 806 1220 si
833 1199 898 1231 qua
924 1187 1012 1220 talia.
1065 1187 1118 1219 Es
1145 1193 1299 1231 correpta
1326 1188 1499 1220 terminata
1525 1188 1640 1220 tertiae
1667 1192 1740 1220 sunt
1767 1187 2006 1228 declinationis,
2034 1188 2078 1221 tis
2103 1188 2228 1221 faciunt

285 1239 449 1284 genitivo,
476 1243 512 1272 ut
539 1240 650 1279 aries,
679 1239 809 1280 arietis,
837 1244 870 1272 et
895 1240 921 1271 si
944 1250 1010 1282 qua
1035 1239 1114 1271 talia
1124 1235 1158 1275 ¹3.
1213 1240 1285 1272 Aes
1310 1240 1483 1272 terminata
1508 1240 1626 1272 Latina
1653 1243 1726 1272 sunt
1752 1239 1863 1270 omnia
1887 1240 2004 1272 tertiae
2030 1238 2228 1272 declinatio-

285 1291 338 1324 nis
363 1291 414 1324 ris
439 1290 495 1323 vel
522 1290 577 1323 dis
603 1290 758 1323 facientia
784 1287 982 1335 genitivoffl,
1010 1295 1045 1322 ut
1073 1301 1152 1333 aes,
1181 1291 1293 1327 acris,-
1318 1302 1445 1335 11)-αρε,
1476 1291 1637 1335 praedis.
1695 1290 1860 1331 Quidam,
1896 1290 1933 1323 1ιὶ
1956 1290 2130 1335 praedes,
2163 1302 2227 1323 nn-

285 1353 379 1375 mero
413 1353 545 1385 semper
578 1342 701 1386 plurali
728 1347 862 1385 putant,
897 1341 955 1375 sed
984 1347 1100 1375 errant.
1159 1343 1245 1374 'Nam
1276 1342 1411 1375 Cicero:
1471 1342 1544 1375 Pro
1573 1341 1716 1387 praede
1747 1342 1816 1374 licis
1850 1338 2128 1374 vindiciarunz²⁰.
2188 1341 2228 1374 Is

285 1404 371 1437 pura
396 1393 570 1426 terminata
597 1399 630 1426 et
656 1393 789 1426 Graeca
815 1397 904 1432 sunt,
939 1396 971 1425 et
1005 1393 1060 1425 dis
1087 1393 1212 1426 faciunt
1238 1394 1404 1438 genitivo,
1440 1394 1546 1435 Lais,
1580 1393 1722 1432 Lc1idis,·
1760 1392 1884 1436 Thais,
1926 1392 2094 1432 Thaidis;
2124 1391 2226 1434 Nais,

285 1444 425 1480 Naidis.
478 1444 637 1489 Virgilius
663 1445 797 1488 poetice
823 1444 958 1483 Naias,
985 1443 1157 1484 Naimlis,
1185 1445 1313 1489 posuit:

514 1496 631 1541 Aegle
657 1496 841 1529 Naiadum
864 1491 1162 1540 pulclzerrima²¹;

284 1557 352 1579 non
378 1546 546 1581 Naidum.
598 1547 818 1591 Excipiuntnr
846 1547 931 1588 duo,
958 1558 1043 1589 quae
1071 1547 1099 1579 is
1126 1546 1178 1579 vel
1206 1547 1249 1580 Iis
1275 1547 1399 1579 faciunt
1425 1546 1591 1591 genitivo,
1623 1546 1755 1587 Calais,
1784 1551 1816 1580 et
1842 1545 2043 1579 nominativo
2070 1549 2104 1580 et
2129 1546 2226 1592 geni-

284 1599 370 1637 tivo3
396 1599 452 1632 hic
480 1598 625 1639 Simois,
653 1598 755 1632 huius
783 1598 928 1640 Simois,
954 1598 1007 1629 vel
1037 1597 1229 1631 Simoentis.
1284 1598 1406 1631 Omnia
1432 1603 1542 1630 tamen
1569 1599 1683 1631 tertiae
1710 1603 1786 1631 sunt
1814 1598 2052 1631 declinationis.

1092 1646 1104 1658 ¹)

451 1649 510 1682 39.
567 1649 617 1683 Os
644 1662 728 1694 pura
754 1650 927 1682 terminata
953 1646 1104 1682 Latina²·
1130 1649 1197 1682 duo
1225 1651 1431 1683 inveniuntur
1458 1650 1697 1693 monosyllaba,
1724 1661 1826 1683 unum
1855 1649 2070 1694 productum,
2096 1648 2147 1682 ris
2173 1647 2227 1681 fa-

372 1743 401 1775 1)
418 1739 604 1779 Diphtlzongo
614 1740 741 1779 faciunt.
787 1742 834 1770 Sic
849 1741 1002 1769 emendavi
1020 1740 1092 1770 Cod.
1109 1740 1234 1780 scriptu·
1278 1752 1351 1780 quae
1372 1742 1507 1780 superius
1533 1742 1680 1779 leguntur.
1729 1743 1822 1770 Troas
1846 1739 1975 1770 Troadis
1995 1740 2062 1769 Asc.
2113 1738 2226 1780 Τρῳοῖς,

287 1792 350 1811 ram
373 1780 551 1821 cliphongon.
601 1783 674 1810 Male
699 1784 729 1810 in
755 1784 819 1811 Asc.
843 1788 871 1811 et
893 1784 926 1813 P.
951 1782 1169 1822 diphthongum.
1194 1800 1235 1805 —
1283 1782 1436 1823 Τρῳάὸος,
1463 1784 1557 1812 Troas
1584 1783 1709 1813 Troadis
1723 1785 1751 1812 P.
1773 1801 1814 1806 —
1844 1782 1886 1821 12)
1902 1783 2033 1820 Negandi
2048 1782 2229 1821 particulam

287 1825 318 1862 2)
334 1822 371 1851 Et
384 1823 450 1851 ish.
466 1824 485 1853 l.
503 1824 610 1852 desunt
626 1825 657 1852 in
676 1825 747 1853 Cod.
770 1841 806 1847 —
844 1828 873 1860 3)
891 1825 1073 1854 Nominativi
1087 1826 1157 1853 cod.
1170 1826 1235 1854 Asc.
1278 1827 1371 1855 adieci
1386 1837 1421 1853 ex
1436 1826 1500 1854 Asc.
1545 1826 1621 1855 Nam
1639 1827 1665 1854 si
1680 1827 1842 1855 acuet-imus
1858 1825 1929 1854 Cod.
1948 1825 2026 1853 Nam
2046 1825 2114 1853 siti
2133 1835 2230 1853 acue-

288 1867 461 1894 nominatim
475 1867 506 1894 P.
529 1883 566 1888 —
610 1867 640 1905 4)
658 1867 699 1894 lta
714 1867 783 1895 cod.
805 1868 893 1895 evenit
910 1868 976 1895 Asc.
999 1869 1027 1896 P.
1042 1884 1084 1888 --
1119 1867 1146 1905 5)
1168 1868 1235 1896 De·
1279 1870 1368 1897 rimus
1385 1869 1415 1897 P,
1431 1884 1472 1889 —
1517 1868 1560 1907 13)
1579 1869 1631 1896 vv.
1648 1869 1699 1896 iis
1714 1866 1847 1907 faciente
1860 1868 1987 1906 genitivo
2002 1867 2031 1894 in
2050 1867 2122 1896 cod.
2139 1877 2228 1905 supra

288 1905 449 1936 clav-antur.
481 1909 529 1937 Sic
542 1913 621 1938 recte
638 1909 708 1936 Cod.
725 1907 908 1937 declinantur
925 1910 989 1937 Asc.
1008 1911 1037 1938 P.
1052 1927 1090 1930 —
1119 1910 1147 1949 6)
1157 1910 1236 1938 Haec
1278 1921 1398 1940 versum
1422 1911 1541 1949 scripta.
1572 1912 1609 1939 tis
1626 1909 1754 1950 faciens
1774 1911 1862 1949 gemit.
1885 1910 1952 1938 Asc.
1990 1909 2066 1937 Tum
2089 1916 2125 1937 ui
2147 1909 2229 1949 quies

288 1953 317 1978 et
331 1950 481 1986 sequentia
497 1952 607 1979 Graeca
624 1951 743 1979 Graecis
759 1951 865 1978 litteris
882 1956 951 1978 sunt
968 1952 1089 1990 scripta,
1108 1953 1157 1980 sed
1174 1952 1236 1980 sine

289 1995 418 2020 accentt.
436 1997 463 2019 et
476 1994 603 2033 spiritt.,
622 1994 652 2021 in
669 1993 739 2022 Cod.
777 1994 911 2022 Ceterum
929 1994 997 2021 Cod.
1015 2006 1111 2029 αινιας
1127 2006 1235 2024 alnov.

288 2049 331 2056 -·
352 2032 380 2071 7)
403 2031 526 2063 Fecerit
546 2037 676 2075 genetiuo
693 2035 915 2076 Cod.ficerirzt
934 2036 1069 2073 genitivo
1093 2038 1159 2065 Asc.
1173 2036 1236 2077 fe-

289 2076 392 2105 cerini
405 2077 560 2114 genitivum
579 2079 609 2106 P.
626 2094 667 2100 —
700 2078 729 2116 8)
746 2078 782 2106 Is
798 2076 911 2114 syllaba
928 2077 1082 2105 terminant
1099 2086 1129 2106 ιιι
1148 2078 1235 2116 Θόας,

287 2118 331 2145 ita
345 2118 415 2145 Cod.
430 2119 576 2147 mendose.
607 2121 717 2149 Graeca
735 2120 844 2148 omittit
858 2119 906 2146 hic
923 2123 951 2146 et
966 2119 996 2146 in
1013 2129 1096 2157 supp.
1115 2121 1180 2149 Asc.
1193 2138 1235 2144 .-

287 2160 319 2197 9)
339 2159 448 2196 Thoas,
464 2160 547 2189 huius
566 2161 707 2190 Thoantis
724 2163 789 2190 Asc.
808 2163 837 2191 P.
860 2161 987 2190 Primam
1004 2171 1069 2188 voc.
1089 2172 1145 2190 om.
1163 2164 1234 2192 cod.

289 2217 324 2223 —
347 2201 390 2240 10)
407 2201 445 2230 Et
462 2203 525 2242 ipsa
541 2204 611 2231 cod.
629 2204 691 2232 Asc.
710 2212 747 2232 ut
768 2205 831 2243 ipsa
850 2204 880 2232 P.
901 2221 936 2225 —
979 2202 1024 2240 11)
1043 2203 1119 2231 Haec
1140 2205 1180 2233 ita
1203 2205 1235 2233 in

289 2243 378 2279 Cod.‚
401 2249 435 2272 ut
450 2245 578 2274 voluisse
594 2247 729 2276 videatur
748 2246 901 2275 librarius:
937 2243 1050 2274 FYAC
1074 2246 1238 2276 t-YADOG

287 2284 418 2323 Hyadis.
463 2287 519 2315 Sed
540 2287 612 2316 haec
641 2289 776 2317 traducta
800 2288 910 2316 lineola
937 2287 1062 2323 delevit,
1094 2292 1123 2315 et
1148 2299 1236 2327 supra

288 2329 423 2366 scripsit:
446 2328 518 2369 hyas
532 2329 616 2370 thyas
630 2329 761 2370 dzyaclis,
789 2341 843 2368 pro
860 2330 967 2368 quibus
984 2329 1160 2358 tutissimum
1177 2332 1236 2359 exi-

288 2370 406 2399 stimavi
421 2371 555 2408 scribere,
580 2383 652 2410 quae
668 2373 744 2401 dedi.
778 2373 837 2400 Nec
851 2377 948 2400 tamen
963 2371 1076 2407 dubito,
1091 2382 1160 2400 vera
1177 2383 1238 2401 esse

287 2411 376 2441 haec:
403 2410 487 2448 ‘Y029,
508 2412 628 2451 Ὑάδας,
654 2414 738 2444 huius
760 2413 894 2455 Iiyadis,
918 2414 955 2442 ad
978 2424 1112 2443 normam
1135 2425 1237 2443 eorum

1279 1955 1309 1983 P.
1328 1961 1358 1982 ut
1374 1963 1430 1982 om.
1452 1953 1522 1981 Cod.
1548 1954 1612 1981 Asc.
1633 1970 1670 1973 —
1722 1952 1766 1988 14)
1788 1951 1937 1980 Producm
1956 1952 1987 1980 ei
2006 1950 2100 1991 faciet
2120 1952 2150 1980 in
2169 1962 2228 1990 ge·-

1280 1997 1380 2025 nitiva.
1424 1995 1591 2032 Legendum
1610 1994 1690 2022 haud
1711 1994 1812 2022 dubie:
1833 1993 1979 2032 producta
2000 2005 2022 2023 e.
2059 1993 2134 2022 Tum
2146 1992 2228 2033 facit

1279 2039 1309 2067 P.
1327 2040 1391 2066 Asc.
1412 2038 1582 2077 genitivum
1602 2038 1631 2065 P.
1675 2035 1809 2065 Facient
1833 2037 1870 2064 in
1890 2036 2019 2075 genetivo
2040 2035 2111 2064 Cod.
2129 2037 2158 2064 in
2177 2046 2229 2073 ge-

1279 2081 1379 2109 nitivo
1404 2081 1488 2108 etiam
1515 2081 1580 2108 Asc.
1602 2095 1645 2102 -—-
1691 2082 1733 2112 15)
1753 2078 1828 2107 Sunt
1853 2079 1955 2107 addidi
1980 2088 1995 2106 e
2017 2078 2088 2106 cod.
2111 2082 2140 2106 et
2160 2077 2226 2106 Asc.

1278 2123 1382 2151 Paullo
1403 2128 1485 2161 post:
1509 2124 1560 2150 tis
1577 2120 1695 2162 faciunt
1711 2121 1850 2159 genitivo
1873 2122 1938 2149 Asc.
1962 2119 2149 2160 iisfaciunt
2169 2131 2228 2158 ge·-

1278 2166 1412 2194 nitiuum
1428 2165 1459 2193 P.
1498 2165 1642 2193 Ordinem
1663 2173 1699 2191 ex
1714 2163 1786 2192 Cod.
1803 2164 1910 2202 recepi.
1927 2180 1967 2186 —
1992 2162 2037 2204 16)
2053 2163 2085 2192 V.
2100 2163 2228 2202 genitivo

2034 2209 2057 2223 01

1278 2231 1309 2261 h.
1329 2232 1349 2262 l.
1380 2243 1436 2263 om.
1459 2232 1584 2261 Cod.—
1629 2230 1673 2269 17)
1690 2231 1774 2260 Cod.:
1798 2230 1936 2271 gobrues
1958 2229 2059 2270 gabr-is
2084 2228 2165 2270 (sic).
2186 2245 2227 2252 --

1280 2278 1323 2304 13)
1340 2274 1376 2302 Et
1393 2276 1419 2303 si
1434 2286 1492 2314 qua
1505 2281 1570 2302 sunt
1586 2271 1661 2302 talia
1675 2274 1705 2302 P.
1722 2281 1786 2302 sunt
1803 2285 1860 2303 om.
1876 2274 1949 2302 cod.
1963 2274 2080 2302 Asc.—
2114 2274 2155 2306 19)
2174 2271 2228 2301 Ge-

1281 2317 1401 2345 nitivum
1421 2318 1450 2345 P.
1466 2317 1592 2355 genitivo
1613 2315 1682 2344 cod.
1696 2316 1762 2344 Asc.
1778 2333 1821 2337 —
1858 2315 1902 2354 io)
1917 2316 1976 2344 Cic.
1991 2315 2024 2343 in
2039 2315 2121 2344 Verr.
2139 2314 2163 2349 I,
2177 2313 2227 2346 45.

1280 2358 1314 2385 In
1331 2359 1401 2386 cod.
1418 2356 1552 2397 praedae.
1570 2374 1612 2380 —
1655 2361 1699 2393 21)
1716 2359 1794 2397 Virg.
1812 2359 1873 2388 Ecl.
1889 2359 1938 2395 Vl,
1959 2360 2008 2389 21.
2030 2373 2073 2380 —
2106 2356 2154 2394 22)
2164 2355 2228 2385 La·-

1281 2400 1406 2429 unitatis
1429 2399 1487 2429 cluo
1500 2400 1531 2428 P.
1570 2400 1659 2436 Quod
1677 2401 1827 2439 dedimus,
1851 2406 1894 2430 est
1917 2401 1949 2430 in
1965 2399 2036 2429 Cod.
2055 2404 2084 2429 et
2101 2400 2167 2430 ASC.
2182 2412 2232 2447 -ῖ
