2263 2668
220 184 295 218 74⁰
644 176 991 211 COMMENTARII
1016 176 1064 209 IN
1089 175 1236 209 PAULI
1259 175 1456 209 DlACONt
1481 175 1739 210 EXCERPTA

385 275 580 303 Transii-a.
625 269 767 297 Transtra
794 268 823 297 in
849 267 974 296 navibus
1000 273 1069 297 sunt
1090 278 1208 297 scamna
1230 268 1383 306 remigum.
1431 267 1510 306 Virg.
1535 267 1620 307 (Aen.
1639 267 1681 304 V,
1708 267 1808 308 136.):
1843 265 1997 297 considere
2019 270 2162 299 transtris.

220 320 258 348 At
279 319 308 347 in
332 315 471 346 aedificiis
495 318 680 340 transversae
703 311 816 346 trabes,
851 321 925 349 quae
948 321 984 339 ex
1008 311 1119 349 pariete
1143 312 1196 347 (sic
1219 312 1295 340 enim
1318 311 1491 349 legendum,
1517 315 1549 339 ut
1570 311 1601 339 in
1625 311 1717 348 MSS.)
1740 311 1770 339 in
1793 312 1939 351 parietem
1961 310 2164 349 porriguntur.

221 362 297 390 Usus
321 356 474 388 Vitruvius
497 355 547 382 lib.
560 354 608 382 lV.
636 364 700 392 cap.
715 357 745 385 2.
797 355 935 382 Transtra
959 358 1055 382 autern
1080 353 1161 391 quasi
1182 355 1330 382 transitra.
1374 354 1461 383 Dae.

384 398 635 427 Tromentina.
679 396 810 424 Meminit
833 396 895 426 Liv.
918 396 969 424 lib.
984 396 1037 433 VI,
1061 399 1090 428 5.
1111 395 1200 425 Duc.
1231 395 1269 424 Et
1292 395 1373 425 locus
1398 397 1427 424 in
1453 406 1524 435 agro
1542 394 1698 424 Laurente.
1728 396 1776 424 Sic
1795 396 1927 424 Antenor
1948 396 2049 425 locum
2070 396 2164 433 illum,

219 447 248 473 jn
272 452 357 481 quem
383 451 449 468 cum
472 438 661 468 multitudine
686 439 829 467 Venetam
853 439 980 477 primum
1004 448 1137 477 egressus
1161 443 1220 476 est,
1253 439 1368 467 Troiam
1392 438 1480 467 dixit.
1519 438 1594 467 Vide
1617 438 1733 466 Livium
1757 438 1809 469 lib,
1821 439 1842 466 Ι.
1863 438 1926 469 init.
1960 438 2046 468 Duc.
2090 439 2165 468 Vide

217 487 337 515 Florum
355 484 403 512 Vl.
428 483 503 521 Epit.
551 480 655 511 Goth.

382 523 559 564 Tragulo.
607 522 730 562 Κερκίς,
754 524 850 562 βολίς,
875 523 989 551 Graeci.
1013 521 1115 553 Scal.
1149 523 1173 552 A
1197 522 1389 559 traiiciendo,
1413 522 1507 552 Varro
1530 522 1607 562 (pag.
1622 525 1692 554 120.
1711 533 1778 562 pag.
1793 522 1861 554 141.
1881 521 1962 562 Sp.),
1987 524 2069 561 quasi
2091 524 2166 552 tmi-

217 568 294 599 cula.
338 569 411 597 Nam
435 565 553 606 tragula
576 567 637 594 sive
660 564 794 603 nabala,
825 565 906 604 quod
929 577 945 594 a
967 565 1128 603 trahendo,
1164 566 1243 595 aliud
1267 571 1325 602 est,
1359 576 1467 604 nempe
1488 566 1717 595 instrumentum
1738 566 1892 595 rusticum.
1936 566 1971 594 Et
1992 566 2067 596 male
2090 576 2165 595 con-

216 611 345 641 fundunt
370 610 428 639 viri
451 610 541 638 docti.
584 609 677 638 Dae.

383 652 544 681 Themin.
590 651 662 679 Nam
680 651 792 679 Graece
814 650 903 688 θέμις
924 651 970 679 ius
994 655 1022 679 et
1044 651 1099 680 fas.
1126 651 1206 680 Haec
1229 650 1374 689 templum
1397 649 1503 678 habuit
1526 649 1561 678 ad
1579 649 1740 689 Cephisum
1754 650 1892 679 Boeotiae
1914 650 2049 679 fluvium.
2072 651 2163 680 Duc.

383 695 540 723 Termes.
587 694 696 721 flamus
726 692 874 732 direptus,
909 694 973 728 vel,
1012 699 1045 721 ut
1074 694 1104 722 in
1127 694 1204 724 MSS.
1230 694 1364 722 desectus
1388 703 1425 721 ex
1448 692 1570 730 arbore,
1606 703 1702 732 neque
1725 693 1805 721 foliis
1827 693 1975 732 repletus,
2012 703 2106 732 neque
2128 694 2164 722 iis

216 739 387 768 destitutus.
432 737 552 765 Termes
576 736 669 765 olivae
692 736 794 764 Horat.
821 736 914 774 Epod.
929 736 1014 773 XVI,
1037 737 1123 773 (45.):

795 776 945 807 Germinot
967 785 993 806 et
1016 790 1162 819 nunquam
1178 776 1319 819 fallentis
1341 785 1443 806 termes
1466 776 1570 807 olivae.

217 823 272 851 Ubi
294 827 380 851 vetus
402 821 565 860 interpres:
609 821 744 849 Termites
772 819 910 849 dicuntur
940 819 1053 858 caules,
1089 820 1179 860 tlzyrsi
1206 833 1254 849 seu
1284 821 1360 848 rami
1387 819 1527 849 olearum.
1574 820 1656 849 Unde
1679 820 1881 850 Glossarium:
1919 820 2034 849 Termes
2056 818 2165 848 dicitur

213 865 330 905 proprie
361 863 456 894 caulis
486 863 614 893 oleorum
645 862 792 891 arborum.
837 862 891 890 Sed
918 863 1032 891 Termis
1062 863 1098 892 de
1126 864 1285 891 cuiuslibet
1314 863 1429 891 arboris
1456 873 1539 891 ramo
1570 863 1682 892 dictum
1713 867 1764 891 est.
1809 863 1860 891 Est
1888 867 1986 891 autem
2009 873 2024 890 a
2048 863 2164 891 Graeco

216 908 329 946 τέρμις,
355 907 434 945 quod
459 906 489 934 in
513 906 659 934 divisione
683 915 840 942 agrorum,
865 910 1021 944 antequam
1044 911 1136 935 metae
1160 910 1357 944 ponerentur,
1383 915 1481 934 ramos
1504 905 1645 934 arborum
1667 905 1800 943 figerent.
1846 905 1934 934 Dae.

381 949 508 977 Tenus.
555 948 667 978 Gloss.:
700 948 808 984 Tenus,
837 947 943 985 πέρας,
968 948 1058 987 μέχρι.
1104 949 1212 987 Estque
1235 953 1321 976 tenus
1345 958 1360 975 a
1385 947 1466 983 τέλος
1486 948 1563 978 finis.
1586 948 1676 977 Dae.
1725 948 1819 976 Tenus
1843 958 1888 986 pr.
1912 952 1956 976 est
1979 948 2164 976 accusativus

215 991 329 1030 antiqui
352 991 495 1027 nominis,
526 990 607 1029 quod
631 998 756 1019 tenorem
779 990 980 1027 significabat,
1018 1002 1032 1019 a
1056 991 1117 1019 Lat.
1141 989 1269 1026 tendere,
1307 991 1458 1018 Sanscrito
1481 998 1541 1019 tan.
1585 991 1636 1019 Est
1658 989 1748 1028 igitur
1771 997 1851 1019 tenus
1873 990 1950 1019 idem
1974 990 2053 1029 quod
2076 1001 2165 1031 usque

214 1033 268 1071 ad,
292 1034 505 1062 adverbialiter
527 1034 674 1072 positum,
698 1038 731 1061 ut
756 1033 892 1061 Graecor.
916 1033 1006 1069 τέλος.
1050 1035 1123 1062 Tun]
1146 1034 1175 1061 in
1199 1033 1448 1071 praepositionem
1473 1033 1555 1063 abiit.

381 1074 570 1104 Trossuli.
616 1075 688 1103 Vide
719 1076 834 1103 Iunium
863 1075 1070 1104 Gracchanum
1100 1076 1180 1114 apud
1210 1076 1282 1104 Plin.
1311 1076 1361 1103 lib.
1375 1075 1513 1105 XXXIII.
1538 1086 1603 1114 cap.
1617 1079 1646 1107 2.
1677 1074 1767 1104 Ant.
1791 1074 1888 1113 Aug.
1937 1075 2048 1104 Auctor
2072 1075 2164 1103 Glos—

214 1118 298 1146 sarii:
332 1117 491 1155 Trusulus‚
520 1115 536 1148 ὁ
558 1117 590 1148 ἐν
613 1120 711 1159 μικρῷ
733 1116 836 1156 παχύς.
882 1119 1006 1147 Videtur
1028 1119 1105 1147 velle
1128 1119 1212 1156 quasi
1235 1118 1396 1147 Torosulos
1420 1118 1532 1154 dictos,
1556 1119 1637 1156 quod
1662 1128 1714 1155 ego
1738 1117 1825 1146 valde
1847 1116 2023 1154 amplector.
2070 1117 2164 1146 Varro

215 1160 419 1199 Sesquiulysse
443 1160 540 1199 (apud
564 1161 691 1188 Nonium
716 1171 781 1198 pag.
795 1161 845 1192 49,
870 1160 995 1199 Merc.):
1034 1160 1121 1190 Nunc
1149 1168 1244 1189 emunt
1274 1159 1392 1189 trossuli
1420 1159 1515 1189 nardo
1544 1159 1638 1189 nitido
1666 1159 1753 1199 volgo
1777 1160 1882 1189 Attico
1911 1158 2021 1189 talento
2050 1171 2163 1200 equum.

213 1203 285 1231 Inde
309 1202 435 1231 trossula
459 1202 557 1232 trabea
581 1203 659 1231 dicta
684 1203 763 1242 apud
788 1208 910 1232 veteres.
955 1204 1023 1232 Tria
1051 1203 1127 1231 enim
1155 1214 1262 1240 genera
1294 1203 1462 1231 trabearum
1485 1203 1619 1231 fuerunt:
1655 1201 1766 1241 Regia,
1800 1200 1978 1239 Quirinalis,
2012 1201 2164 1232 Trossula.

214 1246 303 1284 Regia
326 1250 386 1273 tota
411 1245 446 1274 de
470 1246 532 1274 sola
556 1255 707 1285 purpura,
741 1255 827 1283 quam
853 1246 958 1274 Graeci
981 1243 1195 1284 ὁλοπόρφυρον
1220 1246 1333 1275 dicunt.
1379 1246 1418 1274 Ea
1444 1247 1486 1274 uti
1510 1246 1581 1274 solis
1604 1245 1721 1283 regibus
1745 1245 1870 1280 licebat,
1896 1245 1942 1272 vel
1966 1244 2164 1274 adolescenti-

213 1287 268 1316 bus
291 1288 328 1317 de
350 1288 442 1326 stirpe
464 1288 553 1326 regia.
598 1288 760 1323 Quirinalis
783 1289 976 1324 concinnior,
1008 1288 1126 1327 praeliis
1149 1293 1225 1326 apta.
1272 1288 1348 1324 Hac,
1388 1298 1455 1316 cum
1480 1287 1590 1316 bellum
1614 1288 1834 1326 susciperetur,
1865 1287 1956 1315 duces
1979 1287 2078 1316 amicti
2101 1288 2165 1316 Iani

214 1330 292 1359 sores
309 1331 490 1369 aperiebant.
520 1331 658 1359 Trossula
682 1340 772 1358 cocco
795 1341 988 1370 purpuraque
1011 1335 1147 1369 pertexta
1171 1335 1248 1366 erat,
1274 1340 1360 1368 quam
1385 1331 1472 1358 etiam
1488 1331 1664 1368 Auguralem
1688 1331 1852 1365 vocabant,
1878 1329 1983 1358 Graeci
1997 1330 2164 1368 ἐφεστρίδα.

214 1373 269 1402 Cui
291 1373 400 1401 iccirco
430 1383 554 1401 coccum
584 1372 799 1408 adhibebatur,
838 1374 919 1411 quod
947 1373 1058 1402 russati
1088 1379 1171 1402 antea
1204 1373 1426 1411 proeliabantur
1455 1378 1577 1411 propter
1599 1373 1722 1401 vulnera
1745 1378 1774 1401 et
1796 1372 1980 1410 aspersiones
2002 1373 2164 1411 sanguinis,

213 1415 292 1444 unde
315 1415 424 1444 russati
448 1415 641 1444 vocabantur.
685 1416 726 1444 Ea
752 1426 809 1444 non
834 1416 891 1443 alia
916 1421 958 1444 est
981 1427 996 1444 a
1021 1426 1089 1454 sago
1113 1415 1234 1446 Punico.
1279 1415 1383 1443 Inveni
1412 1415 1497 1443 etiam
1526 1415 1558 1443 in
1588 1415 1738 1443 veteribus
1766 1415 1977 1452 monumentis,
2012 1415 2164 1444 consulem

214 1458 378 1487 trabeatum
404 1459 503 1487 lanum
530 1458 648 1494 Quirini
672 1459 796 1496 aperire.
820 1457 921 1488 Scal.
964 1459 1086 1487 Glossae
1109 1458 1231 1486 Isidori:
1258 1456 1378 1486 Trosuli
1399 1458 1519 1496 equites,
1548 1455 1692 1485 Trosulus
1713 1464 1840 1497 equester
1861 1455 2038 1486 adolescens.
2078 1458 2165 1487 Glos-

213 1511 262 1529 sae
284 1505 397 1529 veteres
420 1501 450 1528 in
474 1501 622 1529 Persium:
663 1499 834 1529 Trossulum
865 1499 1004 1540 oppidum
1025 1500 1094 1541 fuit
1117 1499 1291 1535 Hermu-iae,
1330 1510 1388 1527 non
1411 1498 1496 1538 longe
1517 1511 1535 1527 α
1560 1498 1689 1528 Volscis.
1733 1498 1804 1528 Hoc
1826 1499 1932 1538 equites
1953 1498 2084 1528 Romani
2105 1501 2165 1530 sine

211 1541 357 1582 peditibus
380 1550 619 1582 expugnaverunt
642 1542 751 1571 Numio
774 1541 902 1582 quodam
928 1542 1007 1571 duce.
1051 1541 1134 1570 Unde
1155 1543 1262 1582 equites
1286 1540 1421 1569 Trossuli
1445 1540 1519 1570 dicti
1540 1548 1615 1570 sunt.
1651 1541 1732 1569 Idem
1755 1541 1868 1569 Plinius
1891 1540 1941 1571 lib.
1953 1542 2099 1579 XXXIII,
2122 1546 2164 1578 2,,

215 1586 265 1624 qui
290 1585 375 1613 etiam
401 1586 476 1613 illud
508 1595 613 1614 nomen
636 1585 846 1613 Trossulorum
876 1595 929 1623 pro
959 1584 1106 1622 equitibus
1135 1595 1195 1613 non
1228 1584 1280 1612 diu
1308 1588 1377 1621 post
1400 1583 1569 1612 Gracchum
1597 1583 1738 1612 mansisse
1767 1588 1873 1611 auctor
1901 1588 1952 1614 est.
1997 1584 2057 1613 Iam
2088 1586 2165 1614 enim

213 1628 323 1656 multos
354 1627 486 1666 pudebat
516 1638 550 1656 eo
582 1628 699 1656 nomine
731 1627 874 1665 appellari
904 1631 1029 1665 propter
1059 1626 1279 1665 ambiguitatem
1308 1626 1390 1654 vocis
1416 1625 1587 1661 Trossulus,
1625 1636 1699 1664 quae
1722 1630 1793 1654 tunc
1814 1625 1974 1654 delicatum
1997 1631 2025 1656 et
2046 1628 2165 1657 mollem

214 1670 413 1708 significabat,
445 1681 459 1698 a
484 1670 597 1698 Graeco
621 1670 767 1698 vocabulo
790 1667 935 1707 τρυσσός,
965 1670 1125 1706 delicatus,
1155 1669 1271 1705 mollis,
1295 1673 1329 1696 ut
1351 1669 1463 1706 optime
1484 1668 1607 1698 Salmas.
1652 1668 1688 1696 Et
1710 1667 1786 1696 hanc
1808 1678 1912 1697 vocem
1935 1669 2092 1708 usurpavit
2112 1671 2165 1699 Se-

214 1723 284 1741 neca
309 1713 401 1751 Epist.
418 1714 485 1743 87.;
518 1711 598 1740 Idem
612 1711 734 1753 faciam
760 1710 840 1751 quod
863 1710 982 1740 trossuli
1004 1712 1053 1740 isti
1075 1719 1100 1740 et
1123 1712 1243 1741 iuvenes.
1288 1710 1342 1739 Ubi
1366 1711 1498 1739 'trossuli
1523 1721 1582 1739 non
1606 1711 1733 1748 equites,
1763 1711 1814 1739 sed
1837 1710 1976 1748 delicati,
2006 1712 2082 1740 luxu
2104 1713 2165 1742 ‹lif-

215 1756 345 1785 ssuentes.
379 1755 452 1783 Item
476 1755 554 1783 alibi.
589 1754 673 1783 Unde
695 1755 808 1783 Nonius
832 1754 975 1793 (pag.49.
994 1753 1096 1793 Merc.)
1120 1753 1260 1783 trossulos
1282 1753 1379 1782 dictos
1403 1754 1443 1783 ait
1466 1753 1551 1792 quasi
1573 1752 1733 1790 romulos,
1757 1763 1817 1791 quo
1839 1754 1971 1792 respexit
1994 1754 2165 1794 Glossogra-

217 1796 306 1835 phua:
341 1795 499 1833 Tumulus,
523 1793 539 1827 ὅ
563 1797 593 1827 ἐν
615 1799 712 1836 μικρῷ
735 1794 840 1836 παχύς.
883 1796 937 1825 Da
947 1807 971 1825 c.

380 1839 620 1868 Taciturnus.
667 1839 725 1874 Qui
749 1844 827 1868 amat
851 1844 962 1875 tacere,
987 1839 1095 1868 tacitus
1119 1839 1168 1877 qui
1192 1843 1279 1869 tacet.
1325 1838 1415 1867 Dae.

380 1881 546 1910 Tenitae.
597 1883 715 1910 Tenitae
744 1882 806 1909 sive
835 1883 955 1909 'lenirae
978 1892 993 1909 a
1017 1881 1144 1910 tenendo
1175 1882 1271 1909 dictae
1294 1882 1418 1910 sortium
1445 1881 1528 1910 Deae.
1572 1880 1629 1909 Sed
1652 1880 1713 1909 fere
1736 1880 1870 1918 ignotae,
1906 1881 1947 1909 ita
1969 1885 2002 1910 ut
2025 1883 2165 1921 perpauci

219 1928 314 1951 essent
335 1924 414 1962 apud
438 1928 570 1961 veteres,
595 1925 618 1952 si
642 1928 726 1952 erant
748 1924 857 1962 aliqui,
881 1924 932 1961 qui
956 1934 1056 1952 earum
1080 1925 1138 1952 aris
1160 1924 1301 1952 honorem
1325 1924 1520 1961 imponerent.
1564 1923 1652 1953 Duc.

382 1973 564 2004 Termino.
612 1973 718 2012 QUEI
740 1972 987 2003 TERMINOM
1007 1973 1270 2004 EXARASSIT
1291 1973 1414 2002 IPSUS
1435 1973 1495 2002 ET
1512 1972 1675 2003 BOVEIS
1697 1972 1860 2004 SAGREI
1878 1972 2034 2003 SUNTO.
2064 1972 2164 2004 Scal.

218 2013 422 2043 Tei-minorum
442 2017 516 2054 Deo,
541 2017 592 2056 qui
615 2017 670 2046 sub
692 2016 786 2055 figura
808 2016 941 2053 termini,
964 2016 1022 2045 hoc
1045 2022 1089 2046 est
1110 2018 1195 2046 rudis
1219 2028 1253 2045 ac
1276 2017 1307 2045 in
1328 2017 1430 2045 formis
1453 2016 1561 2055 lapidis
1584 2017 1632 2045 vel
1655 2016 1764 2055 stipitis
1787 2017 1949 2046 colebatur.
1982 2016 2070 2046 Ovid.
2088 2017 2164 2045 Fast.

218 2055 322 2090 hb.11‚
345 2056 455 2094 (641.);

593 2102 737 2138 Termine,
765 2102 824 2130 sive
846 2100 924 2141 lapis
946 2101 1004 2130 sive
1026 2113 1054 2130 es
1077 2100 1211 2142 defossus
1234 2102 1263 2130 in
1285 2112 1358 2139 agro

630 2143 740 2184 Stipes,
770 2144 807 2172 ab
831 2144 960 2183 antiquis
983 2151 1013 2172 tu
1036 2155 1149 2184 quoque
1171 2155 1283 2173 momen
1307 2143 1351 2182 [tu
1374 2154 1487 2184 quoque
1508 2143 1625 2182 numen]
1647 2143 1744 2172 habes.

221 2191 263 2220 De
286 2190 375 2219 modo
398 2188 468 2218 huic
491 2192 675 2222 sacrificandi
698 2195 792 2233 deque
816 2196 878 2223 eius
901 2195 1008 2232 sacris,
1033 2205 1108 2233 quae
1130 2194 1306 2223 Terminalia
1330 2194 1425 2230 dicta,
1448 2194 1557 2222 ibidem
1581 2194 1669 2223 Ovid.
1714 2194 1801 2224 Dac.

387 2240 582 2269 Terminus
605 2254 671 2281 quo
695 2243 778 2274 loco
803 2244 1009 2275 colebatur.
1056 2245 1197 2275 Ovid.11.
1221 2246 1298 2274 Fast.
1320 2243 1432 2284 (671.):

752 2295 840 2324 Nunc
862 2306 989 2335 quoque,
1021 2307 1050 2324 se
1071 2307 1159 2334 supra
1182 2306 1216 2324 ne
1239 2293 1311 2336 quid
1333 2295 1391 2324 nisi
1412 2293 1510 2324 sidera
1532 2303 1631 2325 cernat

798 2336 947 2375 Exiguum
971 2337 1071 2378 templi
1092 2345 1168 2366 tecta
1181 2337 1325 2380 foramen
1347 2337 1462 2367 habent.

223 2384 345 2413 Servius
367 2383 418 2412 lib.
431 2383 466 2413 Π.
489 2383 561 2413 Aen.
584 2383 648 2423 (IX.
672 2394 737 2422 pag.
750 2386 820 2415 575.
846 2387 878 2414 l).
903 2387 1003 2426 l)an.):
1045 2387 1128 2416 Unde
1149 2388 1179 2416 in
1204 2386 1350 2427 Capitolio
1372 2400 1497 2428 superna
1517 2400 1589 2429 pars
1610 2389 1679 2418 tecti
1697 2394 1792 2428 patet,
1824 2398 1898 2427 quae
1920 2385 2046 2426 lapidem
2069 2386 2162 2424 ipsum

228 2426 356 2456 Termini
375 2433 496 2466 spectat.
538 2425 617 2456 Nam
645 2427 777 2455 Termino
799 2429 915 2456 nonnisi
934 2429 986 2457 sub
1011 2428 1078 2459 divo
1100 2430 1333 2470 sacrificabatur.
1376 2431 1465 2460 Dac.
