2263 2668
252 114 323 147 122

663 110 806 144 PAULI
832 111 952 146 DlAc.
981 113 1237 148 EXCERPTA
1262 114 1325 147 EX
1352 114 1441 149 [ΑΒ.
1468 114 1611 150 ΡΟΜΡ.
1639 117 1777 153 FESTl
1822 151 1826 157 ,

255 207 420 240 Pasa-ales
447 213 479 237 et
506 214 582 235 oves
608 208 641 236 et
663 203 811 247 gallinae
835 206 1064 249 appellantur,
1107 207 1199 251 quod
1227 207 1348 252 passim
1376 205 1586 252 pascuntur¹.

255 254 453 291 ΡΙια3οοία2
476 254 647 299 appellant
672 251 827 296 Graeci³,
862 254 964 300 quas*
986 259 1107 304 vulgus
1133 270 1252 303 pernas
1278 265 1377 292 vocat
1387 257 1410 294 ⁵.

257 309 444 343 Praetoria
471 305 593 339 cohors
618 311 666 339 est
692 304 810 348 dictass,
839 309 931 350 quod
956 321 975 341 a
996 315 1150 354 praetore
1177 321 1244 343 non
1271 310 1475 344 discedebat.

1526 311 1643 356 Scipio
1667 312 1753 344 enim
1776 311 1951 345 Africanus
1974 315 2099 357 primus
2122 316 2195 348 for—

355 361 509 393 tissimum
541 369 708 401 quemque
744 358 889 404 delegit,
939 361 996 403 qui
1030 361 1074 394 ab
1107 373 1147 394 eo
1180 363 1214 394 in
1248 362 1340 395 bello
1370 373 1437 395 non
1464 362 1673 397 discederent
1699 367 1731 396 et
1757 368 1870 396 cetero
1898 375 2034 398 munere
2060 367 2195 400 militiae

354 414 505 445 vacarent
532 414 564 442 et
588 407 803 454 sexquiplex⁷
826 411 1026 455 stipendium
1053 413 1251 458 acciperent.

252 464 419 497 I’rorsum
446 462 615 506 ponebant
640 472 704 505 pro
731 467 832 496 recto.

253 515 450 548 Prandium
478 524 517 546 ex
545 512 678 546 Graeco
705 512 918 560 προείιδιονΒ
941 520 989 548 est
1015 515 1159 556 dictum,
1201 526 1275 548 nam
1305 515 1522 548 meridianum
1550 516 1660 549 cibum
1688 528 1827 550 coenam
1855 517 2029 550 vocabant.

252 566 467 600 Praetextae
493 564 719 609 appellantur,
752 576 838 608 quae
864 577 914 598 res
941 571 1052 610 gestas
1078 568 1308 600 Romanorum
1336 568 1505 600 continent
1530 568 1672 612 scriptae
1682 564 1704 602 ⁹.

252 618 441 651 Praetoria
467 621 565 661 porta
590 616 624 648 in
649 615 761 648 castris
788 617 996 660 appellatur,

1046 630 1113 661 qua
1146 618 1304 651 exercitus
1329 618 1362 650 in
1388 618 1555 663 proelium
1583 619 1750 659 educitur,
1800 619 1878 662 quia
1904 619 1994 651 initio
2022 623 2193 664 praetores

355 673 461 709 erant,
488 667 545 711 qui
571 678 658 700 nunc
685 667 852 709 consules,
880 673 913 701 et
938 667 975 701 hi
985 665 1009 686 ¹⁰
1029 669 1117 703 bella
1142 669 1433 711 administrabant,
1464 681 1607 714 quorum
1633 671 1883 705 tabernaculum
1911 666 2077 714 quoque¹¹
2099 670 2193 705 dice-

350 722 445 754 batur
469 718 682 763 praetorium.

250 771 363 805 Praes
389 776 438 805 est
464 771 490 803 is
501 767 534 812 1²,
562 770 618 814 qui
645 771 774 815 populo
802 783 837 804 se
863 771 993 816 obligat
1003 768 1037 813 ¹³,
1064 772 1353 817 interrogatusque
1380 784 1398 804 a
1427 773 1620 818 magistratu
1631 769 1664 814 ¹³,
1691 773 1721 806 si
1742 783 1855 818 praes
1880 773 1940 813 sit,
1967 772 2025 806 ille
2051 783 2192 817 respon-

352 823 427 856 det:
463 833 581 868 praes.

249 875 509 908 Praesiderare
535 873 671 913 dicitur,
706 884 807 916 quum
836 874 993 906 maturius
1019 873 1159 907 hiberna
1185 879 1363 918 tempestas
1389 880 1556 916 movetur,
1591 876 1683 918 quasi
1710 880 1785 909 ante
1811 875 1924 908 sideris
1950 880 2091 918 tempus.

252 926 478 960 Praesidium
512 932 576 965 est,
627 925 719 967 quod
752 936 815 968 pro
851 925 988 958 utilitate
1022 930 1056 958 et
1089 922 1225 959 ‘salute¹5

1250 926 1386 959 alicuius
1420 927 1533 959 auxilii
1559 927 1668 971 gratia
1692 927 1918 972 praeponitur.
1977 926 2190 964 Subsidium,

349 977 441 1021 quod
468 977 691 1021 postpositum
718 973 798 1009 estu*
819 976 862 1009 ad
889 977 1149 1010 subveniendum
1177 978 1415 1011 laborantibus.

249 1029 479 1063 Pruestinure
504 1028 595 1072 apud
622 1029 774 1060 Plautum
802 1040 996 1072 praecinere
1023 1034 1070 1062 est
1082 1025 1113 1071 ¹⁷,
1141 1029 1176 1062 id
1203 1034 1252 1062 est
1278 1029 1420 1062 emendo
1448 1033 1569 1062 tenere.

249 1081 461 1114 Praestilem
488 1081 519 1112 in
547 1080 665 1112 eadem
692 1080 931 1124 significatione
959 1080 1114 1113 dicebant
1139 1081 1278 1124 antiqui,
1312 1092 1379 1124 qua
1405 1091 1493 1114 nunc
1519 1081 1658 1114 dicimus
1686 1081 1859 1114 antistitem
1871 1077 1904 1112 ¹⁸.

248 1132 468 1166 Praestolari
494 1132 519 1164 is
547 1127 710 1171 dicitur¹³³,
746 1132 804 1174 qui
830 1138 905 1165 aute
931 1132 1050 1164 stando
1076 1132 1141 1174 ibi,
1179 1144 1246 1175 quo
1273 1138 1446 1166 venturum
1473 1133 1626 1177 excipere
1651 1133 1739 1173 vult,
1775 1137 1932 1166 moratur.

251 1183 437 1230 Praeficue
464 1183 614 1216 dicuntur
640 1183 791 1215 mulieres
818 1183 860 1215 ad
885 1183 1133 1216 lamentandum
1158 1189 1326 1216 mortuum
1350 1184 1554 1225 conductae,
1582 1196 1667 1228 quae
1690 1184 1770 1217 dant
1792 1184 1908 1219 ceteris
1930 1183 2070 1216 modum
2092 1184 2190 1227 plan-

347 1235 467 1280 gendi,
501 1235 592 1278 quasi
618 1234 649 1266 in
676 1233 745 1267 hoc
771 1235 879 1278 ipsum
890 1231 915 1251 ²⁰
937 1235 1137 1279 praefectae.

1191 1235 1348 1268 Naevius:

616 1285 718 1318 Haec
735 1286 874 1330 quidem
883 1282 907 1302 ²¹
924 1287 1098 1320 mehercle
1107 1283 1141 1328 ²²,
1168 1288 1306 1332 opinor,
1328 1286 1495 1333 praefica
1511 1290 1560 1320 est
1569 1282 1605 1327 ²³,
1633 1297 1724 1331 quae
1738 1286 1790 1320 sic
1804 1289 1978 1319 mortuum
1995 1285 2186 1319 collaudat.

250 1337 469 1382 Praesagire
496 1342 543 1370 est
570 1337 816 1381 praedivinare,
853 1339 1051 1382 praesipere.

250 1388 496 1422 Praecidcmeu
525 1400 611 1433 agna
638 1386 865 1429 vocabatur²⁴,
907 1402 993 1432 quae
1019 1394 1094 1423 ante
1120 1390 1200 1423 alias
1227 1390 1437 1423 caedebatur.

1105 1338 1218 1383 Sagax
1243 1338 1329 1371 enim
1357 1343 1404 1371 est
1428 1343 1542 1372 acutus
1570 1342 1602 1371 et
1627 1338 1752 1371 sollers.

1488 1391 1571 1423 ltem
1598 1401 1720 1434 porca,
1765 1400 1851 1432 quae
1877 1388 1992 1421 Cereri
2018 1388 2188 1421 mactaba-

347 1436 432 1472 ειη-25
453 1441 495 1473 ab
523 1452 582 1481 eo,
624 1441 681 1483 qui
708 1446 839 1473 mortuo
866 1441 949 1474 iusta
975 1452 1039 1473 non
1067 1441 1211 1481 fecisset,
1262 1441 1296 1473 id
1324 1446 1373 1474 est
1397 1442 1533 1486 glebam
1560 1453 1626 1474 non
1653 1441 1842 1480 obiecisset,
1885 1435 1996 1483 quiam.
2020 1450 2091 1472 mos
2119 1444 2188 1472 erat

347 1492 392 1524 eis
418 1491 452 1523 id
463 1489 487 1508 ²⁷
508 1492 636 1532 faeere,
679 1493 869 1535 priusquam
898 1504 999 1525 novas
1025 1493 1139 1537 fruges
1167 1498 1344 1537 gustarent.

743 1540 753 1558 ‘l

251 1540 413 1576 Preeia²⁸
436 1543 608 1583 dicebant,
643 1543 719 1586 quia
729 1540 746 1559 ¹²·
774 1556 792 1576 a
819 1544 1005 1577 flaminibus
1030 1544 1342 1588 praemittebantur,
1376 1548 1411 1576 ut
1438 1543 1666 1576 denuntiarent
1691 1542 1885 1586 opificibuS,
1919 1538 2067 1574 manus3⁰
2087 1542 2187 1576 absti-

350 1601 462 1627 nerent
489 1596 530 1627 ab
557 1606 678 1639 opere,
716 1606 775 1632 ne..
810 1595 834 1627 si
861 1595 994 1628 vidisset
1020 1596 1174 1630 sacerdos
1201 1595 1376 1629 facientem
1404 1607 1506 1639 opus,
1547 1606 1639 1628 sacra
1665 1595 1906 1639 polluerentur.

252 1645 533 1679 Pruciuruliones
565 1646 676 1680 facere
703 1646 856 1680 dicuntur
882 1644 960 1689 hiffl,

1007 1648 1063 1690 qui
1089 1652 1164 1680 ante
1190 1647 1271 1680 alios
1298 1647 1468 1691 conceptis
1494 1646 1602 1679 verbis
1628 1646 1750 1684 iurant3

1798 1651 1873 1690 post
1899 1655 1983 1688 quos
2008 1644 2041 1677 in
2068 1644 2186 1678 eadem

349 1698 447 1730 verba
474 1699 617 1731 iurantes
642 1698 872 1731 tantummodo
903 1699 1034 1732 dicunt:
1075 1699 1170 1732 idem
1196 1699 1231 1731 in
1257 1709 1323 1733 me.

337 1832 365 1865 1)
386 1832 573 1870 pascuntur]
591 1839 764 1870 pascantur
785 1833 816 1862 B.
841 1849 881 1855 -
907 1832 937 1872 Ξ)
959 1833 1127 1869 ΡΙιαεοοία]
1151 1834 1198 1862 Sic

255 1871 286 1899 Β.
308 1880 351 1908 pr.
373 1873 400 1899 S.
443 1873 607 1902 Plzascolla
629 1875 658 1902 L.
680 1875 718 1903 M.
740 1876 795 1904 Gn.
813 1878 842 1907 1.
861 1879 889 1908 2.
922 1891 963 1898 —·
991 1875 1020 1914 3)
1044 1876 1198 1914 appellant

256 1913 377 1951 Graec-L]
403 1915 510 1943 Graeczl
524 1918 719 1954 appellabant
732 1918 763 1946 B.
790 1934 824 1939 —-
848 1918 877 1956 4)
902 1922 994 1956 quas]
1019 1918 1103 1957 quod
1115 1919 1147 1948 L.
1166 1919 1197 1949 Β.

256 1955 311 1984 Gu.
330 1958 355 1986 1.
383 1972 424 1976 -
452 1957 480 1995 5)
512 1959 611 1997 vocat]
640 1967 749 1988 vocant
771 1961 802 1990 B.
847 1961 983 1990 Ceterum
1005 1960 1085 1990 haud
1107 1961 1197 1990 dubie

256 1997 443 2026 scribendum
467 2004 511 2027 est
527 2011 574 2037 pe]
576 2013 616 2028 ·····
620 2024 625 2029 .
647 2019 685 2024 —
708 2002 736 2042 6)
760 2002 860 2041 clieta]
884 2014 941 2033 0111.
960 2005 992 2032 B.
1015 2019 1056 2026 ·—
1077 2006 1107 2041 7)
1130 2015 1196 2032 sex-

256 2041 354 2078 quip.]
379 2042 506 2078 Sesquip.
530 2042 566 2071 M.
590 2053 634 2081 pr.
667 2061 700 2065 ——
735 2044 762 2083 b)
785 2045 960 2084 προένόιον]
986 2047 1098 2075 Graeca
1119 2057 1197 2076 nunc

254 2082 382 2121 primum
399 2083 542 2111 accedunt
559 2094 573 2111 e
591 2085 675 2114 codd.
689 2087 726 2117 M,
741 2088 797 2116 Gu.
812 2090 839 2118 2.
850 2110 857 2124 ‚
883 2098 1009 2126 quorum
1026 2089 1064 2117 M.
1080 2088 1198 2118 exhibet

257 2125 469 2161 POENDION3
508 2126 563 2153 Gu.
578 2128 605 2156 2.
631 2128 780 2163 poenalium
803 2129 833 2158 li.
851 2141 875 2160 e.
897 2131 1066 2170 προένδιον.
1095 2148 1137 2154 ·-
1167 2133 1197 2168 9)

253 2166 398 2206 scriptae]
420 2169 550 2205 scriptas
573 2167 609 2196 M.
627 2170 654 2195 S.
676 2185 716 2189 —-
740 2171 782 2209 10)
805 2172 855 2210 ln']
879 2174 926 2201 Sic
948 2174 976 2203 L.
993 2174 1025 2204 B.
1043 2174 1079 2202 M.
1098 2175 1153 2205 Gu.
1167 2177 1194 2207 2.

254 2220 296 2248 pr.
340 2211 365 2237 ιἰ’
385 2210 465 2247 vulg.
488 2225 530 2231 —
555 2214 596 2242 ll)
619 2210 767 2241 tabernac.
787 2214 918 2252 quoque]
942 2226 1056 2254 quoque
1079 2217 1138 2245 tab.
1162 2217 1194 2246 B.

253 2268 292 2273 -
318 2254 360 2289 19)
383 2253 426 2290 is]
445 2262 507 2280 om.
525 2252 553 2279 L.
571 2252 603 2280 Β.
626 2267 668 2274 ·-
692 2254 733 2283 13)
753 2256 865 2291 populo
880 2268 909 2284 se
924 2258 1057 2297 obligat]
1080 2270 1111 2286 se
1120 2270 1194 2298 pop.

255 2295 311 2323 obl.
327 2295 357 2324 L.
402 2305 432 2322 ae
450 2296 481 2322 ιή
498 2294 612 2332 populo
643 2294 699 2322 obl.
718 2294 750 2322 B.
774 2311 811 2315 -—
834 2299 876 2329 14)
899 2300 1101 2340 mag-istrata]
1125 2312 1193 2330 ηια-

250 2337 434 2375 gigtratibws
455 2337 485 2364 L.
503 2337 531 2364 B.
565 2353 598 2358 —-
632 2334 676 2376 15)
701 2337 834 2364 utilitate
854 2344 878 2364 et
899 2341 972 2378 sah]
993 2342 1041 2370 Sic
1064 2343 1095 2372 L.
1111 2344 1141 2373 B.
1154 2344 1192 2374 M.

254 2380 308 2408 Gn.
329 2382 353 2409 1,
370 2382 398 2411 2.
416 2389 459 2417 pr.
476 2380 503 2407 S.
547 2379 602 2406 sul.
624 2384 650 2405 et
668 2379 733 2407 atil.
760 2379 837 2416 vulg.
866 2396 894 2400 -
926 2382 970 2416 16)
991 2386 1193 2421 postpositum

1241 1832 1294 1870 est]
1307 1838 1349 1860 est
1362 1833 1499 1871 positum
1512 1832 1540 1862 [ι.
1564 1849 1598 1853 -
1621 1834 1664 1868 17)
1682 1843 1851 1870 praeemere
1864 1834 1917 1867 est]
1933 1843 2023 1861 emere
2037 1839 2077 1860 eol
2094 1835 2150 1863 Gu.
2162 1837 2186 1865 1.

1242 1884 1286 1913 pr.
1299 1876 1328 1904 S.
1371 1881 1414 1903 est
1430 1886 1520 1903 emere
1541 1875 1568 1903 L.
1613 1885 1734 1902 emerere
1752 1880 1794 1902 est
1814 1875 1846 1903 B.
1873 1892 1906 1896 —
1936 1877 1979 1910 18)
2001 1876 2183 1915 antistitem]

1241 1919 1409 1946 antestitem
1424 1918 1463 1947 M.
1479 1918 1534 1946 Gu.
1546 1921 1574 1949 2.
1597 1933 1631 1938 --
1655 1920 1697 1950 19)
1722 1919 1749 1944 is
1763 1915 1889 1956 dicum]
1908 1917 1956 1945 Sic
1972 1918 2000 1947 L.
2010 1919 2042 1948 B.
2057 1920 2185 1952 Gu.1.2.

1241 1960 1269 1988 S.
1314 1959 1427 1988 dicitur
1446 1962 1473 1988 l-s*
1493 1960 1571 1997 vulg.
1595 1975 1636 1981 —
1658 1962 1705 1995 20)
1727 1959 1847 1998 ipsum]
1871 1959 1919 1988 Sic
1936 1961 1965 1989 L.
1982 1961 2012 1991 Β.
2027 1961 2066 1993 Μ.
2084 1963 2140 1994 Gu-
2154 1967 2184 1996 2.

1238 2012 1283 2041 pr.
1295 2003 1323 2031 S.
1357 2004 1422 2041 ipso
1437 2003 1516 2040 vulg.
1540 2019 1577 2024 --
1601 2005 1646 2036 2²1)
1671 2002 1802 2040 quiclem]
1819 2002 1876 2030 lzoc
1889 2002 2011 2041 quidem
2027 2005 2057 2034 L.
2077 2021 2120 2028 --
2140 2005 2185 2041 22)

1238 2045 1397 2084 mehercle]
1420 2045 1584 2074 mehercule
1603 2045 1659 2073 Gu.
1675 2048 1700 2077 1.
1746 2045 1925 2074 mehercules
1941 2046 1971 2076 B.
1994 2063 2035 2069 —
2056 2048 2102 2082 23)
2126 2049 2184 2087 eat]

1240 2098 1296 2117 om.
1314 2088 1346 2116 L.
1372 2105 1404 2109 —
1432 2087 1479 2126 24)
1503 2087 1679 2122 vocabatur]
1703 2086 1861 2117 dicebatur
1876 2088 1969 2119 Gu.1.
1989 2106 2030 2111 —
2051 2088 2098 2127 25)
2120 2100 2185 2118 ma-

1239 2129 1392 2169 ctabatur]
1409 2130 1626 2158 immolabatur
1640 2131 1695 2158 Gu>
1707 2133 1732 2162 1,
1760 2147 1792 2151 -
1819 2130 1866 2168 26)
1890 2130 1977 2169 quia]
1994 2131 2079 2170 quod
2093 2132 2146 2161 Gn.
2156 2136 2182 2165 1.

1238 2174 1267 2202 S.
1314 2184 1408 2211 quare
1426 2173 1454 2203 L.
1479 2189 1518 2194 —-
1540 2176 1585 2205 Ξῖ)
1608 2172 1657 2210 ιἰί]
1684 2183 1741 2201 om.
1762 2173 1792 2204 L.
1812 2173 1866 2202 Gu.
1885 2177 1911 2205 1.
1937 2190 1974 2195 -—
1997 2178 2041 2208 28)
2063 2172 2180 2212 Precia]

1237 2214 1363 2244 Preciae
1384 2217 1411 2246 S.
1434 2231 1476 2237 —
1504 2218 1548 2249 29)
1573 2214 1665 2254 quia]
1690 2216 1744 2253 qui
1765 2225 1785 2243 α
1794 2216 1887 2254 flam.
1906 2215 1944 2246 M.
1963 2226 2008 2254 pr.
2024 2217 2052 2244 S.
2073 2232 2114 2239 -
2133 2213 2180 2254 30)

1237 2257 1360 2297 manus]
1378 2263 1412 2286 ut
1427 2257 1622 2296 praeponitur
1638 2257 1742 2295 vulgo,
1765 2257 1815 2287 sed
1831 2268 1888 2286 om.
1902 2257 1933 2287 L.
1951 2258 1980 2286 Β.
1996 2258 2031 2288 M.
2049 2258 2104 2286 Gu.
2116 2259 2179 2288 1.2.

1235 2311 1281 2338 pr.
1305 2317 1347 2322 -—
1368 2304 1415 2336 ι31)
1432 2302 1537 2337 facere
1552 2299 1697 2328 (licuntur
1711 2299 1762 2339 hi]
1788 2300 1836 2328 Sic
1852 2300 1884 2330 L.
1897 2300 1932 2329 Β.
1949 2300 1987 2329 Μ.
2004 2300 2057 2330 Gu.
2074 2303 2099 2331 1.
2115 2298 2178 2339 (ii)

1235 2345 1265 2374 2.
1280 2353 1325 2381 pr.
1341 2345 1369 2371 S.
1400 2342 1537 2380 (limfae.
1552 2344 1576 2370 ia·
1592 2342 1670 2380 vulg.
1693 2359 1726 2362 —
1747 2340 1796 2381 32)
1819 2341 1907 2380 quia]
1925 2342 1954 2370 Β.
1970 2340 2056 2379 quod.
2090 2344 2180 2379 quasi

1237 2386 1331 2415 Gn.1.
1358 2402 1391 2405 ——
1418 2387 1462 2418 33)
1487 2383 1525 2421 is]
1549 2395 1604 2414 om.
1618 2385 1651 2412 L.
1674 2399 1716 2404 -ι
1737 2384 1785 2420 34)
1807 2382 1861 2421 est]
1884 2393 1941 2411 om.
1959 2383 2012 2410 Gn.
2032 2386 2056 2412 1.
2077 2392 2120 2421 pr,
2138 2400 2179 2405 -—
