2263 2668
737 111 967 147 EXEMPLA
1000 108 1367 145 ELOCUTIONUM.

1944 114 2020 151 215

74 207 269 243 Adferimur
295 204 387 240 hune
413 205 537 242 locum.
557 204 654 251 Virg.
680 205 763 240 Aen.
791 206 885 242 vlt:
915 204 1067 240 Consilio
1091 215 1183 238 nunc
1203 215 1321 239 omnes
1347 204 1541 251 animisque
1564 205 1772 253 volentibus,
1798 206 1921 243 urbem
1946 209 2016 245 ad-

172 258 325 304 ferimur
340 254 375 291 ²⁰.

71 327 297 363 Adsimulatus
323 325 372 358 illi
398 325 500 358 vultu.
527 325 624 370 Virg.
651 325 734 362 Aen.
761 321 887 361 X11.²1:
911 324 1080 358 Formam
1107 323 1325 357 adsimulata
1358 324 1523 359 Camerti.

72 379 241 415 Attonitus
267 377 334 411 hac
359 389 404 412 re.
432 377 528 422 Virg.
556 377 696 410 Aeneid.
723 374 847 412 xl1.²²:
878 376 1046 421 Coniugis
1076 376 1241 409 attonitus
1257 374 1382 420 sactis.

72 431 224 466 Adnixus
250 428 317 463 hac
342 440 389 461 re.
416 428 510 473 Virg.
537 429 621 462 Aen.
648 425 774 462 X11.2³:
800 428 944 473 Ingenti
970 427 1105 461 adnixa
1133 428 1305 461 columna.

72 482 245 518 Admonet
270 480 359 513 illius
381 480 438 513 rei.
472 480 593 513 Salust.
620 475 766 514 Cati1.²⁴:
798 478 1022 513 Admonebat
1056 479 1167 512 alium
1201 477 1387 524 egestam,
1422 477 1530 511 alium
1557 477 1761 524 cupiditatis
1792 477 1888 513 sude.
1938 479 2016 514 Ad-

173 536 288 566 monet
312 531 382 565 hoc
407 530 489 564 fieri.
517 531 611 576 Virg.
636 531 720 565 Aen.
743 528 849 566 X1.²⁵:
879 531 1045 565 Fatalem
1080 530 1240 564 Aeneam
1272 527 1458 575 manasesto
1483 531 1623 564 numine
1635 529 1736 577 ferri
1756 530 1933 566 Admonet
1958 531 2016 566 ira

173 583 302 618 Deum.

72 651 180 686 Atrox
205 650 304 683 huius
330 649 387 684 rei.
414 648 534 683 salust.
562 649 640 682 Hist
664 646 755 684 11.²⁶:
782 650 865 696 Ipse
891 649 1000 684 animi
1025 653 1139 684 atrox.

72 703 178 737 Abest
203 706 254 735 tot
280 701 381 736 milia.
415 700 537 734 Salust.
565 698 691 746 Iug.²⁷:
722 702 758 735 A
784 713 850 748 quo
876 702 1003 736 aberat
1028 713 1126 735 mons
1147 700 1271 747 ferme
1296 700 1396 734 milia
1421 699 1502 734 XX.
1539 700 1660 736 Cicero
1686 711 1750 745 pro
1778 698 1863 733 Cor·
1891 697 2014 747 [496]

178 753 268 787 nelio
295 749 370 786 1²⁶³:
406 752 481 786 Sed
517 752 568 786 ad
601 752 723 786 urbem
755 754 892 787 dierum
918 753 1033 799 suerit
1067 754 1134 787 iter
1167 753 1406 799 complurium.
1440 752 1537 786 Idem
1570 764 1634 798 pro
1667 751 1823 788 Cluentio
1837 747 1880 785 ²⁹:
1905 751 1951 786 In
1976 762 2016 786 eo

175 804 270 850 quod
297 807 347 838 est
373 803 420 837 ab
445 804 579 838 Larino
604 804 748 838 XVIII.
776 806 875 839 milia
894 816 1076 850 passuum.

71 872 303 908 Animadverti
328 873 361 905 in
388 884 473 906 eum.
501 873 623 907 Salust.
649 870 797 907 Cati1.³⁰:
834 874 880 907 Ut
903 874 1004 919 prius
1028 872 1232 907 verberibus
1257 873 1293 906 in
1320 884 1378 907 eos
1403 872 1753 907 animadverteretur.

72 925 203 960 Artifex
228 924 327 957 huius
352 924 410 957 rei.
439 924 506 958 Sal.
533 925 574 958 Β.
600 920 803 970 lugui-th.³¹:
829 925 901 959 Per
926 925 1080 959 homines
1105 926 1188 958 talis
1212 925 1346 970 negotii
1372 923 1538 971 artifices.

72 977 239 1012 Adflictus
264 976 356 1008 illam
382 987 464 1011 rem.
501 976 570 1011 Sal.
597 977 720 1010 Histor.
749 973 854 1012 111.³²:
882 975 1032 1023 Adflicti
1058 977 1177 1010 alveos
1202 977 1379 1010 undarum
1405 977 1440 1009 υἱ
1467 976 1619 1009 mulcato
1646 985 1792 1020 corpore
1817 971 2014 1007 interibant.

174 1027 272 1061 Idem
298 1027 384 1061 Hist.
411 1024 504 1061 11.³³:
541 1027 775 1061 Circumventi
800 1039 825 1061 a
852 1028 1018 1069 dextera,
1052 1029 1147 1061 unde
1161 1027 1308 1074 serrum
1335 1031 1423 1069 erat,
1450 1038 1543 1061 saxa
1570 1030 1630 1059 aut
1657 1027 1740 1072 quid
1765 1025 1858 1067 tale,
1893 1024 2015 1070 capita

177 1077 414 1125 adfligebant.
466 1079 629 1113 Adflictus
656 1091 695 1113 ea
721 1091 768 1112 re.
795 1079 865 1117 Cic.
893 1081 926 1113 in
953 1079 1051 1116 Catil.
1078 1076 1172 1113 11.³⁴:
1212 1079 1353 1127 Quanto
1380 1079 1525 1114 tandem
1551 1079 1649 1113 illum
1674 1087 1831 1112 moerore
1857 1086 1931 1111 esse
1956 1074 2015 1119 as-

171 1129 309 1177 flictam
337 1134 369 1164 et
389 1130 627 1176 profligatum
646 1129 813 1176 putatis?

72 1183 188 1218 Altum
214 1182 321 1227 pedes
345 1187 407 1218 tot.
432 1183 554 1217 Salust.
580 1183 665 1219 Hist.
692 1179 805 1219 lV.³5:
837 1183 959 1218 Clausi
984 1181 1172 1226 lateribus,
1204 1183 1287 1217 altis
1307 1182 1450 1229 pedem.

72 1309 181 1338 animi.
204 1306 287 1337 Idem
314 1305 392 1337 ΙΠῙ.
421 1310 496 1341 203.
527 1307 565 1338 A.
588 1307 628 1337 M.
657 1308 734 1338 nihil
754 1309 890 1348 amplius.
920 1309 1027 1338 Deerat

71 1351 164 1390 igitur
185 1350 217 1379 in
235 1350 297 1380 eius
319 1351 427 1380 Codice
445 1352 626 1391 exemplum.
642 1351 676 1380 In
695 1352 765 1380 Cod.
784 1353 840 1382 Gu.
859 1352 902 1381 sic
917 1353 1026 1390 legitur

71 1393 258 1433 exemplum:
290 1393 425 1422 Consilio
457 1405 538 1423 nunc
571 1404 670 1422 omne-s·
698 1396 868 1434 animisque
896 1396 1025 1423 volenti-

72 1437 144 1474 bus,
176 1438 264 1475 isque
285 1446 387 1464 amens
414 1438 520 1465 animi.
551 1437 696 1475 Apertum
723 1442 782 1475 est,
810 1447 861 1467 vv.
890 1437 1024 1466 Consilio

72 1489 155 1509 nunc
179 1489 288 1507 omne-9.
310 1489 339 1507 a.
364 1490 392 1518 q.
414 1490 461 1517 12,
491 1479 565 1508 male
582 1481 783 1518 transposita,
813 1479 961 1519 pertinere
986 1480 1025 1509 ad

72 1526 244 1561 sequentem
272 1521 454 1550 locutionem
478 1522 598 1560 eiusque
617 1524 796 1561 exemplum,
818 1523 899 1561 quod
920 1524 960 1552 cf.
981 1539 1024 1545 ·-

72 1568 117 1599 20)
139 1564 221 1593 Idem
243 1563 311 1600 Vll,
326 1566 398 1596 217.
419 1565 525 1593 Urbem
547 1564 712 1602 deferimur
733 1566 765 1596 Α,
783 1566 824 1595 Μ.
848 1566 933 1604 Virg.
948 1566 1024 1596 Aen.

77 1607 148 1637 Vll.
164 1606 266 1635 urbem
289 1605 458 1643 adferitnur
479 1607 552 1638 Cod.
578 1608 632 1638 Gu.
656 1609 751 1636 Locus
776 1608 891 1646 Virgilii
912 1609 1026 1646 integer

71 1654 131 1679 est:
159 1649 293 1678 Consilio
313 1649 393 1677 lianc
414 1661 513 1678 omnes
536 1652 707 1690 animisque
727 1651 903 1688 volentibus,
925 1652 1026 1679 urbem

71 1691 273 1730 Adfer-imum·
296 1697 383 1730 atque
405 1693 447 1721 ita
468 1693 652 1731 ostenditur,
674 1703 723 1722 vv.
750 1693 883 1722 Consilio
901 1711 917 1715 -
933 1711 950 1716 -
972 1704 1024 1722 vo-

71 1734 220 1771 lentibus,
244 1744 318 1772 quae
333 1735 432 1764 statim
449 1736 577 1765 vidimus
595 1736 627 1764 in
650 1737 721 1764 Cod.
746 1737 802 1765 Gu.
826 1737 901 1764 male
925 1741 1022 1765 trans-

72 1777 168 1817 posita
192 1786 276 1812 esse,
313 1776 372 1806 huc
393 1778 549 1817 pertinere.
584 1779 662 1817 Ergo
687 1778 747 1807 huc
774 1779 957 1807 reduximus.
979 1794 1023 1801 —·

72 1818 119 1858 21)
142 1818 227 1848 Idem
248 1819 323 1856 XII,
344 1823 414 1852 224.
434 1821 468 1849 A.
485 1821 522 1851 M.
545 1835 588 1842 -·
616 1819 663 1861 22)
688 1821 770 1850 Idem
794 1820 871 1858 ΧῙῙ,
896 1824 968 1854 610.
988 1821 1022 1849 Α.

73 1861 113 1892 Μ.
135 1876 177 1884 -
198 1862 246 1900 23)
256 1861 339 1890 Idem
351 1864 384 1891 in
403 1862 502 1892 eodem
516 1865 566 1895 92.
580 1863 614 1894 A.
634 1864 673 1894 Μ,
693 1864 747 1893 Edi
761 1865 835 1892 solet
856 1864 934 1903 apud
952 1864 1021 1892 Vir-

73 1903 177 1942 gilium
205 1905 371 1935 columnae.
401 1921 443 1928 —-
477 1904 525 1945 24)
552 1906 622 1945 Cap.
645 1909 696 1938 22.
722 1907 780 1935 Sed
807 1910 856 1939 21.
881 1905 1019 1935 Gerlach.

74 1947 156 1976 Cort.
173 1945 342 1974 Admonere
363 1949 443 1987 apud
469 1949 577 1979 Salust.
593 1950 704 1987 aliquot
724 1949 818 1979 codd.
833 1954 921 1986 atque
945 1948 1018 1976 Edd.

73 2005 117 2012 —-
137 1986 186 2028 25)
202 1988 296 2017 versu
313 1991 386 2021 232.
410 1991 490 2019 Libri
512 1996 584 2019 nota
608 1992 639 2020 in
659 1991 729 2021 Cod.
752 1992 809 2022 Gu.
825 1991 1019 2019 desideratur.

73 2028 172 2071 -26)
190 2030 276 2068 Apud
298 2031 435 2064 Gerlach.
457 2033 584 2070 Frgmm.
604 2034 658 2064 lib.
679 2034 721 2070 11,
741 2036 771 2065 9.
796 2050 831 2054 —
856 2033 904 2069 27)
928 2032 1020 2060 Milia

75 2073 149 2104 eod,
164 2074 198 2102 A.
215 2073 254 2103 M.
269 2074 368 2102 millia
384 2075 456 2104 cod.
474 2076 530 2106 Gu.
550 2076 585 2104 In
603 2087 684 2114 seqq.
707 2081 831 2113 uterque
850 2074 920 2104 cod.
942 2074 1019 2101 mil-

75 2116 132 2146 lia.
150 2116 214 2146 Sal.
230 2114 299 2153 Ing.
323 2116 373 2147 52.
388 2117 420 2147 A.
434 2117 470 2147 M.
486 2118 557 2156 Cap.
573 2120 622 2150 48.
642 2119 722 2149 Cort.
747 2117 825 2145 Gerl.
840 2116 890 2144 ubi
907 2117 1019 2145 editur:

75 2169 97 2187 α
117 2169 176 2198 qno
202 2158 305 2185 aberat
328 2169 411 2187 mons
424 2161 524 2196 ferme
545 2162 646 2188 millia
659 2170 811 2198 passuum
838 2160 956 2195 viginti.
979 2174 1022 2180 —-

74 2200 122 2240 28)
145 2203 207 2229 Pro
233 2200 369 2229 Cornelio
394 2200 419 2229 Ῑ.
450 2201 492 2230 Ila
520 2203 591 2231 (jod.
616 2204 672 2231 Gn.
696 2213 754 2240 pro
783 2200 919 2228 Cornelio
948 2202 1020 2231 991.

75 2243 111 2273 A.
130 2243 170 2274 Μ.
189 2243 298 2271 omisso
314 2242 381 2271 libri
405 2253 536 2274 numero.
558 2245 604 2273 Ad
620 2245 726 2273 librum
741 2243 777 2272 11.
802 2243 905 2271 retulit
926 2242 1019 2273 Nobb.

75 2286 221 2324 Fragmm.
243 2286 303 2316 Cic.
331 2295 395 2324 pag.
421 2289 511 2317 1127.
539 2288 588 2318 12.
614 2288 689 2315 Tum
712 2291 770 2313 tres
786 2286 918 2322 ficerunt
948 2285 1019 2314 cod.

75 2328 113 2358 A.
129 2329 168 2360 M.
184 2329 285 2366 fuerit
305 2329 361 2356 iter
380 2328 451 2358 Cod.
477 2329 532 2356 Gu.
557 2330 638 2367 quod
656 2333 753 2356 tannen
778 2337 814 2356 ne
835 2327 929 2366 ipsum
950 2327 1020 2366 qui-

77 2371 144 2403 dem
167 2381 272 2401 sanum
292 2380 355 2400 esse
374 2370 523 2400 existimo.
543 2386 587 2393 -
607 2371 655 2409 29)
671 2370 744 2400 Cod.
766 2370 800 2398 A.
814 2370 852 2400 M.
872 2381 932 2409 pro
949 2371 1025 2400 Cor-

1068 1309 1156 1340 nelio.
1178 1309 1268 1338 Recte
1286 1309 1358 1340 cod.
1379 1309 1436 1340 Gu.
1450 1319 1509 1348 pro
1533 1308 1686 1344 Cluentio,
1709 1305 1790 1346 quod
1805 1305 1842 1336 A.
1858 1303 1896 1335 M.
1912 1301 2015 1332 edidit.

1067 1353 1119 1382 Est
1141 1362 1156 1381 e
1177 1363 1243 1391 cap.
1265 1354 1294 1384 9.
1318 1353 1394 1381 'rum
1413 1352 1446 1381 in
1475 1351 1547 1380 eod.
1571 1351 1628 1380 Gu.
1645 1350 1726 1379 deest
1743 1359 1841 1388 praep.
1865 1346 1920 1384 ab,
1941 1353 2016 1383 quae

1067 1395 1227 1424 exhibetur
1247 1395 1283 1423 ab
1306 1394 1341 1426 A.
1368 1395 1406 1425 M.
1429 1399 1458 1424 et
1481 1394 1541 1423 Cic.
1561 1393 1636 1423 Edd.
1656 1392 1744 1431 Apud
1762 1391 1821 1421 Cic.
1836 1394 1934 1418 tamen
1951 1387 2015 1426 ple-

1065 1448 1192 1476 rumque
1206 1437 1305 1466 editur
1323 1448 1344 1466 a
1358 1438 1483 1466 Latin
1494 1448 1520 1466 0.
1543 1436 1604 1465 Nec
1623 1435 1730 1473 legitur
1747 1434 1825 1473 apud
1839 1432 1899 1462 Cic.
1918 1428 1955 1459 In
1972 1439 2015 1467 eo,

1067 1481 1118 1509 sed
1141 1481 1259 1509 leeant
1276 1480 1413 1519 JIppuli,
1442 1478 1527 1519 quod
1543 1479 1625 1507 abest
1646 1482 1702 1508 cet.
1726 1493 1768 1500 —-
1795 1474 1841 1517 30)
1859 1473 1923 1504 Sal.
1948 1472 2016 1501 Cat.

1067 1525 1117 1556 50.
1141 1523 1173 1552 A.
1196 1524 1236 1553 M.
1258 1523 1309 1551 Est
1332 1533 1347 1551 e
1370 1533 1435 1561 cap.
1457 1523 1506 1553 51.
1529 1532 1567 1550 ex
1590 1521 1722 1549 oratione
1738 1518 1875 1547 Caesaris.
1901 1530 1943 1539 -
1964 1511 2015 1562 31)

1067 1566 1131 1594 Sal.
1148 1565 1219 1604 Ing.
1238 1567 1289 1597 39.
1312 1564 1346 1593 A.
1361 1564 1400 1593 M.
1428 1565 1512 1592 Talis
1528 1564 1647 1601 negocii
1667 1563 1700 1591 A.
1714 1562 1753 1591 M.
1772 1561 1872 1589 tales
1900 1558 2015 1596 negotib

1068 1608 1139 1637 Cod.
1165 1610 1220 1637 Gu.
1247 1608 1270 1636 Ε
1301 1617 1365 1646 cap.
1397 1607 1446 1638 35.
1469 1606 1515 1635 ed.
1542 1606 1623 1634 cort.
1648 1603 1786 1634 Gerlach.
1806 1618 1849 1626 -—
1875 1604 1922 1634 32)
1950 1598 2015 1646 Sal.

1066 1653 1151 1680 Jlist.
1173 1647 1233 1679 Ill.
1256 1653 1285 1682 6.
1311 1650 1344 1678 A.
1368 1649 1406 1677 M.
1435 1649 1510 1676 Tum
1534 1647 1654 1686 adflicti
1675 1647 1779 1675 alveo
1804 1644 1875 1673 cod.
1899 1643 1956 1689 Cu:
1978 1651 2015 1669 ιί

1068 1705 1156 1723 omni.
1180 1693 1251 1720 Cod.
1273 1693 1306 1723 A,
1325 1690 1363 1719 Μ.
1391 1690 1462 1719 Cod.
1488 1690 1564 1727 Gu.;
1594 1688 1770 1727 interposuit
1787 1687 1821 1717 Α.
1839 1685 1877 1714 Μ.
1901 1682 2014 1712 Delssde

1066 1737 1213 1765 maleato
1236 1735 1307 1764 cod.
1324 1733 1359 1762 A.
1377 1732 1416 1761 M.
1439 1733 1570 1760 mulcato
1592 1731 1663 1760 Cod.
1687 1731 1745 1760 Gu.
1768 1728 1910 1757 malleato
1936 1724 2013 1753 male

1065 1777 1183 1816 scripsit
1206 1776 1240 1806 A.
1265 1776 1304 1804 M.
1329 1774 1450 1812 Legitur
1471 1774 1548 1803 idem
1573 1774 1770 1811 fragmentum
1789 1769 1868 1809 apud
1885 1767 2013 1798 Nonium

1064 1830 1128 1860 pag.
1148 1820 1217 1850 407.
1230 1818 1311 1846 varie
1329 1821 1511 1856 corruptum,
1533 1817 1657 1845 sortasse
1672 1815 1714 1843 sic
1731 1812 1905 1852 legendum:
1930 1811 2013 1839 Nam

1065 1864 1119 1901 qui
1133 1871 1219 1888 enare
1233 1860 1336 1888 conati
1339 1860 1480 1896 ficerant,
1503 1860 1559 1886 icti
1575 1869 1662 1897 saepe
1671 1857 1863 1895 fragmentis
1875 1854 2012 1890 navium,

1064 1909 1117 1932 aut
1131 1904 1244 1941 afflicti
1258 1903 1357 1931 alveo-s·
1379 1900 1535 1930 undarum
1550 1902 1596 1939 vi,
1619 1900 1753 1928 mulcato
1765 1897 1860 1937 foede
1881 1905 2010 1934 corpore,

1062 1951 1211 1984 postremo
1232 1946 1366 1973 interiere
1390 1949 1498 1972 tamen.
1520 1959 1562 1966 —
1583 1942 1632 1983 33)
1659 1941 1744 1971 Idem
1770 1940 1816 1969 ll.
1841 1942 1891 1972 10.
1911 1938 1949 1967 A.
1971 1937 2011 1967 M.

1063 1987 1262 2017 Circunwentt
1285 1986 1389 2015 dextra
1409 1987 1479 2015 Cod.
1494 1986 1531 2015 M.
1548 1986 1760 2015 circumventis
1779 1982 1918 2011 dextera
1938 1979 2011 2008 Cod.

1065 2032 1125 2062 Cu.
1141 2031 1234 2067 Lege:
1257 2031 1453 2059 circumventi
1475 2040 1495 2057 a
1518 2028 1692 2057 dextera.
1714 2028 1790 2056 Tum
1814 2024 1922 2054 nuda
1938 2024 2011 2070 fer‘.

1062 2083 1132 2100 rum
1150 2078 1213 2100 erat
1236 2072 1306 2102 Cod.
1323 2072 1379 2100 Gu.
1397 2071 1517 2109 andes:
1540 2083 1563 2102 e.
1585 2072 1655 2101 Cod.
1675 2071 1708 2099 A.
1725 2069 1765 2098 Μ.
1789 2068 1900 2097 Deinde
1915 2066 2011 2104 capilb

1063 2115 1135 2144 Cod.
1159 2115 1193 2144 A.
1212 2115 1250 2146 Μ.
1273 2116 1377 2153 capita
1392 2115 1447 2143 Gu.
1465 2120 1559 2153 caput
1582 2114 1674 2143 edidit
1696 2113 1733 2142 A.
1750 2111 1788 2140 M.
1810 2126 1853 2133 —-
1873 2107 1921 2150 34)
1948 2106 2009 2139 Cic.

1065 2159 1096 2186 in
1115 2157 1181 2186 Cat.
1199 2156 1240 2188 ΙῙ,
1257 2161 1284 2189 1.
1299 2159 1332 2186 Α.
1355 2157 1392 2186 M.
1408 2157 1631 2195 Afflictum,
1654 2166 1715 2185 non
1728 2153 1903 2192 adflictum
1923 2155 2011 2180 uter-

1064 2210 1118 2238 que
1141 2200 1211 2228 cod.
1231 2217 1274 2222 —
1294 2199 1339 2238 35)
1364 2201 1427 2229 Sal.
1447 2201 1534 2229 Hist.
1553 2198 1630 2230 IIII.
1656 2202 1703 2231 13.
1720 2198 1756 2227 A.
1773 2196 1812 2227 M.
1835 2194 1941 2225 Clausi
1963 2193 2009 2220 la-

1064 2243 1174 2271 teribus
1191 2242 1298 2281 perlem
1319 2242 1390 2271 Cod.
1409 2243 1442 2270 A.
1462 2242 1499 2274 Μ.
1519 2242 1627 2271 Clausi
1648 2240 1793 2269 lateribus
1812 2239 1885 2266 alti-s·
1904 2233 2009 2275 pedem

1065 2285 1134 2314 Cod.
1155 2285 1211 2314 Gu.
1236 2285 1316 2324 quod
1337 2285 1481 2315 dedimus.
1531 2285 1592 2313 Iam
1624 2284 1727 2312 Douza
1755 2280 1843 2311 scribi
1870 2280 2007 2308 iusserat:

1065 2326 1176 2358 Clausi
1205 2328 1352 2357 lateribus
1372 2327 1480 2367 pedem
1511 2328 1594 2357 altis.
1624 2327 1667 2356 Cf.
1695 2323 1831 2356 Gerlach.
1863 2322 2005 2358 Fragmm·

1068 2370 1118 2400 lib.
1130 2371 1180 2409 lv,
1199 2373 1250 2403 39.
