2263 2668
567 147 632 182 DE
658 144 1044 183 SIGNlFICATIONE
1071 144 1356 182 VERBORUM.
1409 146 1553 181 LIBER
1579 147 1637 182 vl.
1996 151 2072 186 4225

292 240 428 270 Factio
451 248 485 270 et
500 239 708 279 factiosus.
751 240 840 269 Initio
858 239 1008 279 factiones
1028 238 1150 278 proprie
1173 238 1299 268 divitum
1323 244 1352 269 et
1374 239 1553 270 nobiliorum
1577 240 1698 270 ordines
1716 240 1892 270 dicebantur
1910 247 1938 272 et
1954 243 2071 274 factiosi

127 284 242 314 nobiles
265 288 292 312 et
315 283 459 323 opulenti.
502 283 624 313 Plautus
647 283 813 313 Cistellaria
829 283 872 319 11,
897 285 925 313 1.
946 278 1039 321 (16.):

619 351 661 357 -
706 353 744 357 -
791 333 890 374 Neque
911 343 964 362 nos
979 330 1114 370 factione
1137 338 1235 370 lania,
1265 340 1377 373 quanta
1400 340 1448 369 iu,
1477 345 1582 363 sumus.

127 377 167 407 Et
186 376 216 406 in
239 376 340 406 Aulul.
362 376 420 415 (11,
444 378 476 413 1,
498 375 580 415 45.):

620 417 697 449 Istas
718 430 841 460 magnas
857 416 1021 456 factiones,
1053 415 1182 451 animos,
1215 414 1295 446 dotes
1318 415 1455 457 dapsiles.

127 470 201 500 Inde
224 470 254 499 in
279 470 376 499 Gloss.
400 469 492 499 factio
515 470 676 509 exponitur
697 468 808 512 τάγμα,
847 469 878 498 id
902 472 946 498 est
968 466 1051 496 ordo.
1095 466 1168 495 Inde
1196 466 1355 497 histriones
1379 473 1405 497 et
1428 468 1610 507 quadrigarii
1637 469 1668 497 in
1694 469 1858 508 factiones,
1897 471 1953 500 hoc
1976 477 2019 501 est
2040 473 2071 502 in

129 511 246 542 ordines
265 512 364 541 divisi.
405 513 442 542 At
462 517 566 551 postea
584 513 684 552 factio
706 514 737 542 in
759 514 864 542 malam
887 515 998 550 partem
1021 509 1098 538 sumi
1120 514 1226 548 coepta
1249 515 1309 548 est,
1332 521 1438 550 nempe
1460 522 1515 550 pro
1540 512 1758 551 conspiratione
1781 517 1810 541 et
1831 524 1976 542 consensu
1999 525 2071 554 pes—

128 555 270 584 simorum
297 554 449 583 hominum
480 560 508 583 et
536 555 576 583 ita
601 565 681 584 nunc
705 566 831 594 semper.
862 554 948 583 Dac.
993 552 1106 581 Glossis
1130 551 1219 581 factio
1242 554 1391 592 σκευωρία
1414 558 1443 582 et
1465 552 1630 594 συνσκευή,
1666 555 1744 583 unde
1766 554 1869 584 iisdem
1891 556 2072 587 facionarius

129 595 360 636 συνσκευαστὴς.
387 596 492 627 Goth.
526 596 690 627 Faciiosus.
722 598 806 627 Adde
829 607 918 636 supra
940 594 1069 625 Actiosi.
1103 594 1214 623 Glossis
1232 596 1381 634 factiosus
1404 595 1605 635 νεωτεριστής.
1649 595 1757 628 Idem.

293 639 417 668 Fama.
462 639 487 668 A
510 639 619 669 Dorico
642 637 728 679 φάμα
751 652 805 680 pro
828 639 930 679 φήμη,
954 637 1034 676 quod
1057 648 1072 666 a
1096 637 1184 676 φημί.
1224 637 1307 666 Istud
1330 649 1344 666 a
1369 636 1456 677 φᾶω,
1482 639 1559 668 unde
1583 639 1717 668 Latinum
1735 638 1810 678 fari.
1854 639 1943 670 Dae.

296 680 454 711 Familia
477 689 598 712 antea.
645 683 797 719 Quaedam
821 682 965 712 editiones
986 679 1109 709 habent:
1133 678 1264 709 Familia
1285 691 1391 717 aurea,
1417 691 1475 720 qua
1500 692 1531 710 re
1554 686 1651 710 motus
1674 681 1873 712 10.Meursius
1896 682 2072 722 Philologici

130 724 257 753 auctarii
280 735 345 764 cap.
361 727 407 757 11.
431 725 629 762 existimavit,
662 737 758 755 servos
781 725 953 764 simpliciter
974 723 1130 758 familiam,
1166 727 1196 750 at.
1218 723 1355 761 ingenuos
1371 722 1526 762 familiam
1548 735 1664 752 auream
1688 724 1839 764 appellari.
1886 725 1976 761 Quod
1998 737 2072 766 pro-

128 766 193 796 bari
218 777 277 795 non
300 772 412 805 potest,
443 772 472 796 et
495 772 609 796 certum
632 773 689 804 est,
713 768 832 797 Festum
855 766 1008 806 scripsisse
1031 763 1160 794 Familia
1181 772 1282 800 antea,
1317 770 1350 794 ut
1372 767 1402 794 in
1426 766 1545 805 antiqua
1568 767 1786 796 Mediolanensi.
1831 767 1865 795 Id
1887 768 1995 806 probat
2017 780 2071 798 an-

129 809 260 838 tithesis:
284 808 411 838 Familia
433 817 519 838 antea
542 811 572 838 in
597 808 695 839 liberis
718 815 772 842 etc.
809 810 915 840 Postea
936 807 992 838 hoc
1015 808 1137 838 nomine.
1169 807 1293 836 Familia
1316 812 1358 836 est
1381 813 1483 837 coetus
1506 808 1657 837 hominum
1676 821 1692 838 a
1707 810 1819 838 Graeco
1844 806 1959 849 ὁμιλία,
1983 816 2011 840 et
2031 812 2072 841 ita

127 852 249 891 proprie
271 857 354 880 antea
377 851 531 881 dicebatur
553 852 642 881 series
663 852 818 882 hominum
841 852 971 882 eiusdem
994 851 1124 888 generis,
1149 849 1201 888 qui
1223 850 1332 888 singuli
1355 850 1513 880 familiares
1536 851 1720 882 dicebantur.
1761 852 1814 880 Ubi
1837 854 2001 883 notandum
2019 855 2072 893 sa-

129 893 242 923 milium
264 895 382 923 Festum
406 894 534 931 dixisse,
557 906 632 933 quae
656 896 776 935 proprie
795 907 866 935 gens
888 900 940 925 est.
985 894 1023 923 Et
1046 892 1128 933 apud
1150 892 1267 921 Livium
1291 892 1341 921 lib.
1354 893 1398 930 Il,
1421 891 1500 933 (49.)
1524 894 1560 922 de
1583 894 1695 922 Fabiis:
1726 893 1812 923 Ibant
1835 895 1918 924 unius
1935 896 2074 935 familiae

130 934 226 966 duces.
268 937 341 966 Inde
373 942 472 976 postea
496 937 621 976 familia
648 938 685 966 ad
714 949 817 967 servos
841 943 868 967 et
890 937 1068 976 gladiatores
1095 935 1284 972 translatum,
1322 940 1351 964 et
1373 936 1500 965 familiae
1523 947 1677 965 servorum
1701 942 1730 965 et
1751 937 1948 975 gladiatorum
1971 944 2073 969 coetus

130 978 203 1007 dicti
226 984 305 1010 sunt.
348 980 452 1008 Cicero
476 979 533 1019 (pr.
557 980 724 1016 Sull.19.):
751 979 958 1009 Gladiatorum
975 977 1121 1018 familiae.
1162 978 1248 1017 Apul.
1273 978 1356 1017 Apol.
1381 976 1423 1018 (p.
1437 981 1516 1015 304,
1539 979 1620 1016 35.):
1646 977 1816 1017 Quindecim
1841 978 1925 1009 liberi
1946 980 2074 1011 homines

128 1020 255 1061 populus
278 1029 334 1058 est,
357 1021 476 1051 totidem
501 1023 575 1051 servi
591 1021 731 1061 familia,
756 1021 875 1052 totidem
897 1023 990 1052 vincti
1011 1019 1196 1061 ergastulum.
1229 1020 1301 1048 Inde
1324 1021 1410 1050 etiam
1434 1022 1514 1050 servi
1537 1021 1610 1050 dicti
1632 1026 1702 1050 sunt
1724 1022 1835 1051 famuli.
1867 1023 1975 1052 Tamen
1998 1025 2074 1054 infra

129 1063 232 1092 Festus
255 1075 270 1092 a
295 1074 324 1092 se
348 1064 413 1103 ipso
436 1064 585 1100 dissentit,
610 1066 709 1103 aitque
730 1065 870 1094 familiam
894 1075 955 1094 esse
978 1063 1014 1092 ab
1039 1064 1117 1092 Osco
1134 1062 1232 1102 samel
1251 1063 1313 1091 sive
1331 1062 1448 1102 famul,
1478 1063 1508 1092 id
1531 1068 1575 1092 est
1597 1073 1708 1092 servus.
1746 1064 1820 1093 Vide
1845 1064 1962 1095 Famuli
1985 1072 2013 1096 et
2034 1067 2075 1096 ibi

129 1111 240 1135 notata.
264 1106 347 1135 Dae.
379 1105 618 1145 Maiersamiliae.
649 1108 877 1136 Matersamilias.
905 1106 1008 1136 Goth.
1038 1105 1264 1145 Pompiliorum.
1294 1106 1499 1145 Popilliorum.
1523 1105 1632 1135 Idem.
1663 1105 1818 1144 Famulus,
1841 1108 1987 1137 Oscorum
2012 1109 2074 1138 Fa-

129 1147 201 1185 mel,
225 1149 391 1188 priscorum
416 1150 585 1178 Latinorum
611 1147 754 1179 Camillus
776 1150 812 1178 ab
835 1149 935 1180 eadem
958 1149 1057 1177 omnia
1079 1159 1155 1178 voce
1178 1149 1327 1177 Sanscrita
1351 1147 1504 1185 kumcfras,
1533 1159 1608 1188 quae
1627 1160 1747 1188 puerum
1770 1150 1929 1187 significat,
1953 1152 2075 1181 descen-

131 1191 214 1220 dunt.
258 1190 378 1220 Famuli
398 1192 490 1229 igitur
510 1192 606 1231 pueri,
641 1191 700 1221 hoc
724 1198 782 1231 est,
817 1197 845 1221 et
866 1193 941 1221 servi
963 1196 991 1220 et
1013 1190 1111 1228 liberi,
1148 1191 1199 1219 filii
1222 1191 1364 1228 familias,
1395 1191 1475 1220 unde
1492 1190 1615 1230 familia
1637 1196 1665 1220 et
1687 1190 1847 1220 liberorum
1871 1203 2024 1224 numerum
2049 1199 2077 1224 et

130 1233 286 1262 servitium
314 1234 575 1272 complectebatur.
622 1235 666 1265 Cf.
689 1245 763 1273 quae
791 1245 882 1274 supra
912 1234 1080 1262 notavimus
1109 1233 1145 1262 ad
1168 1244 1196 1262 v.
1223 1233 1375 1263 Camillus.
1419 1234 1464 1263 Ex
1493 1244 1552 1272 quo
1580 1233 1771 1271 intelligitur,
1808 1235 1937 1264 radicem
1966 1235 2075 1275 kumal,

131 1286 219 1315 quam
236 1276 277 1304 ibi
293 1277 396 1315 posui,
420 1287 495 1315 quae
518 1276 662 1314 significat
684 1276 798 1314 ludere,
820 1277 912 1306 veluti
927 1277 1040 1314 infans,
1063 1276 1144 1305 haud
1167 1286 1229 1305 esse
1252 1276 1287 1305 ab
1308 1277 1412 1306 iisdem
1435 1277 1560 1306 vocibus
1583 1276 1724 1314 alienam,
1749 1277 1801 1306 sed
1823 1278 1953 1308 subiacet
1975 1280 2077 1309 eadem

129 1318 277 1348 vocabulo
298 1318 440 1357 pumilio,
474 1318 554 1358 quod
577 1330 685 1348 nanum
709 1320 839 1348 denotat.

294 1359 501 1390 Facessere.
546 1362 689 1390 Pacuvius
712 1362 742 1391 in
764 1363 883 1391 Teucro
907 1361 989 1400 apud
1011 1361 1140 1390 Nonium
1165 1361 1250 1400 (pag.
1264 1363 1335 1393 306.
1360 1361 1484 1399 Merc.):
1522 1360 1667 1390 Facessiie
1689 1372 1786 1390 omnes
1808 1361 1891 1400 hinc,
1922 1375 2078 1404 parumper

130 1410 162 1432 tu
183 1413 276 1432 mane.
298 1403 386 1432 Ant.
407 1403 500 1443 Aug.
536 1404 561 1432 A
579 1404 666 1443 facio
683 1405 822 1443 facesso,
840 1410 873 1433 ut
897 1415 912 1433 a
936 1405 1023 1443 capio
1047 1414 1176 1443 capesso.
1214 1403 1340 1433 Facesso
1364 1404 1424 1432 duo
1449 1404 1608 1442 significat:
1626 1404 1713 1442 facio
1736 1409 1764 1432 et
1787 1404 1942 1435 retrocedo.
1976 1407 2078 1436 Donat.

131 1445 169 1474 ad
191 1445 267 1474 illud
290 1445 420 1474 Terentii
443 1446 562 1476 Phorm.
584 1446 635 1483 lV,
659 1449 686 1479 3.
711 1446 804 1487 (30.):
842 1447 929 1476 Haec
951 1445 1020 1475 hinc
1037 1446 1178 1485 facessat.
1222 1445 1281 1475 Pro
1304 1445 1372 1476 hinc
1395 1458 1424 1475 se
1439 1447 1553 1485 faciat,
1585 1446 1696 1484 inquit,
1727 1445 1760 1475 id
1781 1454 1821 1475 esi
1842 1447 1941 1485 abeat,
1972 1457 2001 1478 ut
2023 1449 2079 1479 huc

131 1499 162 1517 se
175 1487 290 1526 faciat,
320 1487 377 1517 lzuc
399 1487 522 1518 accedat
544 1489 699 1528 significat.
743 1490 832 1519 Item:
863 1489 1003 1517 Facessat
1023 1499 1078 1528 pro
1102 1487 1204 1523 cedat,
1234 1487 1312 1517 alias
1329 1489 1436 1527 faciat.
1483 1488 1562 1528 Ergo
1586 1487 1660 1517 eluas
1683 1501 1725 1517 res
1747 1490 1891 1529 significat
1914 1490 1969 1520 hoc
1990 1503 2078 1520 unum

131 1529 267 1560 verbum:
291 1541 328 1558 an
351 1529 419 1559 hinc
435 1530 567 1569 facessat
588 1530 825 1570 proverbialiler,
852 1531 938 1570 quasi
959 1529 1028 1558 hinc
1044 1530 1151 1569 faciat.
1190 1529 1331 1559 Plautus:
1357 1539 1507 1570 argenium
1531 1531 1599 1560 hinc
1614 1531 1718 1570 facite.
1756 1531 1826 1561 Huc
1851 1539 1876 1560 ie
1892 1533 1949 1572 fac
1972 1532 2080 1564 dicitur

129 1583 186 1611 pro
207 1571 264 1601 Izuc
285 1571 400 1601 accede.
423 1572 511 1604 Dae.
555 1573 641 1602 Prior
662 1573 764 1610 locus,
792 1583 880 1611 quem
904 1573 974 1600 citat
997 1572 1117 1607 Festus,
1149 1582 1164 1601 e
1187 1572 1267 1610 Virg.
1292 1574 1363 1601 Aen.
1381 1573 1438 1611 IV,
1462 1574 1533 1607 295.
1555 1573 1750 1613 depromptus
1774 1579 1825 1604 est.

296 1620 425 1652 Facul.
469 1623 625 1652 Afranius:

789 1665 886 1695 Haud
904 1663 995 1705 sacul
1011 1665 1126 1704 femina
1149 1665 1307 1694 invenietur
1330 1664 1415 1696 bona.

135 1711 210 1742 Vide
232 1712 361 1742 Nonium
392 1717 469 1753 (pag.
485 1719 552 1747 111.
576 1716 688 1756 Mero).
716 1716 804 1746 Dac.
852 1715 910 1745 Sed
930 1723 1040 1755 postea.
1086 1716 1134 1745 Ait
1150 1715 1327 1754 facultatem
1351 1716 1387 1745 de
1409 1717 1497 1745 rebus
1520 1717 1582 1745 sive
1606 1717 1710 1756 opibus
1735 1718 1810 1754 diei,
1840 1718 2019 1757 facilitatem
2043 1719 2081 1748 ad

136 1755 265 1784 animum
288 1756 448 1795 pertinere.
489 1759 537 1786 Sic
560 1759 621 1788 fere
643 1760 762 1789 Cornel.
785 1759 895 1788 Fronto
919 1760 963 1796 (in
987 1759 1160 1787 differentiis
1185 1759 1239 1786 sub
1264 1759 1319 1797 v.):
1346 1757 1503 1795 Fac-ultas,
1526 1759 1638 1797 inquit,
1661 1759 1828 1800 locupletis,
1847 1761 1986 1800 facilitas
2008 1763 2081 1791 arti-

127 1798 198 1836 Jicis
220 1804 270 1826 est.
314 1797 416 1839 Itaque
439 1798 517 1829 clives
539 1800 713 1839 facultatem
736 1801 822 1830 habet
845 1800 938 1830 mulia
960 1800 1007 1830 vel
1027 1800 1140 1830 emendi
1161 1800 1207 1829 vel
1228 1799 1404 1829 redimendi:
1441 1801 1573 1842 Artifex
1595 1813 1682 1842 opera
1704 1803 1873 1842 perficiendi
1889 1803 2079 1843 facilitatem.

135 1839 191 1869 Da
201 1851 225 1869 c.
254 1840 337 1869 Adde
358 1842 436 1870 infra
460 1841 607 1882 Perfacul.
634 1842 737 1874 Goth..
784 1845 826 1875 Cf.
852 1854 928 1883 quae
950 1854 1038 1882 supra
1062 1844 1099 1872 ad
1121 1855 1147 1873 v.
1171 1842 1300 1872 Familia
1324 1843 1464 1872 diximus.

298 1890 556 1922 Famuletium.
600 1895 657 1923 Pro
675 1893 870 1933 famulitium.
909 1895 1017 1923 Varro:
1047 1893 1144 1933 Apud
1165 1895 1302 1934 ignavum
1327 1893 1475 1923 dominum
1500 1893 1573 1923 duro
1589 1893 1742 1932 famulitio
1763 1895 1930 1925 adstrictus.
1971 1894 2079 1923 Famu-

135 1931 229 1962 latum
250 1938 339 1962 vocat
363 1935 473 1963 Cicero.
517 1935 723 1966 Famulitaiem
747 1938 853 1965 Accius
877 1942 905 1965 et
930 1938 1074 1965 Pacuvius
1097 1938 1177 1976 apud
1201 1937 1329 1965 Nonium
1353 1934 1396 1975 (p.
1413 1940 1483 1969 109.
1507 1937 1621 1976 Mem).
1666 1937 1752 1967 Dae.

298 1975 538 2008 Famicosam.
584 1978 796 2008 Famelicosam
819 1980 850 2008 id
874 1984 918 2008 est
941 1979 1061 2008 aridam.
1089 1980 1186 2008 Gloss.
1209 1977 1389 2015 &melio-us,
1413 1978 1582 2019 λιμόξηρος.
1607 1978 1768 2017 Famelice,
1791 1977 1965 2018 λιμοξήρως·
1991 1978 2079 2008 Dac-

136 2017 190 2047 Vel
206 2017 407 2057 familie-osam
431 2020 477 2048 vel
494 2020 683 2058 samicosam.
732 2020 840 2050 Goth.

300 2060 454 2090 Famuli.
500 2064 521 2090 A
539 2062 646 2100 famd,
678 2065 755 2092 Osca
778 2074 853 2092 voce
869 2062 984 2102 famul,
1016 2063 1167 2101 famulus,
1203 2064 1254 2093 sed
1280 2064 1413 2092 Latinum
1437 2074 1514 2100 esse,
1546 2074 1604 2092 non
1629 2065 1736 2092 Oscum
1753 2061 1901 2100 famulum
1927 2068 2016 2101 puto,
2046 2067 2081 2092 nt

136 2107 165 2132 et
179 2112 270 2141 supra
283 2103 386 2131 Festus
402 2104 432 2132 in
450 2104 581 2142 familia.
614 2107 669 2134 Pro
694 2107 804 2134 famulo
827 2107 939 2135 dictum
963 2111 1063 2144 postea
1083 2104 1197 2144 famul,
1221 2111 1253 2135 ut
1274 2117 1315 2145 pa
1338 2117 1393 2145 pro
1414 2115 1513 2146 parte,
1539 2105 1577 2135 clo
1600 2116 1655 2144 pro
1680 2104 1766 2134 domo
1791 2110 1820 2134 et
1842 2106 1958 2134 similia.
1997 2107 2080 2141 Quae

136 2150 305 2183 sequuntur
326 2145 402 2174 uncle
424 2154 448 2175 et
465 2146 587 2184 familia
609 2156 715 2177 vocata
739 2149 763 2176 si
786 2149 863 2177 Festi
887 2154 972 2182 sunt,
1009 2148 1137 2177 levitatis
1161 2153 1189 2177 et
1211 2149 1424 2178 inconstantiae
1447 2150 1564 2177 Festum
1589 2151 1730 2185 arguunt,
1769 2148 1818 2185 qui
1843 2149 1871 2176 in
1889 2148 2011 2186 familia
2035 2149 2079 2176 liis

136 2187 285 2216 contraria
308 2189 438 2226 scripsit.
473 2189 583 2228 Nempe
606 2191 748 2219 famulum
771 2191 829 2219 dici
852 2203 866 2219 a
890 2191 1017 2226 familia,
1040 2191 1051 2218 i
1073 2196 1187 2219 mutato
1210 2191 1238 2219 in
1264 2204 1297 2228 u,
1321 2192 1401 2228 quod
1425 2201 1528 2219 verum
1551 2195 1603 2220 est.
1639 2190 1710 2218 Nam
1735 2190 1759 2218 si
1783 2201 1797 2218 a
1815 2190 1913 2228 famel
1933 2196 2007 2219 esset
2023 2191 2078 2228 sa-

136 2229 236 2265 milia,
260 2230 347 2258 velim
372 2230 420 2259 hic
444 2231 514 2261 mihi
538 2234 753 2271 respondeant,
777 2234 828 2272 qui
850 2234 969 2261 Festum
993 2239 1174 2271 sequuntur,
1199 2234 1249 2272 qui
1274 2234 1336 2262 lieri
1360 2235 1473 2272 potuit,
1499 2239 1530 2261 ut
1553 2237 1635 2261 antea
1659 2233 1770 2261 familia
1794 2232 1916 2262 honeste
1938 2233 1974 2261 de
1996 2233 2076 2268 inge-

135 2272 203 2301 nuis
225 2272 394 2301 horninibus
416 2274 573 2303 diceretur.
604 2275 658 2303 Da
668 2287 692 2304 c.
737 2276 813 2311 Quia
838 2274 934 2313 famel
953 2280 982 2304 et
1006 2274 1155 2313 famulus,
1196 2281 1228 2305 ut
1250 2286 1340 2312 supra
1362 2277 1392 2304 in
1415 2277 1492 2305 notis
1512 2274 1548 2304 ad
1571 2285 1600 2305 v.
1623 2273 1754 2304 Familia
1777 2275 1923 2312 vidimus,
1956 2283 2074 2313 puerum

136 2315 356 2354 significabant,
385 2327 460 2354 quae
484 2317 620 2354 nomina,
647 2318 717 2346 item
740 2323 775 2346 ut
797 2316 948 2354 camillus,
980 2328 996 2346 a
1020 2318 1168 2347 Sanscrita
1191 2329 1263 2347 voce
1285 2317 1422 2347 kumelras
1443 2317 1636 2347 descendunt.

301 2357 475 2396 Faguial.
520 2360 611 2388 Varro
635 2360 749 2390 11b.1V.
773 2360 810 2390 de
833 2361 863 2389 L.
884 2361 913 2388 L.
937 2360 990 2399 (V,
1015 2370 1080 2399 pag.
1097 2362 1164 2393 152.
1189 2360 1269 2400 Sp.):
1308 2360 1343 2390 Et
1360 2359 1481 2401 faguial
1499 2371 1518 2389 a
1534 2360 1628 2400 sago.-
1659 2358 1736 2389 uncle
1757 2360 1842 2388 etiam
1865 2356 1943 2399 quod
1964 2355 2005 2384 ibi
2024 2365 2072 2384 sa-

135 2398 256 2436 cellum,
280 2398 358 2429 Iovis
383 2400 540 2440 Fagutalis.
586 2402 640 2431 Da
651 2415 675 2432 c.

179 2452 345 2480 GRAMMAT.
368 2462 433 2480 mr.
458 2452 490 2481 11.
1556 2455 1590 2488 H
1604 2453 1629 2486 h
1643 2453 1667 2486 h
