<?xml version="1.0" encoding="UTF-8"?>
<!DOCTYPE html PUBLIC "-//W3C//DTD XHTML 1.0 Transitional//EN"
    "http://www.w3.org/TR/xhtml1/DTD/xhtml1-transitional.dtd">
<html xmlns="http://www.w3.org/1999/xhtml" xml:lang="en" lang="en">
 <head>
  <title>
</title>
<meta http-equiv="Content-Type" content="text/html;charset=utf-8" />
  <meta name='ocr-system' content='tesseract 3.04.00' />
  <meta name='ocr-capabilities' content='ocr_page ocr_carea ocr_par ocr_line ocrx_word'/>
</head>
<body>
  <div class='ocr_page' id='page_1' title='image "./corpusgrammatico01linduoft_0922.png"; bbox 0 0 2263 2668; ppageno 0'>
   <div class='ocr_carea' id='block_1_1' title="bbox 238 155 1756 199">
    <p class='ocr_par' dir='ltr' id='par_1_1' title="bbox 238 155 1756 199">
     <span class='ocr_line' id='line_1_1' title="bbox 238 155 1756 199; baseline -0.005 0"><span class='ocrx_word' id='word_1_1' title='bbox 238 165 313 199; x_wconf 74' lang='lat'><strong>496</strong></span> <span class='ocrx_word' id='word_1_2' title='bbox 664 155 1010 193; x_wconf 85' lang='lat' dir='ltr'><strong>COMMENTARII</strong></span> <span class='ocrx_word' id='word_1_3' title='bbox 1036 155 1084 189; x_wconf 85' lang='lat' dir='ltr'><strong>IN</strong></span> <span class='ocrx_word' id='word_1_4' title='bbox 1111 155 1254 195; x_wconf 84' lang='lat' dir='ltr'><strong>PAULI</strong></span> <span class='ocrx_word' id='word_1_5' title='bbox 1279 155 1477 192; x_wconf 89' lang='lat' dir='ltr'>DIACONI</span> <span class='ocrx_word' id='word_1_6' title='bbox 1501 156 1756 192; x_wconf 85' lang='lat' dir='ltr'><strong>EXCERPTA</strong></span> 
     </span>
    </p>
   </div>
   <div class='ocr_carea' id='block_1_2' title="bbox 243 248 2187 460">
    <p class='ocr_par' dir='ltr' id='par_1_2' title="bbox 243 248 2187 460">
     <span class='ocr_line' id='line_1_2' title="bbox 243 248 2184 298; baseline -0.002 -9"><span class='ocrx_word' id='word_1_7' title='bbox 243 258 431 298; x_wconf 87' lang='lat' dir='ltr'><strong>Prophorum</strong></span> <span class='ocrx_word' id='word_1_8' title='bbox 453 258 549 283; x_wconf 87' lang='lat' dir='ltr'><strong>autem</strong></span> <span class='ocrx_word' id='word_1_9' title='bbox 572 251 646 280; x_wconf 87' lang='lat' dir='ltr'><strong>nihil</strong></span> <span class='ocrx_word' id='word_1_10' title='bbox 669 249 750 279; x_wconf 86' lang='lat' dir='ltr'><strong>aliud</strong></span> <span class='ocrx_word' id='word_1_11' title='bbox 773 252 817 277; x_wconf 88' lang='lat' dir='ltr'><strong>est</strong></span> <span class='ocrx_word' id='word_1_12' title='bbox 840 257 927 286; x_wconf 87' lang='lat' dir='ltr'><strong>quam</strong></span> <span class='ocrx_word' id='word_1_13' title='bbox 952 248 1117 287; x_wconf 87' lang='lat' dir='ltr'><strong>proiectum</strong></span> <span class='ocrx_word' id='word_1_14' title='bbox 1140 251 1317 289; x_wconf 82' lang='lat' dir='ltr'>provolans,</span> <span class='ocrx_word' id='word_1_15' title='bbox 1342 251 1405 280; x_wconf 89' lang='lat' dir='ltr'><strong>sive</strong></span> <span class='ocrx_word' id='word_1_16' title='bbox 1427 250 1585 286; x_wconf 82' lang='lat' dir='ltr'><strong>solarium,</strong></span> <span class='ocrx_word' id='word_1_17' title='bbox 1612 250 1674 279; x_wconf 85' lang='lat' dir='ltr'><strong>sive</strong></span> <span class='ocrx_word' id='word_1_18' title='bbox 1698 251 1818 289; x_wconf 90' lang='lat' dir='ltr'><strong>planum</strong></span> <span class='ocrx_word' id='word_1_19' title='bbox 1841 256 1952 282; x_wconf 86' lang='lat' dir='ltr'><strong>tectum</strong></span> <span class='ocrx_word' id='word_1_20' title='bbox 1975 264 2012 283; x_wconf 83' lang='lat' dir='ltr'><strong>ex</strong></span> <span class='ocrx_word' id='word_1_21' title='bbox 2034 260 2184 285; x_wconf 84' lang='lat' dir='ltr'><strong>transver-</strong></span> 
     </span>
     <span class='ocr_line' id='line_1_3' title="bbox 243 290 2184 338; baseline -0.004 -7"><span class='ocrx_word' id='word_1_22' title='bbox 243 303 279 331; x_wconf 87' lang='lat' dir='ltr'><strong>sis</strong></span> <span class='ocrx_word' id='word_1_23' title='bbox 303 306 331 329; x_wconf 92' lang='lat' dir='ltr'><strong>et</strong></span> <span class='ocrx_word' id='word_1_24' title='bbox 355 295 578 338; x_wconf 81' lang='lat' dir='ltr'><strong>provolantibus</strong></span> <span class='ocrx_word' id='word_1_25' title='bbox 602 293 739 323; x_wconf 85' lang='lat' dir='ltr'><strong>tabulatis</strong></span> <span class='ocrx_word' id='word_1_26' title='bbox 762 301 817 330; x_wconf 91' lang='lat' dir='ltr'><strong>per</strong></span> <span class='ocrx_word' id='word_1_27' title='bbox 839 290 999 320; x_wconf 79' lang='lat' dir='ltr'><strong>circuitum</strong></span> <span class='ocrx_word' id='word_1_28' title='bbox 1023 301 1132 320; x_wconf 88' lang='lat' dir='ltr'><strong>corona</strong></span> <span class='ocrx_word' id='word_1_29' title='bbox 1156 294 1317 331; x_wconf 86' lang='lat' dir='ltr'><strong>munitum,</strong></span> <span class='ocrx_word' id='word_1_30' title='bbox 1346 293 1424 322; x_wconf 90' lang='lat' dir='ltr'><strong>idem</strong></span> <span class='ocrx_word' id='word_1_31' title='bbox 1446 292 1647 322; x_wconf 80' lang='lat' dir='ltr'><strong>chalcidicum</strong></span> <span class='ocrx_word' id='word_1_32' title='bbox 1669 293 1799 331; x_wconf 80' lang='lat' dir='ltr'><strong>dictum,</strong></span> <span class='ocrx_word' id='word_1_33' title='bbox 1825 293 1980 334; x_wconf 88' lang='lat' dir='ltr'><strong>hyperoon</strong></span> <span class='ocrx_word' id='word_1_34' title='bbox 2003 302 2031 326; x_wconf 84' lang='lat' dir='ltr'><strong>et</strong></span> <span class='ocrx_word' id='word_1_35' title='bbox 2053 299 2184 336; x_wconf 78' lang='lat' dir='ltr'><strong>pergula,</strong></span> 
     </span>
     <span class='ocr_line' id='line_1_4' title="bbox 246 333 2186 376; baseline 0.004 -15"><span class='ocrx_word' id='word_1_36' title='bbox 246 342 445 373; x_wconf 62' lang='lat' dir='ltr'><strong>Adjjcjebatur</strong></span> <span class='ocrx_word' id='word_1_37' title='bbox 474 336 633 374; x_wconf 85' lang='lat' dir='ltr'><strong>aliquando</strong></span> <span class='ocrx_word' id='word_1_38' title='bbox 663 334 775 363; x_wconf 80' lang='lat' dir='ltr'><strong>foribus</strong></span> <span class='ocrx_word' id='word_1_39' title='bbox 807 338 836 362; x_wconf 86' lang='lat' dir='ltr'><strong>et</strong></span> <span class='ocrx_word' id='word_1_40' title='bbox 865 333 1031 372; x_wconf 87' lang='lat' dir='ltr'><strong>porticibus</strong></span> <span class='ocrx_word' id='word_1_41' title='bbox 1061 338 1094 363; x_wconf 83' lang='lat' dir='ltr'><strong>ut</strong></span> <span class='ocrx_word' id='word_1_42' title='bbox 1122 333 1210 364; x_wconf 88' lang='lat' dir='ltr'><strong>hodie</strong></span> <span class='ocrx_word' id='word_1_43' title='bbox 1236 336 1374 365; x_wconf 87' lang='lat' dir='ltr'><strong>balcones</strong></span> <span class='ocrx_word' id='word_1_44' title='bbox 1402 335 1513 373; x_wconf 85' lang='lat' dir='ltr'>nostri,</span> <span class='ocrx_word' id='word_1_45' title='bbox 1551 341 1580 364; x_wconf 88' lang='lat' dir='ltr'><strong>et</strong></span> <span class='ocrx_word' id='word_1_46' title='bbox 1606 335 1674 365; x_wconf 85' lang='lat' dir='ltr'><strong>inde</strong></span> <span class='ocrx_word' id='word_1_47' title='bbox 1698 336 1728 364; x_wconf 92' lang='lat' dir='ltr'><strong>in</strong></span> <span class='ocrx_word' id='word_1_48' title='bbox 1752 336 1818 364; x_wconf 83' lang='lat' dir='ltr'><strong>soro</strong></span> <span class='ocrx_word' id='word_1_49' title='bbox 1840 339 2012 376; x_wconf 87' lang='lat' dir='ltr'><strong>spectacula</strong></span> <span class='ocrx_word' id='word_1_50' title='bbox 2035 340 2083 368; x_wconf 89' lang='lat' dir='ltr'><strong>illa</strong></span> <span class='ocrx_word' id='word_1_51' title='bbox 2106 341 2186 370; x_wconf 85' lang='lat' dir='ltr'><strong>unde</strong></span> 
     </span>
     <span class='ocr_line' id='line_1_5' title="bbox 243 376 2187 425; baseline -0.002 -11"><span class='ocrx_word' id='word_1_52' title='bbox 243 385 450 425; x_wconf 72' lang='lat' dir='ltr'><strong>spectabantur</strong></span> <span class='ocrx_word' id='word_1_53' title='bbox 472 380 553 415; x_wconf 78' lang='lat' dir='ltr'><strong>ludi,</strong></span> <span class='ocrx_word' id='word_1_54' title='bbox 584 383 617 407; x_wconf 89' lang='lat' dir='ltr'><strong>ut</strong></span> <span class='ocrx_word' id='word_1_55' title='bbox 640 377 756 406; x_wconf 71' lang='lat' dir='ltr'><strong>casulae</strong></span> <span class='ocrx_word' id='word_1_56' title='bbox 779 376 846 404; x_wconf 86' lang='lat' dir='ltr'><strong>illae</strong></span> <span class='ocrx_word' id='word_1_57' title='bbox 870 380 1000 413; x_wconf 89' lang='lat' dir='ltr'><strong>nostrae,</strong></span> <span class='ocrx_word' id='word_1_58' title='bbox 1026 377 1179 406; x_wconf 84' lang='lat' dir='ltr'><strong>moeniana</strong></span> <span class='ocrx_word' id='word_1_59' title='bbox 1203 379 1291 408; x_wconf 86' lang='lat' dir='ltr'><strong>etiam</strong></span> <span class='ocrx_word' id='word_1_60' title='bbox 1315 379 1407 415; x_wconf 72' lang='lat' dir='ltr'><strong>dicta,</strong></span> <span class='ocrx_word' id='word_1_61' title='bbox 1439 379 1526 417; x_wconf 87' lang='lat' dir='ltr'><strong>plura</strong></span> <span class='ocrx_word' id='word_1_62' title='bbox 1549 377 1618 406; x_wconf 85' lang='lat' dir='ltr'><strong>vide</strong></span> <span class='ocrx_word' id='word_1_63' title='bbox 1641 379 1720 417; x_wconf 87' lang='lat' dir='ltr'><strong>apud</strong></span> <span class='ocrx_word' id='word_1_64' title='bbox 1744 379 1916 408; x_wconf 84' lang='lat' dir='ltr'><strong>Salmasium</strong></span> <span class='ocrx_word' id='word_1_65' title='bbox 1940 381 1970 409; x_wconf 90' lang='lat' dir='ltr'><strong>in</strong></span> <span class='ocrx_word' id='word_1_66' title='bbox 1993 381 2075 410; x_wconf 82' lang='lat' dir='ltr'><strong>Aelio</strong></span> <span class='ocrx_word' id='word_1_67' title='bbox 2098 384 2187 421; x_wconf 85' lang='lat' dir='ltr'><strong>Spar-</strong></span> 
     </span>
     <span class='ocr_line' id='line_1_6' title="bbox 247 418 2187 460; baseline -0.005 -2"><span class='ocrx_word' id='word_1_68' title='bbox 247 430 338 458; x_wconf 83' lang='lat' dir='ltr'><strong>tiano.</strong></span> <span class='ocrx_word' id='word_1_69' title='bbox 361 425 447 453; x_wconf 87' lang='lat' dir='ltr'><strong>Dac.</strong></span> <span class='ocrx_word' id='word_1_70' title='bbox 478 421 616 450; x_wconf 70' lang='lat' dir='ltr'><strong>Meuiana</strong></span> <span class='ocrx_word' id='word_1_71' title='bbox 637 419 733 448; x_wconf 89' lang='lat' dir='ltr'>Nonio</span> <span class='ocrx_word' id='word_1_72' title='bbox 757 418 834 459; x_wconf 86' lang='lat' dir='ltr'><strong>(pag.</strong></span> <span class='ocrx_word' id='word_1_73' title='bbox 847 420 898 451; x_wconf 87' lang='lat'><strong>65.</strong></span> <span class='ocrx_word' id='word_1_74' title='bbox 915 419 1003 448; x_wconf 87' lang='lat' dir='ltr'><strong>Merc.</strong></span> <span class='ocrx_word' id='word_1_75' title='bbox 1025 418 1075 447; x_wconf 89' lang='lat' dir='ltr'><strong>ubi</strong></span> <span class='ocrx_word' id='word_1_76' title='bbox 1097 429 1175 449; x_wconf 87' lang='lat' dir='ltr'><strong>nunc</strong></span> <span class='ocrx_word' id='word_1_77' title='bbox 1195 421 1305 459; x_wconf 84' lang='lat' dir='ltr'><strong>legitur</strong></span> <span class='ocrx_word' id='word_1_78' title='bbox 1327 419 1511 460; x_wconf 76' lang='lat' dir='ltr'><strong>Maeniana).</strong></span> <span class='ocrx_word' id='word_1_79' title='bbox 1541 420 1625 449; x_wconf 84' lang='lat' dir='ltr'>Adde</span> <span class='ocrx_word' id='word_1_80' title='bbox 1643 420 1813 450; x_wconf 89' lang='lat' dir='ltr'><strong>Varronem.</strong></span> <span class='ocrx_word' id='word_1_81' title='bbox 1836 422 1865 451; x_wconf 89' lang='lat' dir='ltr'><strong>L.</strong></span> <span class='ocrx_word' id='word_1_82' title='bbox 1879 425 1929 454; x_wconf 82' lang='lat'><strong>20.</strong></span> <span class='ocrx_word' id='word_1_83' title='bbox 1943 423 1973 452; x_wconf 86' lang='lat' dir='ltr'><strong>ff.</strong></span> <span class='ocrx_word' id='word_1_84' title='bbox 1995 423 2032 452; x_wconf 84' lang='lat' dir='ltr'><strong>de</strong></span> <span class='ocrx_word' id='word_1_85' title='bbox 2054 426 2187 454; x_wconf 68' lang='lat' dir='ltr'><strong>servum,</strong></span> 
     </span>
    </p>
   </div>
   <div class='ocr_carea' id='block_1_3' title="bbox 244 461 2188 545">
    <p class='ocr_par' dir='ltr' id='par_1_3' title="bbox 244 461 2188 545">
     <span class='ocr_line' id='line_1_7' title="bbox 244 461 2188 502; baseline 0.005 -12"><span class='ocrx_word' id='word_1_86' title='bbox 244 471 383 499; x_wconf 78' lang='lat' dir='ltr'><strong>urbanor.</strong></span> <span class='ocrx_word' id='word_1_87' title='bbox 406 466 424 493; x_wconf 80' lang='lat'><strong>1,</strong></span> <span class='ocrx_word' id='word_1_88' title='bbox 436 467 465 496; x_wconf 82' lang='lat'><strong>2.</strong></span> <span class='ocrx_word' id='word_1_89' title='bbox 488 466 513 502; x_wconf 83' lang='lat'><strong>§.</strong></span> <span class='ocrx_word' id='word_1_90' title='bbox 538 474 603 492; x_wconf 90' lang='lat' dir='ltr'><strong>cum</strong></span> <span class='ocrx_word' id='word_1_91' title='bbox 625 463 754 501; x_wconf 87' lang='lat' dir='ltr'><strong>quidam.</strong></span> <span class='ocrx_word' id='word_1_92' title='bbox 773 464 801 493; x_wconf 89' lang='lat'><strong>6.</strong></span> <span class='ocrx_word' id='word_1_93' title='bbox 830 462 871 489; x_wconf 85' lang='lat' dir='ltr'><strong>Ne</strong></span> <span class='ocrx_word' id='word_1_94' title='bbox 895 461 968 500; x_wconf 86' lang='lat' dir='ltr'><strong>quid</strong></span> <span class='ocrx_word' id='word_1_95' title='bbox 991 462 1021 490; x_wconf 90' lang='lat' dir='ltr'><strong>in</strong></span> <span class='ocrx_word' id='word_1_96' title='bbox 1043 461 1110 491; x_wconf 90' lang='lat' dir='ltr'><strong>loco</strong></span> <span class='ocrx_word' id='word_1_97' title='bbox 1133 463 1262 502; x_wconf 89' lang='lat' dir='ltr'><strong>publico.</strong></span> <span class='ocrx_word' id='word_1_98' title='bbox 1283 464 1304 492; x_wconf 87' lang='grc'><strong>1.</strong></span> <span class='ocrx_word' id='word_1_99' title='bbox 1316 462 1432 495; x_wconf 80' lang='lat' dir='ltr'><strong>242.ff.</strong></span> <span class='ocrx_word' id='word_1_100' title='bbox 1456 463 1493 492; x_wconf 87' lang='lat' dir='ltr'><strong>de</strong></span> <span class='ocrx_word' id='word_1_101' title='bbox 1516 463 1598 493; x_wconf 84' lang='lat' dir='ltr'><strong>verb.</strong></span> <span class='ocrx_word' id='word_1_102' title='bbox 1622 464 1696 502; x_wconf 84' lang='lat' dir='ltr'>sign.</span> <span class='ocrx_word' id='word_1_103' title='bbox 1711 465 1762 496; x_wconf 80' lang='lat'><strong>35.</strong></span> <span class='ocrx_word' id='word_1_104' title='bbox 1785 464 1859 493; x_wconf 88' lang='lat' dir='ltr'><strong>Plin.</strong></span> <span class='ocrx_word' id='word_1_105' title='bbox 1878 467 1927 497; x_wconf 81' lang='lat'><strong>10.</strong></span> <span class='ocrx_word' id='word_1_106' title='bbox 1950 470 1979 494; x_wconf 86' lang='lat' dir='ltr'><strong>et</strong></span> <span class='ocrx_word' id='word_1_107' title='bbox 1999 466 2051 498; x_wconf 85' lang='lat'><strong>34.</strong></span> <span class='ocrx_word' id='word_1_108' title='bbox 2076 476 2101 498; x_wconf 82' lang='lat' dir='ltr'><strong>e.</strong></span> <span class='ocrx_word' id='word_1_109' title='bbox 2115 469 2145 499; x_wconf 91' lang='lat'><strong>6.</strong></span> <span class='ocrx_word' id='word_1_110' title='bbox 2158 470 2188 500; x_wconf 83' lang='lat'><strong>9.</strong></span> 
     </span>
     <span class='ocr_line' id='line_1_8' title="bbox 244 503 1533 545; baseline -0.002 -9"><span class='ocrx_word' id='word_1_111' title='bbox 244 512 341 541; x_wconf 67' lang='lat' dir='ltr'><strong>valer.</strong></span> <span class='ocrx_word' id='word_1_112' title='bbox 357 512 413 544; x_wconf 74' lang='lat'><strong>12,</strong></span> <span class='ocrx_word' id='word_1_113' title='bbox 440 509 488 538; x_wconf 84' lang='grc'><strong>15.</strong></span> <span class='ocrx_word' id='word_1_114' title='bbox 512 506 579 535; x_wconf 77' lang='lat' dir='ltr'><strong>[sid.</strong></span> <span class='ocrx_word' id='word_1_115' title='bbox 597 508 627 537; x_wconf 82' lang='lat'><strong>3.</strong></span> <span class='ocrx_word' id='word_1_116' title='bbox 673 505 705 533; x_wconf 90' lang='lat' dir='ltr'><strong>In</strong></span> <span class='ocrx_word' id='word_1_117' title='bbox 729 505 792 542; x_wconf 79' lang='lat' dir='ltr'><strong>lege</strong></span> <span class='ocrx_word' id='word_1_118' title='bbox 813 503 944 532; x_wconf 85' lang='lat' dir='ltr'><strong>Meniana</strong></span> <span class='ocrx_word' id='word_1_119' title='bbox 969 514 993 534; x_wconf 85' lang='lat' dir='ltr'><strong>c.</strong></span> <span class='ocrx_word' id='word_1_120' title='bbox 1018 504 1055 532; x_wconf 89' lang='lat' dir='ltr'><strong>de</strong></span> <span class='ocrx_word' id='word_1_121' title='bbox 1079 505 1220 535; x_wconf 87' lang='lat' dir='ltr'><strong>aedificiis</strong></span> <span class='ocrx_word' id='word_1_122' title='bbox 1244 506 1380 545; x_wconf 82' lang='lat' dir='ltr'><strong>privatis,</strong></span> <span class='ocrx_word' id='word_1_123' title='bbox 1430 503 1533 535; x_wconf 77' lang='lat' dir='ltr'><strong>Goth.</strong></span> 
     </span>
    </p>
   </div>
   <div class='ocr_carea' id='block_1_4' title="bbox 244 554 2196 1663">
    <p class='ocr_par' dir='ltr' id='par_1_4' title="bbox 244 554 2196 1663">
     <span class='ocr_line' id='line_1_9' title="bbox 408 554 2188 596; baseline 0.001 -10"><span class='ocrx_word' id='word_1_124' title='bbox 408 558 535 587; x_wconf 84' lang='lat' dir='ltr'><strong>Maior</strong></span> <span class='ocrx_word' id='word_1_125' title='bbox 559 555 727 587; x_wconf 85' lang='lat' dir='ltr'><strong>Graecia.</strong></span> <span class='ocrx_word' id='word_1_126' title='bbox 759 554 816 594; x_wconf 82' lang='lat' dir='ltr'><strong>(Ad</strong></span> <span class='ocrx_word' id='word_1_127' title='bbox 842 565 907 594; x_wconf 87' lang='lat' dir='ltr'><strong>pag.</strong></span> <span class='ocrx_word' id='word_1_128' title='bbox 925 555 1006 595; x_wconf 86' lang='lat'><strong>168.)</strong></span> <span class='ocrx_word' id='word_1_129' title='bbox 1031 555 1130 592; x_wconf 83' lang='lat' dir='ltr'><strong>Quare</strong></span> <span class='ocrx_word' id='word_1_130' title='bbox 1153 557 1276 586; x_wconf 84' lang='lat' dir='ltr'><strong>Graecia</strong></span> <span class='ocrx_word' id='word_1_131' title='bbox 1298 556 1376 585; x_wconf 87' lang='lat' dir='ltr'><strong>dicta</strong></span> <span class='ocrx_word' id='word_1_132' title='bbox 1400 555 1454 593; x_wconf 90' lang='lat' dir='ltr'><strong>sit,</strong></span> <span class='ocrx_word' id='word_1_133' title='bbox 1477 566 1538 584; x_wconf 87' lang='lat' dir='ltr'><strong>non</strong></span> <span class='ocrx_word' id='word_1_134' title='bbox 1560 555 1730 593; x_wconf 84' lang='lat' dir='ltr'><strong>dubitatur,</strong></span> <span class='ocrx_word' id='word_1_135' title='bbox 1753 557 1804 586; x_wconf 91' lang='lat' dir='ltr'><strong>sed</strong></span> <span class='ocrx_word' id='word_1_136' title='bbox 1827 567 1919 596; x_wconf 88' lang='lat' dir='ltr'><strong>quare</strong></span> <span class='ocrx_word' id='word_1_137' title='bbox 1941 559 2037 588; x_wconf 86' lang='lat' dir='ltr'><strong>maior</strong></span> <span class='ocrx_word' id='word_1_138' title='bbox 2056 559 2188 588; x_wconf 83' lang='lat' dir='ltr'><strong>Graecia.</strong></span> 
     </span>
     <span class='ocr_line' id='line_1_10' title="bbox 245 598 2189 640; baseline 0 -9"><span class='ocrx_word' id='word_1_139' title='bbox 245 602 445 633; x_wconf 78' lang='lat' dir='ltr'><strong>Certissimum</strong></span> <span class='ocrx_word' id='word_1_140' title='bbox 470 605 527 635; x_wconf 88' lang='lat' dir='ltr'><strong>est,</strong></span> <span class='ocrx_word' id='word_1_141' title='bbox 558 599 598 627; x_wconf 82' lang='lat' dir='ltr'><strong>ita</strong></span> <span class='ocrx_word' id='word_1_142' title='bbox 622 604 756 627; x_wconf 83' lang='lat' dir='ltr'><strong>vocatam</strong></span> <span class='ocrx_word' id='word_1_143' title='bbox 781 610 795 627; x_wconf 90' lang='lat' dir='ltr'><strong>a</strong></span> <span class='ocrx_word' id='word_1_144' title='bbox 819 599 971 635; x_wconf 84' lang='lat' dir='ltr'><strong>Romanis,</strong></span> <span class='ocrx_word' id='word_1_145' title='bbox 1003 599 1072 636; x_wconf 87' lang='lat' dir='ltr'><strong>quia</strong></span> <span class='ocrx_word' id='word_1_146' title='bbox 1094 600 1218 639; x_wconf 81' lang='lat' dir='ltr'>propior</span> <span class='ocrx_word' id='word_1_147' title='bbox 1241 611 1272 628; x_wconf 86' lang='lat' dir='ltr'><strong>ea</strong></span> <span class='ocrx_word' id='word_1_148' title='bbox 1297 603 1374 628; x_wconf 87' lang='lat' dir='ltr'><strong>esset</strong></span> <span class='ocrx_word' id='word_1_149' title='bbox 1395 598 1471 634; x_wconf 78' lang='lat' dir='ltr'><strong>illis,</strong></span> <span class='ocrx_word' id='word_1_150' title='bbox 1502 608 1589 637; x_wconf 86' lang='lat' dir='ltr'><strong>quam</strong></span> <span class='ocrx_word' id='word_1_151' title='bbox 1613 599 1807 628; x_wconf 80' lang='lat' dir='ltr'><strong>transmarina</strong></span> <span class='ocrx_word' id='word_1_152' title='bbox 1830 601 1970 638; x_wconf 82' lang='lat' dir='ltr'><strong>Graecia,</strong></span> <span class='ocrx_word' id='word_1_153' title='bbox 1999 602 2189 640; x_wconf 87' lang='lat' dir='ltr'><strong>quemadmo-</strong></span> 
     </span>
     <span class='ocr_line' id='line_1_11' title="bbox 244 639 2189 680; baseline -0.001 -5"><span class='ocrx_word' id='word_1_154' title='bbox 244 648 314 675; x_wconf 88' lang='lat' dir='ltr'><strong>dum</strong></span> <span class='ocrx_word' id='word_1_155' title='bbox 339 650 440 673; x_wconf 73' lang='lat' dir='ltr'><strong>contra</strong></span> <span class='ocrx_word' id='word_1_156' title='bbox 466 644 594 671; x_wconf 86' lang='lat' dir='ltr'><strong>Graecos</strong></span> <span class='ocrx_word' id='word_1_157' title='bbox 616 641 707 669; x_wconf 86' lang='lat' dir='ltr'><strong>Italos</strong></span> <span class='ocrx_word' id='word_1_158' title='bbox 730 641 788 680; x_wconf 90' lang='lat' dir='ltr'><strong>ipsi</strong></span> <span class='ocrx_word' id='word_1_159' title='bbox 817 641 922 669; x_wconf 81' lang='lat' dir='ltr'><strong>Graeci</strong></span> <span class='ocrx_word' id='word_1_160' title='bbox 946 643 1133 670; x_wconf 81' lang='lat' dir='ltr'><strong>transmarini</strong></span> <span class='ocrx_word' id='word_1_161' title='bbox 1157 643 1305 671; x_wconf 84' lang='lat' dir='ltr'><strong>vocabant</strong></span> <span class='ocrx_word' id='word_1_162' title='bbox 1328 639 1500 677; x_wconf 78' lang='grc' dir='ltr'><strong><em>ἐξωτικούς,</em></strong></span> <span class='ocrx_word' id='word_1_163' title='bbox 1531 641 1563 670; x_wconf 86' lang='lat' dir='ltr'><strong>id</strong></span> <span class='ocrx_word' id='word_1_164' title='bbox 1584 646 1644 678; x_wconf 85' lang='lat' dir='ltr'><strong>est,</strong></span> <span class='ocrx_word' id='word_1_165' title='bbox 1673 642 1822 672; x_wconf 86' lang='lat' dir='ltr'><strong>barbaros.</strong></span> <span class='ocrx_word' id='word_1_166' title='bbox 1866 644 1938 672; x_wconf 88' lang='lat' dir='ltr'><strong>Nam</strong></span> <span class='ocrx_word' id='word_1_167' title='bbox 1961 644 2103 673; x_wconf 81' lang='lat' dir='ltr'><strong>Messenio</strong></span> <span class='ocrx_word' id='word_1_168' title='bbox 2125 655 2189 674; x_wconf 87' lang='lat' dir='ltr'><strong>ser-</strong></span> 
     </span>
     <span class='ocr_line' id='line_1_12' title="bbox 244 683 2189 727; baseline -0.001 -10"><span class='ocrx_word' id='word_1_169' title='bbox 244 700 299 717; x_wconf 86' lang='lat' dir='ltr'><strong>vus</strong></span> <span class='ocrx_word' id='word_1_170' title='bbox 324 687 401 727; x_wconf 86' lang='lat' dir='ltr'><strong>apud</strong></span> <span class='ocrx_word' id='word_1_171' title='bbox 427 686 560 715; x_wconf 84' lang='lat' dir='ltr'><strong>Plautum</strong></span> <span class='ocrx_word' id='word_1_172' title='bbox 587 684 845 719; x_wconf 76' lang='lat' dir='ltr'><strong>(Menaechm.11‚</strong></span> <span class='ocrx_word' id='word_1_173' title='bbox 873 687 905 719; x_wconf 85' lang='lat'><strong>1,</strong></span> <span class='ocrx_word' id='word_1_174' title='bbox 932 686 998 719; x_wconf 90' lang='lat'><strong>11.)</strong></span> <span class='ocrx_word' id='word_1_175' title='bbox 1023 689 1108 713; x_wconf 84' lang='lat' dir='ltr'><strong>vocat</strong></span> <span class='ocrx_word' id='word_1_176' title='bbox 1137 686 1284 714; x_wconf 74' lang='lat' dir='ltr'><strong>exoticam</strong></span> <span class='ocrx_word' id='word_1_177' title='bbox 1311 683 1482 720; x_wconf 84' lang='lat' dir='ltr'><strong><em>Graeciam,</em></strong></span> <span class='ocrx_word' id='word_1_178' title='bbox 1518 694 1606 722; x_wconf 86' lang='lat' dir='ltr'><strong>quam</strong></span> <span class='ocrx_word' id='word_1_179' title='bbox 1630 685 1753 713; x_wconf 88' lang='lat' dir='ltr'><strong>Romani</strong></span> <span class='ocrx_word' id='word_1_180' title='bbox 1785 685 1924 714; x_wconf 87' lang='lat' dir='ltr'><strong>maiorem</strong></span> <span class='ocrx_word' id='word_1_181' title='bbox 1948 687 2100 716; x_wconf 79' lang='lat' dir='ltr'><strong>Graeciam</strong></span> <span class='ocrx_word' id='word_1_182' title='bbox 2130 697 2189 716; x_wconf 90' lang='lat' dir='ltr'><strong>non</strong></span> 
     </span>
     <span class='ocr_line' id='line_1_13' title="bbox 245 726 2190 771; baseline 0.005 -19"><span class='ocrx_word' id='word_1_183' title='bbox 245 731 364 771; x_wconf 62' lang='lat' dir='ltr'><strong>quidem</strong></span> <span class='ocrx_word' id='word_1_184' title='bbox 388 740 424 758; x_wconf 70' lang='lat' dir='ltr'><strong>ex</strong></span> <span class='ocrx_word' id='word_1_185' title='bbox 447 738 571 766; x_wconf 71' lang='lat' dir='ltr'><strong>persona</strong></span> <span class='ocrx_word' id='word_1_186' title='bbox 595 737 663 763; x_wconf 70' lang='lat' dir='ltr'><strong>sua,</strong></span> <span class='ocrx_word' id='word_1_187' title='bbox 701 737 766 755; x_wconf 89' lang='lat' dir='ltr'><strong>nam</strong></span> <span class='ocrx_word' id='word_1_188' title='bbox 792 731 852 755; x_wconf 83' lang='lat' dir='ltr'><strong>erat</strong></span> <span class='ocrx_word' id='word_1_189' title='bbox 876 726 1009 763; x_wconf 85' lang='lat' dir='ltr'><strong>Siculus,</strong></span> <span class='ocrx_word' id='word_1_190' title='bbox 1047 737 1140 765; x_wconf 88' lang='lat' dir='ltr'><strong>neque</strong></span> <span class='ocrx_word' id='word_1_191' title='bbox 1169 732 1301 756; x_wconf 84' lang='lat' dir='ltr'><strong>vocasset</strong></span> <span class='ocrx_word' id='word_1_192' title='bbox 1332 726 1467 755; x_wconf 89' lang='lat' dir='ltr'><strong>consulto</strong></span> <span class='ocrx_word' id='word_1_193' title='bbox 1496 736 1527 755; x_wconf 84' lang='lat' dir='ltr'><strong>se</strong></span> <span class='ocrx_word' id='word_1_194' title='bbox 1555 726 1652 764; x_wconf 84' lang='lat' dir='ltr'><strong>ipsum</strong></span> <span class='ocrx_word' id='word_1_195' title='bbox 1679 727 1852 763; x_wconf 85' lang='lat' dir='ltr'><strong>barbarum,</strong></span> <span class='ocrx_word' id='word_1_196' title='bbox 1891 730 1942 757; x_wconf 88' lang='lat' dir='ltr'><strong>sed</strong></span> <span class='ocrx_word' id='word_1_197' title='bbox 1965 732 2130 768; x_wconf 78' lang='grc' dir='ltr'><strong><em>μιμητικῶς</em></strong></span> <span class='ocrx_word' id='word_1_198' title='bbox 2152 739 2190 758; x_wconf 77' lang='lat' dir='ltr'><strong>ex</strong></span> 
     </span>
     <span class='ocr_line' id='line_1_14' title="bbox 246 766 2191 813; baseline -0.001 -11"><span class='ocrx_word' id='word_1_199' title='bbox 246 783 372 813; x_wconf 75' lang='lat' dir='ltr'><strong>persona</strong></span> <span class='ocrx_word' id='word_1_200' title='bbox 398 772 579 798; x_wconf 76' lang='lat' dir='ltr'><strong>Graecorum</strong></span> <span class='ocrx_word' id='word_1_201' title='bbox 603 770 752 808; x_wconf 82' lang='lat' dir='ltr'><strong>ipsorum,</strong></span> <span class='ocrx_word' id='word_1_202' title='bbox 792 769 840 808; x_wconf 85' lang='lat' dir='ltr'><strong>qui</strong></span> <span class='ocrx_word' id='word_1_203' title='bbox 865 769 980 797; x_wconf 87' lang='lat' dir='ltr'><strong>Siculos</strong></span> <span class='ocrx_word' id='word_1_204' title='bbox 1004 774 1032 798; x_wconf 89' lang='lat' dir='ltr'><strong>et</strong></span> <span class='ocrx_word' id='word_1_205' title='bbox 1055 769 1195 798; x_wconf 84' lang='lat' dir='ltr'><strong>Calabros</strong></span> <span class='ocrx_word' id='word_1_206' title='bbox 1219 769 1366 798; x_wconf 77' lang='lat' dir='ltr'><strong>vocabant</strong></span> <span class='ocrx_word' id='word_1_207' title='bbox 1379 766 1528 806; x_wconf 52' lang='grc' dir='ltr'><strong><em>Ἕλληνας</em></strong></span> <span class='ocrx_word' id='word_1_208' title='bbox 1550 767 1724 808; x_wconf 77' lang='grc' dir='ltr'><strong><em>ἐξωτικούς,·</em></strong></span> <span class='ocrx_word' id='word_1_209' title='bbox 1761 776 1794 799; x_wconf 92' lang='lat' dir='ltr'><strong>ut</strong></span> <span class='ocrx_word' id='word_1_210' title='bbox 1815 771 1937 800; x_wconf 81' lang='lat' dir='ltr'><strong>Plautus</strong></span> <span class='ocrx_word' id='word_1_211' title='bbox 1960 782 2025 800; x_wconf 88' lang='lat' dir='ltr'><strong>cum</strong></span> <span class='ocrx_word' id='word_1_212' title='bbox 2048 782 2078 801; x_wconf 89' lang='lat' dir='ltr'><strong>se</strong></span> <span class='ocrx_word' id='word_1_213' title='bbox 2100 777 2191 800; x_wconf 77' lang='lat' dir='ltr'><strong>vocat</strong></span> 
     </span>
     <span class='ocr_line' id='line_1_15' title="bbox 244 811 2189 850; baseline -0.002 -5"><span class='ocrx_word' id='word_1_214' title='bbox 244 816 417 845; x_wconf 79' lang='lat' dir='ltr'><strong>barbarum,</strong></span> <span class='ocrx_word' id='word_1_215' title='bbox 442 818 469 841; x_wconf 88' lang='lat' dir='ltr'><strong>et</strong></span> <span class='ocrx_word' id='word_1_216' title='bbox 491 813 659 841; x_wconf 79' lang='lat' dir='ltr'><strong>barbariam</strong></span> <span class='ocrx_word' id='word_1_217' title='bbox 682 812 810 848; x_wconf 86' lang='lat' dir='ltr'><strong>ltaliam,</strong></span> <span class='ocrx_word' id='word_1_218' title='bbox 835 822 893 839; x_wconf 90' lang='lat' dir='ltr'><strong>non</strong></span> <span class='ocrx_word' id='word_1_219' title='bbox 917 822 953 840; x_wconf 86' lang='lat' dir='ltr'><strong>ex</strong></span> <span class='ocrx_word' id='word_1_220' title='bbox 976 813 1188 841; x_wconf 87' lang='lat' dir='ltr'><strong>consuetudine</strong></span> <span class='ocrx_word' id='word_1_221' title='bbox 1214 814 1414 841; x_wconf 80' lang='lat' dir='ltr'><strong>Romanorum</strong></span> <span class='ocrx_word' id='word_1_222' title='bbox 1436 811 1525 848; x_wconf 77' lang='lat' dir='ltr'><strong>dicit3</strong></span> <span class='ocrx_word' id='word_1_223' title='bbox 1550 812 1615 850; x_wconf 92' lang='lat' dir='ltr'><strong>quis</strong></span> <span class='ocrx_word' id='word_1_224' title='bbox 1638 813 1714 841; x_wconf 89' lang='lat' dir='ltr'><strong>enim</strong></span> <span class='ocrx_word' id='word_1_225' title='bbox 1737 823 1824 842; x_wconf 89' lang='lat' dir='ltr'><strong>sanus</strong></span> <span class='ocrx_word' id='word_1_226' title='bbox 1848 824 1877 842; x_wconf 87' lang='lat' dir='ltr'><strong>se</strong></span> <span class='ocrx_word' id='word_1_227' title='bbox 1898 814 2059 844; x_wconf 87' lang='lat' dir='ltr'><strong>barbarum</strong></span> <span class='ocrx_word' id='word_1_228' title='bbox 2082 817 2189 843; x_wconf 68' lang='lat' dir='ltr'><strong>vocet?</strong></span> 
     </span>
     <span class='ocr_line' id='line_1_16' title="bbox 244 852 2191 895; baseline -0.002 -7"><span class='ocrx_word' id='word_1_229' title='bbox 244 859 295 888; x_wconf 83' lang='lat' dir='ltr'><strong>sed</strong></span> <span class='ocrx_word' id='word_1_230' title='bbox 317 868 353 886; x_wconf 83' lang='lat' dir='ltr'><strong>ex</strong></span> <span class='ocrx_word' id='word_1_231' title='bbox 376 866 500 895; x_wconf 81' lang='lat' dir='ltr'><strong>persona</strong></span> <span class='ocrx_word' id='word_1_232' title='bbox 526 856 725 891; x_wconf 80' lang='lat' dir='ltr'><strong>Graecorum,</strong></span> <span class='ocrx_word' id='word_1_233' title='bbox 769 855 818 893; x_wconf 87' lang='lat' dir='ltr'><strong>qui</strong></span> <span class='ocrx_word' id='word_1_234' title='bbox 847 852 1019 894; x_wconf 68' lang='grc' dir='ltr'><em>βαρβάρους</em></span> <span class='ocrx_word' id='word_1_235' title='bbox 1048 855 1096 885; x_wconf 81' lang='grc' dir='ltr'><strong>καὶ</strong></span> <span class='ocrx_word' id='word_1_236' title='bbox 1121 855 1276 892; x_wconf 76' lang='grc' dir='ltr'><em>ἐξωτικοὺς</em></span> <span class='ocrx_word' id='word_1_237' title='bbox 1299 855 1390 883; x_wconf 85' lang='lat' dir='ltr'><strong>Italos</strong></span> <span class='ocrx_word' id='word_1_238' title='bbox 1414 854 1579 890; x_wconf 82' lang='lat' dir='ltr'><strong>vocabant,</strong></span> <span class='ocrx_word' id='word_1_239' title='bbox 1617 855 1698 892; x_wconf 89' lang='lat' dir='ltr'><strong>quod</strong></span> <span class='ocrx_word' id='word_1_240' title='bbox 1721 856 1808 884; x_wconf 88' lang='lat' dir='ltr'><strong>etiam</strong></span> <span class='ocrx_word' id='word_1_241' title='bbox 1832 866 1869 884; x_wconf 81' lang='lat' dir='ltr'><strong>ex</strong></span> <span class='ocrx_word' id='word_1_242' title='bbox 1893 856 2051 886; x_wconf 80' lang='lat' dir='ltr'><strong>Plutarcho</strong></span> <span class='ocrx_word' id='word_1_243' title='bbox 2075 857 2105 885; x_wconf 90' lang='lat' dir='ltr'><strong>in</strong></span> <span class='ocrx_word' id='word_1_244' title='bbox 2131 856 2191 885; x_wconf 79' lang='lat' dir='ltr'><strong>vita</strong></span> 
     </span>
     <span class='ocr_line' id='line_1_17' title="bbox 245 896 2191 939; baseline -0.001 -10"><span class='ocrx_word' id='word_1_245' title='bbox 245 900 350 939; x_wconf 71' lang='lat' dir='ltr'><strong>Pyrrhi</strong></span> <span class='ocrx_word' id='word_1_246' title='bbox 380 899 595 937; x_wconf 78' lang='lat' dir='ltr'><strong>cognoscimus.</strong></span> <span class='ocrx_word' id='word_1_247' title='bbox 640 898 700 935; x_wconf 85' lang='lat' dir='ltr'><strong>Ego</strong></span> <span class='ocrx_word' id='word_1_248' title='bbox 729 897 787 925; x_wconf 86' lang='lat' dir='ltr'><strong>hoc</strong></span> <span class='ocrx_word' id='word_1_249' title='bbox 817 898 918 925; x_wconf 89' lang='lat' dir='ltr'><strong>monui</strong></span> <span class='ocrx_word' id='word_1_250' title='bbox 948 897 983 925; x_wconf 84' lang='lat' dir='ltr'><strong>de</strong></span> <span class='ocrx_word' id='word_1_251' title='bbox 1013 898 1126 926; x_wconf 82' lang='lat' dir='ltr'><strong>exotica</strong></span> <span class='ocrx_word' id='word_1_252' title='bbox 1150 899 1290 933; x_wconf 77' lang='lat' dir='ltr'><strong>Graecia,</strong></span> <span class='ocrx_word' id='word_1_253' title='bbox 1329 908 1365 926; x_wconf 85' lang='lat' dir='ltr'><strong>ne</strong></span> <span class='ocrx_word' id='word_1_254' title='bbox 1393 896 1470 925; x_wconf 80' lang='lat' dir='ltr'><strong>forte</strong></span> <span class='ocrx_word' id='word_1_255' title='bbox 1494 896 1665 925; x_wconf 85' lang='lat' dir='ltr'><strong>Turnebum</strong></span> <span class='ocrx_word' id='word_1_256' title='bbox 1690 908 1848 936; x_wconf 87' lang='lat' dir='ltr'><strong>sequamur</strong></span> <span class='ocrx_word' id='word_1_257' title='bbox 1870 904 1898 927; x_wconf 90' lang='lat' dir='ltr'><strong>et</strong></span> <span class='ocrx_word' id='word_1_258' title='bbox 1920 899 2095 928; x_wconf 85' lang='lat' dir='ltr'><strong>auctoritate</strong></span> <span class='ocrx_word' id='word_1_259' title='bbox 2118 899 2191 928; x_wconf 86' lang='lat' dir='ltr'><strong>tanti</strong></span> 
     </span>
     <span class='ocr_line' id='line_1_18' title="bbox 245 940 2191 982; baseline 0 -11"><span class='ocrx_word' id='word_1_260' title='bbox 245 944 301 971; x_wconf 86' lang='lat' dir='ltr'><strong>viri</strong></span> <span class='ocrx_word' id='word_1_261' title='bbox 327 941 453 982; x_wconf 76' lang='lat' dir='ltr'><strong>permoti</strong></span> <span class='ocrx_word' id='word_1_262' title='bbox 477 940 682 980; x_wconf 69' lang='lat' dir='ltr'><strong>imprudentes</strong></span> <span class='ocrx_word' id='word_1_263' title='bbox 707 941 829 968; x_wconf 84' lang='lat' dir='ltr'><strong>eundem</strong></span> <span class='ocrx_word' id='word_1_264' title='bbox 853 940 982 978; x_wconf 78' lang='lat' dir='ltr'><strong>lapidem</strong></span> <span class='ocrx_word' id='word_1_265' title='bbox 1007 940 1205 977; x_wconf 78' lang='lat' dir='ltr'><strong>offendamus,</strong></span> <span class='ocrx_word' id='word_1_266' title='bbox 1243 940 1294 978; x_wconf 88' lang='lat' dir='ltr'><strong>qui</strong></span> <span class='ocrx_word' id='word_1_267' title='bbox 1317 940 1462 968; x_wconf 71' lang='lat' dir='ltr'><strong>exoticam</strong></span> <span class='ocrx_word' id='word_1_268' title='bbox 1486 940 1637 968; x_wconf 76' lang='lat' dir='ltr'><strong>Graeciam</strong></span> <span class='ocrx_word' id='word_1_269' title='bbox 1662 951 1721 968; x_wconf 83' lang='lat' dir='ltr'><strong>non</strong></span> <span class='ocrx_word' id='word_1_270' title='bbox 1746 942 1781 969; x_wconf 89' lang='lat' dir='ltr'><strong>de</strong></span> <span class='ocrx_word' id='word_1_271' title='bbox 1804 951 1834 969; x_wconf 84' lang='lat' dir='ltr'><strong>ea</strong></span> <span class='ocrx_word' id='word_1_272' title='bbox 1859 952 1934 980; x_wconf 88' lang='lat' dir='ltr'><strong>quae</strong></span> <span class='ocrx_word' id='word_1_273' title='bbox 1957 942 2036 970; x_wconf 89' lang='lat' dir='ltr'><strong>dicta</strong></span> <span class='ocrx_word' id='word_1_274' title='bbox 2059 947 2103 971; x_wconf 83' lang='lat' dir='ltr'><strong>est</strong></span> <span class='ocrx_word' id='word_1_275' title='bbox 2125 952 2191 971; x_wconf 81' lang='lat' dir='ltr'><strong>ma-</strong></span> 
     </span>
     <span class='ocr_line' id='line_1_19' title="bbox 246 982 2191 1025; baseline -0.001 -11"><span class='ocrx_word' id='word_1_276' title='bbox 246 997 301 1025; x_wconf 86' lang='lat' dir='ltr'><strong>gna</strong></span> <span class='ocrx_word' id='word_1_277' title='bbox 326 985 466 1020; x_wconf 81' lang='lat' dir='ltr'><strong>Graecia,</strong></span> <span class='ocrx_word' id='word_1_278' title='bbox 491 984 541 1012; x_wconf 79' lang='lat' dir='ltr'><strong>sed</strong></span> <span class='ocrx_word' id='word_1_279' title='bbox 563 984 662 1020; x_wconf 83' lang='lat' dir='ltr'><strong>illam,</strong></span> <span class='ocrx_word' id='word_1_280' title='bbox 687 993 759 1021; x_wconf 85' lang='lat' dir='ltr'><strong>quae</strong></span> <span class='ocrx_word' id='word_1_281' title='bbox 782 983 809 1010; x_wconf 78' lang='lat' dir='ltr'><strong>in</strong></span> <span class='ocrx_word' id='word_1_282' title='bbox 835 983 924 1021; x_wconf 82' lang='lat' dir='ltr'><strong>Epiro</strong></span> <span class='ocrx_word' id='word_1_283' title='bbox 949 987 1026 1020; x_wconf 85' lang='lat' dir='ltr'><strong>erat,</strong></span> <span class='ocrx_word' id='word_1_284' title='bbox 1049 983 1210 1018; x_wconf 69' lang='lat' dir='ltr'><strong>intellexit,</strong></span> <span class='ocrx_word' id='word_1_285' title='bbox 1234 983 1262 1011; x_wconf 91' lang='lat' dir='ltr'><strong>in</strong></span> <span class='ocrx_word' id='word_1_286' title='bbox 1288 993 1347 1021; x_wconf 89' lang='lat' dir='ltr'><strong>quo</strong></span> <span class='ocrx_word' id='word_1_287' title='bbox 1372 982 1507 1021; x_wconf 82' lang='lat' dir='ltr'><strong>profecto</strong></span> <span class='ocrx_word' id='word_1_288' title='bbox 1530 993 1589 1010; x_wconf 90' lang='lat' dir='ltr'><strong>non</strong></span> <span class='ocrx_word' id='word_1_289' title='bbox 1614 983 1719 1011; x_wconf 86' lang='lat' dir='ltr'><strong>leviter</strong></span> <span class='ocrx_word' id='word_1_290' title='bbox 1741 984 1860 1013; x_wconf 81' lang='lat' dir='ltr'><strong>erravit.</strong></span> <span class='ocrx_word' id='word_1_291' title='bbox 1884 983 1986 1016; x_wconf 82' lang='lat' dir='ltr'><strong>Scal.</strong></span> <span class='ocrx_word' id='word_1_292' title='bbox 2026 984 2106 1020; x_wconf 85' lang='lat' dir='ltr'><strong>Quid</strong></span> <span class='ocrx_word' id='word_1_293' title='bbox 2128 995 2191 1013; x_wconf 82' lang='lat' dir='ltr'><strong>ma-</strong></span> 
     </span>
     <span class='ocr_line' id='line_1_20' title="bbox 246 1025 2191 1068; baseline -0.001 -11"><span class='ocrx_word' id='word_1_294' title='bbox 246 1039 317 1068; x_wconf 86' lang='lat' dir='ltr'><strong>gnae</strong></span> <span class='ocrx_word' id='word_1_295' title='bbox 340 1029 401 1056; x_wconf 86' lang='lat' dir='ltr'><strong>sive</strong></span> <span class='ocrx_word' id='word_1_296' title='bbox 426 1026 545 1055; x_wconf 84' lang='lat' dir='ltr'><strong>maioris</strong></span> <span class='ocrx_word' id='word_1_297' title='bbox 569 1026 708 1055; x_wconf 82' lang='lat' dir='ltr'><strong>Graeciae</strong></span> <span class='ocrx_word' id='word_1_298' title='bbox 732 1025 848 1053; x_wconf 80' lang='lat' dir='ltr'><strong>nomine</strong></span> <span class='ocrx_word' id='word_1_299' title='bbox 872 1031 987 1054; x_wconf 86' lang='lat' dir='ltr'><strong>veteres</strong></span> <span class='ocrx_word' id='word_1_300' title='bbox 1010 1025 1225 1062; x_wconf 77' lang='lat' dir='ltr'><strong>intellexerint,</strong></span> <span class='ocrx_word' id='word_1_301' title='bbox 1256 1036 1316 1053; x_wconf 87' lang='lat' dir='ltr'><strong>non</strong></span> <span class='ocrx_word' id='word_1_302' title='bbox 1339 1025 1409 1054; x_wconf 82' lang='lat' dir='ltr'><strong>satis</strong></span> <span class='ocrx_word' id='word_1_303' title='bbox 1434 1026 1573 1053; x_wconf 89' lang='lat' dir='ltr'><strong>convenit</strong></span> <span class='ocrx_word' id='word_1_304' title='bbox 1596 1025 1675 1053; x_wconf 72' lang='lat' dir='ltr'><strong>inter</strong></span> <span class='ocrx_word' id='word_1_305' title='bbox 1698 1031 1843 1055; x_wconf 65' lang='lat' dir='ltr'><strong>auctores.</strong></span> <span class='ocrx_word' id='word_1_306' title='bbox 1889 1027 1992 1055; x_wconf 81' lang='lat' dir='ltr'><strong>Festus</strong></span> <span class='ocrx_word' id='word_1_307' title='bbox 2013 1029 2054 1055; x_wconf 85' lang='lat' dir='ltr'><strong>ait</strong></span> <span class='ocrx_word' id='word_1_308' title='bbox 2077 1027 2191 1055; x_wconf 88' lang='lat' dir='ltr'><strong>Italiam</strong></span> 
     </span>
     <span class='ocr_line' id='line_1_21' title="bbox 247 1067 2191 1108; baseline -0.001 -8"><span class='ocrx_word' id='word_1_309' title='bbox 247 1072 372 1105; x_wconf 58' lang='lat' dir='ltr'><strong>dictanv,</strong></span> <span class='ocrx_word' id='word_1_310' title='bbox 410 1070 575 1098; x_wconf 82' lang='lat' dir='ltr'><strong>Athenaeus</strong></span> <span class='ocrx_word' id='word_1_311' title='bbox 605 1079 719 1097; x_wconf 89' lang='lat' dir='ltr'><strong>omnem</strong></span> <span class='ocrx_word' id='word_1_312' title='bbox 749 1068 808 1095; x_wconf 89' lang='lat' dir='ltr'><strong>sere</strong></span> <span class='ocrx_word' id='word_1_313' title='bbox 838 1068 960 1098; x_wconf 81' lang='lat' dir='ltr'><strong>Italiam.</strong></span> <span class='ocrx_word' id='word_1_314' title='bbox 1006 1069 1111 1096; x_wconf 81' lang='lat' dir='ltr'><strong>Strabo</strong></span> <span class='ocrx_word' id='word_1_315' title='bbox 1136 1068 1266 1096; x_wconf 89' lang='lat' dir='ltr'><strong>Siciliam</strong></span> <span class='ocrx_word' id='word_1_316' title='bbox 1295 1073 1324 1097; x_wconf 88' lang='lat' dir='ltr'><strong>et</strong></span> <span class='ocrx_word' id='word_1_317' title='bbox 1353 1078 1416 1097; x_wconf 90' lang='lat' dir='ltr'><strong>eam</strong></span> <span class='ocrx_word' id='word_1_318' title='bbox 1448 1071 1560 1106; x_wconf 86' lang='lat' dir='ltr'><strong>partem</strong></span> <span class='ocrx_word' id='word_1_319' title='bbox 1590 1067 1708 1103; x_wconf 85' lang='lat' dir='ltr'><strong>ltaliae,</strong></span> <span class='ocrx_word' id='word_1_320' title='bbox 1747 1079 1822 1108; x_wconf 86' lang='lat' dir='ltr'><strong>quae</strong></span> <span class='ocrx_word' id='word_1_321' title='bbox 1846 1069 1962 1098; x_wconf 86' lang='lat' dir='ltr'><strong>Siciliae</strong></span> <span class='ocrx_word' id='word_1_322' title='bbox 1991 1069 2115 1098; x_wconf 85' lang='lat' dir='ltr'><strong>obversa</strong></span> <span class='ocrx_word' id='word_1_323' title='bbox 2138 1074 2191 1098; x_wconf 82' lang='lat' dir='ltr'><strong>est.</strong></span> 
     </span>
     <span class='ocr_line' id='line_1_22' title="bbox 246 1110 2192 1150; baseline -0.001 -8"><span class='ocrx_word' id='word_1_324' title='bbox 246 1114 357 1142; x_wconf 86' lang='lat' dir='ltr'><strong>Plinius</strong></span> <span class='ocrx_word' id='word_1_325' title='bbox 380 1112 482 1141; x_wconf 83' lang='lat' dir='ltr'><strong>Italiae</strong></span> <span class='ocrx_word' id='word_1_326' title='bbox 504 1116 619 1141; x_wconf 81' lang='lat' dir='ltr'><strong>tantum</strong></span> <span class='ocrx_word' id='word_1_327' title='bbox 643 1116 756 1150; x_wconf 88' lang='lat' dir='ltr'><strong>partem</strong></span> <span class='ocrx_word' id='word_1_328' title='bbox 781 1111 919 1149; x_wconf 86' lang='lat' dir='ltr'><strong>aliquam.</strong></span> <span class='ocrx_word' id='word_1_329' title='bbox 961 1111 1081 1139; x_wconf 82' lang='lat' dir='ltr'><strong>Servius</strong></span> <span class='ocrx_word' id='word_1_330' title='bbox 1105 1122 1119 1138; x_wconf 87' lang='lat' dir='ltr'><strong>a</strong></span> <span class='ocrx_word' id='word_1_331' title='bbox 1144 1112 1270 1140; x_wconf 82' lang='lat' dir='ltr'><strong>Tarento</strong></span> <span class='ocrx_word' id='word_1_332' title='bbox 1294 1121 1389 1149; x_wconf 82' lang='lat' dir='ltr'><strong>usque</strong></span> <span class='ocrx_word' id='word_1_333' title='bbox 1412 1110 1448 1138; x_wconf 87' lang='lat' dir='ltr'><strong>ad</strong></span> <span class='ocrx_word' id='word_1_334' title='bbox 1474 1111 1597 1145; x_wconf 78' lang='lat' dir='ltr'><strong>Cumas3</strong></span> <span class='ocrx_word' id='word_1_335' title='bbox 1633 1112 1743 1139; x_wconf 87' lang='lat' dir='ltr'><strong>Seneca</strong></span> <span class='ocrx_word' id='word_1_336' title='bbox 1770 1117 1863 1140; x_wconf 88' lang='lat' dir='ltr'><strong>totum</strong></span> <span class='ocrx_word' id='word_1_337' title='bbox 1887 1112 1988 1140; x_wconf 84' lang='lat' dir='ltr'><strong>ltaliae</strong></span> <span class='ocrx_word' id='word_1_338' title='bbox 2011 1113 2086 1140; x_wconf 84' lang='lat' dir='ltr'><strong>latus</strong></span> <span class='ocrx_word' id='word_1_339' title='bbox 2111 1110 2192 1150; x_wconf 84' lang='lat' dir='ltr'><strong>quod</strong></span> 
     </span>
     <span class='ocr_line' id='line_1_23' title="bbox 245 1152 2194 1192; baseline -0.002 -7"><span class='ocrx_word' id='word_1_340' title='bbox 245 1157 340 1185; x_wconf 76' lang='lat' dir='ltr'><strong>insero</strong></span> <span class='ocrx_word' id='word_1_341' title='bbox 365 1156 438 1184; x_wconf 87' lang='lat' dir='ltr'><strong>mari</strong></span> <span class='ocrx_word' id='word_1_342' title='bbox 461 1155 591 1183; x_wconf 85' lang='lat' dir='ltr'><strong>alluitur.</strong></span> <span class='ocrx_word' id='word_1_343' title='bbox 637 1154 734 1189; x_wconf 82' lang='lat' dir='ltr'><strong>Quare</strong></span> <span class='ocrx_word' id='word_1_344' title='bbox 759 1159 854 1181; x_wconf 86' lang='lat' dir='ltr'><strong>autem</strong></span> <span class='ocrx_word' id='word_1_345' title='bbox 879 1154 1001 1182; x_wconf 77' lang='lat' dir='ltr'><strong>Graecia</strong></span> <span class='ocrx_word' id='word_1_346' title='bbox 1025 1153 1103 1182; x_wconf 86' lang='lat' dir='ltr'><strong>dicta</strong></span> <span class='ocrx_word' id='word_1_347' title='bbox 1127 1154 1179 1191; x_wconf 82' lang='lat' dir='ltr'><strong>sit,</strong></span> <span class='ocrx_word' id='word_1_348' title='bbox 1204 1164 1262 1182; x_wconf 88' lang='lat' dir='ltr'><strong>non</strong></span> <span class='ocrx_word' id='word_1_349' title='bbox 1285 1153 1457 1189; x_wconf 85' lang='lat' dir='ltr'><strong>dubitatur,</strong></span> <span class='ocrx_word' id='word_1_350' title='bbox 1480 1152 1531 1182; x_wconf 88' lang='lat' dir='ltr'><strong>sed</strong></span> <span class='ocrx_word' id='word_1_351' title='bbox 1556 1163 1646 1191; x_wconf 84' lang='lat' dir='ltr'><strong>quare</strong></span> <span class='ocrx_word' id='word_1_352' title='bbox 1668 1156 1761 1183; x_wconf 86' lang='lat' dir='ltr'><strong>maior</strong></span> <span class='ocrx_word' id='word_1_353' title='bbox 1783 1155 1916 1183; x_wconf 86' lang='lat' dir='ltr'><strong>Graecia.</strong></span> <span class='ocrx_word' id='word_1_354' title='bbox 1960 1154 2090 1192; x_wconf 86' lang='lat' dir='ltr'><strong>Scaliger</strong></span> <span class='ocrx_word' id='word_1_355' title='bbox 2112 1158 2194 1183; x_wconf 86' lang='lat' dir='ltr'><strong>recte</strong></span> 
     </span>
     <span class='ocr_line' id='line_1_24' title="bbox 246 1196 2193 1238; baseline -0.001 -11"><span class='ocrx_word' id='word_1_356' title='bbox 246 1200 365 1238; x_wconf 83' lang='lat' dir='ltr'><strong>quidem</strong></span> <span class='ocrx_word' id='word_1_357' title='bbox 390 1198 542 1226; x_wconf 81' lang='lat' dir='ltr'><strong>Graeciam</strong></span> <span class='ocrx_word' id='word_1_358' title='bbox 568 1197 729 1232; x_wconf 82' lang='lat' dir='ltr'><strong>exoticam,</strong></span> <span class='ocrx_word' id='word_1_359' title='bbox 768 1196 899 1224; x_wconf 84' lang='lat' dir='ltr'><strong>Italicam</strong></span> <span class='ocrx_word' id='word_1_360' title='bbox 925 1197 1077 1224; x_wconf 75' lang='lat' dir='ltr'><strong>Graeciam</strong></span> <span class='ocrx_word' id='word_1_361' title='bbox 1106 1196 1168 1225; x_wconf 91' lang='lat' dir='ltr'><strong>sive</strong></span> <span class='ocrx_word' id='word_1_362' title='bbox 1192 1197 1331 1225; x_wconf 88' lang='lat' dir='ltr'><strong>maiorem</strong></span> <span class='ocrx_word' id='word_1_363' title='bbox 1355 1196 1509 1224; x_wconf 80' lang='lat' dir='ltr'><strong>Graeciam</strong></span> <span class='ocrx_word' id='word_1_364' title='bbox 1532 1196 1744 1234; x_wconf 85' lang='lat' dir='ltr'><strong>interpretatus</strong></span> <span class='ocrx_word' id='word_1_365' title='bbox 1768 1202 1825 1234; x_wconf 72' lang='lat' dir='ltr'><strong>est,</strong></span> <span class='ocrx_word' id='word_1_366' title='bbox 1861 1197 1912 1226; x_wconf 89' lang='lat' dir='ltr'><strong>sed</strong></span> <span class='ocrx_word' id='word_1_367' title='bbox 1937 1197 2043 1226; x_wconf 85' lang='lat' dir='ltr'><strong>falsum</strong></span> <span class='ocrx_word' id='word_1_368' title='bbox 2067 1197 2108 1225; x_wconf 89' lang='lat' dir='ltr'><strong>ita</strong></span> <span class='ocrx_word' id='word_1_369' title='bbox 2131 1207 2193 1225; x_wconf 88' lang='lat' dir='ltr'><strong>eam</strong></span> 
     </span>
     <span class='ocr_line' id='line_1_25' title="bbox 247 1238 2194 1279; baseline -0.001 -9"><span class='ocrx_word' id='word_1_370' title='bbox 247 1243 357 1270; x_wconf 82' lang='lat' dir='ltr'><strong>dixisse</strong></span> <span class='ocrx_word' id='word_1_371' title='bbox 381 1241 593 1269; x_wconf 82' lang='lat' dir='ltr'><strong>Messenionem</strong></span> <span class='ocrx_word' id='word_1_372' title='bbox 618 1249 653 1267; x_wconf 79' lang='lat' dir='ltr'><strong>ex</strong></span> <span class='ocrx_word' id='word_1_373' title='bbox 677 1249 800 1278; x_wconf 85' lang='lat' dir='ltr'><strong>persona</strong></span> <span class='ocrx_word' id='word_1_374' title='bbox 826 1239 1023 1274; x_wconf 88' lang='lat' dir='ltr'><strong>Graecorum,</strong></span> <span class='ocrx_word' id='word_1_375' title='bbox 1056 1249 1150 1278; x_wconf 85' lang='lat' dir='ltr'><strong>neque</strong></span> <span class='ocrx_word' id='word_1_376' title='bbox 1173 1240 1250 1268; x_wconf 84' lang='lat' dir='ltr'><strong>enim</strong></span> <span class='ocrx_word' id='word_1_377' title='bbox 1273 1239 1437 1277; x_wconf 88' lang='lat' dir='ltr'><strong>antiquitus</strong></span> <span class='ocrx_word' id='word_1_378' title='bbox 1460 1238 1501 1266; x_wconf 75' lang='lat' dir='ltr'><strong>ita</strong></span> <span class='ocrx_word' id='word_1_379' title='bbox 1525 1238 1610 1267; x_wconf 84' lang='lat' dir='ltr'><strong>foeda</strong></span> <span class='ocrx_word' id='word_1_380' title='bbox 1632 1249 1679 1268; x_wconf 90' lang='lat' dir='ltr'><strong>res</strong></span> <span class='ocrx_word' id='word_1_381' title='bbox 1702 1244 1763 1268; x_wconf 88' lang='lat' dir='ltr'><strong>erat</strong></span> <span class='ocrx_word' id='word_1_382' title='bbox 1786 1250 1815 1268; x_wconf 87' lang='lat' dir='ltr'><strong>se</strong></span> <span class='ocrx_word' id='word_1_383' title='bbox 1837 1240 1935 1279; x_wconf 89' lang='lat' dir='ltr'><strong>ipsum</strong></span> <span class='ocrx_word' id='word_1_384' title='bbox 1957 1249 2066 1268; x_wconf 86' lang='lat' dir='ltr'><strong>vocare</strong></span> <span class='ocrx_word' id='word_1_385' title='bbox 2087 1239 2194 1268; x_wconf 87' lang='lat' dir='ltr'><strong>barba-</strong></span> 
     </span>
     <span class='ocr_line' id='line_1_26' title="bbox 246 1280 2195 1321; baseline -0.001 -8"><span class='ocrx_word' id='word_1_386' title='bbox 246 1295 311 1313; x_wconf 93' lang='lat' dir='ltr'><strong>rum</strong></span> <span class='ocrx_word' id='word_1_387' title='bbox 335 1284 398 1312; x_wconf 85' lang='lat' dir='ltr'><strong>sive</strong></span> <span class='ocrx_word' id='word_1_388' title='bbox 421 1284 588 1318; x_wconf 82' lang='lat' dir='ltr'><strong>exoticum‚</strong></span> <span class='ocrx_word' id='word_1_389' title='bbox 628 1287 659 1310; x_wconf 90' lang='lat' dir='ltr'><strong>ut</strong></span> <span class='ocrx_word' id='word_1_390' title='bbox 690 1292 774 1310; x_wconf 84' lang='lat' dir='ltr'><strong>nemo</strong></span> <span class='ocrx_word' id='word_1_391' title='bbox 804 1292 890 1310; x_wconf 84' lang='lat' dir='ltr'><strong>sanus</strong></span> <span class='ocrx_word' id='word_1_392' title='bbox 918 1292 948 1310; x_wconf 89' lang='lat' dir='ltr'><strong>se</strong></span> <span class='ocrx_word' id='word_1_393' title='bbox 974 1292 1039 1310; x_wconf 87' lang='lat' dir='ltr'><strong>eum</strong></span> <span class='ocrx_word' id='word_1_394' title='bbox 1063 1292 1123 1310; x_wconf 89' lang='lat' dir='ltr'><strong>esse</strong></span> <span class='ocrx_word' id='word_1_395' title='bbox 1146 1282 1350 1321; x_wconf 82' lang='lat' dir='ltr'><strong>profiteretur,</strong></span> <span class='ocrx_word' id='word_1_396' title='bbox 1389 1291 1456 1309; x_wconf 91' lang='lat' dir='ltr'><strong>cum</strong></span> <span class='ocrx_word' id='word_1_397' title='bbox 1481 1280 1624 1309; x_wconf 80' lang='lat' dir='ltr'><strong>barbarus</strong></span> <span class='ocrx_word' id='word_1_398' title='bbox 1647 1287 1675 1310; x_wconf 91' lang='lat' dir='ltr'><strong>et</strong></span> <span class='ocrx_word' id='word_1_399' title='bbox 1696 1283 1831 1312; x_wconf 75' lang='lat' dir='ltr'><strong>exoticus</strong></span> <span class='ocrx_word' id='word_1_400' title='bbox 1852 1282 1926 1312; x_wconf 78' lang='lat' dir='ltr'><strong>nihil</strong></span> <span class='ocrx_word' id='word_1_401' title='bbox 1950 1283 2031 1311; x_wconf 87' lang='lat' dir='ltr'><strong>aliud</strong></span> <span class='ocrx_word' id='word_1_402' title='bbox 2054 1286 2195 1311; x_wconf 85' lang='lat' dir='ltr'><strong>sonarent</strong></span> 
     </span>
     <span class='ocr_line' id='line_1_27' title="bbox 248 1323 2195 1366; baseline -0.002 -11"><span class='ocrx_word' id='word_1_403' title='bbox 248 1337 335 1365; x_wconf 86' lang='lat' dir='ltr'><strong>quam</strong></span> <span class='ocrx_word' id='word_1_404' title='bbox 358 1333 531 1361; x_wconf 68' lang='lat' dir='ltr'><strong>extraneus,</strong></span> <span class='ocrx_word' id='word_1_405' title='bbox 555 1324 727 1364; x_wconf 79' lang='lat' dir='ltr'><strong>alienigena.</strong></span> <span class='ocrx_word' id='word_1_406' title='bbox 772 1325 848 1366; x_wconf 74' lang='lat' dir='ltr'><strong>Illud</strong></span> <span class='ocrx_word' id='word_1_407' title='bbox 872 1325 940 1353; x_wconf 87' lang='lat' dir='ltr'><strong>olim</strong></span> <span class='ocrx_word' id='word_1_408' title='bbox 964 1325 1101 1363; x_wconf 86' lang='lat' dir='ltr'><strong>pluribus</strong></span> <span class='ocrx_word' id='word_1_409' title='bbox 1126 1325 1270 1363; x_wconf 80' lang='lat' dir='ltr'><strong>exemplis</strong></span> <span class='ocrx_word' id='word_1_410' title='bbox 1294 1323 1446 1352; x_wconf 81' lang='lat' dir='ltr'><strong>ostendam</strong></span> <span class='ocrx_word' id='word_1_411' title='bbox 1471 1324 1552 1362; x_wconf 89' lang='lat' dir='ltr'><strong>apud</strong></span> <span class='ocrx_word' id='word_1_412' title='bbox 1575 1324 1713 1352; x_wconf 82' lang='lat' dir='ltr'><strong>Plautum</strong></span> <span class='ocrx_word' id='word_1_413' title='bbox 1734 1324 1833 1363; x_wconf 86' lang='lat' dir='ltr'><strong>ipsum</strong></span> <span class='ocrx_word' id='word_1_414' title='bbox 1858 1327 1975 1354; x_wconf 78' lang='lat' dir='ltr'><strong>favente</strong></span> <span class='ocrx_word' id='word_1_415' title='bbox 2001 1327 2069 1354; x_wconf 79' lang='lat' dir='ltr'><strong>Deo.</strong></span> <span class='ocrx_word' id='word_1_416' title='bbox 2107 1325 2195 1353; x_wconf 84' lang='lat' dir='ltr'><strong>Nunc</strong></span> 
     </span>
     <span class='ocr_line' id='line_1_28' title="bbox 248 1366 2195 1406; baseline -0.001 -9"><span class='ocrx_word' id='word_1_417' title='bbox 248 1371 285 1398; x_wconf 89' lang='lat' dir='ltr'><strong>de</strong></span> <span class='ocrx_word' id='word_1_418' title='bbox 307 1369 413 1397; x_wconf 88' lang='lat' dir='ltr'><strong>maiori</strong></span> <span class='ocrx_word' id='word_1_419' title='bbox 438 1369 571 1397; x_wconf 84' lang='lat' dir='ltr'><strong>Graecia.</strong></span> <span class='ocrx_word' id='word_1_420' title='bbox 617 1367 775 1406; x_wconf 87' lang='lat' dir='ltr'><strong>Nunquam</strong></span> <span class='ocrx_word' id='word_1_421' title='bbox 803 1378 872 1396; x_wconf 87' lang='lat' dir='ltr'><strong>sane</strong></span> <span class='ocrx_word' id='word_1_422' title='bbox 902 1370 1039 1396; x_wconf 88' lang='lat' dir='ltr'><strong>maiorem</strong></span> <span class='ocrx_word' id='word_1_423' title='bbox 1071 1377 1202 1396; x_wconf 86' lang='lat' dir='ltr'><strong>errorem</strong></span> <span class='ocrx_word' id='word_1_424' title='bbox 1233 1367 1343 1395; x_wconf 82' lang='lat' dir='ltr'><strong>erravit</strong></span> <span class='ocrx_word' id='word_1_425' title='bbox 1364 1366 1495 1403; x_wconf 82' lang='lat' dir='ltr'><strong>Scaliger</strong></span> <span class='ocrx_word' id='word_1_426' title='bbox 1523 1375 1612 1404; x_wconf 88' lang='lat' dir='ltr'><strong>quam</strong></span> <span class='ocrx_word' id='word_1_427' title='bbox 1642 1376 1710 1395; x_wconf 86' lang='lat' dir='ltr'><strong>cum</strong></span> <span class='ocrx_word' id='word_1_428' title='bbox 1732 1368 1774 1395; x_wconf 84' lang='lat' dir='ltr'><strong>ait</strong></span> <span class='ocrx_word' id='word_1_429' title='bbox 1796 1378 1859 1396; x_wconf 88' lang='lat' dir='ltr'><strong>eam</strong></span> <span class='ocrx_word' id='word_1_430' title='bbox 1883 1378 1898 1396; x_wconf 96' lang='lat' dir='ltr'><strong>a</strong></span> <span class='ocrx_word' id='word_1_431' title='bbox 1921 1368 2060 1396; x_wconf 86' lang='lat' dir='ltr'><strong>Romanis</strong></span> <span class='ocrx_word' id='word_1_432' title='bbox 2082 1367 2125 1395; x_wconf 87' lang='lat' dir='ltr'><strong>ita</strong></span> <span class='ocrx_word' id='word_1_433' title='bbox 2146 1366 2195 1395; x_wconf 87' lang='lat' dir='ltr'><strong>di-</strong></span> 
     </span>
     <span class='ocr_line' id='line_1_29' title="bbox 247 1408 2194 1450; baseline -0.002 -9"><span class='ocrx_word' id='word_1_434' title='bbox 247 1418 342 1448; x_wconf 82' lang='lat' dir='ltr'><strong>ctam,</strong></span> <span class='ocrx_word' id='word_1_435' title='bbox 376 1411 454 1450; x_wconf 90' lang='lat' dir='ltr'><strong>quod</strong></span> <span class='ocrx_word' id='word_1_436' title='bbox 479 1412 604 1450; x_wconf 84' lang='lat' dir='ltr'><strong>propior</strong></span> <span class='ocrx_word' id='word_1_437' title='bbox 626 1415 700 1438; x_wconf 85' lang='lat' dir='ltr'><strong>esset</strong></span> <span class='ocrx_word' id='word_1_438' title='bbox 723 1410 764 1438; x_wconf 92' lang='lat' dir='ltr'><strong>eis</strong></span> <span class='ocrx_word' id='word_1_439' title='bbox 785 1420 872 1448; x_wconf 90' lang='lat' dir='ltr'><strong>quam</strong></span> <span class='ocrx_word' id='word_1_440' title='bbox 895 1410 1089 1439; x_wconf 88' lang='lat' dir='ltr'><strong>transmarina</strong></span> <span class='ocrx_word' id='word_1_441' title='bbox 1113 1410 1252 1446; x_wconf 88' lang='lat' dir='ltr'><strong>Graecia,</strong></span> <span class='ocrx_word' id='word_1_442' title='bbox 1282 1408 1441 1437; x_wconf 70' lang='lat' dir='ltr'><strong>ridiculum</strong></span> <span class='ocrx_word' id='word_1_443' title='bbox 1465 1408 1543 1436; x_wconf 89' lang='lat' dir='ltr'><strong>enim</strong></span> <span class='ocrx_word' id='word_1_444' title='bbox 1566 1409 1604 1436; x_wconf 85' lang='lat' dir='ltr'><strong>sit</strong></span> <span class='ocrx_word' id='word_1_445' title='bbox 1626 1408 1751 1438; x_wconf 83' lang='lat' dir='ltr'><strong>duarum</strong></span> <span class='ocrx_word' id='word_1_446' title='bbox 1774 1410 1895 1438; x_wconf 87' lang='lat' dir='ltr'><strong>urbium</strong></span> <span class='ocrx_word' id='word_1_447' title='bbox 1919 1410 2128 1448; x_wconf 86' lang='lat' dir='ltr'><strong>cognominum</strong></span> <span class='ocrx_word' id='word_1_448' title='bbox 2151 1409 2194 1437; x_wconf 92' lang='lat' dir='ltr'><strong>al-</strong></span> 
     </span>
     <span class='ocr_line' id='line_1_30' title="bbox 246 1450 2196 1492; baseline -0.002 -9"><span class='ocrx_word' id='word_1_449' title='bbox 246 1461 339 1484; x_wconf 86' lang='lat' dir='ltr'><strong>teram</strong></span> <span class='ocrx_word' id='word_1_450' title='bbox 363 1464 471 1483; x_wconf 80' lang='lat' dir='ltr'><strong>vocare</strong></span> <span class='ocrx_word' id='word_1_451' title='bbox 494 1454 650 1489; x_wconf 88' lang='lat' dir='ltr'><strong>maiorem,</strong></span> <span class='ocrx_word' id='word_1_452' title='bbox 681 1452 760 1491; x_wconf 85' lang='lat' dir='ltr'><strong>quod</strong></span> <span class='ocrx_word' id='word_1_453' title='bbox 784 1463 798 1480; x_wconf 88' lang='lat' dir='ltr'><strong>a</strong></span> <span class='ocrx_word' id='word_1_454' title='bbox 822 1453 908 1481; x_wconf 87' lang='lat' dir='ltr'><strong>nobis</strong></span> <span class='ocrx_word' id='word_1_455' title='bbox 930 1453 1056 1492; x_wconf 88' lang='lat' dir='ltr'><strong>propior</strong></span> <span class='ocrx_word' id='word_1_456' title='bbox 1080 1452 1165 1481; x_wconf 88' lang='lat' dir='ltr'><strong>absit.</strong></span> <span class='ocrx_word' id='word_1_457' title='bbox 1208 1452 1344 1481; x_wconf 83' lang='lat' dir='ltr'><strong>Peccavit</strong></span> <span class='ocrx_word' id='word_1_458' title='bbox 1366 1452 1456 1489; x_wconf 79' lang='lat' dir='ltr'><strong>igitur</strong></span> <span class='ocrx_word' id='word_1_459' title='bbox 1478 1450 1625 1488; x_wconf 83' lang='lat' dir='ltr'><strong>Scaliger,</strong></span> <span class='ocrx_word' id='word_1_460' title='bbox 1649 1457 1678 1480; x_wconf 85' lang='lat' dir='ltr'><strong>et</strong></span> <span class='ocrx_word' id='word_1_461' title='bbox 1699 1452 1808 1480; x_wconf 88' lang='lat' dir='ltr'><strong>iterum</strong></span> <span class='ocrx_word' id='word_1_462' title='bbox 1830 1452 1917 1481; x_wconf 88' lang='lat' dir='ltr'><strong>etiam</strong></span> <span class='ocrx_word' id='word_1_463' title='bbox 1941 1462 2009 1481; x_wconf 88' lang='lat' dir='ltr'><strong>cum</strong></span> <span class='ocrx_word' id='word_1_464' title='bbox 2032 1452 2072 1480; x_wconf 83' lang='lat' dir='ltr'><strong>ait</strong></span> <span class='ocrx_word' id='word_1_465' title='bbox 2095 1462 2110 1479; x_wconf 88' lang='lat' dir='ltr'><strong>a</strong></span> <span class='ocrx_word' id='word_1_466' title='bbox 2133 1452 2196 1480; x_wconf 81' lang='lat' dir='ltr'><strong>Ro-</strong></span> 
     </span>
     <span class='ocr_line' id='line_1_31' title="bbox 248 1493 2196 1534; baseline -0.002 -8"><span class='ocrx_word' id='word_1_467' title='bbox 248 1498 341 1527; x_wconf 88' lang='lat' dir='ltr'><strong>manis</strong></span> <span class='ocrx_word' id='word_1_468' title='bbox 363 1498 404 1525; x_wconf 92' lang='lat' dir='ltr'><strong>ita</strong></span> <span class='ocrx_word' id='word_1_469' title='bbox 427 1497 536 1525; x_wconf 90' lang='lat' dir='ltr'><strong>dictam</strong></span> <span class='ocrx_word' id='word_1_470' title='bbox 558 1495 658 1524; x_wconf 79' lang='lat' dir='ltr'><strong>fuisse.</strong></span> <span class='ocrx_word' id='word_1_471' title='bbox 695 1495 764 1524; x_wconf 79' lang='lat' dir='ltr'><strong>Nam</strong></span> <span class='ocrx_word' id='word_1_472' title='bbox 788 1501 902 1524; x_wconf 88' lang='lat' dir='ltr'><strong>certum</strong></span> <span class='ocrx_word' id='word_1_473' title='bbox 926 1501 970 1525; x_wconf 89' lang='lat' dir='ltr'><strong>est</strong></span> <span class='ocrx_word' id='word_1_474' title='bbox 994 1507 1009 1524; x_wconf 88' lang='lat' dir='ltr'><strong>a</strong></span> <span class='ocrx_word' id='word_1_475' title='bbox 1035 1496 1155 1524; x_wconf 86' lang='lat' dir='ltr'><strong>Graecis</strong></span> <span class='ocrx_word' id='word_1_476' title='bbox 1177 1495 1249 1533; x_wconf 89' lang='lat' dir='ltr'><strong>ipsis</strong></span> <span class='ocrx_word' id='word_1_477' title='bbox 1271 1504 1378 1522; x_wconf 83' lang='lat' dir='ltr'><strong>nomen</strong></span> <span class='ocrx_word' id='word_1_478' title='bbox 1400 1493 1544 1530; x_wconf 83' lang='lat' dir='ltr'><strong>inditum,</strong></span> <span class='ocrx_word' id='word_1_479' title='bbox 1568 1493 1702 1533; x_wconf 86' lang='lat' dir='ltr'><strong>adeoque</strong></span> <span class='ocrx_word' id='word_1_480' title='bbox 1726 1494 1762 1522; x_wconf 90' lang='lat' dir='ltr'><strong>ab</strong></span> <span class='ocrx_word' id='word_1_481' title='bbox 1785 1495 1855 1534; x_wconf 83' lang='lat' dir='ltr'><strong>ipsis</strong></span> <span class='ocrx_word' id='word_1_482' title='bbox 1875 1495 2015 1524; x_wconf 89' lang='lat' dir='ltr'><strong>maiorem</strong></span> <span class='ocrx_word' id='word_1_483' title='bbox 2042 1494 2196 1523; x_wconf 83' lang='lat' dir='ltr'><strong>Graeciam</strong></span> 
     </span>
     <span class='ocr_line' id='line_1_32' title="bbox 248 1535 2196 1577; baseline -0.003 -8"><span class='ocrx_word' id='word_1_484' title='bbox 248 1545 384 1569; x_wconf 86' lang='lat' dir='ltr'><strong>vocatam</strong></span> <span class='ocrx_word' id='word_1_485' title='bbox 416 1544 448 1567; x_wconf 87' lang='lat' dir='ltr'><strong>ut</strong></span> <span class='ocrx_word' id='word_1_486' title='bbox 476 1539 567 1577; x_wconf 90' lang='lat' dir='ltr'><strong>ipsius</strong></span> <span class='ocrx_word' id='word_1_487' title='bbox 597 1538 653 1566; x_wconf 90' lang='lat' dir='ltr'><strong>soli</strong></span> <span class='ocrx_word' id='word_1_488' title='bbox 679 1539 889 1577; x_wconf 87' lang='lat' dir='ltr'><strong>praestantiam</strong></span> <span class='ocrx_word' id='word_1_489' title='bbox 920 1538 1127 1576; x_wconf 84' lang='lat' dir='ltr'><strong>significarent.</strong></span> <span class='ocrx_word' id='word_1_490' title='bbox 1172 1538 1337 1575; x_wconf 82' lang='lat' dir='ltr'><strong>Utrumque</strong></span> <span class='ocrx_word' id='word_1_491' title='bbox 1364 1535 1472 1574; x_wconf 83' lang='lat' dir='ltr'><strong>probat</strong></span> <span class='ocrx_word' id='word_1_492' title='bbox 1496 1535 1569 1565; x_wconf 85' lang='lat' dir='ltr'><strong>Plin.</strong></span> <span class='ocrx_word' id='word_1_493' title='bbox 1596 1547 1663 1565; x_wconf 88' lang='lat' dir='ltr'><strong>cum</strong></span> <span class='ocrx_word' id='word_1_494' title='bbox 1696 1537 1807 1566; x_wconf 82' lang='lat' dir='ltr'><strong>ltaliam</strong></span> <span class='ocrx_word' id='word_1_495' title='bbox 1836 1537 1992 1566; x_wconf 82' lang='lat' dir='ltr'><strong>dilaudans</strong></span> <span class='ocrx_word' id='word_1_496' title='bbox 2015 1538 2054 1566; x_wconf 85' lang='lat' dir='ltr'><strong>ita</strong></span> <span class='ocrx_word' id='word_1_497' title='bbox 2077 1537 2196 1566; x_wconf 80' lang='lat' dir='ltr'><strong>scribit:</strong></span> 
     </span>
     <span class='ocr_line' id='line_1_33' title="bbox 247 1578 2195 1621; baseline -0.003 -9"><span class='ocrx_word' id='word_1_498' title='bbox 247 1582 310 1621; x_wconf 84' lang='lat' dir='ltr'><strong>Ipsi</strong></span> <span class='ocrx_word' id='word_1_499' title='bbox 333 1582 368 1610; x_wconf 80' lang='lat' dir='ltr'><strong>cle</strong></span> <span class='ocrx_word' id='word_1_500' title='bbox 389 1593 422 1610; x_wconf 88' lang='lat' dir='ltr'><strong>ea</strong></span> <span class='ocrx_word' id='word_1_501' title='bbox 443 1580 607 1611; x_wconf 73' lang='lat' dir='ltr'><strong>iudicavere</strong></span> <span class='ocrx_word' id='word_1_502' title='bbox 634 1578 755 1616; x_wconf 77' lang='lat' dir='ltr'><strong>Graeci,</strong></span> <span class='ocrx_word' id='word_1_503' title='bbox 789 1592 879 1620; x_wconf 78' lang='lat' dir='ltr'><strong>genus</strong></span> <span class='ocrx_word' id='word_1_504' title='bbox 902 1581 933 1609; x_wconf 82' lang='lat' dir='ltr'><strong>in</strong></span> <span class='ocrx_word' id='word_1_505' title='bbox 952 1579 1082 1620; x_wconf 78' lang='lat' dir='ltr'><strong>gloriam</strong></span> <span class='ocrx_word' id='word_1_506' title='bbox 1105 1591 1187 1608; x_wconf 82' lang='lat' dir='ltr'><strong>suam</strong></span> <span class='ocrx_word' id='word_1_507' title='bbox 1209 1579 1435 1620; x_wconf 64' lang='lat' dir='ltr'><strong>effusissimum,</strong></span> <span class='ocrx_word' id='word_1_508' title='bbox 1464 1585 1583 1618; x_wconf 78' lang='lat' dir='ltr'><strong>quoiam</strong></span> <span class='ocrx_word' id='word_1_509' title='bbox 1604 1586 1717 1618; x_wconf 77' lang='lat' dir='ltr'><strong>partem</strong></span> <span class='ocrx_word' id='word_1_510' title='bbox 1741 1591 1780 1608; x_wconf 80' lang='lat' dir='ltr'><strong>ex</strong></span> <span class='ocrx_word' id='word_1_511' title='bbox 1803 1591 1835 1608; x_wconf 86' lang='lat' dir='ltr'><strong>ea</strong></span> <span class='ocrx_word' id='word_1_512' title='bbox 1858 1578 2035 1619; x_wconf 75' lang='lat' dir='ltr'><strong>appellando</strong></span> <span class='ocrx_word' id='word_1_513' title='bbox 2058 1589 2195 1619; x_wconf 76' lang='lat' dir='ltr'><strong>magnam</strong></span> 
     </span>
     <span class='ocr_line' id='line_1_34' title="bbox 251 1619 1884 1663; baseline -0.002 -10"><span class='ocrx_word' id='word_1_514' title='bbox 251 1624 416 1655; x_wconf 81' lang='lat' dir='ltr'><strong>Graeciam.</strong></span> <span class='ocrx_word' id='word_1_515' title='bbox 440 1624 530 1654; x_wconf 84' lang='lat' dir='ltr'><strong>Dac.</strong></span> <span class='ocrx_word' id='word_1_516' title='bbox 575 1623 660 1651; x_wconf 83' lang='lat' dir='ltr'><strong>Adde</strong></span> <span class='ocrx_word' id='word_1_517' title='bbox 682 1623 784 1652; x_wconf 84' lang='lat' dir='ltr'><strong>Festo:</strong></span> <span class='ocrx_word' id='word_1_518' title='bbox 806 1622 852 1652; x_wconf 84' lang='lat' dir='ltr'><strong>vel</strong></span> <span class='ocrx_word' id='word_1_519' title='bbox 872 1622 952 1663; x_wconf 79' lang='lat' dir='ltr'><strong>quod</strong></span> <span class='ocrx_word' id='word_1_520' title='bbox 971 1624 1095 1662; x_wconf 83' lang='lat' dir='ltr'><strong>propior</strong></span> <span class='ocrx_word' id='word_1_521' title='bbox 1113 1621 1261 1650; x_wconf 81' lang='lat' dir='ltr'><strong>Romanis</strong></span> <span class='ocrx_word' id='word_1_522' title='bbox 1284 1627 1353 1650; x_wconf 79' lang='lat' dir='ltr'><strong>esset</strong></span> <span class='ocrx_word' id='word_1_523' title='bbox 1375 1620 1572 1648; x_wconf 74' lang='lat' dir='ltr'><strong>transmarina</strong></span> <span class='ocrx_word' id='word_1_524' title='bbox 1598 1619 1732 1652; x_wconf 79' lang='lat' dir='ltr'><strong>Graecia.</strong></span> <span class='ocrx_word' id='word_1_525' title='bbox 1779 1619 1884 1651; x_wconf 75' lang='lat' dir='ltr'><strong>Goth.</strong></span> 
     </span>
    </p>
   </div>
   <div class='ocr_carea' id='block_1_5' title="bbox 253 1672 2202 2011">
    <p class='ocr_par' dir='ltr' id='par_1_5' title="bbox 253 1672 2202 2011">
     <span class='ocr_line' id='line_1_35' title="bbox 413 1672 2198 1713; baseline -0.002 -10"><span class='ocrx_word' id='word_1_526' title='bbox 413 1675 589 1704; x_wconf 76' lang='lat' dir='ltr'><strong>IlIaesius.</strong></span> <span class='ocrx_word' id='word_1_527' title='bbox 626 1673 650 1702; x_wconf 83' lang='lat' dir='ltr'><strong>A</strong></span> <span class='ocrx_word' id='word_1_528' title='bbox 674 1684 732 1711; x_wconf 88' lang='lat' dir='ltr'><strong>quo</strong></span> <span class='ocrx_word' id='word_1_529' title='bbox 756 1679 855 1713; x_wconf 86' lang='lat' dir='ltr'><strong>postea</strong></span> <span class='ocrx_word' id='word_1_530' title='bbox 879 1675 983 1703; x_wconf 85' lang='lat' dir='ltr'><strong>maius.</strong></span> <span class='ocrx_word' id='word_1_531' title='bbox 1015 1674 1091 1711; x_wconf 88' lang='lat' dir='ltr'><strong>Ergo</strong></span> <span class='ocrx_word' id='word_1_532' title='bbox 1114 1673 1164 1701; x_wconf 88' lang='lat' dir='ltr'><strong>hic</strong></span> <span class='ocrx_word' id='word_1_533' title='bbox 1186 1674 1293 1701; x_wconf 83' lang='lat' dir='ltr'><strong>mensis</strong></span> <span class='ocrx_word' id='word_1_534' title='bbox 1317 1676 1385 1700; x_wconf 88' lang='lat' dir='ltr'><strong>ante</strong></span> <span class='ocrx_word' id='word_1_535' title='bbox 1407 1672 1530 1699; x_wconf 84' lang='lat' dir='ltr'><strong>Romam</strong></span> <span class='ocrx_word' id='word_1_536' title='bbox 1555 1672 1705 1700; x_wconf 90' lang='lat' dir='ltr'><strong>conditam</strong></span> <span class='ocrx_word' id='word_1_537' title='bbox 1728 1672 1799 1708; x_wconf 82' lang='lat' dir='ltr'><strong>suit,</strong></span> <span class='ocrx_word' id='word_1_538' title='bbox 1823 1682 1912 1710; x_wconf 88' lang='lat' dir='ltr'><strong>quare</strong></span> <span class='ocrx_word' id='word_1_539' title='bbox 1935 1672 2042 1700; x_wconf 80' lang='lat' dir='ltr'><strong>falsum</strong></span> <span class='ocrx_word' id='word_1_540' title='bbox 2065 1676 2109 1700; x_wconf 87' lang='lat' dir='ltr'><strong>est</strong></span> <span class='ocrx_word' id='word_1_541' title='bbox 2130 1681 2198 1700; x_wconf 89' lang='lat' dir='ltr'><strong>eum</strong></span> 
     </span>
     <span class='ocr_line' id='line_1_36' title="bbox 253 1713 2199 1753; baseline -0.002 -7"><span class='ocrx_word' id='word_1_542' title='bbox 253 1729 267 1745; x_wconf 75' lang='lat' dir='ltr'><strong>a</strong></span> <span class='ocrx_word' id='word_1_543' title='bbox 290 1717 448 1746; x_wconf 84' lang='lat' dir='ltr'><strong>maioribus</strong></span> <span class='ocrx_word' id='word_1_544' title='bbox 472 1716 592 1745; x_wconf 84' lang='lat' dir='ltr'><strong>Romuli</strong></span> <span class='ocrx_word' id='word_1_545' title='bbox 614 1727 721 1744; x_wconf 86' lang='lat' dir='ltr'><strong>nomen</strong></span> <span class='ocrx_word' id='word_1_546' title='bbox 750 1718 891 1753; x_wconf 77' lang='lat' dir='ltr'><strong>traxisse,</strong></span> <span class='ocrx_word' id='word_1_547' title='bbox 928 1721 961 1745; x_wconf 86' lang='lat' dir='ltr'><strong>ut</strong></span> <span class='ocrx_word' id='word_1_548' title='bbox 984 1717 1080 1745; x_wconf 86' lang='lat' dir='ltr'><strong>voluit</strong></span> <span class='ocrx_word' id='word_1_549' title='bbox 1104 1717 1207 1744; x_wconf 86' lang='lat' dir='ltr'><strong>Varro.</strong></span> <span class='ocrx_word' id='word_1_550' title='bbox 1253 1715 1323 1743; x_wconf 89' lang='lat' dir='ltr'><strong>Osci</strong></span> <span class='ocrx_word' id='word_1_551' title='bbox 1347 1714 1440 1750; x_wconf 86' lang='lat' dir='ltr'><strong>enim,</strong></span> <span class='ocrx_word' id='word_1_552' title='bbox 1474 1713 1526 1752; x_wconf 80' lang='lat' dir='ltr'><strong>qui</strong></span> <span class='ocrx_word' id='word_1_553' title='bbox 1548 1724 1629 1742; x_wconf 89' lang='lat' dir='ltr'><strong>oram</strong></span> <span class='ocrx_word' id='word_1_554' title='bbox 1653 1715 1830 1753; x_wconf 81' lang='lat' dir='ltr'><strong>Campaniae</strong></span> <span class='ocrx_word' id='word_1_555' title='bbox 1853 1714 2029 1743; x_wconf 84' lang='lat' dir='ltr'><strong>maritimam</strong></span> <span class='ocrx_word' id='word_1_556' title='bbox 2053 1714 2199 1751; x_wconf 81' lang='lat' dir='ltr'><strong>tenebant,</strong></span> 
     </span>
     <span class='ocr_line' id='line_1_37' title="bbox 255 1755 2200 1794; baseline -0.001 -8"><span class='ocrx_word' id='word_1_557' title='bbox 255 1759 296 1786; x_wconf 83' lang='lat' dir='ltr'><strong>sic</strong></span> <span class='ocrx_word' id='word_1_558' title='bbox 318 1770 383 1788; x_wconf 82' lang='lat' dir='ltr'><strong>eum</strong></span> <span class='ocrx_word' id='word_1_559' title='bbox 409 1764 476 1788; x_wconf 89' lang='lat' dir='ltr'><strong>ante</strong></span> <span class='ocrx_word' id='word_1_560' title='bbox 498 1760 621 1788; x_wconf 86' lang='lat' dir='ltr'><strong>Romam</strong></span> <span class='ocrx_word' id='word_1_561' title='bbox 647 1759 797 1788; x_wconf 86' lang='lat' dir='ltr'><strong>conditam</strong></span> <span class='ocrx_word' id='word_1_562' title='bbox 821 1769 978 1788; x_wconf 90' lang='lat' dir='ltr'><strong>vocavere.</strong></span> <span class='ocrx_word' id='word_1_563' title='bbox 1012 1759 1086 1787; x_wconf 80' lang='lat' dir='ltr'><strong>Vide</strong></span> <span class='ocrx_word' id='word_1_564' title='bbox 1108 1759 1186 1787; x_wconf 83' lang='lat' dir='ltr'><strong>infra</strong></span> <span class='ocrx_word' id='word_1_565' title='bbox 1207 1758 1238 1787; x_wconf 89' lang='lat' dir='ltr'><strong>in</strong></span> <span class='ocrx_word' id='word_1_566' title='bbox 1262 1767 1336 1785; x_wconf 90' lang='lat' dir='ltr'><strong>voce</strong></span> <span class='ocrx_word' id='word_1_567' title='bbox 1359 1757 1467 1785; x_wconf 77' lang='lat' dir='ltr'><strong>Maius.</strong></span> <span class='ocrx_word' id='word_1_568' title='bbox 1500 1757 1556 1785; x_wconf 89' lang='lat' dir='ltr'><strong>Pro</strong></span> <span class='ocrx_word' id='word_1_569' title='bbox 1584 1756 1676 1786; x_wconf 76' lang='lat' dir='ltr'><strong>Oscos</strong></span> <span class='ocrx_word' id='word_1_570' title='bbox 1699 1757 1748 1785; x_wconf 93' lang='lat' dir='ltr'><strong>alii</strong></span> <span class='ocrx_word' id='word_1_571' title='bbox 1772 1757 1873 1794; x_wconf 84' lang='lat' dir='ltr'><strong>legunt</strong></span> <span class='ocrx_word' id='word_1_572' title='bbox 1899 1755 2007 1793; x_wconf 80' lang='lat' dir='ltr'><strong>Oscor,</strong></span> <span class='ocrx_word' id='word_1_573' title='bbox 2030 1756 2081 1785; x_wconf 86' lang='lat' dir='ltr'><strong>alii</strong></span> <span class='ocrx_word' id='word_1_574' title='bbox 2106 1755 2200 1785; x_wconf 82' lang='lat' dir='ltr'><strong>Osco-</strong></span> 
     </span>
     <span class='ocr_line' id='line_1_38' title="bbox 256 1799 2200 1840; baseline -0.001 -12"><span class='ocrx_word' id='word_1_575' title='bbox 256 1812 333 1834; x_wconf 85' lang='lat' dir='ltr'><strong>rum,</strong></span> <span class='ocrx_word' id='word_1_576' title='bbox 366 1813 453 1838; x_wconf 87' lang='lat' dir='ltr'><strong>quam</strong></span> <span class='ocrx_word' id='word_1_577' title='bbox 478 1807 655 1840; x_wconf 86' lang='lat' dir='ltr'><strong>postremam</strong></span> <span class='ocrx_word' id='word_1_578' title='bbox 680 1812 732 1839; x_wconf 86' lang='lat' dir='ltr'><strong>ego</strong></span> <span class='ocrx_word' id='word_1_579' title='bbox 756 1803 911 1831; x_wconf 71' lang='lat' dir='ltr'><strong>lectionem</strong></span> <span class='ocrx_word' id='word_1_580' title='bbox 935 1802 1023 1830; x_wconf 87' lang='lat' dir='ltr'><strong>unice</strong></span> <span class='ocrx_word' id='word_1_581' title='bbox 1052 1802 1231 1840; x_wconf 81' lang='lat' dir='ltr'><strong>amplector,</strong></span> <span class='ocrx_word' id='word_1_582' title='bbox 1266 1811 1335 1828; x_wconf 89' lang='lat' dir='ltr'><strong>cum</strong></span> <span class='ocrx_word' id='word_1_583' title='bbox 1359 1799 1451 1827; x_wconf 87' lang='lat' dir='ltr'><strong>sciam</strong></span> <span class='ocrx_word' id='word_1_584' title='bbox 1475 1799 1567 1828; x_wconf 90' lang='lat' dir='ltr'><strong>Oscos</strong></span> <span class='ocrx_word' id='word_1_585' title='bbox 1590 1804 1706 1838; x_wconf 88' lang='lat' dir='ltr'><strong>partem</strong></span> <span class='ocrx_word' id='word_1_586' title='bbox 1730 1799 1907 1838; x_wconf 85' lang='lat' dir='ltr'><strong>Campaniae</strong></span> <span class='ocrx_word' id='word_1_587' title='bbox 1929 1799 2072 1836; x_wconf 87' lang='lat' dir='ltr'><strong>tenuisse,</strong></span> <span class='ocrx_word' id='word_1_588' title='bbox 2107 1803 2141 1827; x_wconf 90' lang='lat' dir='ltr'><strong>ut</strong></span> <span class='ocrx_word' id='word_1_589' title='bbox 2162 1808 2200 1828; x_wconf 80' lang='lat' dir='ltr'><strong>ex</strong></span> 
     </span>
     <span class='ocr_line' id='line_1_39' title="bbox 257 1840 2201 1882; baseline 0 -13"><span class='ocrx_word' id='word_1_590' title='bbox 257 1843 399 1870; x_wconf 80' lang='lat' dir='ltr'><strong>Strabone</strong></span> <span class='ocrx_word' id='word_1_591' title='bbox 421 1850 448 1872; x_wconf 72' lang='lat' dir='ltr'><strong>et</strong></span> <span class='ocrx_word' id='word_1_592' title='bbox 472 1845 535 1873; x_wconf 86' lang='lat' dir='ltr'><strong>aliis</strong></span> <span class='ocrx_word' id='word_1_593' title='bbox 559 1850 660 1873; x_wconf 88' lang='lat' dir='ltr'><strong>notum</strong></span> <span class='ocrx_word' id='word_1_594' title='bbox 684 1850 737 1874; x_wconf 84' lang='lat' dir='ltr'><strong>est.</strong></span> <span class='ocrx_word' id='word_1_595' title='bbox 781 1845 844 1873; x_wconf 85' lang='lat' dir='ltr'><strong>Imo</strong></span> <span class='ocrx_word' id='word_1_596' title='bbox 873 1846 962 1873; x_wconf 86' lang='lat' dir='ltr'><strong>etiam</strong></span> <span class='ocrx_word' id='word_1_597' title='bbox 992 1851 1020 1873; x_wconf 92' lang='lat' dir='ltr'><strong>et</strong></span> <span class='ocrx_word' id='word_1_598' title='bbox 1047 1845 1082 1872; x_wconf 88' lang='lat' dir='ltr'><strong>ab</strong></span> <span class='ocrx_word' id='word_1_599' title='bbox 1109 1855 1140 1873; x_wconf 89' lang='lat' dir='ltr'><strong>ea</strong></span> <span class='ocrx_word' id='word_1_600' title='bbox 1166 1849 1250 1882; x_wconf 85' lang='lat' dir='ltr'><strong>parte</strong></span> <span class='ocrx_word' id='word_1_601' title='bbox 1275 1842 1464 1880; x_wconf 73' lang='lat' dir='ltr'><strong>Campaniae,</strong></span> <span class='ocrx_word' id='word_1_602' title='bbox 1501 1852 1577 1880; x_wconf 88' lang='lat' dir='ltr'><strong>quae</strong></span> <span class='ocrx_word' id='word_1_603' title='bbox 1599 1842 1785 1881; x_wconf 81' lang='lat' dir='ltr'><strong>serpentibus</strong></span> <span class='ocrx_word' id='word_1_604' title='bbox 1807 1841 1973 1870; x_wconf 87' lang='lat' dir='ltr'><strong>abundaret</strong></span> <span class='ocrx_word' id='word_1_605' title='bbox 1998 1840 2086 1880; x_wconf 77' lang='lat' dir='ltr'><strong>Opici</strong></span> <span class='ocrx_word' id='word_1_606' title='bbox 2106 1841 2201 1880; x_wconf 91' lang='lat' dir='ltr'><strong>prius,</strong></span> 
     </span>
     <span class='ocr_line' id='line_1_40' title="bbox 257 1882 2202 1925; baseline 0.001 -15"><span class='ocrx_word' id='word_1_607' title='bbox 257 1889 357 1921; x_wconf 78' lang='lat' dir='ltr'><strong>postea</strong></span> <span class='ocrx_word' id='word_1_608' title='bbox 384 1884 453 1913; x_wconf 74' lang='lat' dir='ltr'><strong>Osci</strong></span> <span class='ocrx_word' id='word_1_609' title='bbox 475 1888 548 1915; x_wconf 84' lang='lat' dir='ltr'><strong>dicti</strong></span> <span class='ocrx_word' id='word_1_610' title='bbox 569 1892 647 1915; x_wconf 90' lang='lat' dir='ltr'><strong>sunt.</strong></span> <span class='ocrx_word' id='word_1_611' title='bbox 694 1888 794 1922; x_wconf 87' lang='lat' dir='ltr'><strong>Quare</strong></span> <span class='ocrx_word' id='word_1_612' title='bbox 818 1887 988 1916; x_wconf 86' lang='lat' dir='ltr'><strong>emendabis</strong></span> <span class='ocrx_word' id='word_1_613' title='bbox 1011 1887 1107 1915; x_wconf 81' lang='lat' dir='ltr'><strong>obiter</strong></span> <span class='ocrx_word' id='word_1_614' title='bbox 1129 1887 1205 1915; x_wconf 91' lang='lat' dir='ltr'><strong>illud</strong></span> <span class='ocrx_word' id='word_1_615' title='bbox 1229 1886 1322 1914; x_wconf 75' lang='lat' dir='ltr'><strong>Servn</strong></span> <span class='ocrx_word' id='word_1_616' title='bbox 1342 1884 1403 1913; x_wconf 85' lang='lat' dir='ltr'><strong>VH.</strong></span> <span class='ocrx_word' id='word_1_617' title='bbox 1428 1885 1499 1913; x_wconf 84' lang='lat' dir='ltr'><strong>Aen.</strong></span> <span class='ocrx_word' id='word_1_618' title='bbox 1523 1883 1640 1923; x_wconf 81' lang='lat'><strong>(730.):</strong></span> <span class='ocrx_word' id='word_1_619' title='bbox 1667 1883 1866 1925; x_wconf 81' lang='lat' dir='ltr'><strong>Oscorumque</strong></span> <span class='ocrx_word' id='word_1_620' title='bbox 1888 1895 2000 1913; x_wconf 82' lang='lat' dir='ltr'><strong>manus.</strong></span> <span class='ocrx_word' id='word_1_621' title='bbox 2041 1882 2202 1924; x_wconf 80' lang='lat' dir='ltr'><strong>Capuenses</strong></span> 
     </span>
     <span class='ocr_line' id='line_1_41' title="bbox 260 1924 2201 1969; baseline 0.001 -17"><span class='ocrx_word' id='word_1_622' title='bbox 260 1924 329 1953; x_wconf 77' lang='lat' dir='ltr'><strong>dicit</strong></span> <span class='ocrx_word' id='word_1_623' title='bbox 353 1928 401 1962; x_wconf 81' lang='lat' dir='ltr'><strong>qui</strong></span> <span class='ocrx_word' id='word_1_624' title='bbox 423 1935 488 1955; x_wconf 76' lang='lat' dir='ltr'><strong>ante</strong></span> <span class='ocrx_word' id='word_1_625' title='bbox 514 1929 583 1958; x_wconf 86' lang='lat' dir='ltr'><strong>Osci</strong></span> <span class='ocrx_word' id='word_1_626' title='bbox 606 1929 750 1968; x_wconf 81' lang='lat' dir='ltr'><strong>appellati</strong></span> <span class='ocrx_word' id='word_1_627' title='bbox 771 1937 853 1965; x_wconf 77' lang='lat' dir='ltr'><strong>sunt,</strong></span> <span class='ocrx_word' id='word_1_628' title='bbox 892 1928 972 1969; x_wconf 81' lang='lat' dir='ltr'><strong>quod</strong></span> <span class='ocrx_word' id='word_1_629' title='bbox 993 1929 1058 1958; x_wconf 81' lang='lat' dir='ltr'><strong>illic</strong></span> <span class='ocrx_word' id='word_1_630' title='bbox 1078 1928 1201 1968; x_wconf 86' lang='lat' dir='ltr'><strong>plurimi</strong></span> <span class='ocrx_word' id='word_1_631' title='bbox 1224 1926 1409 1957; x_wconf 78' lang='lat' dir='ltr'><strong>abundavere</strong></span> <span class='ocrx_word' id='word_1_632' title='bbox 1436 1934 1584 1966; x_wconf 76' lang='lat' dir='ltr'><strong>serpentes.</strong></span> <span class='ocrx_word' id='word_1_633' title='bbox 1629 1927 1769 1956; x_wconf 85' lang='lat' dir='ltr'><strong>Rescribe</strong></span> <span class='ocrx_word' id='word_1_634' title='bbox 1791 1927 1842 1966; x_wconf 67' lang='lat' dir='ltr'><strong>qti</strong></span> <span class='ocrx_word' id='word_1_635' title='bbox 1862 1934 1948 1956; x_wconf 77' lang='lat' dir='ltr'><strong>antea</strong></span> <span class='ocrx_word' id='word_1_636' title='bbox 1973 1925 2069 1966; x_wconf 75' lang='lat' dir='ltr'><strong>Opici.</strong></span> <span class='ocrx_word' id='word_1_637' title='bbox 2114 1925 2201 1966; x_wconf 84' lang='lat' dir='ltr'><strong>Opici</strong></span> 
     </span>
     <span class='ocr_line' id='line_1_42' title="bbox 262 1968 1538 2011; baseline 0.005 -17"><span class='ocrx_word' id='word_1_638' title='bbox 262 1968 337 1995; x_wconf 90' lang='lat' dir='ltr'><strong>enim</strong></span> <span class='ocrx_word' id='word_1_639' title='bbox 359 1969 442 2006; x_wconf 82' lang='lat' dir='ltr'><strong>prius</strong></span> <span class='ocrx_word' id='word_1_640' title='bbox 465 1970 535 1998; x_wconf 85' lang='lat' dir='ltr'><strong>dicti</strong></span> <span class='ocrx_word' id='word_1_641' title='bbox 558 1971 593 1998; x_wconf 87' lang='lat' dir='ltr'><strong>ab</strong></span> <span class='ocrx_word' id='word_1_642' title='bbox 616 1970 687 2008; x_wconf 73' lang='grc' dir='ltr'><strong><em>ὄφις</em></strong></span> <span class='ocrx_word' id='word_1_643' title='bbox 709 1984 832 2011; x_wconf 79' lang='lat' dir='ltr'><strong>serpens.</strong></span> <span class='ocrx_word' id='word_1_644' title='bbox 878 1973 965 2000; x_wconf 81' lang='lat' dir='ltr'><strong>Nunc</strong></span> <span class='ocrx_word' id='word_1_645' title='bbox 989 1972 1065 2000; x_wconf 85' lang='lat' dir='ltr'><strong>Festi</strong></span> <span class='ocrx_word' id='word_1_646' title='bbox 1090 1972 1180 2000; x_wconf 86' lang='lat' dir='ltr'><strong>verba</strong></span> <span class='ocrx_word' id='word_1_647' title='bbox 1202 1972 1272 2000; x_wconf 86' lang='lat' dir='ltr'><strong>satis</strong></span> <span class='ocrx_word' id='word_1_648' title='bbox 1295 1974 1405 2009; x_wconf 86' lang='lat' dir='ltr'><strong>aperta.</strong></span> <span class='ocrx_word' id='word_1_649' title='bbox 1450 1968 1538 2000; x_wconf 82' lang='lat' dir='ltr'><strong>Dae.</strong></span> 
     </span>
    </p>
   </div>
   <div class='ocr_carea' id='block_1_6' title="bbox 257 2017 2203 2368">
    <p class='ocr_par' dir='ltr' id='par_1_6' title="bbox 257 2017 2203 2271">
     <span class='ocr_line' id='line_1_43' title="bbox 422 2017 2199 2061; baseline 0.001 -15"><span class='ocrx_word' id='word_1_650' title='bbox 422 2018 552 2050; x_wconf 80' lang='lat' dir='ltr'><strong>Maius.</strong></span> <span class='ocrx_word' id='word_1_651' title='bbox 584 2020 644 2061; x_wconf 87' lang='lat' dir='ltr'><strong>(Ad</strong></span> <span class='ocrx_word' id='word_1_652' title='bbox 668 2033 730 2060; x_wconf 64' lang='lat' dir='ltr'><strong>pac.</strong></span> <span class='ocrx_word' id='word_1_653' title='bbox 749 2023 832 2061; x_wconf 82' lang='lat'><strong>168.)</strong></span> <span class='ocrx_word' id='word_1_654' title='bbox 865 2024 967 2051; x_wconf 88' lang='lat' dir='ltr'><strong>Ausim</strong></span> <span class='ocrx_word' id='word_1_655' title='bbox 997 2023 1142 2052; x_wconf 81' lang='lat' dir='ltr'><strong>affirmare</strong></span> <span class='ocrx_word' id='word_1_656' title='bbox 1166 2033 1211 2051; x_wconf 88' lang='lat' dir='ltr'><strong>me</strong></span> <span class='ocrx_word' id='word_1_657' title='bbox 1233 2032 1334 2050; x_wconf 83' lang='lat' dir='ltr'><strong>veram</strong></span> <span class='ocrx_word' id='word_1_658' title='bbox 1357 2020 1516 2049; x_wconf 85' lang='lat' dir='ltr'><strong>lectionem</strong></span> <span class='ocrx_word' id='word_1_659' title='bbox 1539 2025 1705 2049; x_wconf 87' lang='lat' dir='ltr'><strong>assecutum</strong></span> <span class='ocrx_word' id='word_1_660' title='bbox 1727 2019 1757 2048; x_wconf 87' lang='lat' dir='ltr'><strong>in</strong></span> <span class='ocrx_word' id='word_1_661' title='bbox 1781 2019 2009 2059; x_wconf 81' lang='lat' dir='ltr'><strong>corruptissimo</strong></span> <span class='ocrx_word' id='word_1_662' title='bbox 2031 2019 2088 2048; x_wconf 90' lang='lat' dir='ltr'><strong>fine</strong></span> <span class='ocrx_word' id='word_1_663' title='bbox 2110 2017 2199 2048; x_wconf 85' lang='lat' dir='ltr'><strong>huius</strong></span> 
     </span>
     <span class='ocr_line' id='line_1_44' title="bbox 262 2058 2201 2103; baseline 0.002 -16"><span class='ocrx_word' id='word_1_664' title='bbox 262 2059 336 2088; x_wconf 88' lang='lat' dir='ltr'><strong>loci:</strong></span> <span class='ocrx_word' id='word_1_665' title='bbox 358 2058 408 2087; x_wconf 83' lang='lat' dir='ltr'><strong>An</strong></span> <span class='ocrx_word' id='word_1_666' title='bbox 433 2071 449 2086; x_wconf 82' lang='lat' dir='ltr'><strong>a</strong></span> <span class='ocrx_word' id='word_1_667' title='bbox 473 2062 572 2098; x_wconf 75' lang='lat' dir='ltr'><strong>Maia,</strong></span> <span class='ocrx_word' id='word_1_668' title='bbox 596 2063 675 2103; x_wconf 78' lang='lat' dir='ltr'><strong>quod</strong></span> <span class='ocrx_word' id='word_1_669' title='bbox 698 2065 844 2095; x_wconf 83' lang='lat' dir='ltr'><strong>Mercurio</strong></span> <span class='ocrx_word' id='word_1_670' title='bbox 868 2065 945 2094; x_wconf 80' lang='lat' dir='ltr'><strong>Filio</strong></span> <span class='ocrx_word' id='word_1_671' title='bbox 968 2067 1028 2094; x_wconf 81' lang='lat' dir='ltr'><strong>eius</strong></span> <span class='ocrx_word' id='word_1_672' title='bbox 1050 2077 1093 2094; x_wconf 79' lang='lat' dir='ltr'><strong>res</strong></span> <span class='ocrx_word' id='word_1_673' title='bbox 1116 2064 1216 2093; x_wconf 78' lang='lat' dir='ltr'><strong>diuina</strong></span> <span class='ocrx_word' id='word_1_674' title='bbox 1237 2063 1335 2093; x_wconf 77' lang='lat' dir='ltr'><strong>idibus</strong></span> <span class='ocrx_word' id='word_1_675' title='bbox 1347 2064 1410 2103; x_wconf 78' lang='lat' dir='ltr'><strong>fiat</strong></span> <span class='ocrx_word' id='word_1_676' title='bbox 1433 2074 1464 2091; x_wconf 90' lang='lat' dir='ltr'><strong>eo</strong></span> <span class='ocrx_word' id='word_1_677' title='bbox 1488 2074 1589 2094; x_wconf 81' lang='lat' dir='ltr'><strong>mense.</strong></span> <span class='ocrx_word' id='word_1_678' title='bbox 1626 2063 1699 2091; x_wconf 85' lang='lat' dir='ltr'><strong>Nam</strong></span> <span class='ocrx_word' id='word_1_679' title='bbox 1723 2064 1785 2091; x_wconf 88' lang='lat' dir='ltr'><strong>sine</strong></span> <span class='ocrx_word' id='word_1_680' title='bbox 1810 2063 1871 2090; x_wconf 90' lang='lat' dir='ltr'><strong>ullo</strong></span> <span class='ocrx_word' id='word_1_681' title='bbox 1896 2072 2018 2101; x_wconf 85' lang='lat' dir='ltr'><strong>prorsus</strong></span> <span class='ocrx_word' id='word_1_682' title='bbox 2041 2061 2132 2090; x_wconf 86' lang='lat' dir='ltr'><strong>dubio</strong></span> <span class='ocrx_word' id='word_1_683' title='bbox 2154 2062 2201 2090; x_wconf 87' lang='lat' dir='ltr'><strong>in-</strong></span> 
     </span>
     <span class='ocr_line' id='line_1_45' title="bbox 262 2104 2203 2148; baseline 0.002 -18"><span class='ocrx_word' id='word_1_684' title='bbox 262 2111 365 2130; x_wconf 80' lang='lat' dir='ltr'><strong>versae</strong></span> <span class='ocrx_word' id='word_1_685' title='bbox 394 2107 461 2129; x_wconf 80' lang='lat' dir='ltr'><strong>sunt</strong></span> <span class='ocrx_word' id='word_1_686' title='bbox 491 2104 591 2132; x_wconf 81' lang='lat' dir='ltr'><strong>literae</strong></span> <span class='ocrx_word' id='word_1_687' title='bbox 617 2107 645 2133; x_wconf 91' lang='lat' dir='ltr'><strong>in</strong></span> <span class='ocrx_word' id='word_1_688' title='bbox 669 2106 809 2136; x_wconf 75' lang='lat' dir='ltr'><strong>solemnes</strong></span> <span class='ocrx_word' id='word_1_689' title='bbox 832 2119 886 2146; x_wconf 81' lang='lat' dir='ltr'><strong>pro</strong></span> <span class='ocrx_word' id='word_1_690' title='bbox 909 2109 972 2148; x_wconf 77' lang='lat' dir='ltr'><strong>ipso</strong></span> <span class='ocrx_word' id='word_1_691' title='bbox 995 2119 1107 2145; x_wconf 83' lang='lat' dir='ltr'><strong>mense,·</strong></span> <span class='ocrx_word' id='word_1_692' title='bbox 1145 2108 1214 2146; x_wconf 86' lang='lat' dir='ltr'><strong>quia</strong></span> <span class='ocrx_word' id='word_1_693' title='bbox 1236 2107 1418 2146; x_wconf 84' lang='lat' dir='ltr'><strong>principium</strong></span> <span class='ocrx_word' id='word_1_694' title='bbox 1440 2108 1497 2135; x_wconf 80' lang='grc' dir='ltr'><strong>τοῦ</strong></span> <span class='ocrx_word' id='word_1_695' title='bbox 1517 2107 1579 2144; x_wconf 81' lang='lat' dir='ltr'><strong>ipso</strong></span> <span class='ocrx_word' id='word_1_696' title='bbox 1602 2105 1734 2134; x_wconf 82' lang='lat' dir='ltr'><strong>cohaesit</strong></span> <span class='ocrx_word' id='word_1_697' title='bbox 1757 2116 1823 2134; x_wconf 93' lang='lat' dir='ltr'><strong>cum</strong></span> <span class='ocrx_word' id='word_1_698' title='bbox 1847 2105 1903 2133; x_wconf 85' lang='lat' dir='ltr'><strong>fine</strong></span> <span class='ocrx_word' id='word_1_699' title='bbox 1927 2104 2125 2143; x_wconf 86' lang='lat' dir='ltr'><strong>praecedentis</strong></span> <span class='ocrx_word' id='word_1_700' title='bbox 2148 2107 2203 2134; x_wconf 82' lang='grc' dir='ltr'><strong>τοῦ</strong></span> 
     </span>
     <span class='ocr_line' id='line_1_46' title="bbox 257 2143 2203 2187; baseline 0.001 -15"><span class='ocrx_word' id='word_1_701' title='bbox 257 2145 346 2185; x_wconf 75' lang='lat' dir='ltr'><strong>fiant.</strong></span> <span class='ocrx_word' id='word_1_702' title='bbox 390 2143 470 2170; x_wconf 84' lang='lat' dir='ltr'><strong>Haec</strong></span> <span class='ocrx_word' id='word_1_703' title='bbox 494 2150 536 2172; x_wconf 89' lang='lat' dir='ltr'><strong>est</strong></span> <span class='ocrx_word' id='word_1_704' title='bbox 558 2147 586 2173; x_wconf 86' lang='lat' dir='ltr'><strong>ni</strong></span> <span class='ocrx_word' id='word_1_705' title='bbox 611 2149 695 2176; x_wconf 87' lang='lat' dir='ltr'><strong>sallor</strong></span> <span class='ocrx_word' id='word_1_706' title='bbox 718 2159 787 2178; x_wconf 86' lang='lat' dir='ltr'><strong>vera</strong></span> <span class='ocrx_word' id='word_1_707' title='bbox 811 2151 908 2178; x_wconf 91' lang='lat' dir='ltr'><strong>lectio.</strong></span> <span class='ocrx_word' id='word_1_708' title='bbox 933 2149 1034 2179; x_wconf 83' lang='lat' dir='ltr'><strong>Scal.</strong></span> <span class='ocrx_word' id='word_1_709' title='bbox 1081 2152 1156 2178; x_wconf 87' lang='lat' dir='ltr'><strong>Ante</strong></span> <span class='ocrx_word' id='word_1_710' title='bbox 1179 2151 1301 2178; x_wconf 85' lang='lat' dir='ltr'><strong>Romam</strong></span> <span class='ocrx_word' id='word_1_711' title='bbox 1326 2149 1476 2178; x_wconf 88' lang='lat' dir='ltr'><strong>conditam</strong></span> <span class='ocrx_word' id='word_1_712' title='bbox 1499 2148 1572 2184; x_wconf 79' lang='lat' dir='ltr'><strong>fuit,</strong></span> <span class='ocrx_word' id='word_1_713' title='bbox 1604 2154 1638 2177; x_wconf 86' lang='lat' dir='ltr'><strong>ut</strong></span> <span class='ocrx_word' id='word_1_714' title='bbox 1659 2158 1748 2187; x_wconf 84' lang='lat' dir='ltr'><strong>supra</strong></span> <span class='ocrx_word' id='word_1_715' title='bbox 1773 2149 1802 2176; x_wconf 90' lang='lat' dir='ltr'><strong>in</strong></span> <span class='ocrx_word' id='word_1_716' title='bbox 1826 2147 1974 2185; x_wconf 74' lang='lat' dir='ltr'><strong>Maesius5</strong></span> <span class='ocrx_word' id='word_1_717' title='bbox 2004 2157 2094 2186; x_wconf 89' lang='lat' dir='ltr'><strong>quare</strong></span> <span class='ocrx_word' id='word_1_718' title='bbox 2116 2146 2203 2175; x_wconf 81' lang='lat' dir='ltr'><strong>facile</strong></span> 
     </span>
     <span class='ocr_line' id='line_1_47' title="bbox 266 2187 2203 2233; baseline 0.002 -18"><span class='ocrx_word' id='word_1_719' title='bbox 266 2187 398 2215; x_wconf 86' lang='lat' dir='ltr'><strong>adducor</strong></span> <span class='ocrx_word' id='word_1_720' title='bbox 421 2188 594 2233; x_wconf 36' lang='lat' dir='ltr'><strong>ut&#39;credam</strong></span> <span class='ocrx_word' id='word_1_721' title='bbox 619 2200 632 2215; x_wconf 82' lang='lat' dir='ltr'><strong>a</strong></span> <span class='ocrx_word' id='word_1_722' title='bbox 655 2192 777 2220; x_wconf 67' lang='lat' dir='ltr'><strong>moesias</strong></span> <span class='ocrx_word' id='word_1_723' title='bbox 804 2193 936 2221; x_wconf 84' lang='lat' dir='ltr'><strong>detracta</strong></span> <span class='ocrx_word' id='word_1_724' title='bbox 967 2193 1052 2221; x_wconf 83' lang='lat' dir='ltr'><strong>litera</strong></span> <span class='ocrx_word' id='word_1_725' title='bbox 1075 2204 1089 2221; x_wconf 86' lang='lat' dir='ltr'><strong>s</strong></span> <span class='ocrx_word' id='word_1_726' title='bbox 1111 2193 1223 2220; x_wconf 83' lang='lat' dir='ltr'><strong>factum</strong></span> <span class='ocrx_word' id='word_1_727' title='bbox 1252 2193 1362 2220; x_wconf 80' lang='lat' dir='ltr'><strong>maeius</strong></span> <span class='ocrx_word' id='word_1_728' title='bbox 1391 2195 1495 2230; x_wconf 88' lang='lat' dir='ltr'><strong>postea</strong></span> <span class='ocrx_word' id='word_1_729' title='bbox 1523 2192 1627 2220; x_wconf 84' lang='lat' dir='ltr'><strong>maius.</strong></span> <span class='ocrx_word' id='word_1_730' title='bbox 1672 2193 1694 2219; x_wconf 78' lang='lat' dir='ltr'>A</span> <span class='ocrx_word' id='word_1_731' title='bbox 1718 2191 1792 2220; x_wconf 84' lang='lat' dir='ltr'><strong>Maia</strong></span> <span class='ocrx_word' id='word_1_732' title='bbox 1822 2195 1919 2219; x_wconf 82' lang='lat' dir='ltr'><strong>tamen</strong></span> <span class='ocrx_word' id='word_1_733' title='bbox 1943 2189 2080 2218; x_wconf 88' lang='lat' dir='ltr'><strong>Mercurii</strong></span> <span class='ocrx_word' id='word_1_734' title='bbox 2111 2194 2203 2218; x_wconf 82' lang='lat' dir='ltr'><strong>matre</strong></span> 
     </span>
     <span class='ocr_line' id='line_1_48' title="bbox 267 2230 1050 2271; baseline 0.005 -13"><span class='ocrx_word' id='word_1_735' title='bbox 267 2239 374 2258; x_wconf 89' lang='lat' dir='ltr'><strong>nomen</strong></span> <span class='ocrx_word' id='word_1_736' title='bbox 394 2233 520 2256; x_wconf 74' lang='lat' dir='ltr'><strong>traxisse</strong></span> <span class='ocrx_word' id='word_1_737' title='bbox 542 2230 642 2257; x_wconf 77' lang='lat' dir='ltr'><strong>scribit</strong></span> <span class='ocrx_word' id='word_1_738' title='bbox 665 2232 752 2260; x_wconf 74' lang='lat' dir='ltr'><strong>ovid.</strong></span> <span class='ocrx_word' id='word_1_739' title='bbox 776 2235 866 2271; x_wconf 73' lang='lat' dir='ltr'><strong>(Fast.</strong></span> <span class='ocrx_word' id='word_1_740' title='bbox 884 2236 925 2271; x_wconf 89' lang='lat' dir='ltr'><strong>V,</strong></span> <span class='ocrx_word' id='word_1_741' title='bbox 951 2235 1050 2268; x_wconf 81' lang='lat'><strong>104.);</strong></span> 
     </span>
    </p>

    <p class='ocr_par' dir='ltr' id='par_1_7' title="bbox 876 2284 1562 2368">
     <span class='ocr_line' id='line_1_49' title="bbox 876 2284 1544 2315; baseline -0.004 -1"><span class='ocrx_word' id='word_1_742' title='bbox 876 2285 920 2314; x_wconf 75' lang='lat' dir='ltr'><strong>At</strong></span> <span class='ocrx_word' id='word_1_743' title='bbox 943 2293 974 2314; x_wconf 69' lang='lat' dir='ltr'><strong>fu</strong></span> <span class='ocrx_word' id='word_1_744' title='bbox 994 2293 1125 2314; x_wconf 73' lang='lat' dir='ltr'><strong>materno</strong></span> <span class='ocrx_word' id='word_1_745' title='bbox 1149 2284 1266 2315; x_wconf 75' lang='lat' dir='ltr'><strong>donasti</strong></span> <span class='ocrx_word' id='word_1_746' title='bbox 1286 2285 1401 2313; x_wconf 80' lang='lat' dir='ltr'><strong>nomine</strong></span> <span class='ocrx_word' id='word_1_747' title='bbox 1422 2294 1544 2312; x_wconf 82' lang='lat' dir='ltr'><strong>mensem</strong></span> 
     </span>
     <span class='ocr_line' id='line_1_50' title="bbox 921 2324 1562 2368; baseline 0 -13"><span class='ocrx_word' id='word_1_748' title='bbox 921 2326 1058 2357; x_wconf 75' lang='lat' dir='ltr'><strong>Inventor</strong></span> <span class='ocrx_word' id='word_1_749' title='bbox 1080 2338 1197 2364; x_wconf 84' lang='lat' dir='ltr'><strong>curvae,</strong></span> <span class='ocrx_word' id='word_1_750' title='bbox 1223 2326 1348 2368; x_wconf 79' lang='lat' dir='ltr'><strong>furibus</strong></span> <span class='ocrx_word' id='word_1_751' title='bbox 1370 2333 1452 2366; x_wconf 72' lang='lat' dir='ltr'><strong>apte,</strong></span> <span class='ocrx_word' id='word_1_752' title='bbox 1473 2324 1562 2364; x_wconf 76' lang='lat' dir='ltr'><strong>fidis-</strong></span> 
     </span>
    </p>
   </div>
   <div class='ocr_carea' id='block_1_7' title="bbox 270 2371 2202 2459">
    <p class='ocr_par' dir='ltr' id='par_1_8' title="bbox 270 2371 2202 2459">
     <span class='ocr_line' id='line_1_51' title="bbox 270 2371 2202 2416; baseline -0.005 -6"><span class='ocrx_word' id='word_1_753' title='bbox 270 2372 446 2410; x_wconf 70' lang='lat' dir='ltr'><strong>Quanquam</strong></span> <span class='ocrx_word' id='word_1_754' title='bbox 468 2372 545 2401; x_wconf 68' lang='lat' dir='ltr'><strong>idem</strong></span> <span class='ocrx_word' id='word_1_755' title='bbox 568 2371 638 2400; x_wconf 65' lang='lat' dir='ltr'><strong>alibi</strong></span> <span class='ocrx_word' id='word_1_756' title='bbox 663 2373 708 2401; x_wconf 74' lang='lat' dir='ltr'><strong>vel</strong></span> <span class='ocrx_word' id='word_1_757' title='bbox 734 2383 748 2400; x_wconf 84' lang='lat' dir='ltr'><strong>a</strong></span> <span class='ocrx_word' id='word_1_758' title='bbox 772 2376 929 2406; x_wconf 74' lang='lat' dir='ltr'><strong>maioribus</strong></span> <span class='ocrx_word' id='word_1_759' title='bbox 951 2383 984 2406; x_wconf 90' lang='lat' dir='ltr'><strong>ut</strong></span> <span class='ocrx_word' id='word_1_760' title='bbox 1006 2379 1117 2408; x_wconf 82' lang='lat' dir='ltr'><strong>iunium</strong></span> <span class='ocrx_word' id='word_1_761' title='bbox 1141 2390 1157 2407; x_wconf 80' lang='lat' dir='ltr'><strong>a</strong></span> <span class='ocrx_word' id='word_1_762' title='bbox 1180 2378 1348 2407; x_wconf 85' lang='lat' dir='ltr'><strong>iunioribus</strong></span> <span class='ocrx_word' id='word_1_763' title='bbox 1372 2377 1484 2406; x_wconf 86' lang='lat' dir='ltr'><strong>dictum</strong></span> <span class='ocrx_word' id='word_1_764' title='bbox 1507 2381 1609 2416; x_wconf 86' lang='lat' dir='ltr'><strong>putat,</strong></span> <span class='ocrx_word' id='word_1_765' title='bbox 1644 2376 1691 2405; x_wconf 83' lang='lat' dir='ltr'><strong>vel</strong></span> <span class='ocrx_word' id='word_1_766' title='bbox 1715 2386 1730 2404; x_wconf 86' lang='lat' dir='ltr'><strong>a</strong></span> <span class='ocrx_word' id='word_1_767' title='bbox 1755 2375 1903 2405; x_wconf 71' lang='lat' dir='ltr'><strong>maiestate</strong></span> <span class='ocrx_word' id='word_1_768' title='bbox 1925 2374 2047 2403; x_wconf 81' lang='lat' dir='ltr'><strong>honoris</strong></span> <span class='ocrx_word' id='word_1_769' title='bbox 2067 2377 2096 2401; x_wconf 83' lang='lat' dir='ltr'><strong>et</strong></span> <span class='ocrx_word' id='word_1_770' title='bbox 2117 2382 2202 2401; x_wconf 81' lang='lat' dir='ltr'><strong>reve-</strong></span> 
     </span>
     <span class='ocr_line' id='line_1_52' title="bbox 270 2413 2202 2459; baseline 0 -15"><span class='ocrx_word' id='word_1_771' title='bbox 270 2415 381 2444; x_wconf 81' lang='lat' dir='ltr'><strong>rentiae</strong></span> <span class='ocrx_word' id='word_1_772' title='bbox 410 2413 478 2443; x_wconf 80' lang='lat' dir='ltr'><strong>fllia.</strong></span> <span class='ocrx_word' id='word_1_773' title='bbox 521 2414 603 2450; x_wconf 85' lang='lat' dir='ltr'><strong>Quae</strong></span> <span class='ocrx_word' id='word_1_774' title='bbox 632 2414 680 2443; x_wconf 81' lang='lat' dir='ltr'><strong>hic</strong></span> <span class='ocrx_word' id='word_1_775' title='bbox 710 2414 831 2452; x_wconf 84' lang='lat' dir='ltr'><strong>desunt,</strong></span> <span class='ocrx_word' id='word_1_776' title='bbox 865 2418 905 2446; x_wconf 85' lang='lat' dir='ltr'><strong>sic</strong></span> <span class='ocrx_word' id='word_1_777' title='bbox 932 2420 1044 2458; x_wconf 83' lang='lat' dir='ltr'><strong>expleri</strong></span> <span class='ocrx_word' id='word_1_778' title='bbox 1067 2425 1208 2458; x_wconf 82' lang='lat' dir='ltr'><strong>possunt:</strong></span> <span class='ocrx_word' id='word_1_779' title='bbox 1243 2421 1295 2450; x_wconf 80' lang='lat' dir='ltr'><strong>An</strong></span> <span class='ocrx_word' id='word_1_780' title='bbox 1317 2432 1336 2449; x_wconf 86' lang='lat' dir='ltr'><strong>a</strong></span> <span class='ocrx_word' id='word_1_781' title='bbox 1359 2419 1445 2448; x_wconf 83' lang='lat' dir='ltr'><strong>Maia</strong></span> <span class='ocrx_word' id='word_1_782' title='bbox 1467 2418 1548 2459; x_wconf 73' lang='lat' dir='ltr'><strong>quod</strong></span> <span class='ocrx_word' id='word_1_783' title='bbox 1567 2419 1715 2449; x_wconf 81' lang='lat' dir='ltr'><strong>Mercurio</strong></span> <span class='ocrx_word' id='word_1_784' title='bbox 1725 2417 1800 2458; x_wconf 80' lang='lat' dir='ltr'><strong>filio</strong></span> <span class='ocrx_word' id='word_1_785' title='bbox 1823 2418 1882 2447; x_wconf 79' lang='lat' dir='ltr'><strong>eius</strong></span> <span class='ocrx_word' id='word_1_786' title='bbox 1903 2428 1946 2446; x_wconf 79' lang='lat' dir='ltr'><strong>res</strong></span> <span class='ocrx_word' id='word_1_787' title='bbox 1968 2415 2084 2444; x_wconf 76' lang='lat' dir='ltr'><strong>diuinae</strong></span> <span class='ocrx_word' id='word_1_788' title='bbox 2105 2413 2202 2444; x_wconf 72' lang='lat' dir='ltr'><strong>idibus</strong></span> 
     </span>
    </p>
   </div>
  </div>
 </body>
</html>
