2263 2668
540 50 605 84 DE
630 49 1022 85 SIGNIFICATIONE
1049 49 1332 87 VERBORUM.
1385 52 1531 88 LIBER
1556 55 1630 90 XV.
1988 63 2060 101 131

112 144 303 187 Penetrale
334 142 531 178 sacrificium
557 143 749 187 dicebatur,
790 142 886 189 quod
912 144 945 176 in
971 143 1127 177 interiore
1153 149 1250 189 parte
1276 143 1442 179 sacrarii²²
1465 149 1712 187 conficiebatur.

214 196 324 230 tralia
351 197 509 240 cuiusque
519 192 544 214 ²³
566 196 737 238 dicuntur,
772 201 805 229 et
827 206 941 241 penes
966 206 1043 237 n0S‚
1083 197 1177 239 quod
1203 197 1237 230 in
1263 202 1429 242 potestate
1454 206 1565 234 nostra
1591 208 1647 237 est.

114 248 222 293 Puri,
258 246 381 293 probi,
417 244 609 294 prosarum,
648 249 702 282 sui
729 248 811 281 auri
837 244 1045 282 dicebatur²5
1068 248 1100 280 in
1128 250 1382 283 manumissione
1408 262 1576 286 sacrorum
1604 265 1712 288 causa.
1765 255 1819 288 Ex
1843 257 1961 300 quibus
1987 261 2063 304 puri

217 299 398 357 significat,
445 299 538 342 quod
563 299 597 332 in
622 311 684 333 usu
709 310 831 344 spurco
858 310 927 333 non
952 299 1067 338 fuerit;
1112 297 1256 344 probi²⁶‚
1296 302 1389 344 quod
1415 310 1507 337 recte
1534 311 1708 339 excoctum
1735 312 1984 353 purgatumque
2007 312 2063 351 εἰη

216 347 392 396 profan1²⁷‚
418 351 512 394 quod
537 362 667 384 sacrum
694 362 761 385 non
787 347 932 392 fueritffi,
960 355 993 384 et
1018 351 1112 394 quod
1139 352 1231 385 omni
1256 353 1421 398 religione
1448 356 1593 390 solutum
1621 358 1677 396 sit;
1706 358 1772 398 sui,
1799 360 1892 402 quod
1919 362 2062 396 alienum

219 413 287 435 non
313 402 360 435 sit.

117 453 310 490 Pacionem
335 448 493 495 antiqui²⁹
512 452 688 495 dicebant,
737 465 837 497 quam
863 464 951 487 nunc
978 452 1118 487 dicimus
1145 455 1334 498 pactionem
1344 453 1379 497 ³⁰,
1433 457 1521 490 unde
1549 463 1579 491 et
1590 454 1614 475 ³¹
1634 461 1772 504 pacisci
1798 461 1911 498 adhuc
1938 470 1970 498 et
1992 476 2061 510 pa-

221 516 281 539 ceo
291 501 315 521 ³²
333 505 367 537 in
392 515 452 537 usu
478 509 711 540 remanserunt.

119 556 293 591 Pateram
314 552 560 601 perplovere³³
582 568 686 599 quum
697 553 722 573 ³³
742 556 906 599 dicerent,
949 555 1183 600 significabant
1209 563 1377 602 pertusam
1406 571 1484 592 esse.

119 608 309 642 Pastinum
320 604 344 623 ³⁵⁷
365 608 399 639 in
425 607 523 640 sacris
549 607 606 640 libi
633 619 738 653 genus
748 604 773 624 ³⁶
795 607 937 640 rotundi.

120 658 297 693 Paludati
323 659 457 701 armati,
502 659 618 691 ornati.
670 658 792 692 Omnia
819 660 906 692 enim
934 662 1128 690 ornamenta
1154 659 1308 692 militaria
1328 660 1590 705 paludamenta
1617 662 1780 699 dicebant.

121 710 223 744 Prox
248 706 371 742 bona³⁷
389 720 471 751 vox,
510 714 547 742 ut
573 710 709 743 aestimo
721 707 755 753 ³⁶,
794 710 886 754 quasi
911 709 1021 754 proba
1030 705 1055 726 3⁹
1075 720 1149 742 vox.

122 761 277 795 Penates
302 760 357 793 alii
381 761 512 802 volunt,
551 766 588 794 ut
613 758 771 796 habeat⁴⁰
793 761 1030 795 nominativum
1056 760 1257 806 singularem
1278 773 1412 807 penas,
1454 763 1508 795 alii
1527 765 1678 808 penatis.

122 808 376 847 Praeciderefl
403 812 592 846 antecidere
603 810 637 855 ⁴²,
672 813 707 846 id
717 809 742 830 ⁴³
764 818 813 847 est
839 818 915 846 ante
940 812 1126 848 immolare.

123 863 226 898 Pube
248 867 436 908 praesente
462 868 510 896 est
530 865 663 909 populo
689 870 879 909 praesente,
913 860 1195 908 συνεκδοχικῶςΗ
1214 865 1258 898 ab
1284 865 1354 904 his,
1389 866 1446 909 qui
1472 866 1616 910 puberes
1642 865 1759 911 sunt⁴⁵‚
1793 881 1924 905 omnem
1951 882 2065 917 popu—

226 915 298 948 lum
321 915 509 959 significans
519 912 554 950 ⁴⁶.

125 966 298 1000 Priveras
322 967 475 999 mulieres
498 967 651 1011 privatas,

126 1017 347 1052 Promezzere
372 1018 464 1051 litem
489 1029 700 1062 promovere.

126 1069 274 1104 Purime
298 1069 444 1102 tetinero
469 1069 640 1113 purissime
666 1074 814 1102 tenuero.

128 1121 288 1155 Pristina
312 1121 403 1154 velut
428 1120 586 1164 priustina
613 1121 738 1155 dictum
765 1125 822 1155 est.

130 1172 361 1217 Praesagitio
393 1171 498 1214 dicta,
546 1172 639 1216 quod
670 1172 863 1217 praesagire
897 1175 946 1205 est
979 1176 1074 1205 acute
1107 1172 1234 1205 sentire.
1293 1170 1395 1204 Unde
1421 1183 1521 1218 sagae
1549 1172 1658 1207 dictae
1686 1173 1810 1217 anus⁴⁷.
1857 1189 1941 1221 quae
1967 1179 2069 1212 multa

231 1225 354 1264 sciunt,
387 1227 420 1256 et
444 1234 582 1268 sagaces
609 1234 722 1267 canes,
756 1224 814 1268 qui
840 1223 987 1256 ferarum
1014 1222 1139 1257 cubilia
1165 1223 1396 1268 praesentiunt.

1775 152 1876 187 Unde
1899 161 1932 190 et
1951 168 2062 204 pene.

860 1339 1166 1383 LIBER
1240 1340 1344 1383 XV.

136 1422 330 1471 Quirinalis
352 1429 460 1470 porta
486 1423 620 1469 dictam,
652 1427 720 1460 sive
746 1426 840 1471 quod
867 1438 907 1461 ea
932 1427 967 1460 in
993 1426 1118 1462 collem
1146 1426 1354 1468 Quirinalem
1378 1421 1489 1468 itm-⁴¹⁹,
1518 1438 1576 1460 seu
1586 1423 1612 1445 ⁵⁰
1631 1428 1724 1471 quod
1749 1430 1901 1474 proxime
1927 1440 2000 1464 eam
2026 1436 2076 1465 est

237 1475 366 1516 Quirini
393 1478 562 1511 sacellum.

138 1525 340 1573 Quirinalia
365 1528 455 1570 dies,
490 1540 559 1572 quo
586 1529 725 1571 Quirino
752 1530 876 1563 fiebant
901 1540 1013 1571 sacra,
1048 1529 1167 1563 eadem
1196 1534 1228 1562 et
1255 1529 1432 1562 stultorum
1457 1528 1562 1562 feriae
1587 1534 1660 1563 sunt
1685 1527 1898 1575 appellata⁵¹.

138 1577 335 1624 Quirinalis
360 1580 458 1613 collis
487 1580 593 1615 dictus
624 1585 689 1623 est,
736 1582 813 1624 quia
839 1582 872 1613 in
899 1592 975 1614 eum
1003 1582 1268 1627 commigrarunt
1277 1576 1302 1598 ⁵²
1322 1580 1438 1614 Sabini
1463 1575 1517 1613 ³⁵³
1539 1580 1681 1615 Curibus
1707 1583 1890 1624 venientes,
1929 1584 2077 1628 quamvis

238 1629 293 1661 alii
318 1641 338 1661 a
363 1632 490 1675 templo
518 1632 648 1673 Quirini
676 1632 802 1666 dictum
828 1637 955 1677 putent.

141 1677 330 1763 Quiritium
345 1681 473 1726 fossae
498 1683 624 1725 dictae,
666 1684 758 1727 quod
787 1696 841 1717 eas
865 1685 978 1718 Ancus
1002 1683 1159 1725 Martius,
1196 1694 1301 1727 quum
1327 1683 1443 1716 urbem
1471 1682 1709 1725 circumdedit,
1742 1681 1955 1726 Quiritium-⁹
1975 1697 2079 1731 opera

257 1731 328 1764 ecit.

141 1847 173 1877 L.
193 1847 249 1876 Gn.
265 1849 294 1879 1.
316 1858 364 1887 pr.
395 1865 430 1870 -
461 1849 506 1889 23)
531 1852 693 1890 cuiusque]
715 1854 922 1891 cuiuscunque
940 1852 974 1880 B.
992 1851 1090 1882 Gu.1.
1133 1848 1210 1888 beat]
1232 1848 1362 1877 habeant
1375 1848 1409 1877 B.
1435 1865 1470 1870 —
1494 1847 1541 1890 41)
1562 1849 1750 1891 Praecidere]
1773 1853 1824 1881 Sic
1837 1852 1869 1881 1..
1879 1852 1913 1881 Β.
1928 1852 2022 1884 Gu-1.
2036 1861 2081 1891 pr.

141 1904 184 1913 --
205 1889 254 1928 24)
271 1892 414 1928 profani]
438 1902 494 1921 om.
515 1903 563 1933 pr.
593 1911 636 1916 -—
663 1897 712 1931 25)
733 1894 906 1931 dicebatur]
930 1895 979 1923 Sic
1003 1893 1090 1923 codd.
1133 1893 1161 1921 S.
1200 1890 1417 1930 praetercidere
1438 1892 1518 1932 vulg.
1538 1893 1594 1922 Gu.
1609 1897 1639 1927 2.
1661 1899 1690 1924 et
1703 1894 1744 1924 M.
1770 1911 1804 1916 —
1831 1895 1877 1931 42)
1899 1893 2081 1930 antectdere]

143 1932 213 1962 edit.
230 1942 276 1972 pr.
292 1933 321 1961 S.
365 1932 479 1963 dicitur
495 1936 577 1974 vulg.
604 1952 647 1958 —
675 1937 722 1975 26)
740 1938 885 1976 probi—
898 1947 959 1966 non
973 1935 1090 1974 fuerit]
1136 1940 1206 1963 ante
1223 1933 1321 1962 cedere
1337 1934 1368 1965 L.
1382 1933 1414 1962 B.
1437 1934 1495 1965 Gu.
1512 1937 1539 1966 1.
1561 1952 1604 1957 —
1625 1936 1670 1976 43)
1691 1936 1744 1976 id]
1766 1947 1822 1966 om.
1839 1936 1877 1966 Μ.
1899 1954 1942 1960 -
1963 1935 2011 1977 44)
2034 1946 2083 1967 συ-

144 1984 201 2004 om.
220 1975 252 2003 L·
272 1991 315 1998 ·-
336 1975 382 2016 27)
398 1978 528 2015 profani
541 1994 582 2002 --
594 1979 684 2008 solut.
700 1980 757 2018 stt]
782 1991 840 2009 om.
862 1980 918 2009 Gu.
935 1982 962 2011 1.
980 1988 1029 2018 pr.
1050 1994 1093 2000 --
1135 1977 1323 2016 νεκδοχικῶς]
1348 1987 1404 2006 om.
1418 1977 1451 2006 L.
1466 1978 1498 2008 B.
1514 1978 1568 2007 Gu.
1580 1981 1608 2011 1.
1624 1989 1671 2018 pr.
1689 1995 1732 2002 —
1751 1979 1802 2018 45)
1819 1979 1903 2019 sunt]
1927 1981 1988 2008 sint
2001 1979 2035 2008 Β.
2045 1979 2084 2009 Μ.

143 2019 190 2054 28)
207 2017 320 2056 suerit]
341 2018 390 2047 Sic
403 2019 436 2048 B.
450 2019 490 2048 M.
505 2020 637 2054 Gu.1.2.
669 2023 710 2050 sit
726 2023 805 2061 vulg.
826 2038 869 2045 --
889 2022 938 2059 29)
961 2019 1094 2059 antiqui]
1139 2020 1196 2049 Gu.
1209 2023 1238 2052 2.
1265 2036 1301 2041 --
1323 2018 1369 2059 46)
1390 2020 1585 2060 signficans]
1608 2023 1766 2061 sigmflcat
1785 2022 1819 2051 L
1845 2038 1888 2045 —
1913 2022 1966 2058 47)
1988 2024 2083 2058 anus]

144 2070 202 2089 om.
217 2060 250 2088 B.
278 2075 320 2082 —
347 2059 393 2100 30)
415 2060 631 2102 dicim.pact.]
655 2064 704 2093 Sic
725 2065 761 2095 B.
783 2065 840 2094 Gu.
853 2067 880 2096 1.
897 2066 926 2095 2.
944 2065 972 2092 S.
1012 2068 1096 2101 pact.
1139 2073 1196 2092 om.
1212 2062 1245 2091 B.
1269 2078 1307 2085 --
1329 2063 1378 2100 48)
1400 2062 1497 2102 dicta]
1514 2074 1572 2093 om.
1584 2065 1617 2093 B.
1637 2079 1680 2087 —
1699 2065 1747 2104 49)
1766 2066 1842 2102 itur]
1865 2067 1921 2093 iter
1938 2065 2086 2097 Gu.1.—

145 2101 203 2131 dic.
219 2102 299 2140 vulg.
327 2118 368 2125 —
396 2102 446 2143 31)
467 2105 512 2144 et]
536 2116 593 2135 om.
607 2106 639 2135 L.
661 2122 703 2129 —
722 2105 768 2145 32)
786 2105 899 2145 paceo]
924 2106 973 2134 Sic
995 2105 1050 2134 Gu.
1066 2108 1095 2136 2.
1139 2107 1184 2143 50)
1206 2103 1270 2143 seu]
1286 2104 1334 2133 Sic
1350 2105 1388 2134 Μ.
1407 2105 1502 2139 Gu.2.
1514 2116 1561 2146 pr.
1596 2108 1658 2136 sive
1672 2107 1753 2146 vulg.
1785 2108 1834 2137 vel
1844 2108 1877 2137 L.
1900 2123 1942 2129 ——-
1962 2106 2008 2146 51)
2031 2117 2085 2145 ap-

144 2155 190 2184 pr.
206 2144 235 2173 S.
275 2151 367 2183 pacto
385 2145 418 2176 L.
437 2146 493 2178 Gu.
511 2150 538 2178 1.
578 2159 659 2186 paco
673 2149 754 2186 vulg.
776 2165 819 2171 —
839 2146 886 2187 33)
904 2147 1096 2187 perplovere]
1134 2147 1268 2187 pellata]
1291 2148 1463 2186 appellatae
1476 2149 1507 2179 L.
1518 2149 1551 2178 B.
1572 2165 1614 2172 —
1635 2150 1686 2189 52)
1709 2151 1960 2190 commigrarunt]
1982 2149 2031 2179 Sic
2047 2148 2085 2177 M.

142 2187 318 2226 proplovere
333 2188 363 2216 L.
381 2188 438 2218 Gu.
452 2192 479 2221 1.
495 2199 542 2228 pr.
566 2206 602 2212 -—
626 2191 675 2229 34)
698 2190 803 2229 quum]
827 2200 919 2229 quom
933 2191 964 2219 B.
986 2207 1028 2213 —
1049 2187 1097 2230 35)
1140 2191 1232 2222 Gu.2.
1245 2200 1290 2229 pr.
1321 2192 1520 2230 commigrare
1534 2192 1588 2221 Gu.
1600 2195 1627 2224 1.
1660 2195 1934 2233 commigraverunt
1948 2193 1976 2220 S.
2008 2200 2085 2219 com-

146 2228 330 2269 Pastillum]
353 2229 517 2260 Pasallum
531 2232 562 2263 L.
587 2249 622 2254 —
647 2235 692 2267 36)
717 2233 773 2261 libi
790 2232 906 2272 genus]
925 2243 1024 2271 genus
1043 2232 1098 2261 libi
1140 2234 1305 2272 migravere
1319 2233 1352 2264 L.
1367 2233 1401 2262 Β.
1444 2236 1478 2263 ἰη
1500 2245 1532 2263 eo
1551 2244 1608 2275 pro
1630 2236 1662 2265 in
1681 2247 1749 2265 eum
1768 2237 1803 2266 B.
1824 2253 1866 2260 —
1888 2235 1936 2273 53)
1958 2233 1996 2272 a]
2018 2231 2083 2261 add·

146 2272 179 2300 B.
203 2288 243 2294 —
263 2270 311 2312 37)
334 2273 430 2312 bona]
446 2285 506 2313 pro
525 2274 605 2303 hona
627 2275 684 2306 Gu.
700 2278 728 2307 1.
750 2292 793 2298 —
814 2276 861 2313 38)
884 2275 1026 2315 aestimo]
1048 2286 1098 2304 ex-
1141 2285 1242 2306 omnes
1259 2275 1345 2304 codd.
1361 2276 1430 2307 edit.
1446 2287 1494 2316 pr.
1539 2287 1596 2308 om.
1612 2279 1641 2307 S.
1663 2295 1704 2301 -—
1726 2277 1773 2319 54)
1799 2278 1984 2318 Quiritium]
2010 2274 2083 2312 Qui·

149 2316 250 2343 mimo
268 2315 323 2344 Gu.
339 2319 365 2348 1.
382 2318 410 2345 S.
429 2334 467 2338 —
491 2315 536 2355 39)
555 2317 672 2356 proba]
696 2317 774 2347 hona
790 2318 846 2347 Gu.
860 2320 886 2349 1.
908 2334 951 2341 -
968 2317 1015 2358 40)
1038 2318 1098 2346 Ιια-
1141 2321 1236 2348 ritum
1247 2318 1278 2348 L.
1294 2318 1326 2348 B.
1343 2319 1399 2348 Gu.
1413 2321 1440 2350 1.

1604 2372 1677 2405 R*
