2263 2668
225 164 301 200 556
651 159 997 195 COMMENTARII
1021 161 1070 195 IN
1096 161 1239 196 PAULI
1265 161 1461 197 DIACONI
1487 164 1742 200 EXCERPTA

226 259 270 288 fra
293 255 344 287 sed
365 256 450 285 etiam
470 251 696 293 participialiter
716 264 771 293 pro
794 260 937 283 ostentato
961 255 1125 284 testimonio
1148 264 1188 285 est
1212 261 1266 286 etc.
1306 257 1424 286 Servius
1442 257 1463 286 Ι.
1487 257 1595 296 Georg.
1619 257 1662 298 (p.
1676 260 1726 290 84.
1752 258 1796 288 ed.
1822 259 1924 298 Dan.):
1950 259 2075 291 Obtenta
2097 265 2173 294 sicut

225 307 337 331 ostenta
384 297 421 326 ab
443 306 475 324 eo
497 294 576 335 quod
598 303 639 323 est
661 296 736 324 enim
760 294 896 324 ostendor
918 303 1022 325 veteres
1042 299 1230 337 participium
1254 307 1396 337 ostentus,
1428 311 1486 329 non
1509 308 1640 330 ostensus
1662 299 1808 332 dicebant.
1852 301 1918 341 Ipse
1940 301 2033 332 alibi.-
2061 316 2173 344 prae...

225 322 399 380 tentadue
422 336 600 377 Syrtibus
622 349 721 367 arva.
770 339 880 368 Terent.
905 340 934 367 in
960 338 1089 370 Eunuch„
1113 341 1184 379 (ΙΙΙ,
1208 344 1242 379 5,
1266 343 1349 379 56.):
1391 353 1437 371 an
1467 354 1530 382 ego
1559 344 1799 374 occasionem
1829 344 1920 373 mihi
1945 352 2172 378 ostentatam

225 392 300 413 tam
324 382 471 410 brevem.
516 378 659 408 Similiter
680 388 721 409 est
743 379 820 409 illud
842 381 872 409 in
895 381 1088 411 Phormione:
1128 383 1250 425 Neque
1280 397 1330 413 me
1360 396 1454 414 nunc
1477 384 1621 414 domum
1645 388 1863 426 reciperem,
1903 387 1940 415 ni
1961 387 2052 417 mihi
2074 397 2172 419 esset

224 436 308 465 spes
329 428 524 453 ostentata
546 421 704 451 huiusce
725 421 926 452 habendae.
960 424 1024 452 Non
1049 424 1171 454 dubium
1195 432 1254 463 est,
1276 427 1346 466 quin
1370 428 1492 456 Servius
1515 428 1546 456 in
1570 433 1697 467 utroque
1720 430 1787 458 loco
1809 429 1927 458 Terent.
1950 429 2054 467 legerit
2077 439 2173 461 osten-

224 475 294 496 tam.
337 464 441 494 Attius
462 464 492 492 in
515 463 653 494 Bacchis.
698 465 768 494 Eius
790 466 1006 506 propemodum
1032 467 1185 507 deplorata
1208 475 1276 499 sunt
1299 470 1397 499 verba.
1442 471 1535 509 Lege,
1573 475 1607 500 ut
1630 472 1742 511 optime
1765 472 1895 511 Scaliger
1917 472 1947 500 in
1971 474 2171 503 coniectaneis

224 509 303 547 (pag.
315 509 366 540 88.
390 505 524 546 Steph.):

987 570 1029 575 —
1074 573 1111 577 —
1155 573 1197 578 —
1241 554 1380 585 Pentheus

715 591 836 622 Praesto
859 595 978 624 cerritus
1001 595 1085 627 nobis
1105 610 1135 627 se
1156 607 1271 639 stupens
1294 597 1371 628 ultro
1395 605 1537 628 ostentum
1562 598 1678 630 obtulit.

224 633 314 671 Quod
336 644 373 664 ex
395 634 519 663 Bacchis
542 634 691 674 Euripidis
715 636 806 664 vertit
828 638 925 665 Attius
948 639 1065 677 (211.):

716 676 855 714 Πενθεύς
878 678 954 718 πρὸς
978 682 1082 718 οἴκους
1105 680 1153 714 ὅδε
1177 681 1226 713 διὰ
1249 684 1383 722 σπουδῆς
1405 685 1495 725 περᾷ.

223 718 311 750 Duc.
340 716 481 748 Irridetis.
511 718 631 749 Irrides.
661 719 853 759 Asportatur.
880 722 1058 762 Adoptatur.
1085 724 1188 755 Goth.
1234 726 1316 754 Accii
1340 726 1437 754 locum
1461 727 1504 755 sic
1527 726 1636 765 legam:

715 762 855 792 Praesens
876 776 905 793 se
925 774 1042 805 praesto
1066 769 1185 797 cerritus
1208 767 1291 796 nohis
1313 775 1429 808 stupens

715 803 854 834 Pentheus
878 806 955 837 ultro
979 817 1120 838 ostentum
1144 810 1249 839 obtulit
1272 831 1586 840 ...........

386 844 541 875 Ostinet.
588 845 726 876 Obstinet.
768 848 933 885 Legendum
957 852 987 879 in
1011 854 1139 881 carmine
1164 852 1198 881 de
1220 851 1319 889 caelo,
1350 864 1409 881 non
1432 865 1462 882 se
1485 852 1574 883 caelo.
1606 852 1709 883 Scal.
1755 853 1831 882 Puto
1859 852 2014 891 legendum
2037 852 2170 891 obstante,

220 896 287 915 nam
310 886 351 915 ita
374 892 455 916 recte
477 898 533 927 pro
557 887 699 926 ostendit,
723 889 877 929 deperdita
900 894 984 922 litera
1002 893 1030 924 cl.
1068 895 1110 924 Ita
1130 894 1275 934 disperiere
1291 896 1430 924 dicebant
1446 906 1501 934 pro
1520 895 1706 937 dispendere5
1728 897 1758 924 in
1776 900 1834 925 vet.
1852 896 1981 926 carmine
1998 896 2170 935 legendum:

816 932 876 962 Sed
898 936 958 964 iam
980 948 1009 965 se
1031 936 1111 966 coelo
1134 937 1236 967 cedens
1258 948 1368 967 aurora
1391 938 1526 968 obstenit.

220 970 258 1000 Se
281 970 361 1001 coelo
386 970 488 1001 cedens
509 983 564 1011 pro
586 973 719 1003 secedens
742 974 840 1013 coelo,
867 982 899 1006 ut
921 988 1008 1018 saepe
1031 985 1154 1009 veteres.
1178 980 1267 1010 Duc.
1302 980 1336 1010 Si
1356 979 1447 1010 caelo.
1475 981 1515 1009 De
1539 981 1633 1009 coelo.
1661 978 1767 1010 Goth..
1803 978 1949 1017 Obstenit‚
1973 981 2054 1019 quod
2079 982 2171 1011 Dace·

217 1014 279 1042 rius
303 1013 440 1051 volebat,
463 1015 540 1044 nihil
563 1021 623 1053 est,
652 1027 719 1045 nam
746 1018 826 1056 apud
849 1020 985 1050 Plautum
1008 1022 1069 1051 Mil.
1091 1024 1129 1060 gl.
1149 1025 1185 1059 5,
1212 1025 1260 1054 14.
1288 1021 1441 1052 distennite
1462 1034 1498 1053 ac
1521 1022 1668 1064 dipennite
1689 1023 1814 1061 legitur,
1840 1023 1918 1052 unde
1940 1023 2039 1062 colligi
2061 1029 2171 1064 potest,

217 1057 414 1094 penultimam
438 1058 522 1086 verbi
545 1057 678 1089 distenno
700 1070 758 1088 non
782 1062 903 1099 corripi.
949 1064 1048 1100 Quare
1071 1066 1113 1093 sic
1136 1066 1293 1103 legendum
1318 1066 1474 1094 coniicias:

815 1103 875 1133 Sed
898 1106 956 1135 iam
979 1119 1008 1135 se
1030 1107 1111 1137 caelo
1135 1107 1264 1137 candens
1286 1119 1394 1137 aurora
1417 1107 1551 1137 obstinet.

216 1141 255 1168 ita
279 1145 313 1169 ut
334 1141 425 1170 verba
448 1153 530 1171 suum
551 1151 663 1182 patrem
684 1144 716 1173 in
739 1148 873 1184 sequenti
899 1158 985 1177 versu
1014 1150 1112 1188 posita
1143 1151 1253 1179 fuerint
1283 1155 1312 1179 et
1340 1161 1452 1180 novum
1483 1150 1673 1179 enunciatum
1702 1149 1877 1189 inceperint.
1921 1149 1960 1180 Se
1982 1149 2106 1180 obstinet
2127 1155 2172 1180 est

215 1194 245 1211 se
267 1182 402 1212 ostendit.

383 1227 494 1255 Oscin
504 1239 546 1256 es.
591 1228 677 1257 Picus
699 1228 844 1259 Feronius
868 1232 965 1262 dictus
990 1245 1005 1262 a
1028 1234 1172 1271 Feronia,
1196 1240 1229 1263 ut
1252 1235 1375 1264 Martius
1399 1246 1414 1264 a
1437 1235 1541 1264 Marte.
1574 1235 1716 1272 Feronia,
1740 1234 1794 1264 dea
1816 1235 2006 1273 libertorum,
2030 1235 2060 1264 in
2084 1235 2169 1264 cuius

200 1267 325 1306 ‚templo
348 1278 415 1297 raso
440 1270 537 1308 capite
560 1271 671 1309 pileum
695 1273 894 1312 accipiebant3
932 1276 964 1304 in
989 1277 1151 1316 eodemque
1174 1278 1284 1317 templo
1306 1278 1484 1308 Tarracinae
1507 1277 1598 1307 sedile
1619 1278 1769 1317 lapideum
1792 1278 1865 1316 fuit,
1892 1278 1922 1307 iu
1945 1288 2004 1317 quo
2028 1278 2078 1307 hic
2101 1288 2169 1307 ver·

217 1319 266 1338 sus
289 1320 401 1339 memus
424 1317 503 1340 erat:

649 1354 729 1385 Bene
750 1359 846 1387 meriti
866 1360 940 1389 servi
962 1360 1097 1397 sedeant,
1120 1369 1243 1401 surgant
1266 1360 1360 1391 liberi.

215 1404 304 1432 quam
329 1395 423 1424 Varro
446 1396 617 1425 libertatum
642 1399 724 1427 deam
749 1400 836 1432 dicit.
867 1404 950 1441 quasi
974 1404 1136 1434 Fidoniam.
1182 1404 1261 1432 Haec
1286 1405 1373 1443 primi
1398 1414 1435 1433 ex
1457 1404 1575 1433 schedis
1597 1404 1749 1433 veteribus
1772 1404 1802 1433 in
1826 1404 1980 1442 Virgilium
2004 1405 2169 1443 vulgamus,

214 1435 316 1466 Scal-
352 1438 446 1467 Varro
470 1439 522 1468 lib·
537 1439 569 1468 V·
594 1439 670 1478 (p³g·
684 1444 756 1473 252.
780 1443 860 1482 Sp.):
892 1446 1010 1475 Oscines
1033 1445 1171 1476 dicuntur
1192 1446 1272 1485 apud
1293 1447 1431 1486 Augures
1454 1445 1534 1486 quod
1556 1457 1604 1475 ore
1622 1446 1744 1486 faciunt
1767 1447 1940 1485 auspicium.
1977 1447 2088 1476 Alitum
2113 1458 2169 1476 au-

213 1483 271 1507 tem
295 1479 370 1508 aliae
395 1482 522 1517 oscines,
548 1482 622 1511 aliae
645 1481 738 1512 alites.
784 1486 859 1515 Plin.
881 1487 931 1515 lib.
944 1489 981 1518 X.
1004 1499 1069 1527 cap.
1087 1493 1153 1522 19.:
1182 1488 1271 1518 Nunc
1295 1488 1329 1517 de
1352 1488 1479 1518 secundo
1503 1488 1606 1518 ordine
1629 1487 1779 1526 dicamus,
1804 1489 1855 1528 qui
1875 1489 1906 1517 in
1929 1487 2004 1518 duas
2027 1488 2170 1519 dividitur

211 1522 333 1560 species,
359 1523 470 1551 oscines
492 1532 518 1552 et
540 1523 633 1553 alites.
676 1524 802 1556 Illarum
821 1530 920 1567 generi
943 1538 1046 1559 cantus
1069 1532 1145 1567 oris,
1168 1530 1213 1559 liis
1234 1530 1409 1570 magnitudo
1433 1530 1631 1571 differentiam
1655 1529 1744 1559 dedit.
1789 1530 1877 1560 Picus
1899 1531 2052 1569 Martius,
2078 1531 2168 1563 Fero-

211 1564 342 1604 niusque.
388 1565 533 1595 Feronius
555 1578 571 1595 a
594 1567 736 1605 Feronia,
760 1575 792 1598 ut
814 1571 936 1599 Martius
960 1583 975 1600 a
999 1573 1102 1601 Marte.
1136 1573 1257 1601 Servius
1281 1573 1319 1601 ad
1342 1574 1420 1602 illud
1443 1573 1520 1602 Vlll.
1544 1573 1665 1602 Aeneid.
1687 1572 1784 1610 (VIII,
1809 1572 1911 1612 564.):

645 1609 786 1640 Nascenti
808 1614 857 1642 cui
879 1621 936 1643 tres
956 1616 1070 1644 animas
1090 1614 1216 1644 Feronia
1239 1623 1341 1645 mater.

210 1646 335 1676 Feronia
358 1653 468 1686 mater,
504 1650 634 1689 nympha
659 1652 842 1692 Campaniae.
887 1656 966 1685 Haec
989 1657 1077 1686 etiam
1099 1658 1276 1687 libertorum
1300 1658 1353 1687 dea
1378 1663 1437 1695 est,
1477 1657 1508 1686 in
1532 1658 1617 1686 cuius
1641 1657 1752 1696 templo
1774 1667 1842 1686 raso
1865 1658 1961 1696 capite
1980 1657 2091 1696 pileum
2114 1669 2166 1688 ac·

211 1690 375 1728 cipiebant3
408 1692 491 1721 cuius
513 1694 557 1722 rei
580 1694 667 1722 etiam
691 1696 812 1725 Plautus
835 1698 905 1727 fecit
928 1700 1107 1728 mentionem
1130 1701 1160 1729 in
1184 1700 1418 1740 Amphitruone:
1796 1709 1801 1712 '

646 1735 735 1775 Quod
756 1740 868 1769 utinam
891 1740 942 1770 ille
960 1741 1049 1781 faxit
1073 1741 1183 1782 Iupiter
1205 1750 1234 1771 ut
1258 1754 1324 1772 raso
1347 1743 1443 1782 capite
1462 1749 1575 1781 portem
1596 1740 1715 1781 pileum.

211 1772 264 1801 Da
275 1785 298 1804 c.
329 1774 439 1806 Alites.
469 1776 542 1805 Vide
562 1787 653 1817 supra
670 1779 780 1812 Alites.
809 1782 884 1813 Aut.
908 1784 1007 1813 Alites.
1029 1785 1090 1815 Ac.
1114 1786 1182 1815 Aut.
1206 1783 1400 1814 Immissulus.
1422 1785 1542 1814 Miluus.
1576 1784 1635 1813 Alii
1657 1784 1861 1814 Immussulus.
1893 1782 1975 1814 Adde
1996 1794 2086 1824 supra
2102 1784 2164 1816 Im-

211 1816 347 1846 musulus.
380 1817 455 1847 Pica
478 1827 582 1848 autem.
613 1822 700 1851 Picus
724 1828 831 1853 autem.
866 1824 986 1856 Cecinit.
1018 1828 1158 1857 Crocivit.
1206 1826 1313 1858 Goth.

375 1860 492 1890 Ostia.
537 1863 640 1893 Scribe
664 1875 699 1893 ex
722 1866 808 1895 Festo
831 1866 871 1895 ad
893 1870 1007 1897 exitum
1034 1869 1162 1906 Tiberis,
1195 1880 1249 1909 pro
1273 1869 1311 1898 ab
1334 1870 1418 1898 exitu
1444 1868 1567 1898 Tiberis.
1588 1868 1691 1898 Fulv.
1719 1868 1796 1899 Urs.
1839 1867 1921 1897 Flor.
1943 1867 1995 1898 lib.
2008 1868 2031 1899 I.
2054 1880 2118 1910 cap.
2130 1871 2161 1902 4.

213 1897 248 1925 de
272 1899 351 1929 Anco
375 1902 497 1932 Martio:
537 1905 707 1947 Ostiamque
734 1909 764 1937 in
793 1910 856 1949 ipso
885 1912 976 1940 maris
995 1912 1192 1952 fluminisque
1215 1913 1342 1953 corfinio
1365 1910 1513 1941 coloniam
1533 1912 1640 1951 posuit.
1685 1911 1736 1940 Ait
1758 1911 1862 1939 Festus
1884 1911 1991 1940 ostiam
2014 1912 2162 1943 adiective

213 1940 289 1978 dici,
315 1944 519 1975 subintellecta
543 1948 616 1978 urbe
640 1950 702 1978 sive
727 1952 853 1982 colonia.
879 1952 967 1984 Dae.
1004 1954 1057 1984 Ab
1080 1955 1164 1983 exitu
1191 1954 1313 1985 Tiberis.
1351 1954 1397 1983 Ad
1419 1954 1531 1982 exitum
1554 1954 1678 1984 Tiberis·
1726 1952 1830 1983 Goth·

376 1987 573 2020 Osculana.
604 1992 663 2028 (Ad
685 2003 752 2031 pag.
769 1997 850 2032 193.)
881 1996 937 2024 Pro
960 1995 1148 2025 Ausculana.
1193 1997 1276 2033 Quae
1305 1997 1429 2033 desunt,
1467 1997 1508 2025 ita
1537 1997 1605 2035 plus
1635 1996 1732 2025 minus
1762 1996 1874 2035 expleri
1898 2006 1987 2036 posse
2008 1996 2159 2027 videntur.

213 2022 372 2063 Sulpitius:
407 2028 548 2068 Pyrrhum
578 2035 716 2064 victorem
738 2036 809 2066 vicit
832 2038 898 2066 item
922 2039 1081 2078 imperator
1103 2047 1207 2069 noster.
1251 2040 1352 2068 Titinii
1374 2049 1480 2069 versus
1503 2049 1564 2068 nou
1586 2044 1647 2068 tam
1669 2039 1779 2069 divulsi
1800 2043 1888 2076 sunt,
1926 2049 2012 2078 quam
2034 2039 2159 2070 lacunae

211 2066 381 2105 praeferunt
390 2080 395 2097 ι

700 2118 788 2149 Haec
810 2120 926 2161 quidem
949 2123 1038 2162 quasi
1061 2122 1211 2152 Osculana
1231 2135 1332 2164 pugna
1354 2131 1411 2160 est,
1443 2135 1500 2152 non
1522 2135 1613 2154 secus.

303 2193 308 2198 .
701 2161 795 2199 Quia,
819 2163 887 2193 hinc
909 2166 961 2204 qui
979 2164 1083 2205 fugere
1105 2164 1240 2205 impulsi,
1266 2165 1360 2206 spolia
1384 2165 1537 2205 colligunt.

212 2192 310 2222 Plauu
332 2203 435 2222 versus
459 2194 537 2225 haud
561 2201 622 2228 scio
645 2212 682 2230 an
705 2210 787 2233 recte
811 2216 847 2234 ex
871 2207 1044 2236 Nervolaria
1069 2210 1284 2246 producantur.
1321 2209 1443 2237 Constat
1465 2209 1542 2237 enim
1565 2207 1683 2238 eosdem
1705 2208 1763 2247 legi
1784 2207 1815 2237 in
1833 2206 1937 2236 Sticho
1959 2207 1998 2246 (Ι,
2021 2211 2056 2246 2,
2080 2211 2156 2247 84.):

698 2245 738 2276 Pi.
778 2247 925 2277 Osculum.
975 2250 1029 2278 An.
1052 2249 1108 2278 Sat
1131 2258 1172 2279 est
1193 2250 1267 2279 mihi
1288 2250 1383 2281 osculi
1403 2252 1499 2280 uestri.

700 2287 740 2316 Pi.
781 2288 839 2325 Qui
861 2290 966 2321 amabo
989 2293 1030 2321 mi
1048 2291 1160 2331 pater?

701 2328 754 2356 An·
782 2329 858 2367 Quia
881 2334 923 2361 ita
947 2345 1026 2362 meae
1048 2335 1166 2363 animae
1187 2334 1303 2364 salsura
1325 2335 1424 2365 evenit.
1452 2351 1488 2357 ·-
1515 2351 1556 2357 —

211 2359 236 2389 S
243 2359 312 2389 cal.
352 2361 435 2398 Quae
457 2363 533 2393 infra
557 2364 678 2402 desunt,
706 2369 748 2396 sic
772 2373 892 2409 expleo:
925 2375 1014 2404 Brevi
1034 2376 1154 2405 eundem
1178 2390 1269 2417 regem
1294 2376 1438 2407 devicerat
1461 2375 1612 2416 Sulpicius
1635 2375 1757 2405 Saverio
1779 2376 1846 2405 item
1869 2377 2028 2415 imperator
2048 2382 2151 2406 noster.

209 2403 246 2432 Et
266 2413 368 2433 verum
392 2410 451 2442 ‘3⁸23
473 2417 541 2436 nam
563 2418 588 2437 a·
612 2408 645 2439 U·
668 2410 698 2438 C·
721 2411 791 2442 473.
828 2414 962 2446 Valerius
985 2419 1129 2448 Laevinus
1153 2430 1168 2448 a
1191 2420 1307 2458 Pyrrho
1331 2420 1442 2457 victus,
1466 2420 1517 2458 qui
1542 2418 1675 2459 Pyrrhus
1698 2429 1774 2448 anno
1797 2418 1935 2457 sequenti
1957 2428 1973 2446 a
1996 2418 2027 2447 Ρ.
2049 2418 2152 2459 Sulpi-
