<?xml version="1.0" encoding="UTF-8"?>
<!DOCTYPE html PUBLIC "-//W3C//DTD XHTML 1.0 Transitional//EN"
    "http://www.w3.org/TR/xhtml1/DTD/xhtml1-transitional.dtd">
<html xmlns="http://www.w3.org/1999/xhtml" xml:lang="en" lang="en">
 <head>
  <title>
</title>
<meta http-equiv="Content-Type" content="text/html;charset=utf-8" />
  <meta name='ocr-system' content='tesseract 3.04.00' />
  <meta name='ocr-capabilities' content='ocr_page ocr_carea ocr_par ocr_line ocrx_word'/>
</head>
<body>
  <div class='ocr_page' id='page_1' title='image "./corpusgrammatico01linduoft_0446.png"; bbox 0 0 2263 2668; ppageno 0'>
   <div class='ocr_carea' id='block_1_1' title="bbox 238 105 288 139">
    <p class='ocr_par' dir='ltr' id='par_1_1' title="bbox 238 105 288 139">
     <span class='ocr_line' id='line_1_1' title="bbox 238 105 288 139; baseline -0.02 0"><span class='ocrx_word' id='word_1_1' title='bbox 238 105 288 139; x_wconf 77' lang='lat'><strong>24</strong></span> 
     </span>
    </p>
   </div>
   <div class='ocr_carea' id='block_1_2' title="bbox 661 105 1780 147">
    <p class='ocr_par' dir='ltr' id='par_1_2' title="bbox 661 105 1780 147">
     <span class='ocr_line' id='line_1_2' title="bbox 661 105 1780 147; baseline 0.008 -9"><span class='ocrx_word' id='word_1_2' title='bbox 661 105 804 139; x_wconf 90' lang='lat' dir='ltr'><strong>PAULI</strong></span> <span class='ocrx_word' id='word_1_3' title='bbox 829 105 951 140; x_wconf 84' lang='lat' dir='ltr'><strong>DlAc.</strong></span> <span class='ocrx_word' id='word_1_4' title='bbox 981 106 1238 143; x_wconf 85' lang='lat' dir='ltr'><strong>EXCERPTA</strong></span> <span class='ocrx_word' id='word_1_5' title='bbox 1263 110 1328 144; x_wconf 84' lang='lat' dir='ltr'><strong>Ex</strong></span> <span class='ocrx_word' id='word_1_6' title='bbox 1353 111 1442 145; x_wconf 95' lang='lat' dir='ltr'><strong>LlB.</strong></span> <span class='ocrx_word' id='word_1_7' title='bbox 1469 111 1613 146; x_wconf 84' lang='lat' dir='ltr'><strong>POMP.</strong></span> <span class='ocrx_word' id='word_1_8' title='bbox 1641 112 1780 147; x_wconf 84' lang='lat' dir='ltr'><strong>FESTI</strong></span> 
     </span>
    </p>
   </div>
   <div class='ocr_carea' id='block_1_3' title="bbox 237 194 1352 244">
    <p class='ocr_par' dir='ltr' id='par_1_3' title="bbox 237 194 1352 244">
     <span class='ocr_line' id='line_1_3' title="bbox 237 194 1352 244; baseline 0.004 -10"><span class='ocrx_word' id='word_1_9' title='bbox 237 199 438 234; x_wconf 76' lang='lat' dir='ltr'><strong><em>Amiculum</em></strong></span> <span class='ocrx_word' id='word_1_10' title='bbox 465 209 570 243; x_wconf 82' lang='lat' dir='ltr'><strong>genus</strong></span> <span class='ocrx_word' id='word_1_11' title='bbox 598 202 645 230; x_wconf 87' lang='lat' dir='ltr'><strong>est</strong></span> <span class='ocrx_word' id='word_1_12' title='bbox 665 194 675 214; x_wconf 90' lang='lat'><strong>¹</strong></span> <span class='ocrx_word' id='word_1_13' title='bbox 703 199 902 244; x_wconf 80' lang='lat' dir='ltr'><strong>vestimenti,</strong></span> <span class='ocrx_word' id='word_1_14' title='bbox 930 212 950 233; x_wconf 89' lang='lat' dir='ltr'><strong>a</strong></span> <span class='ocrx_word' id='word_1_15' title='bbox 975 201 1188 237; x_wconf 82' lang='lat' dir='ltr'><strong>circumiectu</strong></span> <span class='ocrx_word' id='word_1_16' title='bbox 1216 203 1352 238; x_wconf 86' lang='lat' dir='ltr'><strong>dictum.</strong></span> 
     </span>
    </p>
   </div>
   <div class='ocr_carea' id='block_1_4' title="bbox 237 247 713 293">
    <p class='ocr_par' dir='ltr' id='par_1_4' title="bbox 237 247 713 293">
     <span class='ocr_line' id='line_1_4' title="bbox 237 247 713 293; baseline -0.008 -8"><span class='ocrx_word' id='word_1_17' title='bbox 237 247 437 285; x_wconf 74' lang='grc' dir='ltr'><strong>Ααᾶίἰαυὶ.2</strong></span> <span class='ocrx_word' id='word_1_18' title='bbox 463 261 564 293; x_wconf 82' lang='lat' dir='ltr'><strong>saepe</strong></span> <span class='ocrx_word' id='word_1_19' title='bbox 592 249 713 282; x_wconf 87' lang='lat' dir='ltr'><strong>audivi.</strong></span> 
     </span>
    </p>
   </div>
   <div class='ocr_carea' id='block_1_5' title="bbox 238 297 1257 346">
    <p class='ocr_par' dir='ltr' id='par_1_5' title="bbox 238 297 1257 346">
     <span class='ocr_line' id='line_1_5' title="bbox 238 297 1257 346; baseline 0.002 -10"><span class='ocrx_word' id='word_1_20' title='bbox 238 303 417 336; x_wconf 80' lang='lat' dir='ltr'><strong>Allivescit</strong></span> <span class='ocrx_word' id='word_1_21' title='bbox 439 297 467 341; x_wconf 77' lang='lat'><strong>³,</strong></span> <span class='ocrx_word' id='word_1_22' title='bbox 494 297 624 333; x_wconf 77' lang='lat' dir='ltr'><strong>livere⁴</strong></span> <span class='ocrx_word' id='word_1_23' title='bbox 649 301 783 346; x_wconf 78' lang='lat' dir='ltr'>incipit,</span> <span class='ocrx_word' id='word_1_24' title='bbox 810 302 880 336; x_wconf 85' lang='lat' dir='ltr'><strong>hoc</strong></span> <span class='ocrx_word' id='word_1_25' title='bbox 908 308 955 336; x_wconf 83' lang='lat' dir='ltr'><strong>est</strong></span> <span class='ocrx_word' id='word_1_26' title='bbox 982 301 1147 337; x_wconf 79' lang='lat' dir='ltr'><strong>lividum5</strong></span> <span class='ocrx_word' id='word_1_27' title='bbox 1175 306 1257 339; x_wconf 89' lang='lat' dir='ltr'><strong>fieri.</strong></span> 
     </span>
    </p>
   </div>
   <div class='ocr_carea' id='block_1_6' title="bbox 237 352 951 396">
    <p class='ocr_par' dir='ltr' id='par_1_6' title="bbox 237 352 951 396">
     <span class='ocr_line' id='line_1_6' title="bbox 237 352 951 396; baseline -0.001 -7"><span class='ocrx_word' id='word_1_28' title='bbox 237 355 421 389; x_wconf 72' lang='lat' dir='ltr'><strong>Atticissat</strong></span> <span class='ocrx_word' id='word_1_29' title='bbox 446 352 556 386; x_wconf 82' lang='lat' dir='ltr'><strong>Attice</strong></span> <span class='ocrx_word' id='word_1_30' title='bbox 583 352 740 396; x_wconf 86' lang='lat' dir='ltr'><strong>loquitur.</strong></span> <span class='ocrx_word' id='word_1_31' title='bbox 795 354 951 388; x_wconf 80' lang='lat' dir='ltr'><strong>Plautus:</strong></span> 
     </span>
    </p>
   </div>
   <div class='ocr_carea' id='block_1_7' title="bbox 701 402 1334 451">
    <p class='ocr_par' dir='ltr' id='par_1_7' title="bbox 701 402 1334 451">
     <span class='ocr_line' id='line_1_7' title="bbox 701 402 1334 451; baseline 0.003 -13"><span class='ocrx_word' id='word_1_32' title='bbox 701 404 782 438; x_wconf 85' lang='lat' dir='ltr'><strong>Non</strong></span> <span class='ocrx_word' id='word_1_33' title='bbox 801 402 814 422; x_wconf 77' lang='lat'><strong>⁶</strong></span> <span class='ocrx_word' id='word_1_34' title='bbox 840 407 1031 451; x_wconf 80' lang='lat' dir='ltr'><strong>atticissat‚</strong></span> <span class='ocrx_word' id='word_1_35' title='bbox 1059 407 1124 440; x_wconf 80' lang='lat' dir='ltr'><strong>sed</strong></span> <span class='ocrx_word' id='word_1_36' title='bbox 1150 407 1334 445; x_wconf 75' lang='lat' dir='ltr'><strong>sicilissat3</strong></span> 
     </span>
    </p>
   </div>
   <div class='ocr_carea' id='block_1_8' title="bbox 235 454 771 604">
    <p class='ocr_par' dir='ltr' id='par_1_8' title="bbox 235 454 771 604">
     <span class='ocr_line' id='line_1_8' title="bbox 337 454 771 500; baseline 0.007 -13"><span class='ocrx_word' id='word_1_37' title='bbox 337 454 372 487; x_wconf 85' lang='lat' dir='ltr'><strong>id</strong></span> <span class='ocrx_word' id='word_1_38' title='bbox 401 458 448 487; x_wconf 83' lang='lat' dir='ltr'><strong>est</strong></span> <span class='ocrx_word' id='word_1_39' title='bbox 475 454 588 488; x_wconf 87' lang='lat' dir='ltr'><strong>Sicule</strong></span> <span class='ocrx_word' id='word_1_40' title='bbox 614 455 771 500; x_wconf 87' lang='lat' dir='ltr'><strong>loquitur.</strong></span> 
     </span>
     <span class='ocr_line' id='line_1_9' title="bbox 237 502 652 541; baseline -0.002 0"><span class='ocrx_word' id='word_1_41' title='bbox 237 507 376 541; x_wconf 76' lang='lat' dir='ltr'><strong>Airitas</strong></span> <span class='ocrx_word' id='word_1_42' title='bbox 393 502 405 522; x_wconf 79' lang='lat'>⁷</span> <span class='ocrx_word' id='word_1_43' title='bbox 432 506 493 538; x_wconf 90' lang='lat' dir='ltr'><strong>atri</strong></span> <span class='ocrx_word' id='word_1_44' title='bbox 521 506 652 540; x_wconf 83' lang='lat' dir='ltr'><strong>coloris.</strong></span> 
     </span>
     <span class='ocr_line' id='line_1_10' title="bbox 235 554 746 604; baseline 0.002 -12"><span class='ocrx_word' id='word_1_45' title='bbox 235 557 458 604; x_wconf 77' lang='lat' dir='ltr'><strong>Aegyptinos</strong></span> <span class='ocrx_word' id='word_1_46' title='bbox 477 554 489 573; x_wconf 61' lang='grc' dir='ltr'>Β</span> <span class='ocrx_word' id='word_1_47' title='bbox 516 558 703 604; x_wconf 78' lang='lat' dir='ltr'><strong>Aethiopas</strong></span> <span class='ocrx_word' id='word_1_48' title='bbox 724 557 746 593; x_wconf 76' lang='lat'><strong>⁹.</strong></span> 
     </span>
    </p>
   </div>
   <div class='ocr_carea' id='block_1_9' title="bbox 239 609 1644 657">
    <p class='ocr_par' dir='ltr' id='par_1_9' title="bbox 239 609 1644 657">
     <span class='ocr_line' id='line_1_11' title="bbox 239 609 1644 657; baseline 0.003 -13"><span class='ocrx_word' id='word_1_49' title='bbox 239 610 456 644; x_wconf 73' lang='lat' dir='ltr'><strong>Advelitatio</strong></span> <span class='ocrx_word' id='word_1_50' title='bbox 482 609 615 642; x_wconf 83' lang='lat' dir='ltr'><strong>iactatio</strong></span> <span class='ocrx_word' id='word_1_51' title='bbox 651 612 818 655; x_wconf 86' lang='lat' dir='ltr'>quaedam</span> <span class='ocrx_word' id='word_1_52' title='bbox 852 612 1030 645; x_wconf 87' lang='lat' dir='ltr'><strong>verborum</strong></span> <span class='ocrx_word' id='word_1_53' title='bbox 1065 613 1210 657; x_wconf 84' lang='lat' dir='ltr'><strong>figurata</strong></span> <span class='ocrx_word' id='word_1_54' title='bbox 1247 611 1289 644; x_wconf 85' lang='lat' dir='ltr'><strong>ab</strong></span> <span class='ocrx_word' id='word_1_55' title='bbox 1317 611 1417 646; x_wconf 82' lang='lat' dir='ltr'><strong>hastis</strong></span> <span class='ocrx_word' id='word_1_56' title='bbox 1445 614 1644 651; x_wconf 82' lang='lat' dir='ltr'><strong>velitaribus.</strong></span> 
     </span>
    </p>
   </div>
   <div class='ocr_carea' id='block_1_10' title="bbox 235 660 1190 810">
    <p class='ocr_par' dir='ltr' id='par_1_10' title="bbox 235 660 1190 810">
     <span class='ocr_line' id='line_1_12' title="bbox 338 660 793 704; baseline 0.004 -9"><span class='ocrx_word' id='word_1_57' title='bbox 338 662 457 695; x_wconf 82' lang='lat' dir='ltr'><strong>milites</strong></span> <span class='ocrx_word' id='word_1_58' title='bbox 484 663 576 704; x_wconf 79' lang='lat' dir='ltr'><strong>quasi</strong></span> <span class='ocrx_word' id='word_1_59' title='bbox 603 663 750 696; x_wconf 80' lang='lat' dir='ltr'><strong>volantes</strong></span> <span class='ocrx_word' id='word_1_60' title='bbox 761 660 793 696; x_wconf 85' lang='lat'><strong>¹⁰.</strong></span> 
     </span>
     <span class='ocr_line' id='line_1_13' title="bbox 235 709 1190 760; baseline 0.001 -13"><span class='ocrx_word' id='word_1_61' title='bbox 235 713 371 747; x_wconf 79' lang='lat' dir='ltr'><em>Auctor</em></span> <span class='ocrx_word' id='word_1_62' title='bbox 398 713 582 746; x_wconf 79' lang='lat' dir='ltr'><strong>communis</strong></span> <span class='ocrx_word' id='word_1_63' title='bbox 609 720 679 748; x_wconf 85' lang='lat' dir='ltr'><strong>erat</strong></span> <span class='ocrx_word' id='word_1_64' title='bbox 705 714 836 760; x_wconf 83' lang='lat' dir='ltr'><strong>generis</strong></span> <span class='ocrx_word' id='word_1_65' title='bbox 859 709 882 730; x_wconf 87' lang='lat'><strong>¹¹</strong></span> <span class='ocrx_word' id='word_1_66' title='bbox 910 714 1003 759; x_wconf 89' lang='lat' dir='ltr'><strong>apud</strong></span> <span class='ocrx_word' id='word_1_67' title='bbox 1030 715 1190 758; x_wconf 83' lang='lat' dir='ltr'><strong>antiquos.</strong></span> 
     </span>
     <span class='ocr_line' id='line_1_14' title="bbox 236 763 1110 810; baseline 0.001 -12"><span class='ocrx_word' id='word_1_68' title='bbox 236 765 409 798; x_wconf 78' lang='lat' dir='ltr'><strong>Aduictat</strong></span> <span class='ocrx_word' id='word_1_69' title='bbox 436 776 536 810; x_wconf 80' lang='lat' dir='ltr'><strong>saepe</strong></span> <span class='ocrx_word' id='word_1_70' title='bbox 565 770 598 798; x_wconf 86' lang='lat' dir='ltr'><strong>et</strong></span> <span class='ocrx_word' id='word_1_71' title='bbox 625 767 741 800; x_wconf 89' lang='lat' dir='ltr'><strong>leviter</strong></span> <span class='ocrx_word' id='word_1_72' title='bbox 766 763 789 783; x_wconf 83' lang='lat'><strong>¹²</strong></span> <span class='ocrx_word' id='word_1_73' title='bbox 816 766 916 798; x_wconf 87' lang='lat' dir='ltr'><strong>oculo</strong></span> <span class='ocrx_word' id='word_1_74' title='bbox 939 763 962 783; x_wconf 77' lang='lat'><strong>¹³</strong></span> <span class='ocrx_word' id='word_1_75' title='bbox 989 767 1110 799; x_wconf 90' lang='lat' dir='ltr'><strong>annuit.</strong></span> 
     </span>
    </p>
   </div>
   <div class='ocr_carea' id='block_1_11' title="bbox 1710 615 2194 665">
    <p class='ocr_par' dir='ltr' id='par_1_11' title="bbox 1710 615 2194 665">
     <span class='ocr_line' id='line_1_15' title="bbox 1710 615 2194 665; baseline 0.014 -16"><span class='ocrx_word' id='word_1_76' title='bbox 1710 615 1838 651; x_wconf 72' lang='lat' dir='ltr'><strong>l&#39;elites</strong></span> <span class='ocrx_word' id='word_1_77' title='bbox 1865 617 2019 652; x_wconf 87' lang='lat' dir='ltr'><strong>dicuntur</strong></span> <span class='ocrx_word' id='word_1_78' title='bbox 2046 622 2194 665; x_wconf 84' lang='lat' dir='ltr'><strong>expediti</strong></span> 
     </span>
    </p>
   </div>
   <div class='ocr_carea' id='block_1_12' title="bbox 1164 766 1600 802">
    <p class='ocr_par' dir='ltr' id='par_1_12' title="bbox 1164 766 1600 802">
     <span class='ocr_line' id='line_1_16' title="bbox 1164 766 1600 802; baseline 0.005 -3"><span class='ocrx_word' id='word_1_79' title='bbox 1164 766 1308 799; x_wconf 81' lang='lat' dir='ltr'><strong>Naevius</strong></span> <span class='ocrx_word' id='word_1_80' title='bbox 1334 766 1366 799; x_wconf 91' lang='lat' dir='ltr'><strong>in</strong></span> <span class='ocrx_word' id='word_1_81' title='bbox 1395 767 1581 801; x_wconf 84' lang='lat' dir='ltr'><strong>Tarentilla</strong></span> <span class='ocrx_word' id='word_1_82' title='bbox 1592 780 1600 802; x_wconf 90' lang='lat'><strong>:</strong></span> 
     </span>
    </p>
   </div>
   <div class='ocr_carea' id='block_1_13' title="bbox 239 814 1780 914">
    <p class='ocr_par' dir='ltr' id='par_1_13' title="bbox 239 814 1780 914">
     <span class='ocr_line' id='line_1_17' title="bbox 608 814 1780 861; baseline 0.001 -9"><span class='ocrx_word' id='word_1_83' title='bbox 608 814 693 852; x_wconf 76' lang='lat' dir='ltr'><strong>&#39;Alii</strong></span> <span class='ocrx_word' id='word_1_84' title='bbox 716 815 739 835; x_wconf 75' lang='lat'><strong>¹¹</strong></span> <span class='ocrx_word' id='word_1_85' title='bbox 767 818 936 858; x_wconf 78' lang='lat' dir='ltr'><strong>adnutat,</strong></span> <span class='ocrx_word' id='word_1_86' title='bbox 965 816 1028 850; x_wconf 68' lang='lat' dir='ltr'><strong>dlii</strong></span> <span class='ocrx_word' id='word_1_87' title='bbox 1054 818 1234 859; x_wconf 79' lang='lat' dir='ltr'><strong>adnictat,</strong></span> <span class='ocrx_word' id='word_1_88' title='bbox 1263 816 1372 851; x_wconf 69' lang='lat' dir='ltr'><strong>tilium</strong></span> <span class='ocrx_word' id='word_1_89' title='bbox 1400 823 1516 861; x_wconf 79' lang='lat' dir='ltr'><strong>amat,</strong></span> <span class='ocrx_word' id='word_1_90' title='bbox 1546 819 1656 854; x_wconf 66' lang='lat' dir='ltr'><strong>alium</strong></span> <span class='ocrx_word' id='word_1_91' title='bbox 1680 823 1780 853; x_wconf 79' lang='lat' dir='ltr'><strong>tenet.</strong></span> 
     </span>
     <span class='ocr_line' id='line_1_18' title="bbox 239 866 1263 914; baseline 0.004 -15"><span class='ocrx_word' id='word_1_92' title='bbox 239 866 461 912; x_wconf 76' lang='lat' dir='ltr'><strong>Atriplexum</strong></span> <span class='ocrx_word' id='word_1_93' title='bbox 490 868 596 902; x_wconf 88' lang='lat' dir='ltr'><strong>herba</strong></span> <span class='ocrx_word' id='word_1_94' title='bbox 608 866 648 913; x_wconf 82' lang='lat'><strong>¹⁵,</strong></span> <span class='ocrx_word' id='word_1_95' title='bbox 677 882 763 914; x_wconf 89' lang='lat' dir='ltr'><strong>quae</strong></span> <span class='ocrx_word' id='word_1_96' title='bbox 792 881 878 903; x_wconf 90' lang='lat' dir='ltr'><strong>nunc</strong></span> <span class='ocrx_word' id='word_1_97' title='bbox 902 866 925 887; x_wconf 73' lang='lat'><strong>¹⁰</strong></span> <span class='ocrx_word' id='word_1_98' title='bbox 953 870 1106 914; x_wconf 69' lang='lat' dir='ltr'><strong>atriplex·</strong></span> <span class='ocrx_word' id='word_1_99' title='bbox 1134 870 1263 903; x_wconf 85' lang='lat' dir='ltr'><strong>dicitur.</strong></span> 
     </span>
    </p>
   </div>
   <div class='ocr_carea' id='block_1_14' title="bbox 235 917 1059 966">
    <p class='ocr_par' dir='ltr' id='par_1_14' title="bbox 235 917 1059 966">
     <span class='ocr_line' id='line_1_19' title="bbox 235 917 1059 966; baseline 0.002 -15"><span class='ocrx_word' id='word_1_100' title='bbox 235 919 485 964; x_wconf 80' lang='lat' dir='ltr'><strong>Adoptaticius</strong></span> <span class='ocrx_word' id='word_1_101' title='bbox 509 917 532 937; x_wconf 79' lang='lat'><strong>¹⁷</strong></span> <span class='ocrx_word' id='word_1_102' title='bbox 559 933 598 954; x_wconf 78' lang='lat' dir='ltr'><strong>ex</strong></span> <span class='ocrx_word' id='word_1_103' title='bbox 621 922 784 966; x_wconf 89' lang='lat' dir='ltr'><strong>adoptato</strong></span> <span class='ocrx_word' id='word_1_104' title='bbox 806 918 829 938; x_wconf 68' lang='lat'><strong>¹⁸</strong></span> <span class='ocrx_word' id='word_1_105' title='bbox 855 922 926 953; x_wconf 86' lang='lat' dir='ltr'><strong>filio</strong></span> <span class='ocrx_word' id='word_1_106' title='bbox 954 926 1059 957; x_wconf 79' lang='lat' dir='ltr'><strong>natus,</strong></span> 
     </span>
    </p>
   </div>
   <div class='ocr_carea' id='block_1_15' title="bbox 235 971 835 1007">
    <p class='ocr_par' dir='ltr' id='par_1_15' title="bbox 235 971 835 1007">
     <span class='ocr_line' id='line_1_20' title="bbox 235 971 835 1007; baseline 0.003 -4"><span class='ocrx_word' id='word_1_107' title='bbox 235 971 405 1004; x_wconf 74' lang='lat' dir='ltr'><strong>Aleonem</strong></span> <span class='ocrx_word' id='word_1_108' title='bbox 432 972 625 1007; x_wconf 77' lang='lat' dir='ltr'><strong>aleatorem.</strong></span> <span class='ocrx_word' id='word_1_109' title='bbox 678 974 835 1006; x_wconf 79' lang='lat' dir='ltr'><strong>Naevius:</strong></span> 
     </span>
    </p>
   </div>
   <div class='ocr_carea' id='block_1_16' title="bbox 609 1021 1481 1069">
    <p class='ocr_par' dir='ltr' id='par_1_16' title="bbox 609 1021 1481 1069">
     <span class='ocr_line' id='line_1_21' title="bbox 609 1021 1481 1069; baseline -0.002 -10"><span class='ocrx_word' id='word_1_110' title='bbox 609 1024 846 1058; x_wconf 76' lang='lat' dir='ltr'><strong>Pe&#39;ssimorum</strong></span> <span class='ocrx_word' id='word_1_111' title='bbox 868 1021 1020 1069; x_wconf 49' lang='lat' dir='ltr'><strong>pessime</strong></span> <span class='ocrx_word' id='word_1_112' title='bbox 1047 1023 1190 1065; x_wconf 74' lang='lat' dir='ltr'><strong>audax,</strong></span> <span class='ocrx_word' id='word_1_113' title='bbox 1217 1021 1354 1069; x_wconf 72' lang='lat' dir='ltr'><strong>gcineo,</strong></span> <span class='ocrx_word' id='word_1_114' title='bbox 1383 1023 1481 1057; x_wconf 78' lang='lat' dir='ltr'><strong>lurco</strong></span> 
     </span>
    </p>
   </div>
   <div class='ocr_carea' id='block_1_17' title="bbox 234 1071 826 1120">
    <p class='ocr_par' dir='ltr' id='par_1_17' title="bbox 234 1071 826 1120">
     <span class='ocr_line' id='line_1_22' title="bbox 234 1071 826 1120; baseline 0.008 -15"><span class='ocrx_word' id='word_1_115' title='bbox 234 1072 453 1107; x_wconf 78' lang='lat' dir='ltr'><strong>Aditiculam</strong></span> <span class='ocrx_word' id='word_1_116' title='bbox 472 1071 498 1091; x_wconf 84' lang='lat'><strong>²⁰</strong></span> <span class='ocrx_word' id='word_1_117' title='bbox 521 1087 661 1120; x_wconf 86' lang='lat' dir='ltr'><strong>parvum</strong></span> <span class='ocrx_word' id='word_1_118' title='bbox 690 1077 826 1110; x_wconf 87' lang='lat' dir='ltr'><strong>aditum.</strong></span> 
     </span>
    </p>
   </div>
   <div class='ocr_carea' id='block_1_18' title="bbox 233 1122 1218 1172">
    <p class='ocr_par' dir='ltr' id='par_1_18' title="bbox 233 1122 1218 1172">
     <span class='ocr_line' id='line_1_23' title="bbox 233 1122 1218 1172; baseline 0.004 -15"><span class='ocrx_word' id='word_1_119' title='bbox 233 1125 329 1158; x_wconf 81' lang='lat' dir='ltr'><strong>Atra</strong></span> <span class='ocrx_word' id='word_1_120' title='bbox 355 1126 429 1159; x_wconf 83' lang='lat' dir='ltr'><strong>bilis</strong></span> <span class='ocrx_word' id='word_1_121' title='bbox 456 1126 498 1159; x_wconf 92' lang='lat' dir='ltr'><strong>ab</strong></span> <span class='ocrx_word' id='word_1_122' title='bbox 526 1132 615 1172; x_wconf 78' lang='lat' dir='ltr'><strong>atro,</strong></span> <span class='ocrx_word' id='word_1_123' title='bbox 649 1128 684 1160; x_wconf 88' lang='lat' dir='ltr'><strong>id</strong></span> <span class='ocrx_word' id='word_1_124' title='bbox 712 1133 760 1162; x_wconf 82' lang='lat' dir='ltr'><strong>est</strong></span> <span class='ocrx_word' id='word_1_125' title='bbox 786 1127 886 1161; x_wconf 90' lang='lat' dir='ltr'><strong>animi</strong></span> <span class='ocrx_word' id='word_1_126' title='bbox 910 1122 935 1143; x_wconf 77' lang='lat'><strong>²¹</strong></span> <span class='ocrx_word' id='word_1_127' title='bbox 962 1127 1041 1160; x_wconf 87' lang='lat' dir='ltr'><strong>vitio</strong></span> <span class='ocrx_word' id='word_1_128' title='bbox 1076 1126 1165 1160; x_wconf 87' lang='lat' dir='ltr'><strong>dicta</strong></span> <span class='ocrx_word' id='word_1_129' title='bbox 1183 1122 1218 1161; x_wconf 77' lang='lat'><strong>²².</strong></span> 
     </span>
    </p>
   </div>
   <div class='ocr_carea' id='block_1_19' title="bbox 232 1182 692 1264">
    <p class='ocr_par' dir='ltr' id='par_1_19' title="bbox 232 1182 692 1264">
     <span class='ocr_line' id='line_1_24' title="bbox 335 1182 510 1210; baseline 0.006 -1"><span class='ocrx_word' id='word_1_130' title='bbox 335 1182 510 1210; x_wconf 89' lang='lat' dir='ltr'><strong>remotum.</strong></span> 
     </span>
     <span class='ocr_line' id='line_1_25' title="bbox 232 1225 692 1264; baseline 0.009 -4"><span class='ocrx_word' id='word_1_131' title='bbox 232 1228 367 1261; x_wconf 84' lang='lat' dir='ltr'><strong>Anctos</strong></span> <span class='ocrx_word' id='word_1_132' title='bbox 386 1225 411 1246; x_wconf 75' lang='lat'><strong>²⁴</strong></span> <span class='ocrx_word' id='word_1_133' title='bbox 438 1230 642 1264; x_wconf 82' lang='lat' dir='ltr'><strong>excruciatos</strong></span> <span class='ocrx_word' id='word_1_134' title='bbox 658 1228 692 1264; x_wconf 79' lang='lat'><strong>²⁵.</strong></span> 
     </span>
    </p>
   </div>
   <div class='ocr_carea' id='block_1_20' title="bbox 1506 1019 1665 1065">
    <p class='ocr_par' dir='ltr' id='par_1_20' title="bbox 1506 1019 1665 1065">
     <span class='ocr_line' id='line_1_26' title="bbox 1506 1019 1665 1065; baseline 0.013 -8"><span class='ocrx_word' id='word_1_135' title='bbox 1506 1019 1529 1040; x_wconf 78' lang='lat'><strong>¹⁹</strong></span> <span class='ocrx_word' id='word_1_136' title='bbox 1539 1048 1548 1065; x_wconf 89' lang='lat'>‚</span> <span class='ocrx_word' id='word_1_137' title='bbox 1577 1022 1665 1059; x_wconf 69' lang='lat' dir='ltr'><strong>tileo.</strong></span> 
     </span>
    </p>
   </div>
   <div class='ocr_carea' id='block_1_21' title="bbox 1480 1122 1506 1144">
    <p class='ocr_par' dir='ltr' id='par_1_21' title="bbox 1480 1122 1506 1144">
     <span class='ocr_line' id='line_1_27' title="bbox 1480 1122 1506 1144; baseline 0.038 -1"><span class='ocrx_word' id='word_1_138' title='bbox 1480 1122 1506 1144; x_wconf 76' lang='lat'><strong>23</strong></span> 
     </span>
    </p>
   </div>
   <div class='ocr_carea' id='block_1_22' title="bbox 1279 1126 2192 1173">
    <p class='ocr_par' dir='ltr' id='par_1_22' title="bbox 1279 1126 2192 1173">
     <span class='ocr_line' id='line_1_28' title="bbox 1279 1126 2192 1173; baseline 0.007 -14"><span class='ocrx_word' id='word_1_139' title='bbox 1279 1126 1340 1159; x_wconf 81' lang='lat' dir='ltr'><strong>Est</strong></span> <span class='ocrx_word' id='word_1_140' title='bbox 1375 1127 1462 1160; x_wconf 88' lang='lat' dir='ltr'><strong>enim</strong></span> <span class='ocrx_word' id='word_1_141' title='bbox 1533 1131 1652 1161; x_wconf 79' lang='lat' dir='ltr'><strong>atrum</strong></span> <span class='ocrx_word' id='word_1_142' title='bbox 1679 1127 1831 1173; x_wconf 85' lang='lat' dir='ltr'><strong>nigrum,</strong></span> <span class='ocrx_word' id='word_1_143' title='bbox 1865 1128 1899 1161; x_wconf 90' lang='lat' dir='ltr'><strong>id</strong></span> <span class='ocrx_word' id='word_1_144' title='bbox 1924 1134 1973 1163; x_wconf 85' lang='lat' dir='ltr'><strong>est</strong></span> <span class='ocrx_word' id='word_1_145' title='bbox 1999 1142 2018 1162; x_wconf 90' lang='lat' dir='ltr'><strong>a</strong></span> <span class='ocrx_word' id='word_1_146' title='bbox 2045 1131 2192 1165; x_wconf 85' lang='lat' dir='ltr'><strong>candore</strong></span> 
     </span>
    </p>
   </div>
   <div class='ocr_carea' id='block_1_23' title="bbox 232 1277 2191 1426">
    <p class='ocr_par' dir='ltr' id='par_1_23' title="bbox 232 1277 2191 1426">
     <span class='ocr_line' id='line_1_29' title="bbox 232 1277 1985 1323; baseline 0.002 -11"><span class='ocrx_word' id='word_1_147' title='bbox 232 1280 386 1313; x_wconf 79' lang='lat' dir='ltr'><strong>Anatem</strong></span> <span class='ocrx_word' id='word_1_148' title='bbox 415 1280 571 1314; x_wconf 86' lang='lat' dir='ltr'><strong>dicebant</strong></span> <span class='ocrx_word' id='word_1_149' title='bbox 598 1283 753 1315; x_wconf 81' lang='lat' dir='ltr'>morbum</span> <span class='ocrx_word' id='word_1_150' title='bbox 781 1293 902 1315; x_wconf 88' lang='lat' dir='ltr'><strong>anuum</strong></span> <span class='ocrx_word' id='word_1_151' title='bbox 923 1277 967 1322; x_wconf 68' lang='lat'><strong>²⁸³,</strong></span> <span class='ocrx_word' id='word_1_152' title='bbox 994 1280 1031 1313; x_wconf 82' lang='lat' dir='ltr'><strong>id</strong></span> <span class='ocrx_word' id='word_1_153' title='bbox 1059 1285 1106 1313; x_wconf 78' lang='lat' dir='ltr'><strong>est</strong></span> <span class='ocrx_word' id='word_1_154' title='bbox 1125 1277 1151 1297; x_wconf 78' lang='lat'><strong>²⁷</strong></span> <span class='ocrx_word' id='word_1_155' title='bbox 1177 1281 1381 1323; x_wconf 86' lang='lat' dir='ltr'><strong>vetularum,</strong></span> <span class='ocrx_word' id='word_1_156' title='bbox 1409 1281 1493 1315; x_wconf 87' lang='lat' dir='ltr'><strong>sicut</strong></span> <span class='ocrx_word' id='word_1_157' title='bbox 1519 1282 1651 1315; x_wconf 78' lang='lat' dir='ltr'><strong>senium</strong></span> <span class='ocrx_word' id='word_1_158' title='bbox 1678 1282 1834 1315; x_wconf 86' lang='lat' dir='ltr'><strong>morbum</strong></span> <span class='ocrx_word' id='word_1_159' title='bbox 1861 1294 1985 1317; x_wconf 80' lang='lat' dir='ltr'><strong>senum.</strong></span> 
     </span>
     <span class='ocr_line' id='line_1_30' title="bbox 233 1330 2191 1378; baseline 0.003 -15"><span class='ocrx_word' id='word_1_160' title='bbox 233 1331 380 1364; x_wconf 79' lang='lat' dir='ltr'><strong>Altaria</strong></span> <span class='ocrx_word' id='word_1_161' title='bbox 407 1333 450 1365; x_wconf 88' lang='lat' dir='ltr'><strong>ab</strong></span> <span class='ocrx_word' id='word_1_162' title='bbox 478 1334 648 1368; x_wconf 76' lang='lat' dir='ltr'><strong>altitudine</strong></span> <span class='ocrx_word' id='word_1_163' title='bbox 676 1340 749 1368; x_wconf 76' lang='lat' dir='ltr'><strong>sunt</strong></span> <span class='ocrx_word' id='word_1_164' title='bbox 777 1334 866 1367; x_wconf 83' lang='lat' dir='ltr'><strong>(licta</strong></span> <span class='ocrx_word' id='word_1_165' title='bbox 887 1330 928 1376; x_wconf 65' lang='lat'><strong>²3,</strong></span> <span class='ocrx_word' id='word_1_166' title='bbox 963 1332 1057 1376; x_wconf 87' lang='lat' dir='ltr'><strong>quod</strong></span> <span class='ocrx_word' id='word_1_167' title='bbox 1089 1333 1215 1375; x_wconf 83' lang='lat' dir='ltr'><strong>antiqui</strong></span> <span class='ocrx_word' id='word_1_168' title='bbox 1254 1332 1315 1365; x_wconf 85' lang='lat' dir='ltr'><strong>diis</strong></span> <span class='ocrx_word' id='word_1_169' title='bbox 1348 1334 1474 1378; x_wconf 80' lang='lat' dir='ltr'><strong>superis</strong></span> <span class='ocrx_word' id='word_1_170' title='bbox 1506 1333 1539 1365; x_wconf 89' lang='lat' dir='ltr'><strong>in</strong></span> <span class='ocrx_word' id='word_1_171' title='bbox 1575 1333 1734 1367; x_wconf 84' lang='lat' dir='ltr'><strong>aedificiis</strong></span> <span class='ocrx_word' id='word_1_172' title='bbox 1761 1346 1781 1366; x_wconf 90' lang='lat' dir='ltr'><strong>a</strong></span> <span class='ocrx_word' id='word_1_173' title='bbox 1806 1339 1894 1367; x_wconf 86' lang='lat' dir='ltr'><strong>terra</strong></span> <span class='ocrx_word' id='word_1_174' title='bbox 1922 1335 2071 1367; x_wconf 76' lang='lat' dir='ltr'><strong>exaltatis</strong></span> <span class='ocrx_word' id='word_1_175' title='bbox 2098 1346 2191 1369; x_wconf 84' lang='lat' dir='ltr'><strong>sacra</strong></span> 
     </span>
     <span class='ocr_line' id='line_1_31' title="bbox 335 1383 1693 1426; baseline 0.003 -11"><span class='ocrx_word' id='word_1_176' title='bbox 335 1383 520 1423; x_wconf 82' lang='lat' dir='ltr'><strong>faciebant3</strong></span> <span class='ocrx_word' id='word_1_177' title='bbox 545 1385 605 1419; x_wconf 83' lang='lat' dir='ltr'><strong>diis</strong></span> <span class='ocrx_word' id='word_1_178' title='bbox 631 1386 836 1419; x_wconf 76' lang='lat' dir='ltr'><strong>terrestribus</strong></span> <span class='ocrx_word' id='word_1_179' title='bbox 864 1386 896 1418; x_wconf 93' lang='lat' dir='ltr'><strong>in</strong></span> <span class='ocrx_word' id='word_1_180' title='bbox 923 1389 1027 1426; x_wconf 86' lang='lat' dir='ltr'><strong>terra,</strong></span> <span class='ocrx_word' id='word_1_181' title='bbox 1055 1384 1117 1418; x_wconf 82' lang='lat' dir='ltr'><strong>diis</strong></span> <span class='ocrx_word' id='word_1_182' title='bbox 1144 1385 1361 1417; x_wconf 85' lang='lat' dir='ltr'><strong>infernalibus</strong></span> <span class='ocrx_word' id='word_1_183' title='bbox 1388 1386 1422 1418; x_wconf 90' lang='lat' dir='ltr'><strong>in</strong></span> <span class='ocrx_word' id='word_1_184' title='bbox 1449 1385 1569 1418; x_wconf 82' lang='lat' dir='ltr'><strong>effossa</strong></span> <span class='ocrx_word' id='word_1_185' title='bbox 1597 1390 1693 1420; x_wconf 88' lang='lat' dir='ltr'><strong>terra.</strong></span> 
     </span>
    </p>
   </div>
   <div class='ocr_carea' id='block_1_24' title="bbox 232 1431 973 1471">
    <p class='ocr_par' dir='ltr' id='par_1_24' title="bbox 232 1431 973 1471">
     <span class='ocr_line' id='line_1_32' title="bbox 232 1431 973 1471; baseline 0.003 -4"><span class='ocrx_word' id='word_1_186' title='bbox 232 1433 327 1468; x_wconf 76' lang='lat' dir='ltr'><strong>Assa</strong></span> <span class='ocrx_word' id='word_1_187' title='bbox 347 1431 371 1452; x_wconf 78' lang='lat'><strong>²⁹</strong></span> <span class='ocrx_word' id='word_1_188' title='bbox 400 1436 596 1470; x_wconf 84' lang='lat' dir='ltr'><strong>dicebantur</strong></span> <span class='ocrx_word' id='word_1_189' title='bbox 616 1435 641 1455; x_wconf 82' lang='lat'><strong>³⁰</strong></span> <span class='ocrx_word' id='word_1_190' title='bbox 668 1444 781 1471; x_wconf 84' lang='lat' dir='ltr'><strong>cantus</strong></span> <span class='ocrx_word' id='word_1_191' title='bbox 807 1437 973 1470; x_wconf 85' lang='lat' dir='ltr'><strong>tibiarum.</strong></span> 
     </span>
    </p>
   </div>
   <div class='ocr_carea' id='block_1_25' title="bbox 232 1485 1668 1532">
    <p class='ocr_par' dir='ltr' id='par_1_25' title="bbox 232 1485 1668 1532">
     <span class='ocr_line' id='line_1_33' title="bbox 232 1485 1668 1532; baseline 0.001 -13"><span class='ocrx_word' id='word_1_192' title='bbox 232 1485 328 1520; x_wconf 78' lang='lat' dir='ltr'><strong>Aves</strong></span> <span class='ocrx_word' id='word_1_193' title='bbox 354 1487 397 1520; x_wconf 85' lang='lat' dir='ltr'><strong>ab</strong></span> <span class='ocrx_word' id='word_1_194' title='bbox 425 1488 569 1522; x_wconf 88' lang='lat' dir='ltr'><strong>adventu</strong></span> <span class='ocrx_word' id='word_1_195' title='bbox 589 1486 613 1506; x_wconf 85' lang='lat'><strong>³¹</strong></span> <span class='ocrx_word' id='word_1_196' title='bbox 642 1501 755 1523; x_wconf 87' lang='lat' dir='ltr'><strong>earum</strong></span> <span class='ocrx_word' id='word_1_197' title='bbox 783 1489 956 1531; x_wconf 81' lang='lat' dir='ltr'><strong>dicuntur⁷</strong></span> <span class='ocrx_word' id='word_1_198' title='bbox 984 1487 1077 1531; x_wconf 88' lang='lat' dir='ltr'><strong>quod</strong></span> <span class='ocrx_word' id='word_1_199' title='bbox 1103 1487 1181 1520; x_wconf 86' lang='lat' dir='ltr'><strong>inde</strong></span> <span class='ocrx_word' id='word_1_200' title='bbox 1208 1487 1357 1531; x_wconf 80' lang='lat' dir='ltr'><strong>veniant,</strong></span> <span class='ocrx_word' id='word_1_201' title='bbox 1384 1488 1474 1521; x_wconf 89' lang='lat' dir='ltr'><strong>unde</strong></span> <span class='ocrx_word' id='word_1_202' title='bbox 1500 1499 1568 1521; x_wconf 91' lang='lat' dir='ltr'><strong>non</strong></span> <span class='ocrx_word' id='word_1_203' title='bbox 1595 1488 1668 1532; x_wconf 86' lang='lat' dir='ltr'><strong>quis</strong></span> 
     </span>
    </p>
   </div>
   <div class='ocr_carea' id='block_1_26' title="bbox 233 1573 1193 2420">
    <p class='ocr_par' dir='ltr' id='par_1_26' title="bbox 233 1573 1193 2420">
     <span class='ocr_line' id='line_1_34' title="bbox 318 1573 1191 1615; baseline 0.002 -15"><span class='ocrx_word' id='word_1_204' title='bbox 318 1573 347 1610; x_wconf 87' lang='lat'><strong>1)</strong></span> <span class='ocrx_word' id='word_1_205' title='bbox 371 1573 425 1613; x_wconf 67' lang='lat' dir='ltr'><strong>est]</strong></span> <span class='ocrx_word' id='word_1_206' title='bbox 449 1585 506 1603; x_wconf 88' lang='lat' dir='ltr'><strong>om.</strong></span> <span class='ocrx_word' id='word_1_207' title='bbox 529 1576 562 1604; x_wconf 89' lang='lat' dir='ltr'><strong>L.</strong></span> <span class='ocrx_word' id='word_1_208' title='bbox 584 1576 616 1604; x_wconf 93' lang='lat' dir='ltr'><strong>B.</strong></span> <span class='ocrx_word' id='word_1_209' title='bbox 640 1576 678 1605; x_wconf 87' lang='grc' dir='ltr'><strong>Μ.</strong></span> <span class='ocrx_word' id='word_1_210' title='bbox 703 1586 746 1615; x_wconf 82' lang='lat' dir='ltr'><strong>pr.</strong></span> <span class='ocrx_word' id='word_1_211' title='bbox 772 1591 813 1598; x_wconf 88' lang='lat'><strong>·—</strong></span> <span class='ocrx_word' id='word_1_212' title='bbox 846 1575 877 1614; x_wconf 88' lang='lat'><strong>2)</strong></span> <span class='ocrx_word' id='word_1_213' title='bbox 900 1574 1067 1613; x_wconf 73' lang='grc' dir='ltr'><em>Αιιιὶἰιαυί]</em></span> <span class='ocrx_word' id='word_1_214' title='bbox 1091 1574 1138 1603; x_wconf 90' lang='lat' dir='ltr'><strong>Sic</strong></span> <span class='ocrx_word' id='word_1_215' title='bbox 1162 1574 1191 1602; x_wconf 89' lang='lat' dir='ltr'><strong>L.</strong></span> 
     </span>
     <span class='ocr_line' id='line_1_35' title="bbox 234 1616 1191 1658; baseline 0.002 -14"><span class='ocrx_word' id='word_1_216' title='bbox 234 1621 260 1645; x_wconf 81' lang='lat' dir='ltr'><strong>et</strong></span> <span class='ocrx_word' id='word_1_217' title='bbox 285 1616 341 1645; x_wconf 93' lang='lat' dir='ltr'><strong>Gu.</strong></span> <span class='ocrx_word' id='word_1_218' title='bbox 362 1619 388 1648; x_wconf 82' lang='lat'><strong>1.</strong></span> <span class='ocrx_word' id='word_1_219' title='bbox 411 1628 426 1645; x_wconf 90' lang='lat' dir='ltr'><strong>a</strong></span> <span class='ocrx_word' id='word_1_220' title='bbox 441 1618 528 1656; x_wconf 87' lang='lat' dir='ltr'><strong>prim.</strong></span> <span class='ocrx_word' id='word_1_221' title='bbox 551 1629 644 1657; x_wconf 70' lang='lat' dir='ltr'><strong>man-7</strong></span> <span class='ocrx_word' id='word_1_222' title='bbox 668 1619 719 1648; x_wconf 81' lang='lat' dir='ltr'><strong>sed</strong></span> <span class='ocrx_word' id='word_1_223' title='bbox 736 1629 825 1658; x_wconf 84' lang='lat' dir='ltr'><strong>supra</strong></span> <span class='ocrx_word' id='word_1_224' title='bbox 847 1629 923 1648; x_wconf 89' lang='lat' dir='ltr'><strong>vers.</strong></span> <span class='ocrx_word' id='word_1_225' title='bbox 947 1624 990 1647; x_wconf 83' lang='lat' dir='ltr'><strong>est</strong></span> <span class='ocrx_word' id='word_1_226' title='bbox 1013 1617 1128 1656; x_wconf 87' lang='lat' dir='ltr'><strong>syllaba</strong></span> <span class='ocrx_word' id='word_1_227' title='bbox 1150 1619 1191 1646; x_wconf 63' lang='lat' dir='ltr'><strong>vi.</strong></span> 
     </span>
     <span class='ocr_line' id='line_1_36' title="bbox 234 1659 1192 1699; baseline 0.001 -12"><span class='ocrx_word' id='word_1_228' title='bbox 234 1659 326 1688; x_wconf 81' lang='lat' dir='ltr'><strong>Habet</strong></span> <span class='ocrx_word' id='word_1_229' title='bbox 341 1659 481 1688; x_wconf 85' lang='lat' dir='ltr'><strong>nimirum</strong></span> <span class='ocrx_word' id='word_1_230' title='bbox 496 1661 576 1699; x_wconf 81' lang='lat' dir='ltr'><strong>vulg.</strong></span> <span class='ocrx_word' id='word_1_231' title='bbox 596 1661 793 1693; x_wconf 70' lang='grc' dir='ltr'><strong>Λιιᾶἰυίίανί.</strong></span> <span class='ocrx_word' id='word_1_232' title='bbox 830 1662 887 1691; x_wconf 88' lang='lat' dir='ltr'><strong>Sed</strong></span> <span class='ocrx_word' id='word_1_233' title='bbox 907 1662 1011 1699; x_wconf 76' lang='lat' dir='ltr'><strong>ignoro</strong></span> <span class='ocrx_word' id='word_1_234' title='bbox 1026 1660 1120 1689; x_wconf 89' lang='lat' dir='ltr'><strong>simile</strong></span> <span class='ocrx_word' id='word_1_235' title='bbox 1135 1660 1192 1688; x_wconf 86' lang='lat' dir='ltr'><strong>sre-</strong></span> 
     </span>
     <span class='ocr_line' id='line_1_37' title="bbox 234 1702 1192 1743; baseline 0.005 -14"><span class='ocrx_word' id='word_1_236' title='bbox 234 1702 448 1739; x_wconf 84' lang='lat' dir='ltr'><strong>quentativum.</strong></span> <span class='ocrx_word' id='word_1_237' title='bbox 470 1720 511 1725; x_wconf 91' lang='lat'><strong>—</strong></span> <span class='ocrx_word' id='word_1_238' title='bbox 535 1704 566 1742; x_wconf 84' lang='lat'><strong>3)</strong></span> <span class='ocrx_word' id='word_1_239' title='bbox 588 1704 771 1743; x_wconf 62' lang='lat' dir='ltr'><strong>Alllvesctt]</strong></span> <span class='ocrx_word' id='word_1_240' title='bbox 795 1704 843 1733; x_wconf 86' lang='lat' dir='ltr'><strong>Sic</strong></span> <span class='ocrx_word' id='word_1_241' title='bbox 865 1705 896 1734; x_wconf 88' lang='lat' dir='ltr'><strong>L.</strong></span> <span class='ocrx_word' id='word_1_242' title='bbox 918 1705 951 1734; x_wconf 86' lang='lat' dir='ltr'><strong>B.</strong></span> <span class='ocrx_word' id='word_1_243' title='bbox 969 1705 1023 1734; x_wconf 88' lang='lat' dir='ltr'><strong>Gu.</strong></span> <span class='ocrx_word' id='word_1_244' title='bbox 1043 1706 1071 1735; x_wconf 85' lang='lat'><strong>2.</strong></span> <span class='ocrx_word' id='word_1_245' title='bbox 1092 1713 1138 1742; x_wconf 87' lang='lat' dir='ltr'><strong>pr.</strong></span> <span class='ocrx_word' id='word_1_246' title='bbox 1162 1704 1192 1732; x_wconf 80' lang='lat' dir='ltr'><strong>S·</strong></span> 
     </span>
     <span class='ocr_line' id='line_1_38' title="bbox 233 1744 1191 1786; baseline 0.005 -16"><span class='ocrx_word' id='word_1_247' title='bbox 233 1744 391 1773; x_wconf 71' lang='lat' dir='ltr'><strong>Allibescit</strong></span> <span class='ocrx_word' id='word_1_248' title='bbox 415 1746 494 1784; x_wconf 81' lang='lat' dir='ltr'><strong>vulg.</strong></span> <span class='ocrx_word' id='word_1_249' title='bbox 526 1763 564 1768; x_wconf 83' lang='lat'><strong>—-</strong></span> <span class='ocrx_word' id='word_1_250' title='bbox 602 1748 629 1785; x_wconf 84' lang='lat'>4)</span> <span class='ocrx_word' id='word_1_251' title='bbox 653 1747 756 1786; x_wconf 64' lang='lat' dir='ltr'><strong>livere]</strong></span> <span class='ocrx_word' id='word_1_252' title='bbox 781 1748 830 1776; x_wconf 88' lang='lat' dir='ltr'><strong>Sic</strong></span> <span class='ocrx_word' id='word_1_253' title='bbox 852 1748 884 1778; x_wconf 92' lang='lat' dir='ltr'><strong>L.</strong></span> <span class='ocrx_word' id='word_1_254' title='bbox 908 1748 940 1776; x_wconf 90' lang='grc' dir='ltr'><strong>Β.</strong></span> <span class='ocrx_word' id='word_1_255' title='bbox 967 1747 1020 1775; x_wconf 87' lang='lat' dir='ltr'><strong>Gu.</strong></span> <span class='ocrx_word' id='word_1_256' title='bbox 1041 1749 1069 1777; x_wconf 84' lang='lat'><strong>2.</strong></span> <span class='ocrx_word' id='word_1_257' title='bbox 1092 1756 1139 1785; x_wconf 87' lang='lat' dir='ltr'><strong>pr.</strong></span> <span class='ocrx_word' id='word_1_258' title='bbox 1162 1746 1191 1775; x_wconf 89' lang='lat' dir='ltr'><strong>S.</strong></span> 
     </span>
     <span class='ocr_line' id='line_1_39' title="bbox 235 1786 1191 1830; baseline 0.003 -17"><span class='ocrx_word' id='word_1_259' title='bbox 235 1786 322 1814; x_wconf 75' lang='lat' dir='ltr'><strong>libere</strong></span> <span class='ocrx_word' id='word_1_260' title='bbox 336 1788 424 1826; x_wconf 82' lang='lat' dir='ltr'><strong>Vulg.</strong></span> <span class='ocrx_word' id='word_1_261' title='bbox 446 1804 488 1810; x_wconf 90' lang='lat'>—</span> <span class='ocrx_word' id='word_1_262' title='bbox 511 1787 540 1830; x_wconf 87' lang='lat'><strong>5)</strong></span> <span class='ocrx_word' id='word_1_263' title='bbox 565 1789 708 1829; x_wconf 62' lang='lat' dir='ltr'><strong>liuidum]</strong></span> <span class='ocrx_word' id='word_1_264' title='bbox 734 1791 783 1819; x_wconf 88' lang='lat' dir='ltr'><strong>Sic</strong></span> <span class='ocrx_word' id='word_1_265' title='bbox 807 1791 838 1819; x_wconf 80' lang='lat' dir='ltr'><strong>L.</strong></span> <span class='ocrx_word' id='word_1_266' title='bbox 861 1791 894 1820; x_wconf 87' lang='lat' dir='ltr'><strong>B.</strong></span> <span class='ocrx_word' id='word_1_267' title='bbox 919 1790 956 1818; x_wconf 86' lang='lat' dir='ltr'><strong>M.</strong></span> <span class='ocrx_word' id='word_1_268' title='bbox 981 1790 1035 1818; x_wconf 92' lang='lat' dir='ltr'><strong>Gu.</strong></span> <span class='ocrx_word' id='word_1_269' title='bbox 1054 1791 1080 1819; x_wconf 87' lang='lat'><strong>1.</strong></span> <span class='ocrx_word' id='word_1_270' title='bbox 1098 1791 1127 1819; x_wconf 82' lang='lat'><strong>2.</strong></span> <span class='ocrx_word' id='word_1_271' title='bbox 1146 1798 1191 1828; x_wconf 85' lang='lat' dir='ltr'><strong>pr.</strong></span> 
     </span>
     <span class='ocr_line' id='line_1_40' title="bbox 236 1828 1192 1872; baseline 0.003 -17"><span class='ocrx_word' id='word_1_272' title='bbox 236 1828 263 1855; x_wconf 91' lang='lat' dir='ltr'><strong>S.</strong></span> <span class='ocrx_word' id='word_1_273' title='bbox 308 1829 428 1858; x_wconf 74' lang='lat' dir='ltr'><strong>lihitum</strong></span> <span class='ocrx_word' id='word_1_274' title='bbox 443 1831 528 1869; x_wconf 87' lang='lat' dir='ltr'><strong>vulg.</strong></span> <span class='ocrx_word' id='word_1_275' title='bbox 558 1848 600 1854; x_wconf 91' lang='lat'><strong>—</strong></span> <span class='ocrx_word' id='word_1_276' title='bbox 630 1836 657 1868; x_wconf 84' lang='grc'><strong>6)</strong></span> <span class='ocrx_word' id='word_1_277' title='bbox 682 1835 752 1862; x_wconf 69' lang='lat' dir='ltr'><strong>„Non</strong></span> <span class='ocrx_word' id='word_1_278' title='bbox 773 1833 871 1872; x_wconf 58' lang='lat' dir='ltr'><strong>attic]</strong></span> <span class='ocrx_word' id='word_1_279' title='bbox 897 1834 967 1862; x_wconf 83' lang='lat' dir='ltr'><strong>Non</strong></span> <span class='ocrx_word' id='word_1_280' title='bbox 991 1843 1036 1860; x_wconf 83' lang='lat' dir='ltr'><strong>me</strong></span> <span class='ocrx_word' id='word_1_281' title='bbox 1050 1833 1136 1861; x_wconf 75' lang='lat' dir='ltr'><strong>attic.</strong></span> <span class='ocrx_word' id='word_1_282' title='bbox 1158 1831 1192 1859; x_wconf 87' lang='lat' dir='ltr'><strong>B.</strong></span> 
     </span>
     <span class='ocr_line' id='line_1_41' title="bbox 235 1869 1190 1914; baseline 0.003 -17"><span class='ocrx_word' id='word_1_283' title='bbox 235 1869 311 1898; x_wconf 86' lang='lat' dir='ltr'><strong>Vide</strong></span> <span class='ocrx_word' id='word_1_284' title='bbox 332 1871 511 1903; x_wconf 81' lang='lat' dir='ltr'><strong>Menaechm.</strong></span> <span class='ocrx_word' id='word_1_285' title='bbox 535 1875 612 1913; x_wconf 88' lang='lat' dir='ltr'><strong>prol.</strong></span> <span class='ocrx_word' id='word_1_286' title='bbox 635 1878 684 1907; x_wconf 81' lang='lat'><strong>12.</strong></span> <span class='ocrx_word' id='word_1_287' title='bbox 717 1893 759 1897; x_wconf 97' lang='lat'><strong>—</strong></span> <span class='ocrx_word' id='word_1_288' title='bbox 794 1880 821 1911; x_wconf 89' lang='lat'><strong>7)</strong></span> <span class='ocrx_word' id='word_1_289' title='bbox 845 1874 989 1914; x_wconf 70' lang='lat' dir='ltr'><strong>Atritas]</strong></span> <span class='ocrx_word' id='word_1_290' title='bbox 1012 1874 1139 1903; x_wconf 61' lang='lat' dir='ltr'><strong>Allitas</strong></span> <span class='ocrx_word' id='word_1_291' title='bbox 1160 1874 1190 1901; x_wconf 94' lang='lat' dir='ltr'><strong>L.</strong></span> 
     </span>
     <span class='ocr_line' id='line_1_42' title="bbox 236 1914 1192 1958; baseline 0.008 -19"><span class='ocrx_word' id='word_1_292' title='bbox 236 1917 355 1939; x_wconf 73' lang='lat' dir='ltr'><strong>atratas</strong></span> <span class='ocrx_word' id='word_1_293' title='bbox 371 1915 400 1942; x_wconf 91' lang='lat' dir='ltr'><strong>S.</strong></span> <span class='ocrx_word' id='word_1_294' title='bbox 422 1931 463 1937; x_wconf 77' lang='lat'><strong>—</strong></span> <span class='ocrx_word' id='word_1_295' title='bbox 485 1916 514 1956; x_wconf 82' lang='lat'><strong>8)</strong></span> <span class='ocrx_word' id='word_1_296' title='bbox 530 1917 731 1958; x_wconf 49' lang='lat' dir='ltr'><strong>Aegjptitzos]</strong></span> <span class='ocrx_word' id='word_1_297' title='bbox 750 1918 958 1958; x_wconf 72' lang='lat' dir='ltr'><strong>Aegyplt&#39;onos</strong></span> <span class='ocrx_word' id='word_1_298' title='bbox 976 1919 1008 1947; x_wconf 86' lang='lat' dir='ltr'><strong>B.</strong></span> <span class='ocrx_word' id='word_1_299' title='bbox 1023 1933 1065 1939; x_wconf 92' lang='lat'>—</span> <span class='ocrx_word' id='word_1_300' title='bbox 1087 1914 1116 1957; x_wconf 89' lang='lat'><strong>9)</strong></span> <span class='ocrx_word' id='word_1_301' title='bbox 1133 1916 1192 1945; x_wconf 72' lang='lat' dir='ltr'><strong>Ae-</strong></span> 
     </span>
     <span class='ocr_line' id='line_1_43' title="bbox 236 1953 1190 2000; baseline 0.006 -19"><span class='ocrx_word' id='word_1_302' title='bbox 236 1953 369 1992; x_wconf 60' lang='lat' dir='ltr'><strong>thiopas]</strong></span> <span class='ocrx_word' id='word_1_303' title='bbox 394 1956 541 1995; x_wconf 53' lang='lat' dir='ltr'><strong>ethiopiae·</strong></span> <span class='ocrx_word' id='word_1_304' title='bbox 563 1961 593 1989; x_wconf 91' lang='lat' dir='ltr'><strong>L.</strong></span> <span class='ocrx_word' id='word_1_305' title='bbox 626 1978 666 1982; x_wconf 96' lang='lat'><strong>—</strong></span> <span class='ocrx_word' id='word_1_306' title='bbox 696 1960 744 2000; x_wconf 91' lang='lat'><strong>10)</strong></span> <span class='ocrx_word' id='word_1_307' title='bbox 768 1964 860 2000; x_wconf 70' lang='lat' dir='ltr'><strong>quasi</strong></span> <span class='ocrx_word' id='word_1_308' title='bbox 875 1959 1019 1998; x_wconf 62' lang='lat' dir='ltr'><strong>volantes]</strong></span> <span class='ocrx_word' id='word_1_309' title='bbox 1043 1959 1091 1988; x_wconf 83' lang='lat' dir='ltr'><strong>Sic</strong></span> <span class='ocrx_word' id='word_1_310' title='bbox 1107 1960 1139 1988; x_wconf 92' lang='lat' dir='ltr'><strong>L.</strong></span> <span class='ocrx_word' id='word_1_311' title='bbox 1158 1960 1190 1987; x_wconf 88' lang='grc' dir='ltr'><strong>Β.</strong></span> 
     </span>
     <span class='ocr_line' id='line_1_44' title="bbox 236 1997 1192 2042; baseline 0.006 -18"><span class='ocrx_word' id='word_1_312' title='bbox 236 1997 272 2025; x_wconf 87' lang='grc' dir='ltr'><strong>Μ.</strong></span> <span class='ocrx_word' id='word_1_313' title='bbox 297 1997 351 2025; x_wconf 85' lang='lat' dir='ltr'><strong>Gu.</strong></span> <span class='ocrx_word' id='word_1_314' title='bbox 370 1999 396 2027; x_wconf 86' lang='grc'><strong>1.</strong></span> <span class='ocrx_word' id='word_1_315' title='bbox 415 2000 443 2028; x_wconf 78' lang='grc'><strong>2-</strong></span> <span class='ocrx_word' id='word_1_316' title='bbox 466 2009 513 2036; x_wconf 81' lang='lat' dir='ltr'><strong>pr.</strong></span> <span class='ocrx_word' id='word_1_317' title='bbox 537 2002 564 2028; x_wconf 87' lang='lat' dir='ltr'><strong>S.</strong></span> <span class='ocrx_word' id='word_1_318' title='bbox 610 2003 694 2042; x_wconf 82' lang='lat' dir='ltr'><strong>Vulg.</strong></span> <span class='ocrx_word' id='word_1_319' title='bbox 718 2006 809 2042; x_wconf 76' lang='lat' dir='ltr'><strong>quasi</strong></span> <span class='ocrx_word' id='word_1_320' title='bbox 828 2005 936 2033; x_wconf 73' lang='lat' dir='ltr'><strong>volites</strong></span> <span class='ocrx_word' id='word_1_321' title='bbox 961 2003 996 2031; x_wconf 74' lang='lat' dir='ltr'><strong>id</strong></span> <span class='ocrx_word' id='word_1_322' title='bbox 1018 2008 1060 2030; x_wconf 66' lang='lat' dir='ltr'><strong>est</strong></span> <span class='ocrx_word' id='word_1_323' title='bbox 1084 2003 1192 2031; x_wconf 66' lang='lat' dir='ltr'><strong>volan—</strong></span> 
     </span>
     <span class='ocr_line' id='line_1_45' title="bbox 236 2037 1191 2084; baseline 0.01 -17"><span class='ocrx_word' id='word_1_324' title='bbox 236 2045 288 2068; x_wconf 72' lang='lat' dir='ltr'><strong>tes.</strong></span> <span class='ocrx_word' id='word_1_325' title='bbox 311 2055 353 2061; x_wconf 92' lang='lat'><strong>—-</strong></span> <span class='ocrx_word' id='word_1_326' title='bbox 376 2037 420 2075; x_wconf 85' lang='lat'><strong>11)</strong></span> <span class='ocrx_word' id='word_1_327' title='bbox 445 2047 507 2067; x_wconf 79' lang='lat' dir='ltr'><strong>erat</strong></span> <span class='ocrx_word' id='word_1_328' title='bbox 521 2044 599 2082; x_wconf 68' lang='lat' dir='ltr'><strong>gem]</strong></span> <span class='ocrx_word' id='word_1_329' title='bbox 620 2056 687 2083; x_wconf 73' lang='lat' dir='ltr'><strong>gen.</strong></span> <span class='ocrx_word' id='word_1_330' title='bbox 704 2053 768 2075; x_wconf 80' lang='lat' dir='ltr'><strong>erat</strong></span> <span class='ocrx_word' id='word_1_331' title='bbox 788 2048 844 2076; x_wconf 88' lang='lat' dir='ltr'><strong>Gu.</strong></span> <span class='ocrx_word' id='word_1_332' title='bbox 867 2050 893 2079; x_wconf 87' lang='lat'><strong>1.</strong></span> <span class='ocrx_word' id='word_1_333' title='bbox 938 2052 1003 2074; x_wconf 76' lang='lat' dir='ltr'><strong>erat</strong></span> <span class='ocrx_word' id='word_1_334' title='bbox 1021 2056 1077 2074; x_wconf 86' lang='lat' dir='ltr'><strong>om.</strong></span> <span class='ocrx_word' id='word_1_335' title='bbox 1096 2056 1145 2084; x_wconf 72' lang='lat' dir='ltr'><strong>pr.</strong></span> <span class='ocrx_word' id='word_1_336' title='bbox 1161 2046 1191 2074; x_wconf 83' lang='lat' dir='ltr'><strong>S·</strong></span> 
     </span>
     <span class='ocr_line' id='line_1_46' title="bbox 235 2080 1192 2127; baseline 0.015 -23"><span class='ocrx_word' id='word_1_337' title='bbox 235 2098 276 2104; x_wconf 86' lang='lat'><strong>-.</strong></span> <span class='ocrx_word' id='word_1_338' title='bbox 314 2084 356 2115; x_wconf 78' lang='lat'><strong>12)</strong></span> <span class='ocrx_word' id='word_1_339' title='bbox 389 2080 506 2120; x_wconf 60' lang='lat' dir='ltr'><strong>leviter]</strong></span> <span class='ocrx_word' id='word_1_340' title='bbox 538 2085 642 2113; x_wconf 72' lang='lat' dir='ltr'><strong>leniter</strong></span> <span class='ocrx_word' id='word_1_341' title='bbox 664 2089 694 2117; x_wconf 90' lang='lat' dir='ltr'><strong>L.</strong></span> <span class='ocrx_word' id='word_1_342' title='bbox 720 2090 776 2118; x_wconf 90' lang='lat' dir='ltr'><strong>Gu.</strong></span> <span class='ocrx_word' id='word_1_343' title='bbox 800 2094 827 2121; x_wconf 90' lang='lat'><strong>1.</strong></span> <span class='ocrx_word' id='word_1_344' title='bbox 858 2107 899 2112; x_wconf 89' lang='lat'><strong>—-</strong></span> <span class='ocrx_word' id='word_1_345' title='bbox 931 2089 977 2127; x_wconf 81' lang='lat'><strong>13)</strong></span> <span class='ocrx_word' id='word_1_346' title='bbox 1001 2088 1109 2127; x_wconf 80' lang='lat' dir='ltr'><strong>oculo]</strong></span> <span class='ocrx_word' id='word_1_347' title='bbox 1134 2098 1192 2118; x_wconf 89' lang='lat' dir='ltr'><strong>om.</strong></span> 
     </span>
     <span class='ocr_line' id='line_1_47' title="bbox 237 2124 1192 2171; baseline 0.008 -21"><span class='ocrx_word' id='word_1_348' title='bbox 237 2125 294 2152; x_wconf 90' lang='lat' dir='ltr'><strong>Gu.</strong></span> <span class='ocrx_word' id='word_1_349' title='bbox 315 2127 341 2155; x_wconf 88' lang='lat'><strong>1.</strong></span> <span class='ocrx_word' id='word_1_350' title='bbox 362 2139 404 2145; x_wconf 91' lang='lat'>—</span> <span class='ocrx_word' id='word_1_351' title='bbox 430 2126 471 2158; x_wconf 80' lang='lat'>14)</span> <span class='ocrx_word' id='word_1_352' title='bbox 496 2124 576 2164; x_wconf 64' lang='lat' dir='ltr'><em>Alii]</em></span> <span class='ocrx_word' id='word_1_353' title='bbox 596 2129 650 2155; x_wconf 76' lang='lat' dir='ltr'><strong>illa</strong></span> <span class='ocrx_word' id='word_1_354' title='bbox 668 2131 724 2158; x_wconf 65' lang='lat' dir='ltr'><strong>alit·</strong></span> <span class='ocrx_word' id='word_1_355' title='bbox 747 2133 778 2162; x_wconf 84' lang='lat' dir='ltr'><strong>B.</strong></span> <span class='ocrx_word' id='word_1_356' title='bbox 800 2148 843 2155; x_wconf 87' lang='lat'><strong>——-</strong></span> <span class='ocrx_word' id='word_1_357' title='bbox 873 2130 916 2171; x_wconf 86' lang='lat'><strong>15)</strong></span> <span class='ocrx_word' id='word_1_358' title='bbox 940 2131 1045 2169; x_wconf 72' lang='lat' dir='ltr'><strong>herba]</strong></span> <span class='ocrx_word' id='word_1_359' title='bbox 1068 2130 1192 2158; x_wconf 76' lang='lat' dir='ltr'><strong>herbam</strong></span> 
     </span>
     <span class='ocr_line' id='line_1_48' title="bbox 237 2165 1191 2213; baseline 0.008 -20"><span class='ocrx_word' id='word_1_360' title='bbox 237 2166 371 2195; x_wconf 64' lang='lat' dir='ltr'><strong>dicimus</strong></span> <span class='ocrx_word' id='word_1_361' title='bbox 393 2165 423 2194; x_wconf 88' lang='lat' dir='ltr'><strong>L.</strong></span> <span class='ocrx_word' id='word_1_362' title='bbox 445 2181 486 2187; x_wconf 93' lang='lat'>—</span> <span class='ocrx_word' id='word_1_363' title='bbox 510 2169 553 2200; x_wconf 84' lang='lat'>16)</span> <span class='ocrx_word' id='word_1_364' title='bbox 576 2170 665 2208; x_wconf 76' lang='lat' dir='ltr'><strong>nunc]</strong></span> <span class='ocrx_word' id='word_1_365' title='bbox 689 2175 792 2203; x_wconf 78' lang='lat' dir='ltr'><strong>0111.L,</strong></span> <span class='ocrx_word' id='word_1_366' title='bbox 814 2193 857 2197; x_wconf 88' lang='lat'><strong>—</strong></span> <span class='ocrx_word' id='word_1_367' title='bbox 889 2174 932 2213; x_wconf 84' lang='lat'>17)</span> <span class='ocrx_word' id='word_1_368' title='bbox 957 2172 1191 2212; x_wconf 73' lang='lat' dir='ltr'><strong>Adoptaticius]</strong></span> 
     </span>
     <span class='ocr_line' id='line_1_49' title="bbox 237 2208 1193 2256; baseline 0.006 -19"><span class='ocrx_word' id='word_1_369' title='bbox 237 2209 287 2237; x_wconf 84' lang='lat' dir='ltr'><strong>Sic</strong></span> <span class='ocrx_word' id='word_1_370' title='bbox 311 2209 343 2238; x_wconf 84' lang='grc' dir='ltr'><strong>Β.</strong></span> <span class='ocrx_word' id='word_1_371' title='bbox 370 2208 408 2237; x_wconf 84' lang='grc' dir='ltr'><strong>Μ.</strong></span> <span class='ocrx_word' id='word_1_372' title='bbox 435 2218 482 2256; x_wconf 41' lang='lat' dir='ltr'><strong>prs.</strong></span> <span class='ocrx_word' id='word_1_373' title='bbox 504 2209 531 2236; x_wconf 92' lang='lat' dir='ltr'><strong>S.</strong></span> <span class='ocrx_word' id='word_1_374' title='bbox 583 2210 790 2249; x_wconf 70' lang='lat' dir='ltr'><strong>Adoptalivus</strong></span> <span class='ocrx_word' id='word_1_375' title='bbox 812 2217 844 2245; x_wconf 86' lang='lat' dir='ltr'><strong>L.</strong></span> <span class='ocrx_word' id='word_1_376' title='bbox 890 2217 976 2255; x_wconf 88' lang='lat' dir='ltr'><strong>Vulg.</strong></span> <span class='ocrx_word' id='word_1_377' title='bbox 1000 2215 1193 2254; x_wconf 72' lang='lat' dir='ltr'><strong>Adoptatius</strong></span> 
     </span>
     <span class='ocr_line' id='line_1_50' title="bbox 237 2251 1191 2297; baseline 0.006 -17"><span class='ocrx_word' id='word_1_378' title='bbox 237 2251 318 2291; x_wconf 84' lang='lat' dir='ltr'><strong>quod</strong></span> <span class='ocrx_word' id='word_1_379' title='bbox 335 2260 372 2279; x_wconf 83' lang='lat' dir='ltr'><strong>ex</strong></span> <span class='ocrx_word' id='word_1_380' title='bbox 392 2251 568 2288; x_wconf 74' lang='lat' dir='ltr'><strong>negligentia</strong></span> <span class='ocrx_word' id='word_1_381' title='bbox 585 2257 681 2281; x_wconf 81' lang='lat' dir='ltr'><strong>ortum</strong></span> <span class='ocrx_word' id='word_1_382' title='bbox 696 2255 830 2292; x_wconf 79' lang='lat' dir='ltr'><strong>videtur,</strong></span> <span class='ocrx_word' id='word_1_383' title='bbox 854 2259 910 2287; x_wconf 89' lang='lat' dir='ltr'><strong>nisi</strong></span> <span class='ocrx_word' id='word_1_384' title='bbox 929 2270 994 2288; x_wconf 88' lang='lat' dir='ltr'><strong>cum</strong></span> <span class='ocrx_word' id='word_1_385' title='bbox 1009 2259 1116 2297; x_wconf 82' lang='lat' dir='ltr'><strong>Scalig.</strong></span> <span class='ocrx_word' id='word_1_386' title='bbox 1132 2269 1191 2287; x_wconf 79' lang='lat' dir='ltr'><strong>ma-</strong></span> 
     </span>
     <span class='ocr_line' id='line_1_51' title="bbox 235 2292 1192 2339; baseline 0.008 -17"><span class='ocrx_word' id='word_1_387' title='bbox 235 2295 274 2324; x_wconf 84' lang='lat' dir='ltr'><strong>lis</strong></span> <span class='ocrx_word' id='word_1_388' title='bbox 296 2295 393 2332; x_wconf 71' lang='lat' dir='ltr'><strong>legere</strong></span> <span class='ocrx_word' id='word_1_389' title='bbox 411 2292 616 2332; x_wconf 66' lang='lat' dir='ltr'><strong>Adoptarim.</strong></span> <span class='ocrx_word' id='word_1_390' title='bbox 648 2312 689 2316; x_wconf 96' lang='lat'><strong>—</strong></span> <span class='ocrx_word' id='word_1_391' title='bbox 722 2298 767 2333; x_wconf 81' lang='lat'>18)</span> <span class='ocrx_word' id='word_1_392' title='bbox 791 2299 947 2338; x_wconf 67' lang='lat' dir='ltr'><strong>adoptato]</strong></span> <span class='ocrx_word' id='word_1_393' title='bbox 972 2307 1074 2339; x_wconf 79' lang='lat' dir='ltr'><strong>optato</strong></span> <span class='ocrx_word' id='word_1_394' title='bbox 1092 2303 1125 2330; x_wconf 93' lang='lat' dir='ltr'><strong>L.</strong></span> <span class='ocrx_word' id='word_1_395' title='bbox 1150 2318 1192 2323; x_wconf 92' lang='lat'>—</span> 
     </span>
     <span class='ocr_line' id='line_1_52' title="bbox 238 2334 1191 2379; baseline 0.008 -15"><span class='ocrx_word' id='word_1_396' title='bbox 238 2336 283 2377; x_wconf 86' lang='lat'><strong>19)</strong></span> <span class='ocrx_word' id='word_1_397' title='bbox 306 2334 410 2374; x_wconf 78' lang='lat' dir='ltr'><strong>lurco]</strong></span> <span class='ocrx_word' id='word_1_398' title='bbox 433 2336 531 2364; x_wconf 76' lang='lat' dir='ltr'><strong>lustro</strong></span> <span class='ocrx_word' id='word_1_399' title='bbox 554 2337 586 2366; x_wconf 90' lang='lat' dir='ltr'><strong>L.</strong></span> <span class='ocrx_word' id='word_1_400' title='bbox 609 2337 646 2365; x_wconf 88' lang='lat' dir='ltr'><strong>M.</strong></span> <span class='ocrx_word' id='word_1_401' title='bbox 671 2338 727 2366; x_wconf 90' lang='lat' dir='ltr'><strong>Gu.</strong></span> <span class='ocrx_word' id='word_1_402' title='bbox 751 2342 777 2369; x_wconf 92' lang='lat'><strong>1.</strong></span> <span class='ocrx_word' id='word_1_403' title='bbox 801 2350 848 2378; x_wconf 84' lang='lat' dir='ltr'><strong>pr.</strong></span> <span class='ocrx_word' id='word_1_404' title='bbox 894 2342 994 2369; x_wconf 60' lang='lat' dir='ltr'><strong>lustra</strong></span> <span class='ocrx_word' id='word_1_405' title='bbox 1014 2344 1047 2371; x_wconf 87' lang='lat' dir='ltr'><strong>B.</strong></span> <span class='ocrx_word' id='word_1_406' title='bbox 1072 2361 1110 2365; x_wconf 90' lang='lat'><strong>——-</strong></span> <span class='ocrx_word' id='word_1_407' title='bbox 1141 2344 1191 2379; x_wconf 84' lang='lat'>20)</span> 
     </span>
     <span class='ocr_line' id='line_1_53' title="bbox 237 2378 1193 2420; baseline 0.008 -14"><span class='ocrx_word' id='word_1_408' title='bbox 237 2378 444 2417; x_wconf 67' lang='lat' dir='ltr'><strong>Aditiculum]</strong></span> <span class='ocrx_word' id='word_1_409' title='bbox 471 2378 653 2408; x_wconf 72' lang='lat' dir='ltr'><strong>Aditicalus</strong></span> <span class='ocrx_word' id='word_1_410' title='bbox 674 2380 708 2409; x_wconf 92' lang='lat' dir='ltr'><strong>B.</strong></span> <span class='ocrx_word' id='word_1_411' title='bbox 732 2397 773 2403; x_wconf 91' lang='lat'><strong>—</strong></span> <span class='ocrx_word' id='word_1_412' title='bbox 795 2385 839 2416; x_wconf 84' lang='lat'><strong>21)</strong></span> <span class='ocrx_word' id='word_1_413' title='bbox 864 2383 971 2420; x_wconf 74' lang='lat' dir='ltr'><strong>animi]</strong></span> <span class='ocrx_word' id='word_1_414' title='bbox 995 2394 1064 2411; x_wconf 78' lang='lat' dir='ltr'><strong>cum</strong></span> <span class='ocrx_word' id='word_1_415' title='bbox 1078 2386 1112 2414; x_wconf 93' lang='lat' dir='ltr'><strong>B.</strong></span> <span class='ocrx_word' id='word_1_416' title='bbox 1130 2385 1193 2414; x_wconf 84' lang='lat' dir='ltr'><strong>sre-</strong></span> 
     </span>
    </p>
   </div>
   <div class='ocr_carea' id='block_1_27' title="bbox 1684 1484 1931 1534">
    <p class='ocr_par' dir='ltr' id='par_1_27' title="bbox 1684 1484 1931 1534">
     <span class='ocr_line' id='line_1_54' title="bbox 1684 1484 1931 1534; baseline 0.004 -13"><span class='ocrx_word' id='word_1_417' title='bbox 1684 1484 1710 1505; x_wconf 85' lang='lat'><strong>³²</strong></span> <span class='ocrx_word' id='word_1_418' title='bbox 1736 1489 1931 1534; x_wconf 83' lang='lat' dir='ltr'><strong>suspicetur.</strong></span> 
     </span>
    </p>
   </div>
   <div class='ocr_carea' id='block_1_28' title="bbox 1235 1573 2192 2425">
    <p class='ocr_par' dir='ltr' id='par_1_28' title="bbox 1235 1573 2192 2425">
     <span class='ocr_line' id='line_1_55' title="bbox 1236 1573 2191 1614; baseline -0.001 -11"><span class='ocrx_word' id='word_1_419' title='bbox 1236 1575 1339 1613; x_wconf 83' lang='lat' dir='ltr'><strong>quenti</strong></span> <span class='ocrx_word' id='word_1_420' title='bbox 1356 1574 1462 1604; x_wconf 76' lang='lat' dir='ltr'><strong>harum</strong></span> <span class='ocrx_word' id='word_1_421' title='bbox 1483 1585 1593 1604; x_wconf 83' lang='lat' dir='ltr'><strong>vocum</strong></span> <span class='ocrx_word' id='word_1_422' title='bbox 1614 1574 1788 1604; x_wconf 80' lang='lat' dir='ltr'><strong>confusione</strong></span> <span class='ocrx_word' id='word_1_423' title='bbox 1809 1585 1824 1603; x_wconf 85' lang='lat' dir='ltr'><strong>e</strong></span> <span class='ocrx_word' id='word_1_424' title='bbox 1846 1585 1942 1614; x_wconf 87' lang='lat' dir='ltr'><strong>comp.</strong></span> <span class='ocrx_word' id='word_1_425' title='bbox 1958 1585 2017 1603; x_wconf 80' lang='lat' dir='ltr'><strong>am.</strong></span> <span class='ocrx_word' id='word_1_426' title='bbox 2031 1577 2130 1609; x_wconf 86' lang='lat'>—22)</span> <span class='ocrx_word' id='word_1_427' title='bbox 2145 1573 2191 1602; x_wconf 79' lang='lat' dir='ltr'><strong>di-</strong></span> 
     </span>
     <span class='ocr_line' id='line_1_56' title="bbox 1236 1617 2191 1657; baseline 0.001 -12"><span class='ocrx_word' id='word_1_428' title='bbox 1236 1617 1296 1656; x_wconf 80' lang='lat' dir='ltr'><strong>cta]</strong></span> <span class='ocrx_word' id='word_1_429' title='bbox 1322 1617 1369 1646; x_wconf 80' lang='lat' dir='ltr'><strong>Sic</strong></span> <span class='ocrx_word' id='word_1_430' title='bbox 1389 1617 1496 1657; x_wconf 83' lang='lat' dir='ltr'><strong>scripsi</strong></span> <span class='ocrx_word' id='word_1_431' title='bbox 1513 1628 1581 1647; x_wconf 87' lang='lat' dir='ltr'><strong>cum</strong></span> <span class='ocrx_word' id='word_1_432' title='bbox 1600 1619 1697 1656; x_wconf 57' lang='lat' dir='ltr'><strong>vulg„</strong></span> <span class='ocrx_word' id='word_1_433' title='bbox 1722 1618 1830 1646; x_wconf 86' lang='lat' dir='ltr'><strong>omisso</strong></span> <span class='ocrx_word' id='word_1_434' title='bbox 1850 1623 1903 1648; x_wconf 75' lang='lat' dir='ltr'><strong>est.</strong></span> <span class='ocrx_word' id='word_1_435' title='bbox 1949 1617 2025 1647; x_wconf 88' lang='lat' dir='ltr'><strong>Miro</strong></span> <span class='ocrx_word' id='word_1_436' title='bbox 2046 1617 2135 1646; x_wconf 80' lang='lat' dir='ltr'><strong>modo</strong></span> <span class='ocrx_word' id='word_1_437' title='bbox 2157 1617 2191 1646; x_wconf 91' lang='lat' dir='ltr'><strong>B.</strong></span> 
     </span>
     <span class='ocr_line' id='line_1_57' title="bbox 1235 1658 2191 1698; baseline -0.002 -9"><span class='ocrx_word' id='word_1_438' title='bbox 1235 1660 1272 1689; x_wconf 91' lang='lat' dir='ltr'><strong>M.</strong></span> <span class='ocrx_word' id='word_1_439' title='bbox 1293 1661 1349 1688; x_wconf 91' lang='lat' dir='ltr'><strong>Gu.</strong></span> <span class='ocrx_word' id='word_1_440' title='bbox 1363 1664 1390 1692; x_wconf 90' lang='lat'><strong>1.</strong></span> <span class='ocrx_word' id='word_1_441' title='bbox 1401 1663 1431 1691; x_wconf 77' lang='lat'><strong>2.</strong></span> <span class='ocrx_word' id='word_1_442' title='bbox 1447 1660 1550 1689; x_wconf 76' lang='lat' dir='ltr'><strong>dictus</strong></span> <span class='ocrx_word' id='word_1_443' title='bbox 1567 1661 1628 1690; x_wconf 81' lang='lat' dir='ltr'><strong>sine</strong></span> <span class='ocrx_word' id='word_1_444' title='bbox 1643 1667 1704 1696; x_wconf 74' lang='lat' dir='ltr'><strong>est5</strong></span> <span class='ocrx_word' id='word_1_445' title='bbox 1727 1661 1758 1689; x_wconf 94' lang='lat' dir='ltr'><strong>L.</strong></span> <span class='ocrx_word' id='word_1_446' title='bbox 1775 1660 1890 1689; x_wconf 76' lang='lat' dir='ltr'><strong>dictam</strong></span> <span class='ocrx_word' id='word_1_447' title='bbox 1907 1666 1958 1690; x_wconf 68' lang='lat' dir='ltr'><strong>est.</strong></span> <span class='ocrx_word' id='word_1_448' title='bbox 1976 1676 2013 1682; x_wconf 94' lang='lat'>—</span> <span class='ocrx_word' id='word_1_449' title='bbox 2039 1658 2084 1698; x_wconf 83' lang='lat'><strong>23)</strong></span> <span class='ocrx_word' id='word_1_450' title='bbox 2100 1659 2191 1698; x_wconf 76' lang='lat' dir='ltr'><strong>enim]</strong></span> 
     </span>
     <span class='ocr_line' id='line_1_58' title="bbox 1237 1702 2192 1743; baseline -0.001 -12"><span class='ocrx_word' id='word_1_451' title='bbox 1237 1713 1294 1733; x_wconf 87' lang='lat' dir='ltr'><strong>om.</strong></span> <span class='ocrx_word' id='word_1_452' title='bbox 1313 1703 1344 1731; x_wconf 92' lang='lat' dir='ltr'><strong>L.</strong></span> <span class='ocrx_word' id='word_1_453' title='bbox 1374 1719 1416 1725; x_wconf 91' lang='lat'>—</span> <span class='ocrx_word' id='word_1_454' title='bbox 1446 1704 1494 1741; x_wconf 80' lang='lat'><strong>24)</strong></span> <span class='ocrx_word' id='word_1_455' title='bbox 1518 1704 1645 1743; x_wconf 72' lang='lat' dir='ltr'><strong>Anctos]</strong></span> <span class='ocrx_word' id='word_1_456' title='bbox 1670 1704 1719 1731; x_wconf 86' lang='lat' dir='ltr'><strong>Sic</strong></span> <span class='ocrx_word' id='word_1_457' title='bbox 1743 1704 1820 1732; x_wconf 84' lang='lat' dir='ltr'><strong>Scal.</strong></span> <span class='ocrx_word' id='word_1_458' title='bbox 1840 1704 1977 1732; x_wconf 84' lang='lat' dir='ltr'><strong>coniecit.</strong></span> <span class='ocrx_word' id='word_1_459' title='bbox 2021 1702 2109 1740; x_wconf 84' lang='lat' dir='ltr'><strong>Vulg.</strong></span> <span class='ocrx_word' id='word_1_460' title='bbox 2126 1702 2192 1730; x_wconf 88' lang='lat' dir='ltr'><strong>An-</strong></span> 
     </span>
     <span class='ocr_line' id='line_1_59' title="bbox 1236 1744 2191 1784; baseline 0 -11"><span class='ocrx_word' id='word_1_461' title='bbox 1236 1747 1310 1781; x_wconf 68' lang='lat' dir='ltr'><strong>tius,</strong></span> <span class='ocrx_word' id='word_1_462' title='bbox 1330 1745 1412 1784; x_wconf 89' lang='lat' dir='ltr'><strong>quod</strong></span> <span class='ocrx_word' id='word_1_463' title='bbox 1426 1745 1500 1774; x_wconf 87' lang='lat' dir='ltr'><strong>nihil</strong></span> <span class='ocrx_word' id='word_1_464' title='bbox 1516 1751 1570 1776; x_wconf 89' lang='lat' dir='ltr'><strong>est.</strong></span> <span class='ocrx_word' id='word_1_465' title='bbox 1582 1763 1624 1768; x_wconf 86' lang='lat'><strong>-—</strong></span> <span class='ocrx_word' id='word_1_466' title='bbox 1639 1750 1687 1783; x_wconf 67' lang='lat'>25)</span> <span class='ocrx_word' id='word_1_467' title='bbox 1702 1747 1901 1782; x_wconf 66' lang='lat' dir='ltr'><strong>excruciatos]</strong></span> <span class='ocrx_word' id='word_1_468' title='bbox 1922 1747 1971 1774; x_wconf 84' lang='lat' dir='ltr'><strong>Sic</strong></span> <span class='ocrx_word' id='word_1_469' title='bbox 1984 1745 2039 1773; x_wconf 91' lang='lat' dir='ltr'><strong>Gu.</strong></span> <span class='ocrx_word' id='word_1_470' title='bbox 2049 1748 2077 1777; x_wconf 83' lang='lat'><strong>2.</strong></span> <span class='ocrx_word' id='word_1_471' title='bbox 2103 1744 2191 1782; x_wconf 83' lang='lat' dir='ltr'><strong>Vulg.</strong></span> 
     </span>
     <span class='ocr_line' id='line_1_60' title="bbox 1237 1787 2192 1827; baseline 0.001 -12"><span class='ocrx_word' id='word_1_472' title='bbox 1237 1787 1272 1816; x_wconf 86' lang='lat' dir='ltr'><strong>id</strong></span> <span class='ocrx_word' id='word_1_473' title='bbox 1292 1793 1334 1815; x_wconf 67' lang='lat' dir='ltr'><strong>est</strong></span> <span class='ocrx_word' id='word_1_474' title='bbox 1353 1799 1428 1817; x_wconf 75' lang='lat' dir='ltr'><strong>exer.</strong></span> <span class='ocrx_word' id='word_1_475' title='bbox 1451 1805 1494 1811; x_wconf 94' lang='lat'>—</span> <span class='ocrx_word' id='word_1_476' title='bbox 1516 1789 1563 1827; x_wconf 86' lang='lat'><strong>26)</strong></span> <span class='ocrx_word' id='word_1_477' title='bbox 1587 1788 1663 1817; x_wconf 69' lang='lat' dir='ltr'><strong>dicit</strong></span> <span class='ocrx_word' id='word_1_478' title='bbox 1678 1789 1772 1818; x_wconf 77' lang='lat' dir='ltr'><strong>morh.</strong></span> <span class='ocrx_word' id='word_1_479' title='bbox 1790 1789 1851 1827; x_wconf 67' lang='lat' dir='ltr'><strong>am]</strong></span> <span class='ocrx_word' id='word_1_480' title='bbox 1876 1789 1925 1817; x_wconf 87' lang='lat' dir='ltr'><strong>Sic</strong></span> <span class='ocrx_word' id='word_1_481' title='bbox 1940 1789 1972 1819; x_wconf 91' lang='lat' dir='ltr'><strong>L.</strong></span> <span class='ocrx_word' id='word_1_482' title='bbox 1984 1788 2017 1817; x_wconf 88' lang='grc' dir='ltr'><strong>Β.</strong></span> <span class='ocrx_word' id='word_1_483' title='bbox 2040 1788 2097 1816; x_wconf 89' lang='lat' dir='ltr'><strong>Gu.</strong></span> <span class='ocrx_word' id='word_1_484' title='bbox 2113 1789 2141 1819; x_wconf 88' lang='lat'><strong>1.</strong></span> <span class='ocrx_word' id='word_1_485' title='bbox 2161 1789 2192 1819; x_wconf 82' lang='lat'><strong>2.</strong></span> 
     </span>
     <span class='ocr_line' id='line_1_61' title="bbox 1236 1830 2191 1870; baseline -0.001 -11"><span class='ocrx_word' id='word_1_486' title='bbox 1236 1831 1323 1869; x_wconf 85' lang='lat' dir='ltr'><strong>Vulg.</strong></span> <span class='ocrx_word' id='word_1_487' title='bbox 1339 1831 1431 1860; x_wconf 62' lang='grc' dir='ltr'><strong>νηοὶ-ὂ.</strong></span> <span class='ocrx_word' id='word_1_488' title='bbox 1449 1842 1498 1860; x_wconf 82' lang='lat' dir='ltr'><strong>an.</strong></span> <span class='ocrx_word' id='word_1_489' title='bbox 1515 1831 1573 1860; x_wconf 70' lang='lat' dir='ltr'><strong>dic.</strong></span> <span class='ocrx_word' id='word_1_490' title='bbox 1599 1849 1636 1853; x_wconf 88' lang='lat'><strong>-—</strong></span> <span class='ocrx_word' id='word_1_491' title='bbox 1660 1832 1706 1870; x_wconf 85' lang='lat'><strong>27)</strong></span> <span class='ocrx_word' id='word_1_492' title='bbox 1720 1831 1756 1859; x_wconf 73' lang='lat' dir='ltr'><strong>id</strong></span> <span class='ocrx_word' id='word_1_493' title='bbox 1769 1837 1811 1860; x_wconf 73' lang='lat' dir='ltr'><strong>est</strong></span> <span class='ocrx_word' id='word_1_494' title='bbox 1826 1831 1894 1870; x_wconf 62' lang='lat' dir='ltr'><strong>vet]</strong></span> <span class='ocrx_word' id='word_1_495' title='bbox 1917 1830 1953 1860; x_wconf 81' lang='lat' dir='ltr'><strong>id</strong></span> <span class='ocrx_word' id='word_1_496' title='bbox 1965 1836 2008 1858; x_wconf 75' lang='lat' dir='ltr'><strong>est</strong></span> <span class='ocrx_word' id='word_1_497' title='bbox 2023 1841 2081 1859; x_wconf 87' lang='lat' dir='ltr'><strong>om.</strong></span> <span class='ocrx_word' id='word_1_498' title='bbox 2099 1830 2135 1859; x_wconf 89' lang='lat' dir='ltr'><strong>B.</strong></span> <span class='ocrx_word' id='word_1_499' title='bbox 2149 1845 2191 1853; x_wconf 92' lang='lat'><strong>-—</strong></span> 
     </span>
     <span class='ocr_line' id='line_1_62' title="bbox 1236 1873 2192 1913; baseline 0.001 -12"><span class='ocrx_word' id='word_1_500' title='bbox 1236 1875 1281 1909; x_wconf 72' lang='lat'>23)</span> <span class='ocrx_word' id='word_1_501' title='bbox 1307 1880 1377 1901; x_wconf 69' lang='lat' dir='ltr'><strong>sunt</strong></span> <span class='ocrx_word' id='word_1_502' title='bbox 1392 1873 1476 1913; x_wconf 53' lang='lat' dir='ltr'><strong>dim]</strong></span> <span class='ocrx_word' id='word_1_503' title='bbox 1502 1874 1550 1902; x_wconf 90' lang='lat' dir='ltr'><strong>Sic</strong></span> <span class='ocrx_word' id='word_1_504' title='bbox 1571 1875 1603 1904; x_wconf 87' lang='lat' dir='ltr'><strong>L.</strong></span> <span class='ocrx_word' id='word_1_505' title='bbox 1626 1875 1659 1903; x_wconf 90' lang='lat' dir='ltr'><strong>B.</strong></span> <span class='ocrx_word' id='word_1_506' title='bbox 1682 1876 1738 1902; x_wconf 89' lang='lat' dir='ltr'><strong>Gu.</strong></span> <span class='ocrx_word' id='word_1_507' title='bbox 1751 1877 1776 1906; x_wconf 90' lang='lat'><strong>1.</strong></span> <span class='ocrx_word' id='word_1_508' title='bbox 1792 1877 1822 1905; x_wconf 82' lang='lat'><strong>2.</strong></span> <span class='ocrx_word' id='word_1_509' title='bbox 1860 1874 1948 1912; x_wconf 86' lang='lat' dir='ltr'><strong>Vulg.</strong></span> <span class='ocrx_word' id='word_1_510' title='bbox 1967 1873 2134 1902; x_wconf 52' lang='lat' dir='ltr'><strong>dica-mnt-</strong></span> <span class='ocrx_word' id='word_1_511' title='bbox 2150 1887 2192 1895; x_wconf 89' lang='lat'><strong>—</strong></span> 
     </span>
     <span class='ocr_line' id='line_1_63' title="bbox 1236 1914 2190 1956; baseline 0.001 -13"><span class='ocrx_word' id='word_1_512' title='bbox 1236 1917 1284 1954; x_wconf 71' lang='lat'>99)</span> <span class='ocrx_word' id='word_1_513' title='bbox 1306 1916 1406 1956; x_wconf 75' lang='lat' dir='ltr'><em>Assa]</em></span> <span class='ocrx_word' id='word_1_514' title='bbox 1434 1917 1506 1945; x_wconf 78' lang='lat' dir='ltr'><strong>Axa</strong></span> <span class='ocrx_word' id='word_1_515' title='bbox 1533 1918 1565 1947; x_wconf 89' lang='grc' dir='ltr'><strong>Β,</strong></span> <span class='ocrx_word' id='word_1_516' title='bbox 1592 1933 1632 1938; x_wconf 88' lang='lat'><strong>-—</strong></span> <span class='ocrx_word' id='word_1_517' title='bbox 1670 1916 1716 1956; x_wconf 86' lang='lat'><strong>30)</strong></span> <span class='ocrx_word' id='word_1_518' title='bbox 1746 1917 1942 1955; x_wconf 76' lang='lat' dir='ltr'><strong>dicebantur]</strong></span> <span class='ocrx_word' id='word_1_519' title='bbox 1973 1915 2132 1944; x_wconf 75' lang='lat' dir='ltr'><strong>dicebatur</strong></span> <span class='ocrx_word' id='word_1_520' title='bbox 2152 1914 2190 1944; x_wconf 90' lang='grc' dir='ltr'><strong>Μ.</strong></span> 
     </span>
     <span class='ocr_line' id='line_1_64' title="bbox 1237 1957 2190 1999; baseline -0.001 -13"><span class='ocrx_word' id='word_1_521' title='bbox 1237 1959 1295 1988; x_wconf 90' lang='lat' dir='ltr'><strong>Gu.</strong></span> <span class='ocrx_word' id='word_1_522' title='bbox 1320 1963 1348 1992; x_wconf 85' lang='lat'><strong>1.</strong></span> <span class='ocrx_word' id='word_1_523' title='bbox 1373 1970 1419 1998; x_wconf 84' lang='lat' dir='ltr'><strong>pr.</strong></span> <span class='ocrx_word' id='word_1_524' title='bbox 1443 1976 1484 1981; x_wconf 92' lang='lat'>—</span> <span class='ocrx_word' id='word_1_525' title='bbox 1514 1958 1563 1999; x_wconf 82' lang='lat'><strong>31)</strong></span> <span class='ocrx_word' id='word_1_526' title='bbox 1583 1958 1729 1998; x_wconf 75' lang='lat' dir='ltr'><strong>adventu]</strong></span> <span class='ocrx_word' id='word_1_527' title='bbox 1754 1965 1865 1989; x_wconf 66' lang='lat' dir='ltr'><strong>aventu</strong></span> <span class='ocrx_word' id='word_1_528' title='bbox 1889 1960 1946 1989; x_wconf 88' lang='lat' dir='ltr'><strong>Gu.</strong></span> <span class='ocrx_word' id='word_1_529' title='bbox 1965 1962 1992 1990; x_wconf 90' lang='lat'><strong>1.</strong></span> <span class='ocrx_word' id='word_1_530' title='bbox 2036 1964 2142 1988; x_wconf 73' lang='lat' dir='ltr'><strong>eventu</strong></span> <span class='ocrx_word' id='word_1_531' title='bbox 2156 1957 2190 1986; x_wconf 89' lang='grc' dir='ltr'><strong>Β.</strong></span> 
     </span>
     <span class='ocr_line' id='line_1_65' title="bbox 1235 2001 2190 2041; baseline -0.001 -11"><span class='ocrx_word' id='word_1_532' title='bbox 1235 2017 1277 2023; x_wconf 87' lang='grc'>-</span> <span class='ocrx_word' id='word_1_533' title='bbox 1299 2001 1344 2040; x_wconf 83' lang='lat'><strong>32)</strong></span> <span class='ocrx_word' id='word_1_534' title='bbox 1369 2012 1428 2030; x_wconf 81' lang='lat' dir='ltr'><strong>non</strong></span> <span class='ocrx_word' id='word_1_535' title='bbox 1446 2002 1528 2041; x_wconf 73' lang='lat' dir='ltr'><strong>quis]</strong></span> <span class='ocrx_word' id='word_1_536' title='bbox 1546 2003 1594 2030; x_wconf 86' lang='lat' dir='ltr'><strong>Sic</strong></span> <span class='ocrx_word' id='word_1_537' title='bbox 1610 2003 1666 2031; x_wconf 89' lang='lat' dir='ltr'><strong>Gu.</strong></span> <span class='ocrx_word' id='word_1_538' title='bbox 1684 2006 1748 2034; x_wconf 76' lang='lat'><strong>1.2.</strong></span> <span class='ocrx_word' id='word_1_539' title='bbox 1765 2013 1809 2041; x_wconf 88' lang='lat' dir='ltr'><strong>pr.</strong></span> <span class='ocrx_word' id='word_1_540' title='bbox 1855 2002 1942 2040; x_wconf 86' lang='lat' dir='ltr'><strong>Vulg.</strong></span> <span class='ocrx_word' id='word_1_541' title='bbox 1959 2002 2028 2041; x_wconf 73' lang='lat' dir='ltr'><strong>quis</strong></span> <span class='ocrx_word' id='word_1_542' title='bbox 2044 2012 2112 2030; x_wconf 86' lang='lat' dir='ltr'><strong>non.</strong></span> <span class='ocrx_word' id='word_1_543' title='bbox 2154 2010 2190 2028; x_wconf 84' lang='lat' dir='ltr'><strong>ne</strong></span> 
     </span>
     <span class='ocr_line' id='line_1_66' title="bbox 1237 2042 2189 2084; baseline -0.003 -12"><span class='ocrx_word' id='word_1_544' title='bbox 1237 2046 1307 2082; x_wconf 74' lang='lat' dir='ltr'><strong>quis</strong></span> <span class='ocrx_word' id='word_1_545' title='bbox 1323 2045 1356 2073; x_wconf 92' lang='lat' dir='ltr'><strong>B.</strong></span> <span class='ocrx_word' id='word_1_546' title='bbox 1379 2061 1420 2066; x_wconf 92' lang='lat'>—</span> <span class='ocrx_word' id='word_1_547' title='bbox 1441 2043 1489 2084; x_wconf 76' lang='lat'>33)</span> <span class='ocrx_word' id='word_1_548' title='bbox 1507 2045 1654 2084; x_wconf 76' lang='lat' dir='ltr'><strong>Agollcm]</strong></span> <span class='ocrx_word' id='word_1_549' title='bbox 1678 2045 1819 2084; x_wconf 75' lang='lat' dir='ltr'><strong>Agulum</strong></span> <span class='ocrx_word' id='word_1_550' title='bbox 1843 2045 1901 2075; x_wconf 91' lang='lat' dir='ltr'><strong>Gu.</strong></span> <span class='ocrx_word' id='word_1_551' title='bbox 1919 2048 1946 2077; x_wconf 87' lang='lat'><strong>1.</strong></span> <span class='ocrx_word' id='word_1_552' title='bbox 1972 2061 2009 2066; x_wconf 98' lang='lat'><strong>—</strong></span> <span class='ocrx_word' id='word_1_553' title='bbox 2040 2044 2088 2082; x_wconf 86' lang='lat'><strong>34)</strong></span> <span class='ocrx_word' id='word_1_554' title='bbox 2110 2042 2189 2071; x_wconf 63' lang='lat' dir='ltr'><strong>dict·-</strong></span> 
     </span>
     <span class='ocr_line' id='line_1_67' title="bbox 1236 2086 2189 2127; baseline 0 -13"><span class='ocrx_word' id='word_1_555' title='bbox 1236 2086 1299 2126; x_wconf 74' lang='lat' dir='ltr'><strong>tur]</strong></span> <span class='ocrx_word' id='word_1_556' title='bbox 1323 2098 1381 2118; x_wconf 87' lang='lat' dir='ltr'><strong>om.</strong></span> <span class='ocrx_word' id='word_1_557' title='bbox 1406 2087 1463 2115; x_wconf 88' lang='lat' dir='ltr'><strong>Gu.</strong></span> <span class='ocrx_word' id='word_1_558' title='bbox 1484 2090 1509 2118; x_wconf 93' lang='lat'><strong>1.</strong></span> <span class='ocrx_word' id='word_1_559' title='bbox 1540 2104 1583 2109; x_wconf 92' lang='lat'>—</span> <span class='ocrx_word' id='word_1_560' title='bbox 1619 2086 1667 2127; x_wconf 75' lang='lat'><strong>35)</strong></span> <span class='ocrx_word' id='word_1_561' title='bbox 1691 2087 1873 2127; x_wconf 62' lang='lat' dir='ltr'><strong>tempestive]</strong></span> <span class='ocrx_word' id='word_1_562' title='bbox 1897 2092 2068 2126; x_wconf 67' lang='lat' dir='ltr'><strong>tempestate</strong></span> <span class='ocrx_word' id='word_1_563' title='bbox 2089 2086 2120 2114; x_wconf 87' lang='grc' dir='ltr'><strong>Β.</strong></span> <span class='ocrx_word' id='word_1_564' title='bbox 2146 2099 2189 2107; x_wconf 91' lang='grc'><strong>-</strong></span> 
     </span>
     <span class='ocr_line' id='line_1_68' title="bbox 1235 2127 2189 2169; baseline -0.003 -11"><span class='ocrx_word' id='word_1_565' title='bbox 1235 2132 1280 2164; x_wconf 78' lang='grc'>36)</span> <span class='ocrx_word' id='word_1_566' title='bbox 1301 2132 1364 2158; x_wconf 72' lang='lat' dir='ltr'><strong>sint</strong></span> <span class='ocrx_word' id='word_1_567' title='bbox 1386 2140 1442 2158; x_wconf 89' lang='lat' dir='ltr'><strong>om.</strong></span> <span class='ocrx_word' id='word_1_568' title='bbox 1468 2130 1497 2158; x_wconf 84' lang='lat' dir='ltr'><strong>L.</strong></span> <span class='ocrx_word' id='word_1_569' title='bbox 1541 2136 1613 2158; x_wconf 73' lang='lat' dir='ltr'><strong>sunt</strong></span> <span class='ocrx_word' id='word_1_570' title='bbox 1638 2131 1669 2161; x_wconf 86' lang='lat' dir='ltr'><strong>B.</strong></span> <span class='ocrx_word' id='word_1_571' title='bbox 1693 2131 1751 2163; x_wconf 81' lang='lat' dir='ltr'><strong>Gu,</strong></span> <span class='ocrx_word' id='word_1_572' title='bbox 1771 2134 1796 2162; x_wconf 93' lang='lat'><strong>1.</strong></span> <span class='ocrx_word' id='word_1_573' title='bbox 1813 2141 1858 2169; x_wconf 81' lang='lat' dir='ltr'><strong>pr.</strong></span> <span class='ocrx_word' id='word_1_574' title='bbox 1888 2146 1930 2152; x_wconf 88' lang='lat'><strong>—--</strong></span> <span class='ocrx_word' id='word_1_575' title='bbox 1964 2127 2011 2169; x_wconf 82' lang='lat'><strong>37)</strong></span> <span class='ocrx_word' id='word_1_576' title='bbox 2031 2127 2189 2157; x_wconf 75' lang='lat' dir='ltr'><strong>Bomhita-</strong></span> 
     </span>
     <span class='ocr_line' id='line_1_69' title="bbox 1236 2168 2186 2212; baseline -0.007 -7"><span class='ocrx_word' id='word_1_577' title='bbox 1236 2172 1291 2211; x_wconf 69' lang='lat' dir='ltr'><strong>liv]</strong></span> <span class='ocrx_word' id='word_1_578' title='bbox 1315 2173 1363 2201; x_wconf 74' lang='lat' dir='ltr'><strong>Sic</strong></span> <span class='ocrx_word' id='word_1_579' title='bbox 1384 2173 1415 2201; x_wconf 85' lang='lat' dir='ltr'><strong>L·</strong></span> <span class='ocrx_word' id='word_1_580' title='bbox 1438 2173 1470 2201; x_wconf 84' lang='lat' dir='ltr'><strong>B-</strong></span> <span class='ocrx_word' id='word_1_581' title='bbox 1494 2173 1550 2201; x_wconf 87' lang='lat' dir='ltr'><strong>Gu-</strong></span> <span class='ocrx_word' id='word_1_582' title='bbox 1576 2177 1603 2204; x_wconf 92' lang='lat'><strong>1.</strong></span> <span class='ocrx_word' id='word_1_583' title='bbox 1622 2183 1665 2212; x_wconf 86' lang='lat' dir='ltr'><strong>pr.</strong></span> <span class='ocrx_word' id='word_1_584' title='bbox 1690 2175 1718 2202; x_wconf 91' lang='lat' dir='ltr'><strong>S.</strong></span> <span class='ocrx_word' id='word_1_585' title='bbox 1764 2174 1827 2203; x_wconf 82' lang='lat' dir='ltr'><strong>Cet.</strong></span> <span class='ocrx_word' id='word_1_586' title='bbox 1854 2172 2053 2201; x_wconf 73' lang='lat' dir='ltr'><strong>Bombizatio.</strong></span> <span class='ocrx_word' id='word_1_587' title='bbox 2079 2187 2118 2192; x_wconf 95' lang='grc'>-</span> <span class='ocrx_word' id='word_1_588' title='bbox 2140 2168 2186 2207; x_wconf 87' lang='lat'>38)</span> 
     </span>
     <span class='ocr_line' id='line_1_70' title="bbox 1236 2213 2185 2255; baseline -0.003 -12"><span class='ocrx_word' id='word_1_589' title='bbox 1236 2215 1354 2254; x_wconf 77' lang='lat' dir='ltr'><strong>apium]</strong></span> <span class='ocrx_word' id='word_1_590' title='bbox 1378 2216 1426 2244; x_wconf 89' lang='lat' dir='ltr'><strong>Sic</strong></span> <span class='ocrx_word' id='word_1_591' title='bbox 1441 2216 1472 2244; x_wconf 89' lang='lat' dir='ltr'><strong>L.</strong></span> <span class='ocrx_word' id='word_1_592' title='bbox 1491 2215 1530 2246; x_wconf 83' lang='lat' dir='ltr'><strong>M.</strong></span> <span class='ocrx_word' id='word_1_593' title='bbox 1553 2216 1608 2243; x_wconf 93' lang='lat' dir='ltr'><strong>Gu.</strong></span> <span class='ocrx_word' id='word_1_594' title='bbox 1634 2219 1660 2246; x_wconf 90' lang='lat'><strong>1.</strong></span> <span class='ocrx_word' id='word_1_595' title='bbox 1683 2220 1711 2248; x_wconf 80' lang='lat'><strong>2.</strong></span> <span class='ocrx_word' id='word_1_596' title='bbox 1756 2227 1852 2255; x_wconf 77' lang='lat' dir='ltr'><strong>apum</strong></span> <span class='ocrx_word' id='word_1_597' title='bbox 1874 2215 1955 2253; x_wconf 86' lang='lat' dir='ltr'><strong>vulg.</strong></span> <span class='ocrx_word' id='word_1_598' title='bbox 2000 2213 2073 2242; x_wconf 84' lang='lat' dir='ltr'><strong>Vide</strong></span> <span class='ocrx_word' id='word_1_599' title='bbox 2089 2213 2185 2241; x_wconf 83' lang='lat' dir='ltr'><strong>Geru-</strong></span> 
     </span>
     <span class='ocr_line' id='line_1_71' title="bbox 1235 2252 2184 2296; baseline -0.005 -10"><span class='ocrx_word' id='word_1_600' title='bbox 1235 2257 1320 2286; x_wconf 80' lang='lat' dir='ltr'><strong>hard.</strong></span> <span class='ocrx_word' id='word_1_601' title='bbox 1342 2258 1379 2287; x_wconf 88' lang='lat' dir='ltr'><strong>ad</strong></span> <span class='ocrx_word' id='word_1_602' title='bbox 1400 2258 1459 2286; x_wconf 82' lang='lat' dir='ltr'><strong>Cio.</strong></span> <span class='ocrx_word' id='word_1_603' title='bbox 1487 2258 1548 2286; x_wconf 84' lang='lat' dir='ltr'><strong>Cat.</strong></span> <span class='ocrx_word' id='word_1_604' title='bbox 1570 2258 1637 2287; x_wconf 83' lang='lat' dir='ltr'><strong>Mai.</strong></span> <span class='ocrx_word' id='word_1_605' title='bbox 1657 2260 1713 2296; x_wconf 77' lang='lat'><strong>15,</strong></span> <span class='ocrx_word' id='word_1_606' title='bbox 1737 2259 1786 2291; x_wconf 81' lang='lat'><strong>54.</strong></span> <span class='ocrx_word' id='word_1_607' title='bbox 1816 2274 1859 2281; x_wconf 93' lang='lat'><strong>—-</strong></span> <span class='ocrx_word' id='word_1_608' title='bbox 1888 2259 1934 2294; x_wconf 88' lang='grc'><strong>39)</strong></span> <span class='ocrx_word' id='word_1_609' title='bbox 1957 2255 2035 2294; x_wconf 69' lang='lat' dir='ltr'><strong>ipso]</strong></span> <span class='ocrx_word' id='word_1_610' title='bbox 2058 2264 2115 2283; x_wconf 88' lang='lat' dir='ltr'><strong>om.</strong></span> <span class='ocrx_word' id='word_1_611' title='bbox 2137 2252 2184 2288; x_wconf 70' lang='grc' dir='ltr'><strong>Β..</strong></span> 
     </span>
     <span class='ocr_line' id='line_1_72' title="bbox 1236 2294 2182 2340; baseline -0.008 -11"><span class='ocrx_word' id='word_1_612' title='bbox 1236 2301 1287 2329; x_wconf 89' lang='lat' dir='ltr'><strong>sed</strong></span> <span class='ocrx_word' id='word_1_613' title='bbox 1309 2300 1397 2329; x_wconf 87' lang='lat' dir='ltr'><strong>habet</strong></span> <span class='ocrx_word' id='word_1_614' title='bbox 1417 2301 1480 2329; x_wconf 84' lang='lat' dir='ltr'><strong>eius</strong></span> <span class='ocrx_word' id='word_1_615' title='bbox 1500 2301 1567 2329; x_wconf 86' lang='lat' dir='ltr'><strong>loco</strong></span> <span class='ocrx_word' id='word_1_616' title='bbox 1593 2301 1725 2340; x_wconf 81' lang='grc' dir='ltr'><strong>βομβοῶ.</strong></span> <span class='ocrx_word' id='word_1_617' title='bbox 1754 2317 1797 2322; x_wconf 97' lang='grc'>-</span> <span class='ocrx_word' id='word_1_618' title='bbox 1831 2299 1878 2338; x_wconf 82' lang='lat'>40)</span> <span class='ocrx_word' id='word_1_619' title='bbox 1906 2298 2027 2335; x_wconf 70' lang='lat' dir='ltr'><strong>sonitu]</strong></span> <span class='ocrx_word' id='word_1_620' title='bbox 2055 2305 2125 2323; x_wconf 77' lang='lat' dir='ltr'><strong>sono</strong></span> <span class='ocrx_word' id='word_1_621' title='bbox 2151 2294 2182 2322; x_wconf 89' lang='lat' dir='ltr'><strong>L.</strong></span> 
     </span>
     <span class='ocr_line' id='line_1_73' title="bbox 1238 2335 2182 2383; baseline -0.002 -12"><span class='ocrx_word' id='word_1_622' title='bbox 1238 2360 1274 2365; x_wconf 84' lang='lat'><strong>—</strong></span> <span class='ocrx_word' id='word_1_623' title='bbox 1314 2342 1361 2383; x_wconf 84' lang='lat'>41)</span> <span class='ocrx_word' id='word_1_624' title='bbox 1384 2343 1435 2382; x_wconf 83' lang='grc' dir='ltr'><strong>ιιι]</strong></span> <span class='ocrx_word' id='word_1_625' title='bbox 1460 2343 1507 2371; x_wconf 89' lang='lat' dir='ltr'><strong>Sic</strong></span> <span class='ocrx_word' id='word_1_626' title='bbox 1530 2343 1569 2372; x_wconf 84' lang='lat' dir='ltr'><strong>M.</strong></span> <span class='ocrx_word' id='word_1_627' title='bbox 1594 2344 1649 2371; x_wconf 92' lang='lat' dir='ltr'><strong>Gu.</strong></span> <span class='ocrx_word' id='word_1_628' title='bbox 1673 2347 1701 2375; x_wconf 81' lang='grc'><strong>2.</strong></span> <span class='ocrx_word' id='word_1_629' title='bbox 1745 2345 1824 2371; x_wconf 75' lang='lat' dir='ltr'><strong>sicut</strong></span> <span class='ocrx_word' id='word_1_630' title='bbox 1845 2342 1924 2379; x_wconf 84' lang='lat' dir='ltr'><strong>vulg.</strong></span> <span class='ocrx_word' id='word_1_631' title='bbox 1951 2357 1987 2362; x_wconf 89' lang='lat'><strong>--</strong></span> <span class='ocrx_word' id='word_1_632' title='bbox 2025 2339 2069 2374; x_wconf 72' lang='lat'>42)</span> <span class='ocrx_word' id='word_1_633' title='bbox 2092 2335 2182 2375; x_wconf 74' lang='grc' dir='ltr'>βοῶ]</span> 
     </span>
     <span class='ocr_line' id='line_1_74' title="bbox 1237 2379 2182 2425; baseline -0.001 -12"><span class='ocrx_word' id='word_1_634' title='bbox 1237 2386 1286 2414; x_wconf 88' lang='lat' dir='ltr'><strong>Sic</strong></span> <span class='ocrx_word' id='word_1_635' title='bbox 1309 2386 1415 2425; x_wconf 86' lang='lat' dir='ltr'><strong>scripsi</strong></span> <span class='ocrx_word' id='word_1_636' title='bbox 1441 2397 1456 2415; x_wconf 85' lang='lat' dir='ltr'><strong>e</strong></span> <span class='ocrx_word' id='word_1_637' title='bbox 1478 2386 1528 2423; x_wconf 81' lang='lat' dir='ltr'><strong>B.‚</strong></span> <span class='ocrx_word' id='word_1_638' title='bbox 1551 2386 1581 2414; x_wconf 88' lang='lat' dir='ltr'><strong>in</strong></span> <span class='ocrx_word' id='word_1_639' title='bbox 1606 2396 1666 2424; x_wconf 87' lang='lat' dir='ltr'><strong>quo</strong></span> <span class='ocrx_word' id='word_1_640' title='bbox 1688 2390 1730 2414; x_wconf 81' lang='lat' dir='ltr'><strong>est</strong></span> <span class='ocrx_word' id='word_1_641' title='bbox 1760 2382 1822 2415; x_wconf 64' lang='lat' dir='ltr'><strong>nino*</strong></span> <span class='ocrx_word' id='word_1_642' title='bbox 1849 2385 1904 2414; x_wconf 80' lang='grc' dir='ltr'><strong>τοῦ</strong></span> <span class='ocrx_word' id='word_1_643' title='bbox 1927 2383 1998 2421; x_wconf 74' lang='grc' dir='ltr'><strong>βοῶ.</strong></span> <span class='ocrx_word' id='word_1_644' title='bbox 2048 2380 2125 2407; x_wconf 62' lang='lat' dir='ltr'><strong>how*</strong></span> <span class='ocrx_word' id='word_1_645' title='bbox 2150 2379 2182 2408; x_wconf 78' lang='lat' dir='ltr'><strong>L·</strong></span> 
     </span>
    </p>
   </div>
  </div>
 </body>
</html>
