2263 2668
629 104 909 140 TOMI
1012 102 1532 140 SECUNDI.
2019 122 2054 144 xr

107 207 141 237 et
165 203 199 236 in
224 199 371 244 reliquiis
398 198 489 233 Festi
514 199 618 233 multa
642 199 709 232 iarn
735 199 877 234 lectione
903 201 1048 232 versatus
1074 197 1238 232 Codicem
1265 199 1359 233 illum
1386 212 1513 234 summa
1540 211 1617 234 cum
1643 199 1713 233 fide
1739 210 1779 233 ae
1805 200 1968 246 religione
1995 215 2054 237 ex-

107 255 243 296 scribat,
283 251 436 297 spaciolis
470 252 696 285 absumtarum
728 256 828 295 atque
862 261 1031 284 exesarum
1063 249 1246 283 litterarum
1278 252 1526 296 diligentissime
1554 252 1749 285 enumeratis
1776 257 1876 296 atque
1904 256 2054 296 emensis,

107 312 144 339 ut
169 304 370 339 curatissime
395 308 544 344 notetur,
586 307 668 346 quot
699 314 838 336 numero
864 303 993 335 litterae
1018 301 1143 345 ubique
1170 302 1406 338 desiderentur.
1459 304 1560 337 Cuius
1586 304 1633 337 rei
1660 304 1834 348 egregium
1862 307 2054 350 exemplum

107 357 318 403 propositum
345 360 392 388 est
418 366 437 387 a
459 354 662 397 Niebuhrioâ€š
695 355 766 388 viro
793 353 1065 398 incomparabili,
1093 354 1216 386 Histor.
1239 355 1338 391 Rom.
1365 360 1446 390 tom.
1461 356 1510 397 lI,
1537 367 1617 400 pag.
1633 355 1714 388 143.
1743 355 1786 387 ad
1813 367 1913 399 quem
1941 358 2054 391 locum

107 408 312 453 respeximus
338 418 417 451 pag.
445 406 542 439 huius
568 411 698 439 nostrae
725 406 877 439 editionis
903 404 987 438 563.
1004 416 1072 449 seq.
1126 405 1215 438 Ante
1248 406 1349 451 igitur
1381 419 1481 450 quam
1514 408 1615 440 talem
1645 412 1713 439 tam
1741 407 1935 452 diligentem
1962 409 2055 442 Festi

108 460 235 494 codicis
261 459 473 503 Neapolitani
499 458 712 491 habuerimus
738 458 951 492 collationem
977 456 1045 489 imo
1073 456 1348 501 descriptionem,
1390 459 1472 492 nihil
1500 459 1634 492 omnino
1661 459 1791 502 auxilii,
1831 460 1924 503 quod
1951 460 2054 495 Festo

107 511 251 545 salutare
277 511 317 543 sit
341 511 504 551 futurum,
537 515 728 554 exspectare
755 509 946 554 poterimus

274 562 384 595 Paulli
409 566 519 594 autem
546 561 773 605 compilatoris
800 561 934 595 codices
961 559 1101 604 contigit
1127 559 1222 592 nobis
1249 572 1320 593 esse
1345 564 1414 594 tam
1440 561 1591 595 felicibus
1619 565 1653 594 ut
1678 561 1919 604 antiquissimos
1943 563 2055 608 adipi-

110 623 284 647 sceremur.
338 614 451 656 Atque
478 613 511 646 in
538 624 653 646 eorum
680 624 818 646 numero
845 613 970 658 primus
995 611 1170 656 ponendus
1197 615 1246 644 est
1271 611 1389 645 Codex
1416 613 1733 657 Guelpherbytanus
1758 614 1833 656 ille,
1874 625 1973 657 quem
2001 627 2056 648 se-

109 663 256 698 cundum
288 664 445 705 diximus,
489 669 522 698 et
555 665 638 710 sigla
666 665 733 698 Gu.
750 664 783 697 2.
811 664 1043 709 insignivimus.
1096 663 1127 695 Is
1161 663 1269 696 codex
1303 669 1351 696 est
1384 665 1613 698 membraneus
1646 666 1754 697 forma
1788 665 2055 709 quadruplicata,

109 715 212 750 seculi
239 715 378 759 decimi,
415 720 470 748 aut
497 717 595 749 etiam
622 717 804 759 antiquior,
832 716 912 749 olim
938 715 1104 748 Ludovici
1127 714 1310 756 Carrionis,
1343 726 1419 748 cum
1446 716 1512 750 hac
1538 717 1766 761 inscriptione:
1799 716 1984 762 Excerpta
2012 729 2057 750 ex

110 766 210 800 libris
235 767 383 812 Pompei
408 767 503 800 Festi
529 768 575 801 de
605 767 921 814 significationibus
952 766 1147 800 verborum.
1200 767 1238 799 In
1273 767 1340 800 fine
1374 768 1550 813 plagulam
1583 768 1686 801 habet
1722 773 1924 812 separatam,
1969 780 2056 812 quae

110 819 265 863 egregias
292 819 421 862 aliquot
446 819 574 864 glossas
596 820 798 854 Teutonicas
823 819 984 861 continet,
1028 830 1114 862 quae
1148 817 1191 850 ad
1218 819 1367 852 seculum
1395 825 1549 853 octavum
1576 820 1741 864 pertinere
1767 819 1936 861 videntur,
1975 832 2057 864 quas

110 871 177 903 iam
210 870 265 902 alii
297 871 547 915 exscripserunt.
605 872 684 905 Hoc
717 871 1028 916 praestantissimum
1056 870 1264 914 exemplum,
1308 882 1374 913 quo
1401 872 1549 913 nullum,
1591 871 1681 914 quod
1708 871 1864 912 sciamus,
1906 872 1940 904 in
1967 872 2057 905 omni

111 921 293 955 Germania
320 927 422 955 exstat
448 923 626 966 antiquius,
664 934 731 966 quo
758 923 942 956 recentiora
969 926 1042 954 sunt
1068 922 1154 954 adeo
1181 933 1267 964 quae
1293 922 1454 967 Lugduni
1480 924 1683 956 Batavorum
1711 928 1810 966 atque
1837 923 1966 956 Parisiis
1992 923 2058 957 ha-

110 974 249 1016 bentur,
280 973 361 1008 huic
384 979 512 1007 nostrae
538 974 649 1007 Paulli
675 975 810 1008 editioni
836 985 900 1019 pro
927 973 1143 1006 fundamento
1170 973 1376 1009 subiecimus.
1430 975 1534 1016 Quod
1561 975 1619 1007 ubi
1645 974 1809 1007 interdum
1836 974 1882 1007 ita
1908 974 2057 1016 fecimus,

111 1029 148 1058 ut
174 1025 338 1068 antiquior
363 1026 610 1071 orthographia
636 1026 883 1071 negligeretur,
910 1025 1038 1058 duabus
1063 1025 1098 1057 id
1127 1025 1170 1057 de
1197 1025 1316 1059 caussis
1344 1038 1363 1058 a
1390 1027 1485 1059 nobis
1512 1026 1689 1059 admissum
1717 1031 1781 1065 est3
1811 1026 1954 1070 primum
1981 1027 2059 1070 quia

107 1076 269 1109 Paullum
291 1077 339 1110 sui
365 1078 474 1121 potius
501 1079 660 1122 temporis
686 1077 968 1122 orthographiam
994 1077 1229 1118 introduxisse,
1271 1089 1372 1120 quam
1405 1078 1573 1122 antiquam
1605 1077 1761 1122 religiose
1786 1089 1931 1111 servasse
1957 1083 2059 1122 puta-

111 1128 245 1170 bamus,
280 1133 352 1162 tum
379 1129 472 1172 quod
499 1129 624 1162 codicis
650 1129 864 1173 antiquissimi
890 1129 992 1162 fidem
1016 1129 1107 1172 sequi
1134 1139 1234 1172 quam
1261 1134 1388 1162 nostras
1414 1130 1582 1162 intrudere
1610 1131 1817 1163 coniecturas
1842 1130 2059 1171 malebamus,

111 1179 148 1212 id
181 1180 274 1223 quod
306 1181 340 1212 in
374 1181 477 1225 priori
511 1181 576 1213 iam
610 1181 734 1213 horum
761 1181 1067 1214 Grammaticorum
1099 1180 1267 1213 volumine
1300 1181 1426 1215 facturn
1454 1194 1472 1215 a
1499 1181 1593 1214 nobis
1620 1193 1691 1214 esse
1717 1180 1912 1226 gaudemus.
1963 1181 2060 1215 Alter

113 1231 233 1265 Codex
266 1232 584 1276 Guelpherbytanus
618 1244 718 1276 quem
751 1233 893 1265 conferri
925 1233 1092 1276 iussimus,
1141 1231 1336 1266 chartaceus
1369 1238 1436 1274 est,
1488 1233 1746 1273 recentissimus,
1798 1233 1924 1276 quippe
1958 1232 2060 1266 seculi

111 1283 218 1326 quinti
243 1283 382 1323 decimi,
421 1284 455 1316 in
480 1284 571 1317 cuius
598 1284 707 1317 fronte
733 1296 752 1316 a
779 1283 1047 1325 Lauterbachio,
1088 1284 1315 1318 bibliothecae
1341 1284 1427 1317 illius
1455 1285 1625 1328 quondam
1652 1285 1846 1324 secretario,
1886 1284 1971 1317 haec
1997 1295 2060 1317 no-

111 1339 179 1367 tata
205 1339 297 1367 sunt:
331 1334 392 1367 Ex
418 1335 484 1368 hoc
510 1336 631 1368 codice
651 1339 818 1380 poterunt
844 1335 1002 1380 suppleri
1029 1335 1209 1369 commode
1236 1336 1404 1379 lacunae,
1439 1348 1530 1381 quere
1555 1337 1590 1369 in
1618 1336 1767 1369 editione
1789 1335 1892 1367 Dion.
1925 1335 2060 1369 Gotho-

108 1385 208 1430 fredi
233 1390 418 1419 auctorum
445 1387 505 1419 lat.
534 1388 680 1432 linguae
708 1386 818 1421 1584.
846 1387 880 1420 in
900 1387 1004 1420 Festo
1032 1390 1178 1421 exstant.
1231 1387 1357 1421 Verum
1392 1388 1493 1432 plane
1527 1388 1649 1421 falsum
1683 1399 1751 1421 esse
1776 1386 2060 1420 Lauterbachium

112 1448 153 1471 ac
177 1437 261 1470 nihil
283 1438 315 1470 in
337 1438 398 1470 isto
421 1438 538 1472 codice
561 1438 697 1479 haberi,
725 1439 784 1471 nisi
806 1439 1095 1484 interpolationes,
1121 1439 1203 1471 vidit
1224 1439 1289 1472 iam
1311 1440 1473 1482 Ebertus,
1502 1439 1542 1473 V.
1560 1439 1611 1474 Cl.
1634 1440 1666 1472 in
1688 1439 1794 1472 libro:
1820 1437 2061 1471 Bibliothecae

118 1488 453 1534 Guelpherbytanae
486 1490 598 1526 Cocld.
632 1490 697 1524 Gr.
724 1495 756 1523 et
782 1491 863 1523 Lat.
889 1502 972 1535 pag.
987 1490 1047 1523 72.
1100 1491 1203 1524 Hunc
1229 1491 1383 1524 codicem
1410 1491 1477 1525 hac
1505 1491 1595 1536 sigla
1622 1491 1689 1525 Gu.
1707 1490 1740 1525 l.
1767 1489 1960 1523 notavimus.

277 1541 414 1574 Praeter
440 1540 503 1574 hos
528 1542 612 1575 duos
633 1542 776 1576 Codices
801 1542 846 1575 ad
869 1553 984 1575 manus
1011 1542 1104 1575 nobis
1131 1542 1262 1575 fuerunt
1286 1542 1481 1576 collationes
1504 1543 1659 1576 codicum
1681 1541 1921 1584 Monacensis,
1948 1540 2062 1574 Bero-

115 1590 268 1630 linens&
305 1593 505 1637 Lipsiensis.
556 1594 602 1627 Et
628 1594 840 1627 Monacensis
873 1593 1010 1637 quidem
1042 1593 1117 1626 libri
1149 1594 1215 1626 iam
1243 1594 1300 1626 diu
1327 1594 1409 1626 mihi
1436 1594 1648 1628 collationem
1674 1593 1883 1638 perhumane
1908 1593 2063 1625 transmi-

115 1646 201 1674 serat
227 1641 272 1675 A.
304 1643 347 1677 G.
380 1644 586 1687 Cramer-ns,
630 1645 746 1687 lCtus,
780 1645 813 1677 in
839 1645 1025 1678 Academia
1045 1645 1227 1678 Kiloniensi
1254 1645 1440 1689 professor,
1480 1645 1553 1689 regi
1579 1645 1706 1677 Daniae
1733 1657 1752 1677 a
1779 1644 1920 1678 consiliis
1945 1644 2062 1688 reipu-

114 1693 234 1727 blicae.
274 1694 306 1727 ls
332 1706 434 1738 quum
460 1697 493 1728 in
520 1697 621 1737 libro,
649 1708 751 1739 quem
778 1696 944 1738 ediderat,
976 1696 1142 1729 chronica
1170 1697 1362 1730 domestica
1388 1696 1562 1739 inscripto,
1589 1696 1787 1740 scripsisset,
1814 1707 1849 1728 se
1874 1695 1961 1728 velle
1986 1695 2062 1728 viris

114 1744 295 1778 litterarum
320 1747 471 1779 studiosis
496 1759 581 1791 quae
608 1749 711 1781 multa
738 1747 879 1781 haberet
904 1747 1047 1781 collecta
1075 1748 1116 1780 ad
1146 1749 1266 1780 multos
1292 1752 1438 1779 veterum
1462 1748 1564 1779 libros
1589 1747 1815 1780 emendandos
1836 1747 1975 1780 comiter
1997 1746 2062 1779 imâ€”

115 1796 255 1840 pertire3
299 1809 364 1842 ego
398 1799 512 1832 litteris
546 1800 589 1832 ad
624 1812 699 1833 eum
729 1799 831 1842 datis,
875 1801 932 1843 qui
959 1799 1043 1832 mihi
1070 1804 1155 1832 esset
1180 1795 1355 1843 Ï€Î±Ï„Ïá½¹Î¸ÎµÎ½
1382 1794 1663 1844 ÏƒÏ…Î¼Ï€Î±Ï„ÏÎ¹á½½Ï„Î·Ï‚,
1706 1798 1805 1843 petii,
1844 1802 1881 1830 ut
1906 1797 1990 1830 mihi
2017 1796 2062 1829 ad

117 1847 360 1882 Grammaticos
385 1849 519 1883 Latinos
546 1863 632 1894 quae
659 1852 798 1884 haberet
825 1855 985 1896 congesta
1011 1851 1156 1894 benigne
1182 1851 1396 1894 permitteret.
1450 1850 1511 1883 Vir
1544 1850 1840 1894 praestantissimus
1872 1849 1979 1881 statim
2005 1860 2061 1881 re-

116 1898 251 1942 spondit
283 1911 409 1933 summa
443 1902 646 1935 humanitate
682 1914 721 1936 ac
754 1903 852 1947 plura
879 1902 1041 1946 promisit.
1095 1902 1224 1942 Quibus
1251 1901 1419 1944 promissis
1446 1902 1492 1935 sic
1518 1901 1621 1943 stetit,
1662 1907 1699 1934 ut
1724 1901 1806 1934 mihi
1833 1911 1924 1933 suam
1951 1900 2061 1933 Paulli

117 1950 329 1984 collationem
359 1963 434 1985 cum
461 1953 657 1988 Monacensi
689 1955 794 1996 libro,
836 1954 955 1987 additis
989 1953 1103 1985 litteris
1136 1952 1340 1986 humanitate
1372 1952 1584 1997 plenissimis,
1628 1953 1876 1993 transmitteret,
1919 1963 2060 1995 quarum

117 2003 307 2046 exemplum
332 2002 389 2037 hic
414 2005 556 2049 ascripsi.

513 2125 558 2158 A.
605 2125 649 2158 G.
695 2125 908 2159 Cramer
956 2123 992 2157 S.
1034 2123 1075 2158 P.
1118 2123 1253 2158 Frid.
1294 2123 1659 2160 Lindemann&

282 2209 502 2253 Praeterlapsi
528 2215 604 2243 sunt
629 2215 771 2254 quatuor
797 2211 867 2242 sere
893 2220 1038 2250 menses,
1072 2221 1111 2242 ex
1138 2221 1205 2253 quo
1232 2214 1264 2243 et
1289 2210 1384 2251 Tibi,
1411 2211 1451 2243 V.
1474 2211 1527 2247 Cl.
1555 2211 1739 2256 gratulatus
1765 2221 1836 2242 sum
1864 2208 1908 2242 de
1935 2208 2054 2240 huma-

117 2258 252 2292 nissimis
277 2260 358 2292 Tuis
386 2261 427 2293 ad
457 2270 509 2294 me
534 2262 664 2302 litteris,
710 2267 742 2294 et
775 2261 949 2294 certiorem
978 2261 1031 2294 Te
1057 2261 1190 2294 reddidi
1216 2262 1259 2294 de
1286 2263 1437 2306 proxime
1463 2262 1712 2295 transmittenda
1738 2261 1828 2294 Festi
1855 2260 1920 2293 Tui
1947 2258 2054 2291 varie-

116 2315 183 2342 tate
208 2311 357 2345 lectionis
385 2325 402 2345 e
430 2312 514 2346 Cod.
543 2313 746 2346 Monacensi.
799 2312 877 2353 Quo
909 2313 1087 2356 promisso,
1130 2313 1221 2357 quod
1254 2325 1339 2347 nunc
1372 2314 1508 2347 tandem
1539 2314 1693 2355 exsolvo,
1736 2313 1795 2346 etsi
1820 2323 1885 2344 non
1910 2308 2051 2342 steterim

116 2361 175 2394 nisi
202 2374 292 2402 seroÍ¾
318 2364 449 2398 facilem
476 2371 586 2398 tamen
612 2369 830 2410 paratamque
856 2363 938 2397 mihi
964 2364 1056 2409 apud
1080 2365 1131 2398 Te
1154 2365 1227 2398 fore
1252 2366 1494 2400 excusationem
1521 2366 1656 2412 putavi,
1682 2365 1738 2397 ubi
1762 2361 1950 2408 perceperis
1976 2358 2049 2390 diu-

1543 2427 1648 2460 *Â²â´Â¹2
