2263 2668
512 113 576 147 DE
602 113 990 149 SIGNIFICATIONE
1015 113 1298 149 VERBORUM.
1349 115 1495 150 LIBER
1520 118 1545 152 Ι.
1993 118 2018 153 5

74 209 254 255 Ambegm‘
272 204 298 225 ²⁵
323 207 384 240 bos
420 211 454 241 et
484 218 604 241 vervex
624 204 648 224 ²⁶

175 261 391 294 ducebantur.

675 208 951 253 appellabantur,
987 219 1091 252 quum
1124 208 1167 241 ad
1205 219 1320 242 eorum
1353 215 1493 254 utraque
1523 212 1627 244 latera
1655 211 1734 256 agni
1759 211 1792 244 in
1820 213 2017 247 sacrificium

72 311 268 346 Ambidens
294 311 361 344 sive
388 309 503 343 bidens
531 310 599 342 ovis
627 310 865 354 appellabatur
885 306 925 351 ²⁷,
953 321 1039 352 quae
1067 309 1291 354 superioribus
1319 315 1351 343 et
1377 311 1586 345 inferioribus
1614 317 1663 346 est
1690 312 1854 347 dentibus.

72 363 234 398 Abemito
253 360 279 380 ²⁸
306 362 470 407 significat
496 361 621 395 demito
648 362 703 394 vel
730 362 859 395 auferto
881 357 914 394 ²⁹.

70 414 312 450 Ambarvales
329 411 353 430 ³¹
380 413 509 446 hostiae
543 413 740 446 dicebantur

966 360 1098 394 Emere
1124 361 1210 394 enim
1238 362 1361 405 antiqui
1382 359 1407 379 ³⁰
1433 363 1588 397 dicebant
1613 375 1676 408 pro
1704 366 1869 414 accipere.

758 410 801 455 ³²,
837 424 922 456 quae
949 424 1012 457 pro
1040 413 1124 445 arvis
1149 425 1169 445 a
1196 413 1327 447 duobus
1353 414 1508 448 fratribus
1534 417 1813 450 sacrificabantur.

71 466 323 501 Amburbiales
342 461 367 482 ³³
392 464 521 497 hostiae
546 464 821 509 appellabantur,
849 476 934 508 quae
961 465 1087 499 circum
1113 465 1271 498 terminos
1297 465 1387 498 urbis
1408 466 1540 500 Romae
1567 467 1774 502 ducebantur
1794 465 1828 502 ³⁴.

71 518 262 552 Ambustus
287 517 509 550 circumustus.

72 570 233 604 Ambitus
258 569 398 613 proprie
424 567 545 601 dicitur
571 566 725 601 circuitus

172 621 206 654 in
232 619 478 664 longitudinem
497 619 601 644 ****
619 614 643 634 3⁷
669 618 759 651 idem
777 614 802 635 ³⁸

171 672 223 705 vel
251 671 399 705 affectati
424 670 559 703 honoris
586 669 778 714 appellatur
794 666 828 703 ⁴¹⁰.

76 719 291 757 Adolescit⁴¹
319 735 339 756 a
366 723 500 756 Graeco
517 717 542 738 ⁴²
569 720 672 763 ἁλίζω
689 717 731 762 ⁴³,
757 721 791 753 id
820 725 868 754 est
895 731 1049 754 accresco
1065 716 1090 738 4⁴

1005 773 1029 805 -t
1047 768 1073 789 ιε

171 779 242 808 tare
258 771 300 814 ⁴¹⁶3
337 786 397 816 eo,
429 773 524 818 quod
558 773 591 806 in
623 773 681 806 illo
702 768 727 789 ⁴⁷
752 773 836 817 ignis
870 783 1014 806 excresci

172 825 343 861 crescendi
360 822 386 843 ⁵⁰

69 877 216 911 Altaria
242 882 329 921 sunt,
355 878 388 910 in
415 878 534 921 quibus
560 877 640 921 igne
658 871 681 892 ⁵¹
706 876 871 910 adoletur.

69 930 194 963 Aliata
221 930 345 973 antiqui
373 929 529 962 dicebant
554 939 617 973 pro
646 927 739 960 aliter
756 924 796 969 ⁵²,
830 938 872 961 ex
905 926 1039 960 Graeco
1074 925 1108 958 id
1144 924 1292 965 α’λλοίως
1311 922 1336 943 ⁵³

1043 979 1144 1011 aliuta
1167 978 1266 1017 faxit,
1294 978 1384 1021 ipsos
1406 974 1430 994 ⁵⁸
1457 978 1541 1010 lovis
1557 975 1583 994 ⁵⁷

67 1032 158 1066 Astu
185 1032 277 1077 apud
300 1037 418 1077 poetas
444 1032 595 1064 astutiam
620 1030 801 1075 significat,
825 1031 916 1063 cuius
943 1030 1040 1073 origo
1062 1041 1101 1063 ex
1124 1029 1278 1072 Graeco,
1305 1029 1348 1062 ab
1363 1026 1388 1046 ⁵⁹
1415 1029 1566 1073 oppido,
1594 1029 1684 1066 ἄστυ
1701 1027 1736 1075 ⁵⁹,

170 1095 238 1128 quo
261 1085 319 1128 qui
345 1084 528 1119 conversati
549 1080 574 1100 ⁰⁰
599 1082 728 1116 assidue
754 1082 832 1125 sint,
859 1082 948 1117 cauti
974 1087 1074 1125 atque
1098 1081 1185 1115 acuti
1209 1092 1278 1115 esse

171 981 303 1025 legibus
330 982 460 1014 Numae
486 980 645 1024 Pompilii
663 975 705 1012 ⁵⁴:
731 979 767 1011 Si
794 979 969 1022 quisquam
991 974 1016 995 55

65 1193 175 1222 cationi
192 1193 330 1223 convenit
345 1192 468 1223 verbum
485 1191 656 1231 glossatoris
676 1203 801 1221 acresco.
846 1193 952 1222 Oaliso
968 1202 1021 1222 ve-

65 1237 109 1265 nit
129 1248 145 1265 a
159 1237 282 1276 repetita
295 1237 391 1265 littera
415 1247 431 1264 o
453 1235 484 1263 in
506 1236 600 1264 verbo
628 1236 753 1266 Graeco.
795 1236 960 1265 Referenda
976 1239 1020 1265 est

64 1279 143 1308 enim
165 1279 261 1317 glossa
285 1279 323 1308 ad
345 1279 470 1318 simplex
493 1278 618 1307 verbum
641 1279 781 1315 oles-cere,
805 1288 880 1317 quae
897 1283 940 1307 est
956 1279 1018 1306 for-

62 1332 123 1358 ma,
152 1326 184 1350 ut
214 1322 252 1350 ita
281 1321 395 1358 dicam,
426 1321 634 1350 transformata
656 1321 687 1349 in
711 1321 924 1359 compositione
948 1331 1019 1361 pro-

61 1369 131 1404 pter
153 1365 320 1393 suaviorem
343 1373 448 1393 sonum
472 1373 508 1392 ex
531 1365 647 1401 silesco,
670 1364 756 1393 cuius
779 1364 874 1393 simile
897 1363 1019 1392 videba-

61 1411 112 1436 tur
135 1407 335 1435 Grammatico
360 1406 458 1442 ἁλίζω.
513 1407 712 1445 compositam
737 1417 839 1435 vocem
863 1407 963 1445 posuit
986 1407 1016 1435 in

60 1449 215 1485 lemmate,
245 1449 326 1488 quod
349 1449 478 1488 simplex
500 1459 559 1477 non
582 1455 646 1478 erat
666 1449 697 1477 in
719 1459 786 1478 usu.
831 1449 911 1477 Alias
935 1448 1016 1477 deri-

60 1492 197 1520 vationes
219 1492 288 1521 vide
315 1502 363 1530 ap.
386 1491 543 1520 Forcellini
566 1491 594 1520 in
620 1492 689 1520 Lex.
714 1492 776 1521 Lat.
819 1492 905 1530 Vuig.
926 1491 1017 1520 habet

61 1530 266 1573 ἅδολέσχω.
296 1537 324 1563 S.
347 1531 553 1573 ἀδολεσχῶ.
607 1535 645 1563 Ut
674 1545 728 1563 nos
753 1535 944 1573 scripsimus,
973 1534 1016 1563 sic

61 1586 126 1606 esse
146 1576 178 1605 in
199 1577 275 1606 libro
299 1577 399 1615 aliquo
422 1581 548 1605 testatur
570 1577 645 1605 Seal.
663 1593 699 1598 —
723 1577 768 1615 44)
785 1576 932 1616 accresco]
957 1588 1016 1604 cre-

60 1629 110 1647 sco
133 1619 164 1647 L.
186 1635 228 1641 -
254 1618 301 1658 45)
325 1618 509 1658 adolescens]
533 1619 709 1647 adulescens
732 1621 763 1651 B.
786 1620 824 1648 M.
848 1621 904 1650 Gu.
923 1623 951 1651 2.
969 1630 1014 1658 pr.

61 1666 88 1689 et
111 1660 197 1691 adul.
220 1661 251 1689 L.
273 1677 315 1683 —
336 1663 383 1700 46)
406 1661 515 1700 altare]
542 1662 691 1690 Coniunxi
707 1662 774 1699 hoc,
790 1668 909 1691 secutus
925 1662 1013 1699 Scal„

61 1713 129 1732 cum
157 1703 326 1743 prioribus,
350 1703 430 1742 quod
458 1714 518 1733 una
540 1709 655 1734 tantum
676 1705 797 1734 videtur
820 1715 882 1734 esse
905 1705 1012 1742 glossa,

61 1755 137 1785 quae
162 1746 199 1775 ad
222 1746 342 1775 eandem
367 1746 507 1775 familiam
529 1747 667 1786 pertinet.
689 1764 732 1769 —
760 1749 807 1784 47)
829 1749 862 1775 ιἠ,
884 1747 951 1787 illo]
980 1750 1013 1776 in

60 1799 92 1816 eo
115 1789 146 1817 L.
170 1789 226 1820 Gu.
249 1792 277 1821 1.
298 1804 340 1810 —-
360 1790 409 1826 48)
433 1789 587 1830 excrescit]
613 1792 635 1820 i.
654 1796 681 1818 et
705 1791 739 1820 Β.
763 1789 837 1819 nihil
857 1790 939 1818 aliud
961 1790 1013 1818 ha-

59 1830 118 1860 bet.
146 1847 188 1854 —
216 1833 261 1869 49)
284 1830 434 1870 exoletus]
460 1838 502 1860 est
524 1832 593 1863 add.
616 1843 663 1872 pr.
694 1849 732 1854 —
764 1832 812 1871 50)
836 1832 872 1860 isl
886 1839 927 1860 est
952 1844 1011 1861 cre-

60 1872 176 1912 scendi]
200 1883 257 1903 om.
281 1874 312 1902 L.
334 1874 366 1903 B.
390 1875 447 1903 Gu.
467 1877 494 1907 1.
516 1885 563 1914 pr.
613 1876 652 1905 At
673 1874 732 1904 hoc
754 1876 821 1914 ipso
843 1876 1013 1915 explicatur

58 1916 185 1945 verbum
209 1915 374 1945 obsoletum
397 1917 553 1947 alescendi.
580 1934 622 1939 —
654 1920 699 1956 51)
722 1918 803 1957 igne]
828 1919 876 1946 Sic
898 1918 928 1946 B.
953 1919 1010 1946 Gu.

60 1961 87 1990 1·
111 1961 139 1990 2.
163 1968 207 1997 pr.
251 1958 336 1997 vulg.
367 1960 464 1997 ignis),
494 1960 575 1998 quod
598 1970 633 1989 ex
656 1971 691 1989 eo
714 1965 759 1989 est
782 1966 898 1995 ortum,
929 1959 1011 1998 quod

58 2000 199 2029 adoletur
224 2005 367 2040 putarunt
389 2001 552 2040 significare
574 2003 682 2033 alitur.
727 2002 765 2032 At
783 2003 852 2031 vide
870 2002 1012 2030 Forcelli-

57 2044 89 2072 ni
112 2043 254 2072 Thesaur.
279 2043 309 2073 L.
334 2044 365 2073 L.
389 2055 411 2074 8.
436 2054 465 2075 v.
487 2045 625 2074 Adolete.
652 2061 694 2067 ——
726 2045 771 2085 52)
796 2045 934 2073 dicebant
952 2054 1010 2082 pro

58 2085 160 2125 aliter]
180 2097 237 2124 pto
261 2086 351 2114 aliter
373 2085 511 2116 dicebant
529 2088 561 2118 Β.
595 2088 673 2116 alter
688 2088 720 2117 L.
742 2104 783 2110 —
805 2085 852 2126 53)
869 2098 901 2114 ex
917 2087 1011 2114 Grae-

58 2140 92 2157 co
112 2128 147 2156 ιἰἰ
165 2125 329 2164 αλλοίως
351 2130 585 2169 transferentes]
630 2130 679 2158 Sic
702 2130 809 2169 scripsi
834 2140 869 2158 ex
894 2129 949 2157 Gu.
974 2131 1010 2166 1.,

57 2171 106 2200 cui
129 2171 224 2200 codici
247 2171 391 2200 addicunt
410 2172 470 2209 alii,
493 2183 661 2221 quanquam
679 2177 818 2210 corrupte
835 2171 923 2200 verba
939 2181 1010 2210 pro-

57 2215 194 2243 ferentes.
237 2213 353 2243 Primus
376 2219 420 2243 est
444 2215 492 2251 L.,
515 2216 566 2253 qui
586 2214 672 2244 habet
687 2226 721 2242 ex
740 2215 854 2242 Graeco
871 2213 914 2242 ad
929 2214 1010 2242 alios

56 2257 284 2293 transferentes,
315 2257 394 2295 quod
418 2261 462 2285 est.
484 2268 518 2285 ex
542 2259 656 2286 Graeco
684 2256 719 2284 id
740 2254 907 2292 α’λλοίως
931 2257 1007 2284 Reu-

56 2298 206 2328 chliniana
228 2300 485 2338 pronuntiatione,
508 2299 590 2338 quasi
614 2300 760 2328 scribatur
782 2296 897 2334 ἅλλίως.
930 2298 1006 2327 lluic

56 2342 212 2381 proximus
236 2347 279 2370 est
302 2342 354 2378 M.,
386 2343 436 2381 qui
460 2347 599 2382 corrupte
629 2341 716 2370 habet
738 2342 883 2378 atlalich,
907 2341 937 2369 id
960 2346 1005 2370 est

57 2384 101 2413 ad
121 2385 217 2421 alios,
240 2383 270 2414 h.
294 2395 318 2415 e.
340 2384 376 2413 id
396 2382 528 2421 ἀλλοίως.
573 2385 627 2413 Gu.
649 2387 678 2416 2.
702 2395 716 2412 a
740 2385 836 2424 prima
859 2394 950 2414 manu
971 2395 1005 2413 ex

746 561 772 583 ³⁵
798 566 1026 600 aedificiorum
1054 571 1170 611 patens
1204 567 1236 599 in
1263 566 1469 600 latitudinem
1485 565 1510 585 ³⁶

828 618 920 662 quod
948 618 1157 663 aedificium,
1184 618 1243 652 sed
1271 624 1304 652 et
1318 615 1342 635 ³⁹
1369 619 1491 652 eodem
1518 622 1682 655 vocabulo
1710 621 1834 655 crimen
1861 621 2017 654 avaritiae

1535 569 1638 613 pedes
1665 569 1749 603 duos
1776 574 1809 603 et
1834 570 2016 610 semissem,

1116 720 1214 754 venit.
1267 719 1369 754 Unde
1396 721 1478 754 fiunt
1504 722 1654 764 adultus,
1682 722 1876 757 adolescens
1893 719 1935 764 ⁴⁵,
1963 723 2016 755 al-

1099 777 1132 806 et
1165 772 1314 806 exoletus
1337 770 1379 815 ⁴¹⁹,
1413 774 1469 817 qui
1504 775 1639 808 excessit
1672 775 1861 818 olescendi,
1894 773 1930 808 id
1967 779 2015 807 est

413 825 552 859 modum
581 829 613 858 et
638 824 791 866 inolevit,
817 824 852 856 id
880 828 927 857 est
952 825 1064 859 crevit.

1664 928 1753 961 Hinc
1786 932 1835 960 est
1867 926 1952 959 illud
1983 926 2015 958 in

1609 990 1701 1012 sacer
1728 984 1808 1013 esto.

1764 1029 1955 1072 deducitur,
1983 1028 2014 1060 in

1361 925 1604 963 transferentes.

1541 1078 1565 1098 [52

1294 1077 1318 1098 ⁶¹
1345 1080 1519 1114 videantur
1566 1107 1574 1114 .

1060 1203 1113 1232 gre
1135 1190 1180 1220 ad
1199 1191 1308 1229 allios,
1332 1191 1380 1220 cui
1403 1191 1540 1221 additum
1564 1196 1609 1220 est
1631 1202 1645 1220 a
1666 1191 1832 1221 recentiore
1854 1200 1943 1219 manu
1965 1188 2015 1217 iis-

1637 1238 1662 1252 00

1061 1260 1128 1289 dem
1151 1259 1256 1298 signis,
1281 1269 1356 1298 quae
1379 1260 1497 1289 addidi:
1522 1269 1559 1289 ex
1579 1270 1635 1298 gie
1678 1271 1698 1298 ᾳ
1723 1260 1794 1297 (sic)
1810 1259 1910 1288 allius.
1939 1257 2015 1284 Pun-

1061 1308 1142 1332 ctum
1166 1302 1312 1341 significat
1334 1302 1377 1331 ad
1400 1314 1461 1332 esse
1485 1307 1678 1341 corruptum,
1705 1302 1770 1332 scil.
1795 1312 1830 1331 ex
1854 1300 1896 1328 inl.
1917 1315 1958 1320 -·
1980 1298 2013 1327 B.

1060 1357 1093 1375 ex
1118 1346 1233 1374 Graeco
1257 1348 1376 1381 αλλως
1405 1347 1517 1383 ttansf.
1565 1346 1630 1374 Om.
1654 1346 1766 1373 Graeca
1791 1344 1859 1373 edit.
1881 1353 1926 1381 pr.
1945 1339 2013 1370 'Ai-

1059 1389 1148 1424 λοίως
1170 1393 1268 1417 autem
1293 1388 1328 1416 ab
1353 1385 1473 1424 ἀλλοῖος
1495 1388 1679 1423 derivatum,
1703 1388 1836 1425 quamvis
1856 1395 1915 1413 non
1929 1394 2013 1422 repe-

1059 1432 1154 1461 riatur
1177 1443 1193 1460 a
1217 1432 1337 1459 Graecis
1355 1436 1542 1470 usurpatum,
1566 1436 1661 1459 tamen
1678 1429 1884 1458 Grammaticis
1908 1436 2013 1456 conce-

1060 1475 1129 1504 dere
1154 1484 1321 1513 possumus.
1368 1474 1509 1502 Videmus
1533 1479 1629 1503 autem
1649 1473 1768 1501 omnino
1788 1469 2012 1506 Grammaticos,

1058 1517 1152 1547 veluti
1176 1517 1308 1553 Festum,
1333 1517 1434 1545 multis
1460 1517 1580 1545 Gmecis
1602 1516 1726 1544 vocibus
1747 1515 1806 1553 uti,
1830 1523 1904 1553 quae
1926 1521 2012 1541 nemo

1059 1560 1146 1588 facile
1171 1560 1304 1588 Graccus
1326 1559 1526 1597 usurpaverit,
1550 1563 1583 1587 ut
1600 1558 1803 1586 videbimuss.
1821 1567 1850 1586 v.
1865 1556 2013 1594 Aegi-m

1059 1603 1145 1640 Vulg.
1170 1607 1215 1630 est
1238 1600 1332 1639 ἄλλη
1355 1602 1400 1629 ιἐἶ
1422 1599 1544 1636 ἄλλως
1567 1602 1679 1638 transf.
1709 1616 1751 1622 —
1781 1600 1827 1638 54)
1850 1596 2012 1636 Pompilii]

1056 1644 1191 1682 Pompili
1209 1645 1263 1673 Gu.
1279 1648 1308 1676 2.
1331 1644 1462 1682 optimus
1479 1644 1544 1674 cod
1573 1643 1630 1671 Sed
1647 1643 1700 1671 vix
1716 1647 1820 1671 notum
1836 1641 1913 1670 illud
1929 1649 2013 1679 prae-

1057 1692 1176 1726 ceptum
1200 1687 1236 1715 de
1259 1686 1370 1715 talibus
1394 1685 1540 1714 Genitivis
1563 1686 1640 1713 ado
1624 1685 1832 1724 grammaticos
1854 1683 2011 1723 pertineat.

1055 1731 1108 1758 Est
1130 1730 1230 1769 potius
1252 1739 1288 1757 ex
1310 1727 1443 1765 longiore
1464 1727 1564 1757 littera
1593 1729 1619 1765 ι’,
1649 1738 1723 1766 quae
1746 1738 1801 1766 pro
1825 1728 1851 1755 ii
1878 1725 2011 1765 ponitur,

1056 1778 1121 1802 orta
1145 1773 1265 1801 brevior
1284 1771 1387 1798 forma.
1416 1787 1455 1791 -——
1483 1772 1529 1808 55)
1553 1771 1727 1809 qnisquam]
1752 1769 1802 1799 Sic
1824 1769 1857 1799 B.
1885 1768 1922 1797 M.
1953 1768 2010 1795 Gn.

1058 1818 1085 1846 1.
1110 1819 1139 1846 2.
1165 1825 1211 1862 pr.
1261 1814 1329 1851 qni-r
1354 1812 1441 1851 Vulg.
1474 1830 1518 1835 —
1561 1815 1605 1850 56)
1634 1812 1735 1852 ipsos]
1765 1812 1812 1841 Sic
1834 1811 1872 1842 M.
1898 1811 1955 1839 Gu.
1980 1811 2009 1839 1.

1056 1868 1100 1896 pr.
1123 1858 1152 1886 S.
1196 1858 1292 1894 ι’]ὶόιιε.
1317 1855 1373 1884 Gu.
1396 1857 1425 1886 2.
1457 1870 1495 1876 ——-
1533 1854 1580 1895 57)
1609 1855 1686 1883 [otis
1710 1854 1806 1894 εαεει]
1838 1854 1886 1882 Sic
1905 1852 2010 1881 distin-

1056 1904 1102 1928 cte
1132 1900 1279 1937 scriptum
1310 1902 1354 1926 est
1383 1897 1413 1925 in
1438 1898 1493 1925 Gu.
1519 1899 1545 1928 1.
1597 1898 1693 1927 Ceteri
1724 1898 1797 1927 mire
1827 1896 1910 1926 Iovis
1931 1905 2008 1932 acer,

1056 1941 1136 1980 quod
1159 1941 1256 1979 ipsum
1273 1939 1427 1978 significat,
1450 1940 1593 1979 scriptum
1613 1941 1703 1970 fuisse
1727 1941 1806 1969 lotis
1827 1949 1922 1967 sacer.
1956 1937 2009 1966 Fe-

1055 1983 1130 2011 sellit
1153 1982 1264 2012 scribas
1293 1986 1442 2011 structura
1465 1983 1636 2012 verborum.
1681 1984 1719 2012 At
1741 1983 1809 2011 vide
1833 1983 1893 2010 Cic.
1918 1981 2006 2019 Legg.

1054 2025 1099 2063 Π,
1125 2028 1181 2062 18,
1203 2025 1253 2057 45,
1291 2026 1380 2053 Terra
1400 2041 1444 2048 —
1464 2030 1498 2053 ut
1523 2027 1617 2063 focus·
1645 2025 1886 2062 domiciliozam,
1916 2033 2009 2052 sacra

1054 2067 1179 2096 deorum
1193 2069 1328 2096 omnium
1345 2073 1396 2096 est.
1440 2068 1501 2098 Cfr.
1523 2068 1609 2097 Plato
1631 2068 1719 2107 Legg.
1745 2079 1776 2107 p.
1800 2070 1873 2100 206.
1897 2068 1938 2107 γῆ
1953 2064 2008 2105 μὲν

1053 2122 1110 2141 ουν
1133 2110 1213 2141 ἑστία
1235 2121 1265 2141 τε
1287 2107 1449 2149 οἰκήσεως,
1474 2109 1538 2150 ispa
1558 2113 1640 2142 πᾶσα
1662 2108 1785 2142 πάντων
1806 2112 1900 2141 θεων
1946 2109 2006 2137 Cic.

1052 2153 1082 2182 in
1105 2153 1190 2182 Verr.
1209 2153 1239 2191 I,
1264 2155 1320 2191 18,
1342 2153 1393 2186 48
1422 2154 1528 2181 insula
1549 2154 1666 2192 (Delus)
1691 2153 1818 2182 deorum
1842 2151 2005 2193 (Apollinis

1053 2196 1235 2234 Dianaeque)
1251 2205 1342 2224 sacra
1361 2201 1503 2235 putatur.
1517 2212 1560 2218 —
1581 2199 1626 2232 58)
1643 2197 1694 2236 ab]
1718 2207 1774 2225 om.
1799 2196 1829 2225 L.
1850 2195 1883 2225 B.
1908 2196 1964 2223 Gu.
1977 2196 2002 2225 1-

1051 2249 1095 2278 pr.
1137 2255 1174 2260 —
1214 2240 1258 2277 59)
1291 2236 1401 2278 ἄστυ]
1435 2240 1498 2267 asti
1524 2239 1580 2268 Gu.
1601 2243 1630 2272 2.
1681 2246 1753 2268 asta
1775 2239 1813 2268 M.
1852 2238 1918 2266 Om.
1943 2245 2001 2274 piu,

1050 2283 1080 2310 in
1105 2291 1163 2320 qua
1186 2280 1223 2310 ad
1247 2283 1371 2320 margin.
1397 2281 1504 2320 aliquis
1532 2281 1610 2311 hanc
1638 2293 1744 2311 vocem
1767 2279 1934 2318 adscripsit.
1959 2293 2001 2297 -—

1048 2324 1096 2362 60)
1122 2323 1298 2362 conversati]
1322 2326 1435 2353 versati
1456 2325 1490 2354 L.
1512 2341 1553 2347 -—
1582 2323 1628 2365 61)
1654 2328 1725 2361 esse]
1751 2335 1806 2353 om.
1831 2324 1887 2351 Gu.
1909 2323 1935 2350 1.
1959 2333 1999 2339 -·

1046 2368 1094 2404 62)
1115 2365 1289 2406 videantur]
1312 2366 1454 2396 videntur
1475 2368 1507 2398 L.
