2263 2668
518 140 582 175 DE
608 137 995 176 SIGNIFICATIONE
1020 137 1305 174 VERBORUM.
1367 141 1512 175 LIBER
1536 141 1596 176 111.
1949 144 2025 180 377

73 236 124 274 qui
152 230 295 274 nqu'trmm’
323 233 372 262 vel
399 234 589 275 κραταίωμα,
630 241 662 265 ut
690 240 754 265 erat
783 235 814 264 in
844 233 983 272 margine.
1017 231 1102 261 Dac.
1149 231 1321 273 Κρατᾶνιον
1347 244 1404 274 pro
1428 231 1570 275 κράταιον
1593 239 1637 263 est
1659 234 1689 262 in
1712 244 1801 273 marg.
1825 234 1895 265 edit.
1917 236 2022 276 Scalig.

73 278 158 307 Prius
182 282 226 306 est
249 286 360 306 verum.

240 317 426 348 Centurio.
470 319 570 349 Primo
601 326 718 350 centum
746 321 878 359 iugerum
910 322 972 347 erat
996 317 1147 355 centuria,
1184 318 1263 348 unde
1287 323 1315 347 et
1338 330 1463 355 nomen3
1502 324 1603 358 postea
1627 330 1698 349 vero
1722 320 1931 357 ducentorum,
1966 322 2023 350 ali-

74 361 193 401 quando
222 362 306 390 etiam
337 361 476 399 plurium.
520 364 675 392 Columell.
700 364 749 392 lib.
764 364 784 391 I.
810 363 933 401 cap.5.:
978 358 1142 389 Centuriam
1173 362 1239 400 agri
1267 373 1342 390 nunc
1373 361 1497 391 dicimus
1526 361 1713 392 ducentorum
1740 364 1868 402 iugerum
1892 362 2021 401 modum,

75 403 145 434 olim
169 411 263 432 autem
287 403 324 432 ab
348 411 459 432 centum
491 405 635 444 iugeribus
663 405 825 435 vocabatur
854 403 992 432 centuria.
1039 401 1099 430 Sed
1128 414 1204 431 nunc
1234 402 1386 443 duplicata
1410 416 1511 433 nomen
1534 406 1659 433 retinuit.
1699 406 1780 434 Idem
1806 406 1899 434 Varro
1923 406 1973 435 lib.
1987 406 2021 436 V.

75 447 130 484 (De
152 447 182 477 L.
205 447 234 475 L.
259 446 298 482 V,
322 457 348 485 p.
363 449 412 477 37.
437 447 519 486 Sp.):
556 446 691 477 Centuria
711 448 808 487 prima
833 453 944 477 centum
969 443 1116 484 iugeribus·
1139 444 1235 481 dicta,
1264 453 1329 484 post
1353 445 1504 485 duplicata
1528 448 1644 476 retinuit
1667 458 1778 476 nomen.
1803 448 1891 476 Dae.
1936 447 1970 477 In
1995 461 2023 478 re

75 487 200 518 militari
223 496 334 517 centum
357 488 493 517 homines.
526 490 618 518 Varro
642 491 752 520 lib.IV.
778 490 831 529 (De
854 489 885 518 L.
906 490 936 516 L.
959 488 1000 524 V,
1025 489 1076 518 91.
1100 486 1179 526 8Ρ,);
1207 487 1343 516 Centuria
1366 487 1508 525 militnm,
1532 490 1583 530 qui
1605 488 1657 518 sub
1681 502 1737 519 uno
1761 491 1924 519 centurione
1946 498 2023 529 sunt,

76 542 199 572 quorum
223 532 402 560 centenarius
423 532 514 560 iustus
535 544 676 561 numerus.
709 532 865 561 Centuriae
889 531 975 559 etiam
1000 529 1113 568 aliquot
1135 530 1241 558 seculis
1265 536 1425 568 usurpatae
1449 537 1518 560 sunt
1540 543 1595 571 pro
1618 542 1794 570 sexagenum
1820 533 1945 561 militum
1969 544 2023 562 nu-

77 584 175 611 mmo,
207 573 285 612 quod
309 573 482 602 notandum.
513 573 620 604 Idem.
667 576 708 603 Cf.
733 576 866 604 Creuzer.
889 574 969 602 Anu.
993 574 1074 601 Rom.
1098 583 1161 611 pag.
1176 575 1226 603 94.
1241 583 1322 610 seqq.

245 616 491 645 Centuriatus
513 627 610 656 ager.
655 619 732 655 Ager
755 618 916 646 ducentum
937 616 1086 653 iugerum,
1111 625 1198 653 quem
1221 615 1263 642 sic
1285 615 1465 653 appellatum
1490 616 1554 644 vult
1577 616 1678 645 habita
1695 619 1811 645 ratione
1831 621 2024 648 centenorum

78 658 205 696 civium,
234 658 342 696 quibus
366 663 429 687 erat
451 659 628 696 attributus3
667 671 726 688 non
749 670 820 689 vero
843 658 958 687 numeri
980 660 1132 696 iugerum,
1163 657 1267 696 quibus
1290 657 1457 694 constabat3
1494 659 1573 697 quod
1596 660 1767 688 notandum.
1812 659 1889 687 Hinc
1912 659 2024 688 intelli-

78 701 192 738 gendus
216 701 310 730 Varro
333 700 384 729 lib.
399 701 421 728 I.
445 701 480 729 de
503 712 535 730 re
557 708 630 730 rust.
658 713 721 742 cap.
737 705 800 733 10.:
830 701 981 742 Antiquus
1003 707 1098 729 noster
1120 707 1188 728 ante
1211 698 1316 728 bellum
1340 699 1483 729 Punicum
1504 700 1647 739 pendebat
1671 701 1739 730 hina
1762 702 1877 741 iugera,
1904 701 1984 742 quoti
2006 713 2026 730 a

78 741 212 772 Romulo
238 744 364 783 primum
395 742 490 772 divisa
522 742 693 773 dicebantur
720 745 846 781 viritim,
881 755 954 784 quae
982 741 1062 784 quod
1090 741 1239 770 haeredem
1270 750 1467 782 sequerentur,
1514 742 1657 772 heredium
1689 743 1883 784 appellarunt.
1940 743 2026 773 Haec

78 792 181 826 postea
204 797 222 814 a
246 793 356 815 centum
381 786 510 814 centuria
534 785 625 816 clieta.
671 788 780 816 Tamen
804 787 929 826 propius
951 795 1023 815 vero
1046 795 1108 814 esse
1131 785 1274 820 arbitror,
1302 795 1403 822 agrum
1428 786 1561 823 quamvis
1585 786 1732 815 ducenum
1756 786 1906 825 iugerum,
1945 786 2027 825 quod

81 827 189 866 primis
213 828 396 866 temporibus
418 832 611 858 centenorum
633 835 748 859 tantum
771 830 875 866 suerit,
909 827 1065 857 centuriati
1088 838 1195 856 nomen
1219 827 1382 856 retinuisse.
1407 827 1493 857 Dae.
1530 828 1661 858 Ducenta
1686 829 1809 858 ducena.
1858 827 1961 859 Goth.

247 869 470 899 Centuriam
502 872 666 901 comitia.
711 873 740 900 Si
763 873 896 911 recipere
917 871 1055 900 volumus
1077 870 1126 898 illa
1151 870 1211 898 duo
1234 869 1341 898 verba:
1373 870 1439 898 item
1464 871 1596 906 curiata,
1628 876 1762 910 oportet,
1792 877 1824 900 ut
1847 871 2026 901 scribamus:

78 924 131 951 per
153 913 298 941 centurias
319 920 346 941 et
368 913 465 942 curias
487 912 596 942 divisus
618 922 688 943 erat.
710 914 799 944 Ant.
822 914 916 953 Aug.
960 913 1067 942 Mirum
1092 923 1179 951 quam
1202 912 1349 951 placuerit
1370 911 1441 940 huic
1466 913 1557 940 Paulo
1581 923 1685 942 nomen
1710 914 1817 942 curiae.
1861 914 1926 942 Hoc
1949 915 2027 943 enim

82 955 218 983 omnibus
241 955 330 983 rebus
352 954 496 985 attribuit.
529 956 602 985 Vult
625 958 771 986 centurias
796 957 892 985 curias
914 956 1019 992 fuisse,
1050 957 1120 984 item
1142 955 1238 984 tribus
1261 955 1358 993 ipsa-5,
1388 960 1421 983 ut
1444 955 1473 983 in
1498 965 1571 984 voce
1598 955 1826 985 CentumviraZia
1850 961 1879 985 et
1903 957 1931 985 in
1955 967 2028 985 voce

85 997 185 1026 Curia.
231 998 330 1033 Quare
359 998 496 1036 superius
525 999 556 1026 in
583 1009 657 1027 voce
684 998 912 1028 Centumviralia
933 999 1095 1038 impactum
1118 999 1203 1027 Festo
1227 997 1380 1036 pittacium
1404 1009 1418 1026 a
1444 998 1535 1026 Paulo
1557 998 1593 1026 iis
1617 999 1730 1027 verbis:
1767 1010 1840 1039 quae
1863 1000 1961 1028 curiae
1983 998 2027 1028 di.

82 1047 146 1069 ctae
166 1047 252 1078 sunt5
284 1044 314 1069 et
335 1040 366 1068 in
388 1050 461 1068 voce
488 1041 595 1072 Curia:
630 1041 735 1081 quibus
761 1049 862 1082 postea
890 1049 956 1070 sunt
984 1040 1104 1070 additae
1128 1041 1263 1081 quinque.
1310 1040 1392 1075 Quae
1416 1041 1513 1069 omnia
1538 1051 1571 1069 ea
1594 1041 1772 1070 confidentia
1796 1041 1899 1070 tollere
1923 1051 2027 1080 possu-

82 1092 164 1119 mus,
188 1092 245 1119 qua
269 1083 364 1120 posita
387 1084 515 1113 suerunt.
563 1084 636 1121 Lege
659 1084 764 1122 igitur:
798 1083 965 1113 Centuriam
988 1084 1108 1113 comitia
1132 1082 1319 1119 dicebantur,
1343 1083 1412 1122 quia
1433 1094 1480 1122 po.
1505 1082 1659 1112 Romanus
1679 1095 1730 1122 per
1753 1085 1896 1112 centurias
1919 1082 2029 1112 divisus

83 1131 154 1154 erat.
186 1124 283 1156 Scal.
329 1126 377 1153 Sic
406 1126 549 1154 dicuntur
579 1131 680 1155 coetus
710 1127 846 1165 quidam,
882 1126 917 1154 ad
949 1136 1022 1164 quos
1051 1126 1081 1153 in
1111 1135 1246 1164 campum
1270 1125 1409 1153 Martium
1432 1125 1627 1154 conveniebat
1650 1130 1712 1154 tota
1736 1126 1844 1154 civium
1868 1126 2029 1155 multitudo

83 1177 136 1206 per
159 1167 307 1196 centurias
331 1168 504 1205 distributa,
533 1169 672 1207 suffragia
695 1179 768 1198 vero
792 1168 926 1198 ferebant
948 1169 1054 1206 singuli
1077 1168 1106 1196 in
1130 1169 1191 1196 suis
1214 1168 1372 1204 centuriis,
1397 1178 1465 1196 cum
1488 1179 1504 1196 a
1528 1168 1697 1197 consulibus
1720 1168 1911 1197 vocabantur.
1952 1168 2031 1197 Haec

85 1210 175 1238 verba
199 1211 282 1246 (item
307 1211 437 1249 curiata)
460 1210 531 1239 hinc
554 1212 698 1249 fuganda,
738 1217 771 1240 ut
793 1211 903 1250 optime
926 1211 1041 1239 monuit
1064 1211 1201 1249 Scaliger.
1244 1211 1347 1249 Neque
1375 1211 1450 1238 enim
1482 1211 1583 1239 eadem
1613 1211 1724 1239 cui-iata
1746 1215 1773 1239 et
1795 1213 1958 1239 centuriata
1982 1221 2031 1240 co-

85 1252 176 1283 mitia.
209 1252 270 1280 Illis
294 1253 423 1290 populus
446 1254 499 1284 Ro,
526 1264 578 1292 per
601 1255 714 1290 curias,
739 1265 796 1282 nou
821 1254 969 1282 centurias
993 1254 1159 1282 distributis
1183 1253 1333 1281 curiarum
1356 1253 1527 1291 suffragium
1552 1253 1672 1282 serebat.
1696 1253 1783 1283 Dae.
1818 1253 1941 1282 Turmas
1964 1263 2031 1282 ceu-

85 1295 177 1324 turias
200 1299 229 1324 et
250 1295 362 1323 curias:
393 1296 442 1323 alii
461 1307 513 1335 per
532 1297 686 1326 centurias.
715 1295 818 1327 Goth.
866 1297 908 1327 Cf,
928 1297 1065 1324 Creuzer.
1090 1297 1174 1325 Antt.
1193 1297 1276 1324 Rom.
1301 1306 1330 1334 p.
1349 1298 1416 1328 112.
1441 1307 1501 1335 seq.
1528 1298 1596 1327 120.

253 1336 505 1367 centenariae.
551 1338 781 1377 Circumscripta
811 1339 903 1367 verba
932 1338 1128 1367 semicirculis
1158 1338 1209 1378 (id
1233 1343 1277 1367 est
1297 1343 1414 1366 centum
1439 1339 1566 1375 assibus,
1605 1337 1655 1377 qui
1687 1342 1770 1366 erant
1791 1338 1896 1367 breves
1920 1338 2032 1367 nummi

86 1389 125 1408 ex
148 1380 228 1415 asse)
255 1379 396 1408 videntur
419 1391 433 1408 a
454 1381 547 1409 Paulo
576 1381 690 1410 adiecta
719 1386 769 1410 aut
797 1382 935 1410 mendosa
965 1391 1035 1409 esse.
1065 1381 1154 1410 Ant.
1172 1381 1265 1420 Aug.
1311 1382 1463 1410 consentit
1485 1382 1622 1419 Scaliger.
1670 1381 1772 1417 Legem
1802 1381 1870 1409 tulit
1892 1381 2032 1418 Licinius,

87 1432 145 1460 qua
168 1425 305 1457 cautum,
347 1432 383 1450 ne
404 1423 473 1462 plus
497 1424 682 1453 centussibus
704 1424 735 1452 in
758 1434 864 1453 coenas
888 1424 1111 1463 impenderetur
1133 1429 1251 1463 praeter
1274 1433 1321 1461 ea,
1361 1434 1436 1462 quae
1460 1435 1474 1452 e
1497 1429 1576 1453 terra
1605 1428 1803 1453 nascerentur.
1847 1424 1941 1452 Huius
1964 1424 2035 1462 legis

86 1465 219 1494 meminit
241 1464 386 1493 Lucilius:

869 1509 974 1549 Legem
997 1511 1118 1539 vitemus
1140 1508 1251 1540 Licini.

88 1548 144 1577 Sed
166 1559 238 1578 cave
261 1554 348 1588 putes
371 1555 487 1579 centum
511 1551 584 1580 aeris
607 1552 706 1580 coenis
729 1551 851 1590 singulis
875 1552 1028 1590 quibusvis
1050 1553 1154 1581 diebus
1177 1552 1342 1591 impensum
1370 1553 1477 1589 fuisse,
1516 1551 1566 1580 sed
1598 1562 1640 1580 Cel
1650 1551 1686 1580 tis
1718 1550 1893 1590 quibusdam
1922 1556 2036 1580 tantum

91 1592 194 1621 diebus
218 1592 309 1620 sestis·
347 1592 460 1621 Gellius
484 1593 569 1623 lib-I.
592 1594 735 1633 cap-24.:
759 1594 830 1623 Lex
853 1593 956 1622 deinde
978 1594 1100 1623 Licinia.
1123 1593 1186 1623 lata
1210 1602 1265 1631 est,
1289 1607 1363 1634 quae
1386 1607 1450 1624 cum
1474 1596 1559 1623 certis
1582 1593 1698 1630 diebus,
1722 1595 1796 1622 sicut
1819 1592 1950 1631 Fannia,
1974 1605 2037 1623 cen-

90 1641 170 1663 tenos
192 1635 267 1662 aeris
289 1633 418 1673 impendi
438 1636 628 1672 permisisset,
667 1637 774 1675 nuptiis
798 1635 924 1665 ducenos
946 1635 1086 1672 indulsit,
1128 1637 1247 1665 caeteris
1278 1636 1377 1665 diebus
1404 1637 1505 1665 statuit
1530 1637 1603 1665 aeris
1627 1637 1765 1672 tricenos,
1806 1647 1868 1664 cum
1893 1643 1918 1664 et
1942 1636 2039 1665 carnis

91 1674 193 1704 aridae
215 1683 240 1703 et
261 1675 431 1705 salsamenti
453 1685 531 1706 certa
551 1677 683 1716 pondera
705 1679 735 1707 in
758 1677 889 1717 singulos
911 1676 971 1707 dies
994 1679 1183 1708 constituerit.
1216 1678 1291 1707 Vide
1315 1679 1445 1709 Macrob.
1469 1679 1519 1709 lib.
1536 1679 1588 1707 ΙΙΙ.
1613 1690 1676 1717 cap.
1694 1681 1740 1708 17.
1777 1679 1868 1706 Porro
1892 1678 1936 1706 illi
1959 1688 2037 1707 asses

93 1723 228 1751 centum3
265 1718 382 1756 triginta
408 1723 436 1747 et
459 1719 590 1757 quinque
614 1726 730 1749 tantum
753 1726 871 1750 nostrae
894 1726 1028 1750 monetae
1051 1731 1130 1750 asses
1152 1721 1215 1749 sive
1238 1721 1349 1750 solidos
1372 1722 1546 1750 efficiebant.
1574 1720 1663 1749 Dac.
1711 1720 1897 1749 Centena-ariae
1925 1732 2038 1750 coenae.

94 1761 137 1789 Ita
160 1760 266 1797 legitur
288 1761 368 1799 apud
387 1761 605 1790 Tertullianum
626 1764 657 1792 in
679 1763 800 1802 Apolog.
819 1766 847 1794 6.
872 1763 921 1791 alii
944 1764 1100 1792 centuriae
1123 1774 1239 1793 coenae.
1265 1762 1369 1794 Goth.
1398 1763 1467 1793 Non
1488 1763 1556 1803 plus
1579 1761 1763 1792 centussibus.
1788 1763 1909 1792 Tertull.
1930 1773 1995 1802 cap.
2008 1765 2038 1794 6.

94 1803 233 1841 Apolog.:
266 1801 370 1832 Videte
393 1806 570 1833 centenarias
593 1817 697 1834 coenas
718 1817 736 1834 α
760 1807 884 1834 centenis
905 1807 1041 1834 sestertiis
1064 1805 1212 1835 dicendas.
1256 1807 1293 1834 Et
1316 1807 1398 1844 apud
1423 1807 1497 1835 Gell.
1520 1807 1540 1837 l.
1565 1816 1606 1835 e.:
1638 1804 1746 1832 Fannii
1768 1806 1961 1844 centussis-que
1982 1805 2040 1833 mi-

94 1844 190 1874 sellos.
215 1842 320 1874 Idem.
354 1844 472 1874 Praeter
494 1854 586 1875 terrae
608 1856 687 1878 nata.
721 1848 807 1887 Apud
827 1849 952 1876 Gellium
970 1849 1004 1878 ΙΙ.
1028 1859 1091 1886 cap.
1106 1848 1172 1879 24.:
1194 1856 1310 1887 praeter
1332 1856 1407 1876 terr-a
1431 1856 1516 1883 nata,
1538 1848 1595 1876 vite
1616 1845 1781 1887 arhoreque.
1812 1847 1849 1875 Et
1866 1848 1969 1875 Cicero
1987 1847 2040 1884 Ep.

95 1888 131 1916 ad
154 1888 232 1915 Fam·
247 1887 314 1923 Vll,
336 1890 387 1918 26.
418 1889 540 1926 epistola
570 1890 606 1918 ad
628 1891 748 1919 Fabium
774 1891 906 1919 Gallum:
947 1890 1025 1919 Dum
1047 1889 1162 1927 volunt,
1197 1892 1311 1928 inquit,
1347 1889 1424 1919 lauti
1445 1892 1494 1919 isti
1516 1898 1591 1919 terra
1614 1896 1700 1925 nata,
1740 1900 1813 1928 quae
1836 1888 1896 1928 lege
1917 1896 2040 1928 excepta

95 1936 177 1965 sunt,
199 1930 230 1957 in
253 1928 388 1959 honorem
410 1929 569 1968 adducere,
589 1932 723 1973 fungos,
753 1932 907 1969 kelvellas,
931 1932 1034 1960 herhas
1056 1943 1154 1961 omnes
1176 1931 1331 1968 condiunt,
1357 1940 1388 1961 ut
1411 1932 1488 1961 nihil
1505 1933 1597 1971 possit
1619 1942 1677 1959 esse
1699 1932 1824 1962 suavius.
1866 1929 1979 1960 Idem.

262 1970 390 2001 Coena.
435 1973 537 2002 Festus
561 1976 590 2002 in
611 1974 786 2014 prandium:
818 1974 1000 2010 Prandium,
1023 1975 1136 2013 inquit,
1161 1986 1179 2002 a
1198 1973 1309 2004 Graeco
1332 1982 1373 2003 est
1396 1974 1523 2010 dictum,
1547 1985 1614 2002 nam
1638 1972 1830 2001 meridianum
1854 1971 1949 2001 cibum
1974 1983 2039 2002 coe-

96 2026 163 2043 nam
187 2013 341 2043 vocabant.
387 2015 421 2042 Et
442 2015 472 2043 in
495 2026 569 2045 voce
591 2028 724 2047 scensas:
763 2017 889 2046 Scensas
912 2016 1018 2046 Sabini
1040 2028 1145 2045 coenas
1168 2015 1322 2054 dicebant5
1362 2028 1435 2056 quae
1456 2024 1551 2045 autem
1575 2027 1650 2045 nunc
1671 2013 1798 2054 prandia
1819 2022 1901 2051 sunt,
1938 2026 2043 2044 coenas

95 2056 240 2086 habebant
263 2063 288 2084 et
309 2067 363 2095 pro
387 2059 482 2086 coenis
505 2070 654 2098 vespernas
675 2059 874 2099 appellabant.
901 2061 949 2087 Sic
973 2059 1051 2097 apud
1075 2059 1208 2087 Plautum
1232 2070 1369 2098 vesperna
1393 2059 1527 2097 (Rud.1‚
1551 2062 1585 2095 2,
1610 2059 1683 2095 91.).
1712 2057 1821 2085 Eodem
1846 2057 1935 2085 niodo
1960 2057 2042 2096 apud

97 2105 211 2128 veteres
228 2101 355 2126 Graecos
380 2100 514 2136 δεῖπνον,
539 2101 618 2139 quod
642 2112 732 2130 coena
756 2112 835 2130 nunc
859 2106 919 2137 est,
942 2101 1129 2139 significabat
1151 2102 1324 2140 prandium,
1349 2099 1462 2140 δόρπον
1486 2106 1582 2130 autem
1607 2098 1786 2139 vespertinas
1810 2100 1921 2138 epulas.
1954 2100 2042 2136 Quod

98 2142 259 2181 splendido
282 2141 431 2170 Theocriti
454 2143 522 2171 loco
544 2144 708 2182 probatur,
740 2145 789 2183 qui
816 2148 858 2171 est
880 2145 910 2171 in
934 2144 990 2171 sine
1006 2140 1185 2181 Ἠρακλισκ.
1210 2143 1327 2183 (135.):

595 2190 726 2216 Δεῖπνον
750 2187 795 2221 ὸὲ,
819 2182 921 2224 κρέατ’
945 2183 1038 2221 ὀπτὰ,
1062 2186 1112 2215 καὶ
1137 2186 1166 2216 ἐν
1190 2186 1286 2227 κανέῳ
1310 2186 1398 2226 μέγας
1420 2183 1510 2225 ἄρτος

590 2226 741 2266 Δωρικός·
768 2226 925 2264 ἀσφαλέως
947 2240 978 2257 κε
1001 2225 1202 2266 φυτοσκάφον
1224 2227 1320 2267 ἄνδρα
1343 2228 1491 2268 κορέσσαι.

595 2268 696 2307 Αὐτὰρ
720 2267 767 2300 ἐπ’
792 2268 878 2307 ἄματι
901 2268 1012 2300 τυννὸν
1035 2269 1106 2300 ἄνευ
1129 2270 1224 2310 πυρὸς
1247 2271 1350 2301 αἴνυτο
1375 2270 1498 2308 δόρπον.

98 2311 156 2339 Sed
186 2311 222 2339 de
250 2310 308 2339 hoc
338 2311 418 2349 apud
445 2311 542 2350 ipsum
566 2313 774 2349 Theocritum,
813 2314 836 2341 si
861 2318 984 2341 conatus
1008 2318 1123 2342 nostros
1148 2324 1239 2352 porro
1262 2318 1435 2352 promoveat
1458 2314 1534 2341 Deus
1557 2315 1619 2350 opt.
1643 2321 1721 2339 max.
1753 2310 1842 2341 Dac.
1885 2309 2039 2347 Vesper-na.

100 2353 174 2382 Vide
194 2353 272 2382 infra
298 2352 457 2392 Vesperna.
506 2354 609 2386 Gotlz.

267 2394 494 2425 Censionem.
542 2399 646 2427 censio
675 2397 819 2434 bastanza,
859 2408 925 2426 cum
958 2408 1063 2427 censor
1090 2398 1127 2426 ob
1158 2398 1301 2427 delictum
1332 2398 1451 2426 militem
1480 2395 1592 2425 hastam
1621 2395 1691 2424 dare
1719 2394 1850 2427 iubebat3
1887 2396 1913 2419 et
1943 2399 2039 2417 censw

147 2446 314 2476 GRAMMAT.
335 2457 403 2475 LAT.
426 2447 460 2476 11.
1531 2449 1561 2481 B
1577 2448 1599 2480 b
1615 2447 1637 2480 b
