2263 2668
249 178 322 213 512
672 168 1015 205 COMMENTARII
1042 168 1090 201 IN
1116 168 1258 203 PAULI
1284 169 1479 205 DIACONI
1505 169 1759 204 EXCERPTA

250 271 357 301 rodoto
381 269 441 298 fere
464 265 655 303 transcripta,
692 263 727 292 ab
751 262 851 291 eodem
875 260 1026 290 Herodoto
1049 260 1146 290 lucem
1169 263 1303 302 capient,
1344 263 1395 302 qui
1419 262 1448 292 in
1471 263 1656 304 Melpomene
1678 263 1730 292 ubi
1754 263 1791 293 de
1812 264 2029 295 Nazamonibus
2051 267 2090 296 ita
2113 268 2188 297 scri-

250 316 310 343 bit:
341 307 500 350 Ὀμνύουσι
522 306 574 346 μὲν
597 307 667 341 τοὺς
688 304 770 345 παρὰ
795 305 880 343 σφίσι
904 302 1017 344 ἄνδρας
1039 303 1253 341 ὄικαιωτάτους
1274 306 1323 336 καὶ
1347 303 1489 345 ἀρίστους
1511 307 1689 347 λεγομένους
1712 306 1849 347 γενέσθαι
1871 305 2010 344 τούτους·
2033 312 2091 339 τῶν
2113 308 2183 350 τύμμ

253 359 316 397 βων
343 351 501 389 ἁπτόμενοι
529 347 726 387 μαντεύονται
754 347 785 378 δὲ
815 347 862 378 ἐπὶ
890 349 949 377 τῶν
977 343 1138 386 προγόνων
1168 349 1334 384 φοιτέοντες
1362 347 1397 378 τοὶ
1428 347 1543 388 σήματα
1563 349 1613 379 καὶ
1636 346 1848 387 κατευξάμενοι
1876 350 2187 389 ε’πικατακοιμέωνται,

252 398 284 428 τὸ
303 395 330 427 δ’
349 393 386 424 ἂν
411 394 504 422 ἴδοιεν
528 391 559 421 ἐν
582 394 616 433 τῇ
638 389 708 429 ὄψει
730 389 824 431 τούτῳ
847 392 969 429 χρῶντο.
1009 389 1098 426 Lege:
1127 388 1244 420 Τούτων
1267 393 1325 421 τῶν
1345 388 1465 430 τύμβων
1489 396 1544 420 etc.
1585 392 1622 419 Ut
1644 391 1727 420 vides
1740 392 1815 420 Mela
1837 403 1936 421 manes
1957 393 2093 429 vocavit,
2117 404 2189 432 quos

252 438 418 468 Herodotus
442 434 617 462 iustissimos
640 438 728 471 atque
755 433 883 472 optimos
905 431 965 460 vita
989 431 1155 461 defunctos.
1186 434 1243 468 Qui
1270 433 1339 469 viri,
1364 434 1502 471 quoniam
1525 435 1554 462 in
1576 434 1679 462 inseris
1703 434 1808 472 degere
1825 435 2021 473 putabantur,
2045 435 2113 463 inde
2128 437 2190 464 Pli-

252 482 316 509 nius
340 488 405 507 cum
428 476 500 504 haec
523 486 538 504 a
560 476 634 504 Mela
657 476 836 514 accepisset,
862 475 903 502 sic
926 474 1072 503 mutavit:
1102 474 1234 515 Augilae
1256 475 1367 516 inferos
1389 483 1500 504 tantum
1524 474 1645 514 colunt‚·
1670 480 1699 505 et
1721 481 1789 515 post
1810 477 1934 505 Plinium
1958 477 2088 506 Solinus:
2118 477 2190 507 Λιι-

248 521 327 562 gilae
353 531 418 549 vero
448 517 526 547 solos
556 517 656 547 colunt
685 517 802 558 inferos.
847 517 889 545 Ita
922 517 1001 545 enim
1031 521 1059 545 et
1084 517 1196 546 Plinius
1225 523 1252 547 et
1275 518 1393 546 Solinus
1423 518 1654 557 interpretandi;
1695 519 1746 547 sed
1777 519 1828 557 qui
1857 529 1926 548 vere
1954 520 2053 548 Manes
2080 520 2190 549 fuerint

252 564 382 594 omnium
406 562 516 601 optime
537 560 684 589 intellexit
705 561 811 589 illustr.
836 559 957 588 Huetius
981 558 1031 596 qui
1052 559 1083 587 in
1107 560 1224 590 doctiss.
1249 561 1309 588 suis
1331 560 1361 588 in
1385 560 1534 598 Originem
1558 561 1817 590 observationibus
1843 562 1990 599 ostendit,
2023 563 2190 591 vetustissi-

252 618 313 636 mos
338 605 498 634 Chaldaeos
521 608 549 632 et
571 603 729 641 Aegyptios
751 603 916 640 astrologos
938 601 1076 630 fortunae
1098 608 1206 631 sortem
1228 603 1326 631 Lunae
1348 603 1503 640 tribuisse,
1527 608 1562 631 ut
1583 603 1736 632 daemonis
1759 609 1867 633 sortem
1892 605 1969 641 Soli,
1992 604 2062 633 huic
2084 615 2132 633 res
2154 605 2191 634 ad

253 651 381 678 animum
413 647 606 686 pertinentes,
645 646 690 673 illi
718 655 766 673 res
795 655 954 684 corporeas
982 654 1070 672 curae
1097 655 1159 674 esse
1188 646 1397 674 existimantes.
1444 645 1514 674 Inde
1538 645 1650 674 Vettius
1675 646 1780 674 Valens
1805 646 1854 677 lib.
1869 646 1917 675 lv.
1940 646 2058 675 Anthol.
2082 657 2145 686 cap.
2159 649 2190 679 5.

252 693 338 721 docet
360 692 471 718 Lunam
496 698 558 716 esse
580 688 727 716 fortunam
752 688 781 716 iu
804 692 950 727 potestate
971 685 1125 716 habentem
1148 698 1256 727 corpus
1279 692 1306 716 et
1329 687 1485 726 spiritum,
1521 688 1619 717 Solem
1641 698 1713 717 vero
1737 699 1799 717 esse
1822 694 1948 718 mentem
1971 694 1999 718 et
2021 689 2190 718 daemonem

253 735 363 763 animas
386 733 422 760 ad
445 741 490 759 res
514 731 655 767 gerendas
677 730 854 758 excitantem
878 734 905 758 et
929 735 1102 760 moventem.
1138 731 1207 759 Inde
1222 730 1271 757 Sol
1289 730 1338 768 qui
1353 740 1433 758 mens
1450 735 1495 758 est
1510 735 1539 759 et
1556 731 1658 768 genius
1674 731 1735 759 sive
1752 733 1892 767 daemon,
1916 736 1947 760 ut
1964 736 2087 760 vertuni
2101 733 2191 760 LXX.

255 778 444 814 liiterprete5‚
468 773 609 801 Hebraeis
626 774 702 801 meni
717 773 824 809 dictus,
848 778 881 801 ut
904 773 932 799 in
955 772 1006 799 illo
1029 772 1133 801 Isaiae:
1158 778 1185 801 et
1208 772 1336 811 impletis
1358 774 1434 801 meni
1456 773 1591 809 libamen,
1615 778 1643 802 et
1662 778 1697 801 ut
1715 778 1757 802 est
1772 775 1852 812 apud
1867 774 2021 812 Origenem
2036 773 2192 814 λατρεύον-

253 831 298 854 ²⁵9
320 818 405 856 μηνί,
430 826 466 844 ex
489 815 601 853 origine
624 826 728 853 mana,
752 818 771 844 i.
792 826 814 844 e.
837 825 1000 850 numerare,
1025 815 1090 853 quia
1115 816 1164 844 Sol
1187 815 1371 853 temporibus
1394 816 1586 844 numerandis
1608 821 1636 844 et
1659 816 1828 844 dividendis
1853 821 1977 855 praeest.
2017 816 2108 855 Atqui
2130 827 2192 845 sors

253 859 402 889 daemonis
425 868 475 886 seu
498 858 592 896 genii,
618 858 698 886 cuius
720 859 750 886 in
774 857 862 886 tutela
886 862 918 885 ut
942 858 1066 895 quisque
1089 865 1174 886 natus
1196 866 1249 894 est,
1273 858 1359 893 vivit,
1384 862 1416 886 ut
1438 859 1478 886 ait
1502 858 1689 886 Censorinus.
1733 859 1769 887 Et
1792 857 1891 887 natale
1912 869 2023 895 comes,
2048 860 2100 899 qui
2120 866 2193 887 tem-

250 910 333 943 perat
358 908 484 937 astrum,
508 905 540 928 ut
562 900 697 939 loquitur
719 900 872 936 Horatius7
895 899 1081 928 tribuebatur
1104 901 1163 928 Soli
1187 901 1221 928 ab
1245 900 1371 938 antiquis
1394 901 1608 929 astronomicae
1628 900 1802 939 discipliuae
1825 901 1983 938 magistris,
2006 906 2035 929 at
2057 901 2107 930 sol
2128 903 2194 940 ipse

256 947 382 973 Daemon
407 943 621 981 appellabatur.
652 942 780 972 Mat-rob.
804 943 856 972 lib.
871 943 889 971 l.
914 943 1029 970 saturn.
1053 952 1116 981 cap.
1133 945 1180 974 19.
1209 942 1466 978 Quemadmodum
1490 948 1586 972 autem
1610 943 1640 971 in
1663 944 1715 971 illo
1738 943 1828 971 Isaiae
1850 953 1914 982 cap.
1927 943 1977 975 65.
2002 945 2111 975 v-11.:
2137 942 2194 982 Qui

253 987 363 1027 ponitis
386 996 512 1013 mensam
539 984 615 1014 Gad.
632 985 720 1013 LXX.
744 986 917 1024 interpretes
937 987 973 1025 τῇ
995 982 1083 1024 τύχῃ,
1107 993 1133 1013 et
1155 985 1280 1024 impletis
1302 986 1377 1013 meni
1399 984 1544 1024 libamem
1576 995 1631 1024 pro
1654 986 1735 1014 Luna
1758 990 1866 1014 sortem
1889 986 1948 1025 ipsi
1971 986 2110 1015 tributam
2133 986 2194 1014 for-

252 1036 354 1059 tunam
379 1028 517 1057 nimirum
540 1027 686 1067 propheta
710 1029 870 1067 expressit:
905 1028 944 1055 ita
968 1027 1002 1055 ad
1026 1027 1247 1065 significandum
1271 1028 1384 1065 Solem,
1421 1033 1529 1056 sortem
1554 1028 1616 1056 Soli
1645 1028 1834 1067 deputatam,
1874 1029 2049 1057 Daemonem
2074 1029 2192 1057 scilicet

252 1083 303 1101 seu
325 1072 401 1099 meni
425 1071 546 1100 notavit.
585 1071 727 1108 Adeoque
753 1081 786 1098 ex
811 1071 886 1099 meni
909 1070 1053 1098 Hebraico
1080 1071 1191 1107 prodiit
1206 1072 1350 1099 Graecum
1373 1071 1450 1099 meni
1472 1071 1600 1099 Daemon
1622 1080 1673 1099 seu
1697 1071 1799 1109 genius
1823 1071 1873 1109 qui
1897 1075 1924 1099 et
1945 1071 2010 1107 Sol,
2035 1072 2113 1099 unde
2135 1073 2195 1110 μῆ-

252 1127 317 1151 νες,
340 1113 461 1143 Aeolice
484 1115 594 1152 μᾶνες,
617 1112 687 1140 hinc
712 1113 807 1141 Latini
830 1124 928 1141 manes
951 1113 1001 1151 qui
1025 1118 1053 1140 et
1077 1113 1160 1140 Genii
1182 1115 1262 1142 Serv.
1286 1113 1336 1141 lib.
1351 1113 1398 1142 VI.
1421 1113 1556 1143 Aeneid.:
1579 1112 1658 1153 Ergo
1680 1124 1780 1142 manes
1799 1114 1899 1152 genios
1922 1112 2010 1150 dicit,
2035 1123 2107 1152 quos
2130 1124 2194 1142 cum

253 1158 313 1186 vita
339 1157 486 1185 sortimur.
511 1155 598 1184 Dae.
636 1156 717 1184 Adde
740 1165 830 1194 supra
850 1155 953 1184 ΖΙΙαηε.
992 1155 1097 1183 Terrae
1118 1167 1214 1195 neque.
1246 1156 1443 1194 Terienaque.
1490 1153 1592 1184 Goth.

417 1197 458 1227 M
470 1219 577 1228 ......
609 1198 666 1234 (Ad
690 1208 755 1236 pag.
773 1200 850 1235 173)
880 1198 997 1225 Certum
1021 1202 1080 1234 est,
1107 1197 1156 1226 hic
1179 1199 1214 1226 de
1235 1199 1355 1227 Munere
1377 1198 1494 1227 Festum
1518 1198 1680 1237 scripsisse.
1720 1198 1831 1236 Nempe
1856 1207 1962 1227 munus
1987 1207 2046 1226 esse
2069 1197 2195 1226 admini-

254 1242 424 1271 strationem
447 1241 489 1269 rei
513 1241 664 1279 publicae3
702 1246 729 1269 et
753 1251 854 1268 curam
876 1240 992 1279 imperii
1016 1240 1095 1278 quod
1118 1241 1213 1279 plebis
1238 1241 1393 1269 universae
1418 1241 1567 1279 totiusque
1590 1240 1695 1280 populi
1719 1240 1850 1268 comitiis
1874 1240 2021 1278 delatum,
2054 1250 2087 1268 ac
2110 1251 2195 1269 man-

254 1285 357 1313 datum
380 1288 434 1312 est:
455 1287 488 1311 ut
510 1284 571 1311 sere
593 1283 622 1311 in
645 1283 723 1311 hanc
745 1283 916 1312 sententiam
941 1282 1094 1320 scripsisse
1117 1284 1268 1311 videatur:
1303 1283 1426 1318 Munus,
1451 1283 1561 1311 dicitur
1585 1282 1801 1311 administratio
1823 1283 2018 1321 reipublicae,
2044 1284 2196 1320 magistra-

253 1332 316 1364 tus,
349 1326 570 1365 praefecturae,
602 1325 734 1364 imperii,
768 1326 946 1365 provinciae..
994 1327 1066 1353 (jum
1091 1326 1287 1354 multitudinis
1316 1326 1471 1353 universae
1499 1336 1643 1354 consensu
1666 1331 1754 1364 atque
1778 1325 1914 1363 legitimis
1938 1325 2042 1364 populi
2067 1325 2197 1354 Comitiis

254 1369 427 1405 mandatur,
451 1373 481 1396 ut
506 1378 610 1407 capere
634 1379 697 1396 eam
720 1369 800 1397 iussu
823 1369 946 1407 populi,
976 1373 1094 1396 certove
1118 1379 1154 1397 ex
1181 1373 1329 1407 tempore,
1354 1372 1382 1396 et
1405 1372 1517 1396 cei-tum
1542 1368 1578 1396 ad
1602 1373 1716 1406 tempus
1740 1367 1945 1396 administrare
1968 1369 2071 1407 possit.
2098 1365 2197 1397 Scal.

254 1412 329 1441 Vide
352 1421 442 1450 supra
466 1417 532 1449 post
555 1410 696 1441 Munitio.
734 1411 861 1440 Munera
885 1415 952 1438 sunt
976 1411 1085 1451 officia.
1119 1410 1256 1439 Honores
1279 1415 1368 1438 vocat
1390 1409 1541 1439 Horatius.
1574 1411 1611 1439 Et
1633 1410 1702 1438 inde
1726 1420 1847 1438 munera
1873 1410 1943 1438 dicti
1970 1415 2039 1438 suut
2063 1410 2124 1438 ludi
2148 1410 2197 1448 qui

254 1455 369 1494 populo
393 1454 540 1482 dabantur
564 1453 599 1481 ab
622 1453 658 1482 iis
681 1454 732 1492 qui
756 1463 876 1482 munere
899 1453 1054 1487 instructi,
1080 1458 1134 1483 ete.
1159 1453 1246 1482 Dae.
1282 1452 1325 1482 M
1345 1476 1350 1481 .
1375 1475 1381 1481 .
1405 1475 1411 1481 .
1435 1451 1609 1482 lebatarum.
1641 1452 1721 1480 Mille
1744 1452 1895 1480 beatarum
1921 1452 2038 1480 urbium
2063 1474 2069 1480 .
2094 1474 2099 1480 .
2124 1475 2130 1481 .
2154 1474 2160 1480 .
2184 1462 2197 1479 s

255 1498 335 1526 stetit
356 1507 410 1535 pro
434 1507 522 1534 reguo
549 1518 555 1525 .
581 1518 588 1524 .
615 1518 622 1524 .
648 1518 655 1524 .
680 1496 789 1524 dixisse
819 1496 858 1524 ait
882 1496 1023 1524 Veranius
1048 1497 1077 1523 iu
1101 1496 1175 1523 libro
1199 1496 1364 1534 priscarum
1389 1505 1516 1531 vocum;
1553 1495 1634 1533 quod
1658 1495 1681 1522 ei
1704 1504 1834 1522 summae
1858 1495 1998 1532 originem
2022 1504 2056 1523 ac
2080 1504 2197 1523 eausam

256 1541 389 1568 Graecus
413 1549 507 1567 sermo
533 1537 664 1567 dederit:
687 1549 721 1567 eo
744 1544 840 1567 autem
865 1549 922 1566 non
947 1548 1047 1566 omnes
1070 1538 1123 1567 uti.
1156 1538 1208 1565 His
1233 1539 1400 1576 proximum
1424 1537 1524 1565 nescio
1548 1538 1619 1576 quid
1643 1537 1751 1565 dixisse
1773 1537 1891 1565 videtur
1912 1538 2027 1566 Festus:
2051 1542 2079 1566 et
2102 1542 2198 1566 rectae

255 1583 280 1611 ei
304 1592 434 1610 summae
458 1591 575 1609 causam
599 1580 713 1609 dedisse
737 1582 917 1609 Graecorum
940 1590 1113 1609 sermonem.
1160 1580 1271 1608 Gellius
1296 1580 1371 1607 libro
1387 1579 1408 1608 I.
1432 1582 1579 1618 cap.16.:
1601 1578 1708 1615 Mille,
1731 1579 1842 1617 inquit,
1866 1590 1922 1607 non
1942 1590 1997 1618 pro
2020 1590 2051 1608 eo
2073 1581 2199 1619 ponitur,

256 1624 334 1665 quod
361 1623 470 1652 Graece
492 1624 580 1662 χίλιοι
602 1621 727 1658 dicitur,
751 1622 801 1651 secl
823 1621 902 1663 quod
924 1621 1035 1660 χιλιάς,
1058 1630 1084 1650 et
1108 1623 1194 1650 sicuti
1216 1633 1275 1650 una
1298 1620 1405 1661 χιλιάς,
1430 1629 1455 1649 et
1480 1620 1555 1649 duae
1576 1619 1719 1661 χιλιάδες,
1743 1632 1831 1649 unum
1853 1620 1949 1656 mille,
1975 1628 2001 1649 et
2024 1620 2081 1650 (luo
2103 1620 2200 1650 millia

256 1674 334 1697 certa
357 1673 443 1707 atque
466 1665 576 1694 directa
601 1666 712 1693 ratione
734 1664 851 1694 dicitur.
896 1665 970 1693 Puto
994 1670 1090 1693 autem
1118 1665 1319 1693 testimonium
1342 1664 1435 1701 illud,
1473 1663 1553 1702 quod
1577 1664 1719 1703 producit
1741 1663 1902 1700 Veranius,
1937 1673 1999 1692 esse
2023 1674 2060 1692 ex
2083 1664 2200 1702 scriptis

258 1709 386 1738 Catonis.
411 1707 511 1737 Scal.
547 1707 590 1736 M
610 1729 765 1736 ......
790 1706 951 1736 lebatarum
977 1730 983 1736 .
1008 1730 1013 1735 .
1037 1729 1043 1735 .
1068 1730 1074 1735 .
1113 1707 1191 1735 Haec
1214 1707 1286 1735 viris
1307 1707 1403 1735 doctis
1426 1707 1573 1744 negotium
1599 1707 1756 1734 facessunt.
1793 1706 1850 1743 Ego
1875 1716 1889 1733 a
1913 1706 2104 1744 sequentibus
2126 1711 2200 1745 puto

259 1751 449 1789 disiungenda
475 1755 503 1779 et
527 1751 732 1788 componenda
756 1760 823 1778 cum
846 1750 910 1778 istis
933 1761 1046 1778 mensae
1068 1751 1097 1777 in
1120 1749 1255 1787 aedibus3
1278 1761 1343 1778 narn
1366 1750 1397 1778 in
1421 1749 1538 1777 schedis
1560 1749 1600 1777 ita
1624 1749 1784 1787 scriptum:
1801 1747 2012 1777 —cuiusmodi
2034 1756 2074 1777 est
2095 1759 2201 1788 paren-

260 1796 330 1823 tatio
355 1805 411 1822 non
434 1793 612 1832 sacr-fficium
634 1815 971 1822 ...........
995 1803 1100 1831 niagno
1125 1804 1156 1822 cr
1175 1814 1303 1821 .....
1321 1791 1436 1820 tenebat
1455 1802 1556 1828 aram3
1579 1812 1882 1821 ..........
1904 1796 2004 1828 postea
2024 1791 2202 1829 sequebatur

261 1835 339 1864 mille
361 1836 474 1864 urbium
496 1833 621 1874 populus
643 1836 735 1872 stetit,
760 1840 790 1863 ut
815 1845 912 1872 supra.
959 1836 1022 1862 Non
1046 1836 1168 1863 dubium
1192 1840 1235 1863 est
1257 1835 1363 1873 igitur,
1387 1835 1459 1872 quin
1482 1834 1555 1862 illud
1580 1832 1741 1862 lebamrum
1765 1834 1803 1861 sit
1825 1843 1878 1872 pro
1900 1833 1952 1861 illo
1975 1832 2088 1862 tenebat
2110 1845 2202 1863 aram.

263 1878 297 1905 Et
320 1879 348 1905 in
371 1879 406 1906 iis
429 1879 533 1906 Festus
557 1877 642 1905 nobis
664 1878 756 1906 ritum
779 1878 906 1916 aliquem
930 1877 1100 1916 explicabat
1129 1888 1214 1916 quem
1237 1877 1373 1906 divinare
1396 1887 1518 1915 nequeo.
1566 1876 1690 1904 Putabat
1711 1876 1829 1905 doctiss.
1855 1875 1938 1905 Fulv.
1964 1876 2026 1904 Urs.
2051 1875 2110 1904 huc
2134 1886 2203 1914 per-

263 1919 354 1948 tinere
377 1920 456 1958 quod
480 1920 520 1948 ait
543 1920 637 1948 Varro
661 1920 709 1949 lib.
726 1921 758 1949 V.
784 1930 881 1948 rerum
913 1920 1080 1948 divinarum
1105 1921 1182 1959 apud
1209 1920 1335 1948 Mam-ob.
1359 1919 1409 1949 lib.
1423 1920 1473 1948 111.
1497 1929 1562 1958 cap.
1575 1921 1622 1955 2.,
1651 1929 1717 1948 aras
1745 1918 1874 1958 primuni
1898 1928 1982 1946 ansas
2005 1918 2098 1947 dictas
2122 1918 2203 1957 quod

267 1967 338 1989 esset
360 1963 554 1990 necessarium
578 1974 592 1990 a
617 1963 851 1992 sacrificantibus
874 1973 923 1992 eos
947 1963 1048 1991 teneri.
1094 1963 1196 2001 Vin-gil.
1221 1964 1307 2002 (Aen.
1323 1963 1378 1999 VI,
1403 1961 1501 2000 124.):

903 2004 1028 2034 Talibus
1049 2004 1153 2033 orabat
1177 2004 1264 2034 (liciis
1286 2017 1409 2045 arasque
1429 2003 1551 2032 tenebat.

269 2042 356 2071 Mille
376 2044 486 2073 urbium
507 2046 632 2086 populus
654 2049 739 2077 stetit.
784 2048 871 2085 Lege:
913 2046 1007 2077 Millo
1035 2047 1147 2076 urbium
1175 2047 1293 2088 populis
1314 2049 1392 2076 stetit
1412 2057 1466 2086 pro
1490 2055 1585 2085 regno.
1632 2045 1735 2074 Aiebat
1758 2044 1890 2084 quisquis
1913 2044 1963 2073 ille
1985 2045 2022 2073 sit
2045 2044 2123 2074 unde
2145 2043 2203 2073 hoc

268 2086 388 2113 Verrius
416 2086 591 2126 desumpsit,
631 2101 684 2128 pro
704 2101 794 2128 regno
819 2090 978 2118 obtinendo
1002 2091 1130 2129 populos
1154 2091 1235 2119 mille
1258 2091 1376 2118 urbium
1401 2089 1565 2128 perdidisse
1589 2093 1642 2117 etc.
1687 2088 1750 2116 Hoc
1773 2093 1870 2116 autem
1891 2085 1972 2116 mille
1993 2087 2105 2116 urbium
2130 2087 2204 2116 Ver-

269 2128 329 2156 rius
352 2127 484 2162 adduxit,
508 2135 540 2157 ut
562 2132 703 2168 probaret
726 2132 758 2163 τὸ
782 2133 861 2161 mille
886 2144 900 2161 a
925 2134 1072 2160 veteribus
1097 2138 1274 2172 usurpatum
1298 2144 1331 2162 eo
1355 2141 1500 2160 consensu
1524 2141 1582 2170 quo
1599 2131 1704 2159 Graeci
1728 2130 1830 2158 dicunt
1844 2126 1955 2168 χιλιάς,
1984 2129 2064 2159 mille
2079 2128 2203 2166 urbium,

270 2180 328 2198 non
351 2168 431 2198 mille
453 2169 542 2199 urbes,
575 2174 621 2200 Sic
639 2174 751 2203 Gellius
774 2176 825 2203 lib.
840 2176 859 2204 Ι.
876 2178 979 2205 c.16.:
1007 2174 1096 2204 Mille
1119 2187 1175 2204 non
1195 2187 1249 2215 pro
1272 2186 1303 2203 eo
1325 2176 1459 2212 ponitur,
1484 2172 1563 2214 quod
1579 2172 1688 2202 Graece
1702 2176 1788 2212 χίλιοι
1804 2171 1927 2209 dicitur,
1952 2170 2002 2200 secl
2017 2170 2096 2212 quod
2112 2169 2205 2211 χιλιὰς

271 2220 296 2240 ‘¹
318 2212 404 2241 Sicust'
425 2222 482 2238 ΨΜ
505 2212 596 2249 χῑλῑᾶς
618 2222 642 2242 e!
666 2215 739 2245 [luae
759 2215 900 2256 χιλιάδες,
925 2229 1011 2245 unum
1036 2216 1130 2253 mille,
1154 2225 1179 2246 et
1203 2217 1260 2246 duo
1284 2216 1380 2246 millia
1404 2224 1482 2246 certa
1503 2224 1589 2256 arque
1611 2214 1723 2244 directa
1746 2216 1858 2243 rarione
1881 2213 1996 2243 dicitur.
2042 2214 2131 2243 Dac.

434 2252 615 2284 Monstra.
659 2257 825 2287 Illonstrum
849 2271 863 2287 a
887 2258 1046 2293 monendo,
1077 2268 1267 2297 monestrum,
1303 2267 1478 2292 monstrum,
1509 2259 1618 2297 passim
1642 2258 1721 2297 apud
1744 2258 1839 2286 bonos
1863 2261 1989 2285 autores.
2034 2256 2136 2285 Cicero
2159 2260 2204 2284 ta-

272 2305 337 2323 men
360 2306 375 2323 a
398 2296 590 2323 monstrando
613 2297 694 2326 lib-1.
715 2299 751 2337 (e.
765 2301 825 2338 42)
849 2302 884 2329 de
907 2302 1043 2330 divinat.:
1070 2302 1146 2340 Quia
1169 2303 1242 2330 enim
1266 2301 1434 2336 ostendunt,
1457 2299 1649 2341 portendunt,
1671 2306 1850 2336 monstrant,
1871 2297 2061 2339 praedicunt,
2083 2304 2202 2333 ostenta,

271 2344 421 2377 portenta,
445 2346 591 2373 monstra,
619 2338 755 2377 prodigia
779 2341 920 2372 dicuntur,
968 2344 1048 2372 Idem
1074 2350 1102 2372 et
1123 2345 1174 2373 lib.
1189 2345 1223 2373 Π.
1248 2348 1326 2384 (cap.
1339 2347 1403 2379 23)
1426 2344 1462 2372 de
1486 2350 1544 2373 nat.
1569 2344 1653 2372 θεον.
1689 2343 1747 2371 Sed
1771 2342 1866 2370 minus
1889 2342 1970 2372 bene.
2012 2341 2051 2368 De
2072 2340 2203 2376 ostentis,

274 2379 420 2418 portentis
443 2384 471 2407 et
492 2380 633 2418 prodigiis
656 2381 722 2409 vide
746 2392 798 2409 suo
822 2385 896 2414 loco.
915 2385 1001 2414 Dae.
1042 2386 1217 2416 Zlffonstrum.
1260 2388 1292 2417 V.
1317 2388 1398 2418 l.38.
1413 2386 1441 2415 ff.
1466 2387 1503 2415 tle
1525 2385 1644 2415 verbor.
1667 2386 1739 2423 sign.
1763 2385 1781 2413 l.
1795 2387 1824 2415 7.
1847 2384 1877 2412 in
1899 2383 1947 2412 tin.
1971 2381 2042 2410 Cod.
2066 2381 2101 2409 de
2125 2387 2204 2420 post-

275 2422 372 2450 humis
394 2420 561 2451 heredibus.
590 2422 768 2461 Prodigium.
803 2425 873 2453 Vide
896 2427 970 2454 infra
995 2426 1144 2466 Prodigia.
1176 2431 1210 2457 Et
1234 2430 1261 2458 d.
1285 2431 1303 2458 l.
1317 2432 1367 2460 38.
1392 2433 1421 2457 et
1444 2429 1472 2457 d.
1496 2429 1514 2458 l.
1527 2431 1556 2459 3.
1591 2427 1749 2456 Ostentum.
1782 2426 1854 2454 Vide
1877 2425 1904 2455 d.
1927 2425 2008 2455 t.38.
2057 2421 2159 2452 Goth.
