2263 2668
530 147 595 180 DE
622 143 1013 181 SIGNIFICATIONE
1042 145 1327 182 VERBORUM.
1378 148 1524 182 LIBER
1550 148 1624 182 xn.
1973 149 2049 186 527

97 241 151 277 sit,
179 239 267 268 facile
290 239 341 278 qui
364 239 492 268 hominis
515 239 748 268 emendationem
773 249 839 267 cum
862 238 917 267 hac
940 242 1041 266 nostra
1064 239 1239 277 contulerit,
1269 241 1493 280 deprehendere
1515 241 1635 280 poterit.
1658 239 1759 270 Scal.
1802 241 1928 279 Norita,
1957 244 2047 273 ostrei

95 293 205 320 genus,
229 286 347 320 νηρῖται
370 282 502 311 Graecis.
540 283 573 311 ln
597 282 694 311 Plauti
716 282 850 311 versibus
874 291 927 319 per
951 280 1107 309 muriatica
1131 283 1307 312 salsamenta
1330 285 1460 321 intellige
1483 294 1557 321 quae
1580 286 1611 312 in
1633 284 1729 312 muria
1752 284 1955 316 servabantur.
1987 285 2046 315 Ca-

95 337 209 354 marum
233 326 379 363 scriptum
403 327 491 353 unico
514 337 542 353 m
565 326 659 354 veteri
683 324 894 353 consuetudine
918 333 972 362 pro
999 321 1201 360 Gemmarum,
1237 331 1265 354 et
1288 327 1368 365 apud
1391 326 1519 365 Hesych.
1544 325 1700 365 Κάμειρον.
1752 327 1881 366 Tagenia
1906 333 1977 357 sunt
1998 329 2048 366 pi-

96 379 178 405 sces,
201 369 379 407 wynviotai
399 369 447 406 qui
471 373 501 396 et
522 368 580 406 ipsi
604 368 634 396 in
658 367 769 402 muria;
793 367 861 396 vide
884 365 1077 394 Athenaeum.
1117 367 1268 407 Equinos‚
1298 370 1419 407 antique
1443 380 1497 408 pro
1519 369 1644 398 echinos.
1683 368 1813 398 Echinos
1834 370 1926 399 fartos
1950 376 2047 408 vocat,

96 411 148 450 qui
170 411 389 447 farciebantur,
426 411 458 439 id
482 415 541 446 est,
578 410 789 448 saginabantur
810 409 842 438 in
864 408 1001 445 vivariis,
1040 409 1117 437 sicut
1142 410 1271 440 conchas
1296 413 1490 450 piscinarias,
1526 422 1601 450 quae
1629 412 1660 440 in
1690 412 1810 450 piscinis
1839 413 1899 452 (sic
1921 413 2047 442 sartores

96 453 177 492 apud
200 454 316 482 Terent.
341 453 392 490 qui
415 463 485 481 aves
508 453 603 481 altiles
625 453 772 489 farciunt,
794 449 981 490 saginant‚);
1004 456 1094 489 atque
1118 452 1188 480 adeo
1212 454 1438 482 numanum-um
1462 455 1579 482 nomine
1597 455 1718 483 Plautus
1739 455 1833 492 pisces
1856 466 1974 491 omnes,
1999 457 2049 494 qui

96 497 131 524 ab
155 506 190 524 eo
220 496 382 524 enumerati
414 501 483 524 sunt
512 495 748 534 comprehendit.
792 495 829 523 Et
851 504 887 522 ne
911 494 1028 522 dubites
1053 494 1088 522 de
1111 493 1166 522 bac
1188 496 1390 531 correctione,
1423 497 1492 525 audi
1515 497 1589 527 Plin.
1613 497 1697 526 lib.1.
1723 506 1787 535 cap.
1800 499 1846 527 8.:
1883 496 1935 526 Sic
1957 497 2050 527 haleae

93 539 222 578 pervenit
245 537 286 566 ad
312 537 444 574 Ostreas‚
469 536 614 574 Echinos,
643 538 777 574 Urticas,
802 535 987 573 cammarus,
1011 534 1178 566 Mullorum
1201 539 1346 574 iecinora,
1376 540 1586 579 innumerisque
1605 538 1756 578 generibus
1779 538 1820 567 ad
1841 551 1973 579 saporem
1994 552 2050 579 gu-

95 580 142 610 lae
164 581 258 620 coepit
281 579 328 609 sal
349 580 500 610 tabescere.
540 581 622 609 Satin
644 586 745 619 aperte
768 581 887 608 eosdem
910 580 1005 618 pisces
1028 579 1107 607 inter
1128 580 1298 617 muriatica,
1321 581 1352 609 id
1376 582 1452 609 enim
1477 587 1520 610 est
1541 580 1651 618 halex,
1673 579 1706 611 τὸ
1729 578 1864 621 τάριχος,
1888 583 2050 619 recensuit,

96 633 171 661 quos
188 623 332 652 Plautus?
358 623 456 658 Quare
479 628 539 651 tam
563 623 636 651 boni
659 633 762 652 versus
785 623 816 651 in
839 623 899 651 eitu
923 627 952 651 et
973 622 1111 660 squalore
1133 622 1321 661 relinquendi
1344 634 1403 652 non
1427 629 1518 653 erant.
1556 624 1661 662 Scalig.
1685 624 1715 653 in
1740 625 1902 653 coniectan.
1922 624 1959 652 ad
1978 625 2050 654 Var-

94 676 161 694 ron.
186 665 264 704 (pag.
279 667 347 696 126.
362 676 423 704 seq,
445 664 574 704 Steph.).
604 666 695 694 Dae.
734 664 770 693 In
792 665 870 693 vasis
892 665 1029 703 stagneis.
1067 664 1101 692 Id
1125 669 1168 693 est
1190 667 1326 694 stanneis.
1366 666 1449 695 Unde
1472 668 1581 695 nummi
1602 667 1716 705 stagnei
1738 667 1768 694 in
1790 667 1809 695 l.
1824 668 1853 696 9.
1877 669 1943 704 §.2
1957 667 1986 696 ff.
2012 667 2049 695 ad

95 709 114 737 l.
138 708 255 737 Cornel.
280 707 316 736 de
339 708 429 737 salsis.
470 708 554 736 Adde
576 710 718 737 Senecam
737 708 789 737 ΠΙ,
815 709 850 735 de
873 707 916 736 ira
941 709 991 739 35.
1030 707 1157 735 Proinde
1182 718 1242 736 non
1265 709 1434 745 ferendum,
1466 709 1546 747 qnod
1568 709 1615 737 vir
1638 710 1747 738 doctus
1771 713 1874 747 putat,
1898 714 2050 747 stagneum

93 761 147 779 vas
170 751 368 779 incrustatum
391 761 443 779 vas
468 761 538 779 esse,
576 750 720 779 Noricam
746 749 850 779 bonam
876 756 929 778 etc.
967 750 1078 778 Bonam
1101 750 1232 778 naricam
1256 756 1284 779 et
1309 762 1458 780 camaruin
1484 757 1513 780 et
1535 752 1666 789 tagenia,
1690 751 1819 780 Echinos
1844 752 1952 789 fartos,
1977 762 2048 781 con-

94 793 166 822 chas
190 793 372 832 piscinarias.
419 792 501 821 Adde
525 793 598 822 Plin.
615 793 751 829 XXXII,
775 796 804 824 8.
830 792 880 820 alii
902 792 1018 830 legunt:
1043 794 1079 821 Et
1101 798 1236 821 cauatam
1260 799 1286 821 et
1310 795 1520 832 comaequinas
1543 795 1632 822 sai-tas
1655 799 1684 822 et
1707 793 1836 822 conchas
1860 795 2049 832 piscinaria53

95 836 144 865 atii
167 836 363 874 scquamicam
388 840 416 864 et
434 836 612 865 comacinas.
646 837 685 864 De
701 836 871 874 sequamica
888 835 955 863 vide
972 836 1109 864 Strabon.
1127 836 1176 864 IV.
1205 836 1297 864 Vetus
1319 837 1394 865 liber
1418 841 1445 865 et
1469 844 1604 865 canatum
1630 841 1658 865 et
1680 837 1916 876 tagumaquinas.
1945 835 2050 866 Goth.

259 894 458 923 Nanciior.
504 894 748 924 PECUNIAM.
779 893 888 933 QUIS.
911 893 1152 924 NANCITOR.
1176 894 1370 926 HABETO.
1394 895 1458 924 ET.
1483 893 1531 923 SI.
1557 894 1672 932 QUID.
1696 893 1911 924 PIGNERIS.
1937 894 2049 924 NAN-

96 936 240 967 CITOR.
266 936 390 966 SIBEI.
413 936 607 967 ΗΑΒΕΤΟ.
651 938 794 966 Nancitor
825 948 881 976 pro
911 938 1066 974 nancitur,
1104 943 1132 966 et
1153 938 1292 966 nancitur
1322 949 1378 977 pro
1404 937 1604 974 nanciscitur,
1640 943 1674 967 ut
1697 938 1852 976 apiscitur.
1899 936 1972 975 Quis
1994 948 2049 976 pro

94 980 160 1020 qui,
184 977 344 1019 ἀρχαϊκῶς.
386 980 456 1008 Erat
479 985 570 1019 caput
592 981 621 1009 in
645 980 763 1009 foedere
784 981 905 1017 Latino,
938 985 972 1009 ut
992 980 1070 1009 intra
1094 981 1199 1009 decem
1221 980 1282 1008 dies
1305 986 1373 1019 post
1397 985 1592 1009 contestatam
1614 980 1698 1009 litem
1721 980 1862 1009 creditori
1885 979 2050 1010 satisfieret.

93 1022 150 1050 liic
172 1033 244 1051 vero
268 1023 334 1051 vult
357 1022 452 1061 ipsum
476 1023 584 1062 pignus
608 1023 663 1051 sibi
686 1023 811 1059 habere,
848 1023 871 1051 si
896 1028 963 1061 post
992 1023 1066 1051 illud
1095 1028 1213 1061 tempus
1244 1023 1302 1062 ipsi
1324 1024 1506 1052 satisfactum
1531 1033 1590 1051 non
1613 1024 1658 1051 sit.
1703 1023 1754 1051 Vel
1777 1023 1877 1061 potius
1901 1023 2050 1060 intelligit,

93 1065 175 1102 quod
198 1071 265 1093 ante
288 1065 398 1093 bellum
423 1067 608 1094 contraxerit
630 1066 752 1094 Latinus
776 1076 841 1093 cum
866 1067 1017 1102 Romano,
1040 1066 1102 1094 sive
1126 1071 1262 1094 mutuum
1286 1066 1338 1102 sit,
1362 1066 1425 1094 sive
1449 1066 1573 1104 pignus,
1597 1067 1640 1093 uti
1663 1066 1693 1093 id
1717 1065 1821 1094 valeat.
1848 1063 1951 1094 Scal.
1991 1065 2050 1093 Ve—

92 1112 171 1136 teres
195 1107 314 1136 Nancio
341 1107 465 1144 dixisse,
503 1113 609 1137 auctor
632 1114 675 1137 est
698 1113 728 1137 et
750 1108 920 1137 Priscianus
942 1108 992 1137 lib.
1005 1109 1041 1137 X.
1065 1108 1151 1149 (C.4‚
1175 1111 1227 1139 22.
1250 1109 1316 1143 Kr.)
1341 1107 1376 1138 In
1400 1108 1466 1137 XII.
1512 1108 1545 1136 ld
1567 1113 1610 1136 est
1631 1108 1659 1135 in
1684 1107 1797 1145 legibus
1821 1107 1978 1135 duodecim
2003 1112 2051 1135 ta—

93 1150 248 1188 bularum,
274 1149 325 1178 ubi
349 1150 420 1179 dixi.
467 1149 575 1180 Goth.

256 1208 364 1239 Nare.
409 1210 473 1238 Non
497 1221 512 1238 a
536 1219 610 1238 nave
634 1214 667 1238 ut
689 1215 775 1249 putat
794 1211 912 1248 Festus,
941 1211 995 1239 sed
1017 1222 1033 1239 a
1055 1210 1131 1248 νέω,
1154 1213 1215 1249 ναῒ,
1239 1211 1288 1240 vel
1311 1222 1328 1239 a
1350 1209 1431 1248 νάω,
1451 1212 1529 1251 fluo.
1577 1211 1601 1239 A
1623 1209 1730 1248 supino
1752 1216 1868 1245 natum,
1894 1213 1994 1238 natare
2018 1213 2052 1237 ut

93 1262 107 1279 a
130 1250 214 1288 dico,
239 1250 367 1289 dictum,
393 1251 515 1282 dictare.
560 1253 642 1281 Infra
665 1263 767 1281 versus
791 1254 890 1283 Plauti
913 1254 956 1282 sic
977 1254 1135 1292 legendus:
1395 1269 1398 1272 >

589 1301 682 1341 Quasi
699 1304 811 1342 pueris,
843 1306 895 1345 qui
917 1316 988 1334 nare
1010 1303 1144 1341 discunt,
1175 1305 1290 1344 scirpea
1312 1301 1444 1332 induitur
1467 1304 1549 1333 ratis.

91 1353 154 1381 Etsi
185 1353 272 1382 aliter
299 1353 379 1382 hunc
407 1364 527 1382 versum
556 1353 628 1381 alibi
662 1354 733 1391 legit
755 1354 858 1384 Festus
886 1356 917 1384 in
948 1366 1024 1385 voce
1054 1357 1176 1396 scirpus.
1207 1355 1298 1385 Dac.
1344 1354 1420 1383 Vide
1442 1355 1571 1384 Nonium
1594 1355 1624 1383 in
1648 1354 1728 1383 Nare
1751 1358 1827 1392 (pag.
1841 1353 1912 1384 353.
1937 1352 2050 1385 Mem->-

91 1395 222 1425 Dictum.
255 1396 392 1425 Ductum.
423 1395 526 1426 Navis.
558 1397 641 1425 Avis.
689 1395 795 1426 Goth.

254 1447 388 1477 Nares.
434 1447 515 1476 Idem
539 1447 644 1477 Donat.
670 1446 700 1475 in
725 1447 851 1487 Adelph,
872 1449 943 1486 (III,
967 1451 1003 1486 3,
1026 1449 1110 1487 43.):
1134 1448 1229 1477 Nares
1251 1459 1270 1476 a
1293 1449 1421 1476 naritate
1445 1447 1542 1477 dictae
1563 1454 1646 1484 sunt,
1672 1445 1753 1487 quod
1776 1456 1827 1474 rios
1851 1444 1977 1474 odoratu
2000 1443 2052 1473 ἆο-

91 1496 175 1519 ceant
194 1497 310 1529 praesto
330 1497 356 1518 et
377 1501 468 1529 prope
489 1501 549 1518 esse
570 1488 651 1530 quod
672 1488 771 1519 adhuc
794 1490 875 1520 oculi
897 1503 955 1521 non
977 1491 1085 1523 vident.
1123 1492 1183 1520 Sed
1205 1492 1327 1520 frustra.
1369 1491 1462 1520 Nares
1492 1491 1571 1520 enim
1594 1501 1612 1519 a
1635 1491 1750 1519 Graeco
1774 1489 1859 1527 ῥῖνας
1881 1498 1934 1526 per
1957 1492 2052 1516 trans-

89 1532 278 1570 positionem.
306 1531 393 1561 Dac.
426 1530 557 1561 Flemus.
586 1532 713 1561 Fiamus.
760 1530 865 1562 Goth.

253 1590 390 1620 Navus.
435 1591 548 1620 Ennius
572 1591 671 1620 annali
693 1596 794 1620 sexto:

583 1641 682 1670 Navu’
706 1649 832 1680 repertus
855 1641 959 1679 homo,
995 1640 1086 1672 Graio
1107 1650 1205 1682 patre,
1237 1640 1346 1671 Graius
1367 1641 1470 1679 homo,
1501 1654 1556 1672 reoe

585 1683 735 1714 Aemoni’.
777 1683 924 1724 Pyrrhus,
949 1685 993 1714 uti
1014 1692 1191 1722 memorant,
1216 1695 1235 1713 a
1258 1685 1348 1723 stirpe
1368 1696 1511 1724 supremo.

91 1734 174 1762 Alter
195 1743 300 1761 versus
327 1734 436 1763 citatur
458 1745 474 1762 a
497 1734 593 1762 Nonio
617 1736 698 1773 (pag.
712 1737 783 1767 226.
808 1745 837 1764 v.
861 1734 1021 1774 Stirpem),
1054 1735 1106 1765 sed
1134 1746 1291 1775 perperam
1323 1745 1361 1764 ex
1384 1737 1489 1764 Annali
1513 1735 1550 1766 V.
1572 1745 1627 1774 pro
1651 1734 1700 1765 Vl.
1744 1734 1779 1763 In
1800 1732 1937 1771 sequenti
1959 1741 2048 1761 versu

90 1775 249 1814 legendum
272 1774 513 1816 induperantum:
545 1776 699 1806 Nauorum
721 1778 874 1816 imperium
896 1788 1026 1815 servare,
1056 1786 1097 1807 est
1120 1778 1355 1818 induperantum.
1399 1779 1548 1808 Sententia
1573 1790 1589 1807 a
1612 1777 1762 1808 veteribus
1785 1777 1949 1806 celebrata:
1970 1774 2048 1804 bene

90 1829 194 1858 parere
213 1823 258 1848 est
280 1818 438 1858 imperare.
483 1819 516 1848 In
540 1829 629 1848 versu
650 1820 749 1849 Plauti
770 1820 835 1857 lege
858 1819 1005 1857 ductarie,
1029 1831 1089 1849 non
1111 1819 1275 1850 ductarier:

581 1870 665 1899 Nave
686 1882 769 1910 agere
792 1878 903 1910 oporiet
926 1869 1006 1911 quod
1029 1882 1117 1911 agas,
1154 1883 1212 1900 non
1235 1871 1378 1901 ductarie.

89 1920 172 1949 Nave
195 1920 242 1958 agi
264 1925 322 1957 est,
355 1931 423 1949 cum
446 1921 532 1950 navis
553 1921 676 1959 remigio
700 1926 752 1950 aut
775 1922 871 1950 ventis
894 1922 1008 1960 agitur5
1046 1922 1181 1952 ductario
1210 1932 1278 1952 cum
1309 1922 1431 1952 funibus
1454 1922 1581 1952 adverso
1605 1931 1690 1951 amne
1713 1920 1850 1950 trahitur.
1894 1918 2043 1948 Ausonius

90 1963 121 1991 in
142 1963 322 2002 politissima
345 1964 530 2003 Panegyrico
550 1965 692 1993 Mosellae
715 1964 779 2003 (39.
793 1963 903 2003 seqq.):

589 2016 633 2043 'l'u
655 2013 786 2053 duplices
807 2016 908 2044 sortite
929 2016 1009 2050 vias,
1044 2022 1071 2043 et
1094 2027 1159 2044 cum
1181 2027 1265 2044 amne
1287 2014 1414 2046 secundo

583 2056 712 2097 Defluis,
744 2065 776 2086 ut
798 2057 901 2087 celeres
919 2057 1033 2098 feriant
1054 2057 1132 2087 vada
1156 2059 1272 2087 concita
1296 2059 1386 2097 remi,-

581 2099 622 2127 Et
647 2110 712 2128 cum
732 2110 784 2138 per
806 2101 887 2139 ripas
910 2111 1053 2140 nusquam
1076 2109 1204 2130 cessante
1226 2099 1354 2130 remulco

583 2139 741 2170 latendum
765 2141 844 2171 collo
867 2142 1010 2172 malorum
1034 2142 1153 2172 vincula
1177 2150 1291 2173 nautae.

90 2183 210 2221 Valgius
233 2183 263 2211 in
286 2182 398 2221 Elegia:

583 2224 667 2255 Hinc
688 2237 754 2254 mea
775 2238 820 2254 me
841 2225 930 2266 longo
953 2225 1109 2255 succedens
1128 2238 1219 2266 prora
1243 2226 1370 2257 remulco

624 2267 799 2298 Lactantem
819 2270 914 2309 graiis
939 2269 1016 2298 sistit
1039 2270 1070 2298 in
1092 2269 1235 2309 hospitiis.

580 2308 635 2346 Et,
664 2309 817 2349 placillam
837 2311 938 2351 fossae
959 2323 1017 2351 qua
1040 2312 1162 2351 iungunt
1187 2323 1240 2341 ora
1263 2311 1411 2342 Padusam

626 2352 757 2392 Navigat
780 2353 891 2394 Alpini
901 2354 1035 2394 flumina
1057 2366 1164 2394 magna
1186 2353 1274 2384 Padi.

89 2402 231 2432 Ductarie
252 2411 323 2441 ergo
344 2413 430 2442 agere
452 2407 498 2432 est
518 2403 709 2443 ῥυμουλκεῐν.
753 2404 820 2434 Non
839 2404 1054 2442 omittendum,
1091 2406 1172 2444 quod
1195 2410 1240 2435 est
1260 2405 1291 2434 in
1313 2404 1435 2444 glossis:
1471 2404 1612 2441 navitas,
1639 2400 1738 2444 ἀρετή.
1766 2398 1864 2431 Scal.
1909 2397 1984 2435 Ergo
2004 2396 2031 2425 δί
