2263 2668
524 145 588 178 DE
615 144 1002 180 SIGNIFICATIONE
1033 143 1317 178 VERBORUM.
1377 144 1521 179 LIBER
1547 147 1606 180 XI.
1960 147 2036 181 517

251 237 480 279 Marspedis.
504 237 562 278 (Ad
579 248 609 276 p.
623 236 705 277 175.)
728 237 836 266 Filium
849 237 952 267 Martis
966 237 1133 275 significare
1148 242 1296 276 putarem,
1320 237 1378 266 nisi
1393 248 1438 267 me
1457 240 1618 269 auctoritas
1632 239 1774 269 Messalae
1789 244 1931 268 moveret.
1945 240 2004 269 An
2012 248 2032 272 t.

87 284 181 324 Aug.
219 284 341 320 Corrige
363 292 401 311 ex
423 281 534 310 iudicio
559 281 682 309 Adriani
704 280 849 317 Turnebi,
880 291 938 319 quo
961 280 1124 308 doctiorem
1148 286 1248 308 nostra
1271 291 1329 308 non
1353 282 1422 309 tulit
1445 288 1539 319 aetas,
1568 283 1598 312 in
1619 284 1786 322 precatione
1807 280 2033 313 Solitaurilium.

87 327 244 365 Quidquid
273 325 389 354 dubitet
409 324 546 360 Messala,
586 328 702 351 constat
723 323 754 351 in
777 323 903 352 formula
926 323 1136 351 solitaurilium
1161 323 1197 350 ad
1220 323 1404 351 lustrandum
1428 335 1530 363 agrum
1554 325 1716 354 ambarvali
1739 324 1901 361 sacrificio,
1937 325 2035 354 solum

85 369 211 398 Martem
233 367 397 397 nominari:
419 366 584 406 Marspiter
606 373 633 394 te
651 377 756 405 precor
777 370 831 396 etc.
855 370 887 394 ut
910 370 1026 394 constat
1049 375 1086 394 ex
1110 366 1219 394 Catone
1242 366 1331 394 titulo
1347 366 1445 395 CXLI.
1475 369 1532 396 Pro
1556 379 1615 406 quo
1639 367 1777 405 suspicor
1791 365 1963 406 Marspedis
1985 368 2035 396 di-

87 416 168 440 ctum
191 422 206 439 a
229 410 391 440 veteribus,
433 410 472 437 At
495 408 576 447 quod
599 413 706 446 putant
728 408 892 437 doctissimi
917 409 971 437 viri
989 408 1153 446 Marspedis
1177 418 1239 436 esse
1262 408 1363 437 Martis
1385 409 1492 448 filium,
1522 410 1579 439 hoc
1603 416 1664 445 est,
1687 411 1790 439 Martis
1812 411 1922 446 παῖδα,
1944 410 2034 448 plane

86 459 131 483 est
151 454 348 482 Horatianum
371 451 497 481 lzumano
521 451 613 490 capiti
635 451 772 479 cervicem
796 451 947 491 equinam3
986 461 1077 489 quare
1106 450 1210 478 merito
1236 451 1469 489 explodendum.
1513 454 1570 481 Sed
1593 453 1669 482 illud
1690 452 1874 488 notandum,
1910 452 2033 482 Martem

85 496 116 525 in
139 496 376 530 solitaurilibus,
414 498 465 522 aut
492 493 556 522 aliis
586 493 809 532 precationibus
832 493 1012 522 rusticorum
1035 503 1095 521 non
1119 503 1180 521 esse
1203 494 1309 530 alium,
1347 503 1434 531 quam
1457 495 1627 533 Silvanum,
1665 500 1826 534 propterea
1849 495 2033 524 coniunctim

87 538 248 577 aliquando
271 542 398 566 vocatur
418 537 496 565 Mars
519 536 666 566 Silvanus.
712 535 794 564 Idem
818 536 907 564 Cato:
947 535 1056 564 Votum
1078 546 1133 574 pro
1158 534 1265 572 bubus,
1303 544 1334 564 ut
1356 535 1488 574 valeant,
1520 539 1563 567 sic
1575 537 1700 580 facito.-
1733 536 1834 567 Marti
1856 535 1978 567 Silvano
2000 538 2032 566 in

85 579 162 610 silva
182 579 325 609 interdius
347 584 402 608 etc.
441 580 483 607 De
506 588 565 617 quo
589 578 632 606 sic
653 578 684 606 in
705 578 790 606 libris
813 578 849 607 de
871 578 1013 606 limitibus
1036 587 1190 616 agrorum:
1217 577 1320 607 Omnis
1340 580 1482 617 possessio
1505 587 1561 609 tres
1583 579 1722 610 Siluanos
1743 578 1837 609 habet.
1880 579 1960 608 Unus
1982 578 2031 608 di-

85 624 163 653 citur
185 621 368 659 domesticus,
389 621 565 661 possessioni
587 628 793 657 consecratus5
816 620 890 649 alter
912 619 1021 650 dicitur
1042 620 1179 660 agrestis,
1201 619 1370 659 pastoribus
1392 630 1592 660 consecratus;
1618 623 1717 652 tertius
1741 620 1850 651 dicitur
1871 621 2031 659 orientalis,

86 665 135 694 cui
150 671 197 693 ¹est
219 665 250 693 in
275 665 401 705 confinio
424 662 507 693 lucus
527 664 658 703 positus:
681 674 699 691 a
720 673 777 703 quo
800 664 874 692 inter
896 662 953 692 cluo
972 662 1103 703 pluresve
1114 663 1195 702 fines
1217 663 1357 693 oriuntur.
1388 662 1458 692 Ideo
1481 666 1553 693 inter
1576 664 1633 694 ἇιιο
1654 663 1785 704 pluresve
1806 671 1847 692 est
1869 661 1961 693 lucus.
1990 664 2032 693 De

84 707 174 736 tertio
197 707 321 745 intelligi
344 707 423 746 apud
447 707 585 735 Catonem
608 715 726 734 necesse
749 710 801 735 est.
846 706 962 735 Primus
983 710 1108 734 vocatur
1131 705 1217 734 etiam
1241 706 1379 735 Silvanus
1402 706 1514 743 larum⁷
1546 712 1578 736 ut
1599 709 1629 736 in
1651 708 1701 736 illa
1723 706 1934 745 inscriptione,
1957 716 2031 745 quae

86 754 168 779 extat
192 750 299 778 Romae
309 761 315 778 ε

960 789 1162 821 SILVANO

970 832 1147 863 SANGTO

974 875 1068 905 LAR
1075 875 1146 905 UM

938 917 1181 948 PHILEMON

944 960 980 991 P.
1005 959 1172 990 SCANTI

946 1001 1171 1032 ELEUTERI

82 1087 232 1124 Alterius,
255 1087 313 1116 hoc
336 1093 380 1116 est
402 1087 514 1116 Silvani
537 1087 672 1126 agrestis,
695 1088 807 1117 mentio
831 1093 874 1117 est
896 1088 927 1116 in
949 1088 1039 1117 altera
1063 1088 1276 1128 inscriptione,
1300 1098 1386 1127 quam
1410 1099 1446 1117 ex
1469 1088 1527 1117 fide
1549 1087 1713 1117 doctissimi
1737 1087 1823 1115 amici
1847 1085 1942 1115 nostri
1961 1084 2029 1113 Aldi

84 1130 209 1159 Manutii
230 1129 291 1159 huc
314 1131 538 1170 exscripsimus:

955 1172 1157 1203 SILVANO

914 1214 986 1244 AG.
1011 1214 1201 1245 SACRUM

893 1256 944 1286 IN
964 1257 1225 1287 MEMORIAM

890 1298 921 1330 G.
946 1299 1055 1328 RUFI
1073 1299 1226 1329 ANTHI

949 1341 1053 1370 Isz
1073 1341 1174 1371 VIRI

905 1383 1109 1414 TALLIUS.
1132 1383 1217 1414 LIB.

81 1468 118 1498 Et
139 1468 177 1498 de
199 1467 302 1497 eodem
324 1468 474 1497 intellexit
496 1468 623 1498 Ovidius
647 1469 737 1508 (Fast.
755 1470 810 1506 IV,
833 1468 934 1507 755.):

87 1526 90 1528 v
739 1528 781 1533 —
824 1522 876 1540 nec
899 1511 967 1540 dum
991 1510 1205 1551 degrandinat,
1235 1510 1312 1541 obsit

743 1554 867 1592 Agresti
886 1553 988 1583 Fauno
1011 1555 1195 1593 supposuisse
1213 1565 1310 1593 pecus.

80 1595 172 1624 Tertii
196 1595 304 1623 mentio
327 1599 373 1623 est
395 1594 475 1633 apud
499 1594 655 1623 Horatium
678 1596 709 1623 in
732 1595 843 1634 Epodis
867 1595 922 1634 (ΙΙ,
945 1595 1026 1634 21.):

745 1655 784 1661 -.
827 1652 870 1659 -—
913 1654 955 1659 —
998 1646 1025 1666 et
1047 1644 1074 1665 te
1093 1644 1176 1676 pater

744 1678 866 1709 Silvane
886 1687 965 1709 tutor
1009 1681 1097 1708 nium.

80 1719 253 1760 Marspedis
274 1721 382 1758 igitur,
413 1726 441 1749 et
462 1720 552 1750 Mars
570 1728 656 1760 pater
677 1723 756 1761 apud
780 1723 920 1751 Catonem
944 1681 1154 1760 intjglligendus
1177 1726 1221 1750 est
1240 1721 1319 1750 Mars
1340 1722 1479 1751 Silvanus
1504 1723 1654 1752 orientalis
1677 1723 1853 1761 agrestium,
1883 1722 1914 1749 in
1937 1720 2030 1748 inter-

80 1762 151 1791 finio
174 1762 265 1791 duum
289 1768 340 1792 aut
362 1763 493 1801 plurium
517 1773 674 1801 agrorum3
711 1769 755 1793 est
785 1769 882 1793 autem
913 1775 949 1794 ex
972 1766 1037 1794 iure
1058 1769 1192 1793 veterum
1215 1763 1448 1795 Atheniensium.
1493 1767 1568 1795 Nam
1589 1765 1620 1794 in
1643 1770 1843 1800 sacramento,
1882 1763 1929 1792 cui
1952 1762 2030 1790 dice-

79 1805 153 1834 bant
174 1805 299 1844 ἔφηβοι,
335 1806 528 1835 adficiebatur
548 1807 665 1845 ἵστορες
686 1807 755 1838 θεοὶ
777 1805 930 1848 ἄγραυλοι.
976 1807 1087 1836 Deinde
1111 1806 1196 1845 ponit
1218 1816 1285 1843 eoa,
1321 1805 1461 1843 ἐνυάλιος
1483 1807 1573 1849 ἅρης,
1604 1805 1684 1845 ζεὺς,
1716 1809 1767 1837 ubi
1791 1804 1856 1844 ζεύς
1875 1806 1963 1835 etiam
1985 1807 2029 1832 est

80 1857 170 1886 quem
193 1847 328 1886 dapalem
353 1849 426 1877 Cato
447 1853 544 1877 vocat.
568 1847 668 1878 Scal.
707 1848 742 1878 In
762 1851 931 1890 precatione
951 1848 1170 1879 solitaurilium.
1207 1849 1280 1877 Vide
1301 1849 1491 1880 solitaurilia.
1514 1851 1606 1881 Dac.
1642 1849 1834 1890 Imprecative
1854 1850 1942 1878 sesita
1962 1844 2029 1875 val-

79 1888 162 1919 lium.
201 1890 329 1926 Quidam
354 1901 409 1930 pro
431 1892 518 1920 sesita
540 1892 611 1929 legit
631 1890 729 1921 solita.
768 1893 806 1921 Et
825 1893 868 1920 sic
891 1893 920 1920 in
941 1893 1112 1932 precatione
1134 1891 1342 1921 solitaurilium
1367 1898 1395 1922 et
1417 1893 1627 1924 Saturnalium.
1663 1893 1795 1923 Turneb.
1814 1894 1869 1928 10,
1893 1891 1960 1922 15.:
1983 1886 2029 1916 Ne

81 1931 220 1961 Messala
241 1931 358 1973 quidem
380 1944 482 1972 augur.
518 1934 600 1962 Fort.
622 1933 810 1974 Marspedis,
833 1934 910 1963 idem
934 1935 1015 1974 quod
1037 1934 1140 1964 Martis
1162 1944 1237 1973 puer
1260 1940 1310 1964 aut
1331 1935 1417 1965 filius.
1466 1934 1570 1965 Goth.

244 1974 377 2004 Maior
405 1975 545 2005 consul.
591 1976 740 2006 Maiorem
763 1976 919 2008 consulem.
958 1978 1085 2006 Alternis
1114 1977 1263 2006 mensibus
1292 1978 1371 2016 apud
1397 1978 1522 2007 alterum
1545 1978 1698 2007 consulem
1721 1977 1816 2006 fasces
1838 1979 1939 2011 erant,
1967 1983 2027 2002 non

80 2026 173 2055 penes
194 2026 287 2046 unum
308 2023 442 2054 tantum,
471 2023 500 2047 et
522 2019 662 2048 maiorem
686 2020 837 2048 consulem
861 2020 974 2049 dictum
998 2021 1089 2049 fuisse
1111 2023 1203 2057 puto,
1231 2020 1284 2058 qui
1306 2030 1355 2049 eos
1377 2020 1502 2050 haberet
1524 2021 1623 2059 prior,
1651 2030 1718 2049 nam
1740 2028 1855 2048 sumere
1877 2027 1927 2047 eos
1950 2016 2027 2045 sole-

79 2059 131 2087 bat
153 2060 204 2098 qui
225 2059 320 2089 maior
340 2065 413 2089 natu
435 2066 520 2090 esset.
564 2063 688 2091 Praetor
709 2067 807 2091 autem
830 2062 962 2091 urbanus
989 2064 1085 2092 maior
1106 2061 1279 2099 dicebatur,
1316 2064 1386 2102 quia
1416 2063 1533 2102 dignior
1557 2067 1620 2092 erat
1643 2067 1670 2091 et
1691 2061 1861 2097 honestior,
1901 2060 1959 2096 ita,
1993 2063 2027 2086 ut

80 2101 175 2130 veluti
197 2103 322 2141 proprio
345 2109 539 2141 cognomento
562 2104 727 2133 honoratus
749 2105 961 2144 appellaretur.
1006 2105 1094 2134 Ovid.
1118 2104 1167 2134 lib.
1181 2104 1203 2133 I.
1223 2105 1305 2133 Fast.
1326 2107 1418 2143 (52.):

681 2145 836 2187 Verbaque
857 2147 1017 2177 honoratus
1038 2146 1131 2176 libera
1151 2145 1274 2176 Praetor
1296 2146 1389 2178 habet.

79 2185 170 2215 Dac-
203 2186 278 2216 Vide
300 2187 476 2217 Maximum
498 2187 673 2217 Praetorem.
720 2188 825 2218 Gotlz.

244 2228 473 2259 Mendicum.
517 2231 559 2259 Ex
582 2231 618 2259 iis
642 2241 716 2270 quae
737 2232 846 2260 Paulus
868 2232 972 2261 scribit
994 2229 1157 2261 mendicum
1182 2229 1244 2260 dici
1262 2230 1384 2261 Verrius
1406 2237 1461 2262 etc.
1477 2232 1551 2261 haec
1573 2230 1742 2270 supplenda
1766 2236 1845 2259 sunt.
1874 2230 2024 2267 Scriptum

79 2274 178 2299 autem
200 2271 290 2300 fuisse
312 2273 446 2302 videtur:
483 2280 576 2301 mente
596 2274 672 2309 eius,
710 2285 797 2313 quam
817 2274 966 2316 fefellerit
985 2273 1132 2315 fortuna,
1167 2283 1228 2302 non
1251 2285 1343 2314 quem.
1370 2274 1460 2305 Ant.
1483 2274 1579 2313 Aug.
1622 2274 1686 2302 Imo
1707 2274 1809 2313 potius
1833 2272 1985 2301 mendicus
2007 2279 2023 2296 a

78 2313 185 2341 menda
208 2314 393 2352 immediate,
417 2320 450 2344 ut
473 2316 584 2354 optime
606 2317 738 2353 Scaliger
758 2317 789 2345 iu
812 2317 1029 2354 coniectaneis3
1058 2321 1102 2345 est
1124 2321 1221 2345 autem
1244 2317 1349 2346 menda
1373 2327 1440 2345 cum
1463 2316 1578 2356 aliquid
1602 2316 1695 2346 deest.
1729 2317 1752 2345 A
1777 2316 1882 2345 minus.
1917 2310 2022 2341 Isidor.

79 2355 130 2386 lib.
143 2357 195 2384 X.:
220 2355 378 2386 Men-licus
398 2359 467 2398 quia
489 2359 585 2387 minus
607 2357 692 2386 habet
714 2358 791 2387 unde
812 2360 900 2388 vitam
924 2358 1019 2399 degat.
1064 2359 1202 2388 Eiusdem
1226 2360 1348 2397 originis
1371 2364 1414 2388 est:
1433 2359 1614 2396 mendicum,
1639 2359 1688 2388 vel
1711 2363 1745 2388 ut
1766 2359 1816 2387 alii
1839 2353 2021 2388 mendicium,

80 2398 178 2427 velum
200 2399 230 2427 in
254 2410 358 2438 prora,
380 2405 453 2439 puta
477 2401 545 2439 quia
568 2401 599 2429 id
621 2401 717 2430 minus
739 2402 838 2431 velum
861 2407 946 2431 esset.
968 2402 1057 2432 Dac.
1094 2401 1195 2440 Quem.
1226 2401 1332 2437 Quam.
1355 2402 1389 2432 Δ.
1434 2400 1539 2432 Gotlz.
