2263 2668
245 161 321 197 424
676 152 1021 187 COMMENTARII
1046 151 1095 184 IN
1120 151 1266 185 PAULI
1291 150 1488 185 DIACONI
1512 153 1763 189 EXCERPTA

247 254 411 288 uada-ent,
441 249 525 288 genio
548 245 731 283 indulgentes
752 244 830 274 inter
853 245 956 284 epulas
980 244 1178 283 usurpabant,
1212 255 1267 284 per
1289 244 1394 273 ludum
1417 249 1445 273 et
1467 244 1565 274 iocum
1588 246 1666 275 inter
1688 256 1718 275 se
1740 246 1882 276 iocularia
1905 248 1984 277 dicta
2007 249 2187 279 obscenitate

246 301 276 326 et
297 293 464 335 opprobriis
486 290 593 319 referta
615 288 765 318 iacientes.
810 287 920 326 Aperte
942 286 1074 315 declarat
1097 287 1199 318 Horat.
1222 288 1253 316 in
1276 287 1408 326 Epistola
1436 287 1473 315 ad
1496 288 1681 326 Augustum,
1719 299 1793 327 quae
1816 294 1859 318 est
1883 292 1909 321 1.
1933 291 1999 320 libri
2013 292 2046 323 11.
2070 291 2185 332 (145.):

774 337 939 378 Agricolae
961 339 1068 378 prisci,
1089 338 1182 376 sortes
1202 350 1350 378 parvoque
1372 337 1448 366 beati

782 380 910 409 Condita
931 388 998 420 post
1015 381 1165 419 frumenta
1188 380 1315 410 levantes
1337 387 1462 419 tempore
1479 381 1560 419 sesto

779 422 890 462 Corpus
912 431 938 451 et
960 424 1054 462 ipsum
1077 423 1206 451 animum
1229 435 1277 462 spe
1291 424 1364 461 finis
1387 421 1462 451 dura
1478 423 1616 461 ferentem

781 464 851 494 Cum
875 466 963 494 sociis
985 476 1101 505 operum
1127 473 1152 494 et
1172 466 1269 505 pueris
1291 472 1317 493 et
1339 466 1460 503 coniuge
1475 464 1543 504 fida

777 507 923 536 Tellurem
944 518 1052 547 porco,
1080 507 1232 536 Silvanum
1256 506 1333 536 lacte
1352 506 1488 546 piabant,

775 548 912 579 Floribus
935 557 960 578 et
982 551 1049 578 vino
1075 548 1195 578 Genium
1218 560 1370 578 memorem
1394 548 1486 578 brevis
1510 550 1582 578 aevi.

774 591 954 621 Fescennina
975 604 1027 631 per
1049 591 1125 621 hunc
1146 593 1261 621 inventa
1284 590 1403 621 licentia
1427 603 1533 621 morem

778 633 918 663 Versibus
940 634 1061 664 alternis
1084 635 1242 674 opprobria
1265 635 1375 663 rustica
1397 633 1483 665 ludii.

246 690 347 719 Livius
369 687 453 716 lib.I.
477 686 562 722 (VII,
586 686 642 722 2.):
675 684 735 723 Qui
756 696 830 720 non,
861 687 936 714 sicut
959 694 1041 724 anie,
1072 685 1250 716 Fescennino
1273 696 1354 714 versu
1375 684 1499 714 similem
1520 685 1743 724 incompositum
1767 692 1867 714 temere
1889 696 1926 714 ac
1948 685 2045 716 rudem
2068 687 2189 717 alternis

243 731 397 762 iaciebant.
442 728 511 757 Inde
535 732 639 766 postea
663 738 782 763 versus,
813 729 863 766 qui
888 740 902 756 a
927 739 1086 768 puerorum
1110 728 1299 757 multitudine
1323 728 1505 757 nubentibus
1529 728 1728 761 canebantur,
1754 727 1825 766 quia
1847 728 1978 757 omnium
2001 729 2188 760 lasciviarum

244 781 271 804 ct
295 772 525 813 opprobriorum
549 770 711 809 plenissimi
735 776 836 807 erant,
862 770 1034 800 Fescennini
1057 772 1129 800 dicti
1152 776 1229 799 sunt.
1275 771 1382 799 catull.
1406 768 1474 810 (61,
1501 773 1602 808 126,);

775 821 838 850 Nec
861 821 912 850 diu
937 830 1032 851 taceat
1054 832 1175 863 procax

770 863 949 894 Fescennina
972 864 1090 895 locutio.

244 919 377 948 Convitia
396 916 476 956 festa
501 919 588 944 vocat
611 915 720 944 Lucan.
744 914 794 944 lib.
808 915 844 945 II.
870 915 984 952 (Phars.
1002 916 1044 953 11,
1066 917 1170 953 359.):

776 966 844 995 Non
867 966 956 996 soluti
978 966 1068 996 lusere
1088 966 1178 1003 sales,
1219 977 1270 996 nec
1292 977 1371 995 more
1393 965 1506 997 Sabino

777 1008 904 1049 Excepit
928 1010 1019 1038 tristis
1040 1010 1168 1039 convitia
1186 1009 1266 1048 festa
1290 1009 1422 1038 maritus.

239 1055 293 1084 Da
303 1066 328 1084 c.

404 1093 523 1122 Fenus
552 1101 584 1122 et
608 1093 858 1132 feneratores.
902 1094 996 1124 Fenus
1020 1093 1193 1135 appellatur.
1225 1092 1304 1135 (Vid.
1326 1105 1356 1133 p.
1371 1093 1447 1133 70.).
1484 1094 1565 1122 Pauli
1595 1094 1686 1123 verba
1715 1095 1790 1123 male
1818 1094 1979 1123 cohaerent
2001 1105 2068 1124 cum
2092 1096 2189 1124 verbis

239 1139 327 1169 Festi.
371 1136 453 1165 Haec
476 1136 559 1165 Pauli
582 1141 667 1165 sunt:
702 1135 809 1165 Fenum
833 1148 947 1177 quoque
969 1142 1025 1166 cet.
1071 1138 1165 1174 Festi,
1202 1148 1277 1176 quae
1300 1136 1494 1165 antecedunt:
1533 1136 1626 1166 Fenus
1654 1144 1680 1165 et
1697 1137 1877 1176 feneratores
1901 1145 1926 1166 et
1950 1135 2002 1166 lex
2022 1136 2058 1166 de
2080 1136 2190 1167 credita

236 1181 362 1223 pecunia
385 1185 440 1209 etc.
474 1179 528 1207 Hic
551 1179 713 1208 Varronem
737 1180 839 1207 Festus
862 1181 1014 1218 sequitur,
1038 1180 1074 1209 de
1099 1191 1157 1218 quo
1181 1180 1256 1209 Gell.
1279 1180 1329 1208 lib.
1342 1179 1422 1208 XVI.
1445 1182 1588 1218 cap-12:
1614 1179 1772 1209 Fenerator
1793 1181 1885 1217 enim,
1908 1180 1950 1208 uti
1973 1179 2020 1209 M.
2038 1178 2137 1209 Varro
2159 1180 2190 1208 in

239 1224 291 1255 lib.
306 1222 364 1252 ΙΙΙ.
388 1221 423 1250 cle
444 1233 573 1250 sermone
596 1220 688 1250 latino
711 1222 845 1261 scripsit,
874 1233 892 1250 a
909 1223 1013 1261 fenore
1035 1230 1075 1251 est
1098 1224 1280 1259 nominatus,
1298 1222 1385 1261 fenus
1406 1230 1502 1250 autem
1525 1220 1636 1251 dictum
1659 1233 1678 1250 a
1695 1222 1761 1260 fetu
1783 1230 1809 1251 et
1832 1223 1917 1262 quasi
1936 1222 2038 1261 fetura
2061 1220 2190 1262 quadam

237 1266 378 1307 pecuniae
396 1264 539 1304 parientis
567 1271 653 1304 atque
675 1264 875 1302 increscentis,-
912 1263 945 1293 id
967 1266 1047 1294 circo
1070 1272 1096 1293 et
1118 1265 1168 1295 M.
1193 1264 1331 1294 Catonem
1355 1271 1380 1293 et
1403 1272 1532 1294 caeteros
1553 1265 1658 1293 aetatis
1685 1265 1744 1293 eius
1764 1265 1959 1303 feneratorem
1983 1265 2044 1293 sine
2066 1275 2084 1292 a
2106 1262 2190 1293 litera

236 1309 443 1350 pronuntiasse
465 1305 574 1341 tradit,
598 1307 687 1335 sicuti
702 1307 784 1345 selus
806 1307 866 1345 ipse
888 1314 913 1335 et
930 1306 1102 1345 fecunditas
1124 1306 1283 1347 appellata.
1328 1307 1441 1336 Nonius
1464 1305 1544 1347 (pag.
1558 1307 1607 1338 53.
1629 1306 1749 1344 Mero.):
1776 1306 1869 1335 Fenus
1891 1306 1928 1335 ab
1951 1317 1982 1335 eo
2005 1305 2116 1336 dictum
2139 1313 2189 1342 est,

239 1349 319 1392 quod
339 1349 493 1389 pecuniam
513 1349 613 1387 pariat
637 1349 807 1378 increscenti
830 1357 969 1389 tempore,
999 1351 1085 1390 quasi
1101 1350 1180 1388 fetus
1202 1357 1252 1379 aut
1268 1349 1384 1388 fetura,
1421 1360 1489 1377 nam
1511 1356 1537 1377 et
1563 1347 1672 1378 Graece
1694 1346 1806 1384 τόκος
1829 1347 1938 1379 dicitur
1959 1347 2031 1379 ἀπὸ
2055 1351 2122 1379 τοῦ
2142 1349 2190 1378 τί-

239 1405 356 1424 κτειν.
398 1392 500 1429 Neque
524 1396 620 1419 tamen
640 1391 729 1430 senus
750 1402 765 1418 a
783 1391 866 1429 fetu,
890 1392 942 1421 sed
965 1393 999 1420 ab
1024 1392 1156 1420 obsoleto
1174 1392 1241 1430 feo,
1265 1392 1343 1420 unde
1361 1392 1480 1430 fenum,
1499 1391 1595 1429 fetus,
1614 1391 1748 1429 festuca,
1767 1391 1875 1430 femur.
1910 1393 1947 1419 At
1970 1391 2130 1420 Salmasius
2154 1390 2189 1419 de

239 1435 336 1466 usuris
359 1445 387 1473 p.
401 1435 451 1465 35.
477 1434 517 1462 ait
535 1434 624 1472 senus
646 1443 708 1462 esse
730 1444 745 1461 a
770 1434 884 1463 Graeco
909 1438 1032 1471 ποῖνος,
1073 1434 1154 1472 quod
1177 1439 1220 1463 est
1241 1444 1372 1469 merceS,
1410 1434 1540 1472 pretium
1562 1433 1610 1461 vel
1633 1443 1738 1471 poena.
1781 1432 1871 1469 Quod
1893 1437 1972 1461 certe
1994 1433 2103 1462 nemini
2126 1443 2188 1461 un-

241 1489 330 1518 quam
352 1476 548 1516 probabitur,
571 1476 631 1504 imo
655 1481 684 1504 et
706 1476 753 1504 vel
777 1485 880 1505 vocem
904 1478 1045 1505 Graecam
1068 1480 1175 1513 ποῖνος
1198 1487 1252 1515 pro
1277 1473 1387 1515 ποινή,
1412 1476 1509 1505 nescio
1531 1475 1611 1504 unde
1633 1475 1800 1504 Salmasius.
1831 1475 1925 1504 Nemo
1948 1485 2018 1504 sane
2041 1486 2103 1505 eam
2126 1475 2190 1504 ido-

239 1521 286 1551 nei
310 1519 466 1559 scripturis
489 1518 665 1547 auctoritate
685 1523 814 1550 tueatur,
860 1519 948 1548 Dac.

406 1559 592 1590 Felicata.
636 1558 767 1589 Filicata
788 1571 899 1600 patera.
944 1562 996 1589 Cui
1017 1559 1113 1599 filicis
1135 1571 1186 1589 seu
1207 1559 1309 1599 felicis
1330 1560 1437 1589 herbae
1460 1561 1574 1600 specics
1597 1561 1680 1590 coelo
1703 1565 1765 1590 erat
1786 1561 1946 1600 insculpta.
1989 1560 2121 1590 Meminit
2145 1560 2190 1588 Ci-

241 1616 309 1635 cero
332 1605 363 1633 in
385 1603 549 1632 Paradoxis
573 1602 618 1641 (I,
642 1606 679 1639 2,
704 1604 786 1641 11.):
828 1602 908 1641 Quid
930 1615 949 1632 α
969 1603 1068 1632 Numa
1092 1601 1267 1642 Pompilio?
1302 1604 1398 1631 minus
1427 1614 1459 1631 ne
1479 1610 1581 1642 graias
1606 1602 1663 1632 diis
1684 1601 1900 1632 immortalibus
1921 1601 2074 1642 capedines
2096 1614 2132 1632 ac
2149 1604 2190 1641 fi-

243 1647 323 1677 cliles
344 1644 481 1683 urnulas,
505 1656 592 1686 quam
609 1643 760 1683 filicatas,
792 1644 918 1674 aliorum
939 1654 1058 1685 pateras
1080 1643 1284 1675 arbitramur?
1313 1645 1361 1673 Sic
1385 1643 1463 1674 lanx
1483 1645 1674 1685 pampinum,
1701 1646 1805 1685 patina
1828 1644 1980 1682 hederam,
2002 1645 2110 1675 Discus
2135 1644 2190 1674 Co-

243 1689 402 1729 rymbiatus
425 1689 505 1727 apud
528 1687 708 1717 Trebellium
728 1687 891 1716 Pollionem
915 1689 963 1726 (in
987 1688 1091 1718 Claud.
1109 1688 1180 1726 17.)
1203 1699 1219 1716 a
1239 1688 1398 1728 pampino,
1436 1686 1558 1725 hedera,
1595 1692 1624 1717 et
1645 1687 1802 1727 insculptis
1825 1686 1968 1728 corymhis
1990 1687 2053 1717 sive
2075 1698 2190 1726 corym-

245 1732 306 1762 biis.
351 1732 402 1760 Da
412 1742 436 1759 c.
1915 1760 1917 1762 ,

409 1772 596 1802 Fescenoe.
640 1771 757 1803 Fesnoe.
794 1773 825 1802 L.
845 1784 883 1803 m.
909 1771 1066 1809 Fescenoe,
1089 1777 1117 1801 et
1139 1772 1180 1800 ita
1202 1772 1322 1801 videtur
1343 1772 1542 1802 scribendum.
1567 1770 1666 1802 Fulv.
1694 1772 1772 1801 Urs.
1816 1772 1892 1810 Lego
1913 1770 2056 1801 Fascinoe
2078 1782 2116 1800 ex
2137 1782 2191 1801 ve-

247 1816 338 1852 sligiis
361 1815 474 1853 priscae
499 1814 643 1843 editionis,
679 1815 820 1844 Fascinoe
845 1821 877 1844 ut
899 1813 1064 1852 Pilumnoe‚
1085 1813 1206 1854 poploe,
1229 1814 1288 1843 hoc
1311 1820 1354 1843 est
1377 1814 1514 1851 Fascini,
1537 1812 1684 1851 Pilumni,
1706 1813 1818 1854 populi.
1841 1812 1940 1844 Scal.
1970 1815 2004 1842 Iu
2026 1824 2117 1853 marg.
2139 1813 2192 1843 Fe-

248 1859 384 1886 sceninae.
430 1859 474 1886 Au
497 1857 653 1895 legendum
677 1856 883 1895 Fescenninoe,
923 1862 958 1885 ut
979 1857 1150 1886 Fescennini
1174 1857 1247 1886 dicti
1270 1857 1381 1885 suerint
1404 1857 1508 1896 pueri,
1538 1858 1589 1895 qui
1611 1857 1641 1885 in
1665 1857 1777 1895 nuptiis
1797 1856 1996 1886 Fescenninos
2018 1867 2122 1886 versus
2144 1867 2191 1885 ca-

250 1905 349 1927 nentes
371 1902 411 1928 sic
434 1900 578 1928 fascinum
601 1910 702 1928 arcere
726 1900 931 1939 putabantur?
972 1900 1009 1928 At
1032 1900 1106 1928 liber
1129 1900 1265 1938 antiquus
1288 1899 1447 1936 Fescenoe,
1479 1904 1507 1928 et
1529 1899 1568 1928 ita
1592 1899 1760 1936 legendum.
1805 1900 1879 1928 Nam
1902 1904 1930 1927 et
1956 1900 2032 1928 Deus
2050 1898 2192 1929 Fascinus

252 1941 323 1975 suit,
346 1943 394 1978 qui
418 1942 562 1971 fascinum
587 1942 768 1981 depellebat,
792 1944 1007 1982 imperatorum
1031 1947 1059 1970 et
1082 1943 1238 1971 infantium
1263 1947 1379 1977 eustos,
1406 1943 1482 1971 inter
1504 1952 1587 1970 sacra
1612 1942 1743 1970 Romana
1769 1953 1784 1970 a
1811 1941 1977 1971 Vestalibus
2000 1943 2109 1973 cultus.
2151 1942 2192 1970 De

253 1992 311 2020 quo
333 1983 404 2011 Plin.
426 1985 476 2012 lib.
490 1985 627 2014 XXVIII.
653 1995 715 2023 cap.
728 1988 756 2017 4.
782 1986 872 2015 Dac.
919 1985 1022 2013 Omnis
1043 1985 1201 2013 verborum
1227 1990 1254 2014 et
1278 1986 1439 2013 formarum
1462 1984 1586 2020 familia,
1619 1995 1695 2023 quae
1718 1994 1786 2013 Cum
1808 1995 1883 2014 voce
1905 1983 2063 2014 Fascinum
2086 1984 2192 2013 cohae-

253 2029 315 2059 ret,
344 2025 433 2052 veluti
451 2027 617 2063 fascinare,
648 2028 833 2065 effascinare,
861 2028 1029 2068 praefiscini
1051 2027 1206 2056 descendit
1227 2039 1242 2056 a
1268 2028 1380 2056 Graeco
1403 2025 1614 2066 βάσκανον,
1648 2027 1726 2056 unde
1747 2028 1936 2067 βασκαίνειν,
1967 2027 2032 2056 alia.
2077 2027 2191 2063 Quibus

255 2065 390 2094 omuibus
414 2067 511 2095 subest
535 2070 645 2098 Graeca
667 2070 754 2098 radix
776 2069 857 2108 βείω,
881 2071 960 2098 unde
982 2067 1077 2108 βάζω,
1102 2069 1221 2109 βάσκω,
1247 2068 1371 2108 φάσκως
1396 2069 1545 2098 Sanscrita
1567 2069 1656 2098 radix
1679 2074 1723 2098 est
1745 2068 1858 2106 vatsch,
1881 2067 1951 2105 vale,
1975 2070 2065 2109 loqui.

420 2107 557 2137 Ferias.
602 2112 734 2149 Corrige:
766 2112 868 2141 Fer-ias
890 2113 1004 2152 antiqui
1019 2112 1112 2150 fesias
1131 2112 1286 2142 vocabant.
1325 2113 1422 2141 Recte.
1457 2112 1549 2140 Feriis
1572 2112 1756 2150 epulationes
1778 2111 2030 2148 adiungebantur,
2064 2122 2155 2151 quare
2174 2122 2191 2141 a

257 2151 369 2179 Graeco
392 2149 503 2187 ἑστιᾷν,
528 2151 633 2187 fesium
658 2152 731 2182 diem
755 2166 855 2193 agere,
887 2154 1026 2184 convivio
1051 2155 1204 2194 excipere,
1229 2156 1339 2194 festae,
1370 2165 1445 2193 quae
1467 2159 1570 2193 postea
1593 2153 1702 2184 Fet-iae.
1747 2154 1846 2183 Velius
1869 2155 1986 2192 Longus
2008 2155 2088 2195 (pag.
2101 2157 2190 2188 2233.

256 2191 402 2228 Pansam:
438 2190 537 2219 Ferias
559 2204 670 2233 quoque
691 2207 747 2224 non
771 2198 885 2235 ser-eas,
924 2198 1062 2237 quoniam
1085 2196 1167 2237 apud
1188 2198 1324 2237 antiquos
1341 2197 1454 2236 fesiae,
1492 2208 1549 2226 non
1572 2197 1671 2236 feseae
1699 2195 1797 2227 dictae
1817 2204 1893 2226 sunt.
1917 2196 2005 2226 Dac.
2049 2197 2083 2227 Id
2105 2197 2189 2227 etiam

255 2234 427 2264 doctissimo
448 2232 551 2261 Vossio
572 2234 602 2262 in
625 2242 748 2266 mentem
770 2240 860 2267 venit.
906 2239 1013 2268 Idem.

420 2273 556 2303 Ferire.
599 2276 701 2315 Inepte
720 2280 826 2310 Paulus
848 2293 863 2310 a
886 2282 1016 2310 ferendo.
1053 2281 1138 2310 Ferio
1162 2286 1204 2310 est
1227 2282 1263 2310 ab
1287 2282 1409 2310 Aeolico
1430 2280 1542 2322 βερπύρ
1565 2292 1621 2322 pro
1646 2279 1767 2322 δερτύρ,
1794 2281 1873 2310 unde
1895 2285 1924 2311 et
1946 2281 2078 2311 verbero.
2101 2280 2186 2311 Dac.

258 2318 406 2348 Feruntur,
437 2317 588 2346 Ferantur.
632 2317 739 2348 Idem.

421 2358 624 2390 Felicones‚
670 2359 822 2391 Filicones.
858 2366 905 2394 Sic
929 2364 1010 2394 blitei
1032 2371 1060 2394 et
1087 2365 1210 2396 bliiones
1230 2377 1245 2395 a
1269 2365 1350 2396 blito.
1394 2366 1484 2396 Dac.

422 2400 540 2431 Ferus.
583 2402 620 2431 Ut
644 2407 746 2431 contra
764 2404 873 2442 politus
894 2418 980 2447 ager,
1014 2408 1064 2445 qui
1086 2408 1160 2438 bene
1183 2410 1280 2438 cultus
1302 2414 1356 2440 est.
1401 2409 1486 2439 Dac.
