2263 2668
444 643 984 696 PRAEFATIO
1044 642 1285 695 TOMI
1347 640 1637 694 PRIMI.

73 889 295 955 Tandem
332 913 570 968 aliquando
610 922 709 970 post
740 914 866 954 varia
895 929 1046 955 rerum
1077 912 1333 954 discrimina
1364 912 1613 966 multasque
1644 912 2014 968 interpellationes

76 996 128 1023 ac
154 980 418 1022 cessationes
446 980 667 1021 tendimus
699 981 746 1021 in
776 981 1020 1039 publicum.
1087 978 1177 1030 Oui
1204 994 1301 1019 sero
1330 978 1468 1030 venit,
1503 978 1831 1021 excusationem
1853 980 2017 1021 habeat

74 1062 186 1106 opus
235 1054 317 1098 est,
378 1047 425 1087 ni
469 1048 572 1088 velit
611 1061 753 1089 vanus
794 1049 954 1090 haberi
989 1047 1234 1104 promissor
1274 1046 1584 1101 sublestaeque
1623 1045 1726 1087 fidei
1767 1047 2016 1088 conductor.

76 1113 228 1166 Quam
267 1114 600 1157 excusationem
631 1116 776 1158 habeo
810 1117 1056 1174 duplicem,
1104 1115 1306 1166 alteram,
1355 1128 1469 1170 quae
1507 1114 1582 1155 vix
1614 1114 1694 1154 erit
1724 1114 1782 1155 ad
1811 1128 1883 1154 me
1913 1128 2019 1171 pur—

75 1181 271 1239 gandum
302 1183 657 1235 accommodata,
720 1183 799 1224 sed
831 1198 944 1238 quae
983 1190 1161 1224 accuset
1199 1181 1365 1240 potius,
1425 1180 1514 1222 nisi
1543 1183 1653 1223 {orte
1687 1182 1859 1239 culpam
1892 1194 2019 1222 suam

77 1248 295 1300 confiteri,
359 1249 404 1291 id
436 1250 584 1308 ipsum
615 1252 833 1293 habeatur
863 1267 943 1307 pro
983 1250 1288 1302 excusatione3
1350 1250 1534 1290 alteram
1565 1262 1617 1290 ea
1647 1264 1694 1290 re
1725 1263 1796 1290 me
1828 1248 1931 1290 satis
1961 1248 2020 1289 si-

77 1316 284 1373 gnificare
315 1330 445 1374 posse
479 1327 605 1374 puto,
668 1319 706 1359 si
735 1327 925 1360 mutatos
964 1319 1067 1359 libri
1102 1318 1400 1374 redemptores
1432 1316 1632 1358 librarios
1662 1316 1841 1368 nuncio,
1902 1329 2018 1372 quae

76 1398 146 1424 res
186 1383 285 1441 ipsa
323 1385 444 1426 omni
484 1385 537 1426 de
571 1387 640 1428 his
674 1385 986 1428 Grammaticis
1019 1385 1199 1427 edendis
1232 1393 1432 1442 suscepto
1463 1384 1638 1440 negotio
1669 1385 1811 1425 fausta
1843 1397 1894 1425 ac
1923 1391 2021 1424 tan-

77 1460 172 1492 tum
201 1465 294 1492 non
323 1452 454 1493 unice
488 1454 690 1496 salutaris
723 1455 895 1496 accidit.
967 1454 1102 1511 Igitur
1140 1452 1335 1511 primum
1375 1451 1556 1507 quidem
1591 1451 1684 1508 ipse
1713 1464 1802 1492 non
1834 1464 1885 1491 eo
1917 1464 2022 1508 pro-

78 1518 310 1574 grediebar
340 1519 473 1560 studii
505 1520 684 1572 ardore,
723 1531 771 1563 ut
803 1523 886 1563 cito
920 1521 978 1563 ad
1008 1521 1144 1561 finem
1171 1519 1359 1578 perduci
1382 1533 1510 1575 posse
1537 1517 1755 1559 videretur
1779 1518 2019 1574 negotium,

77 1599 222 1639 neque
254 1586 300 1626 id
331 1587 434 1628 vitio
467 1587 565 1629 dari
594 1590 731 1646 possit
759 1589 908 1630 multis
943 1597 984 1630 et
1015 1588 1283 1646 gravissimis
1315 1584 1509 1628 muneris
1542 1583 1711 1640 publici
1739 1584 1921 1640 negotiis
1954 1581 2021 1622 di-

80 1661 240 1694 stracto
275 1662 316 1694 et
347 1666 586 1712 occupato,
641 1657 728 1698 nisi
759 1656 880 1712 quod
908 1657 944 1697 is
977 1671 1156 1711 quoque
1187 1655 1320 1696 fidem
1353 1651 1502 1691 datam
1533 1650 1757 1691 exsolvere
1789 1649 2020 1691 debebam.

78 1718 197 1761 Tum
228 1721 349 1778 plior
378 1722 587 1764 librarius
619 1738 715 1765 16111
744 1739 836 1765 11611
868 1737 920 1765 ea
950 1724 1167 1765 tractabat
1199 1732 1323 1770 outa,
1355 1730 1445 1773 qua
1476 1717 1674 1768 decebat,
1707 1716 1744 1757 si
1773 1715 1937 1756 wellet
1926 1729 2019 1772 ipse

79 1788 275 1846 suscepti
312 1790 478 1847 negotii
513 1790 709 1846 aliquem
751 1805 910 1850 capere
947 1792 1139 1832 fructum
1181 1794 1221 1827 et
1259 1793 1516 1842 sumptuum
1545 1785 1765 1826 tactorum
1794 1782 2022 1824 faciendo-

81 1868 266 1911 rumque
298 1857 479 1899 brevem
510 1872 688 1915 spelare
730 1859 1145 1916 compensationem.
1218 1851 1392 1903 Quibus
1435 1866 1513 1909 ego
1551 1849 1880 1908 impedimentis
1922 1863 2022 1891 eam

82 1935 199 1964 nunc
223 1924 379 1980 paravi
403 1925 696 1979 medicinam,
728 1935 794 1979 ut,
827 1927 914 1967 nisi
942 1924 1048 1980 quid
1072 1920 1206 1962 subiti
1232 1919 1464 1970 accidelit,
1496 1919 1618 1960 nulla
1645 1917 1835 1975 amplius
1865 1930 2021 1959 caussa

83 1988 289 2030 exsistere
327 2005 457 2048 posse
495 1984 718 2045 videatur,
780 1994 888 2049 quin
923 1993 1084 2032 horum
1116 1986 1523 2030 Grammaticorum
1563 1985 1695 2027 editio
1736 1998 1871 2040 quam
1904 1983 2023 2025 citis-

83 2055 191 2097 sime
222 2056 320 2098 fieri
347 2059 506 2115 poterit
537 2061 800 2102 absolvatur.

247 2122 301 2164 Et
336 2126 530 2182 primum
575 2128 757 2182 quidem
786 2124 1024 2167 Frtdertcus
1061 2122 1261 2167 Vilelmus
1296 2125 1414 2174 Otto,
1461 2121 1704 2179 discipulus
1737 2119 1844 2160 olim
1881 2129 2017 2166 1116115,

84 2190 254 2232 iuvenis
287 2191 586 2246 doctissimus,
620 2194 820 2248 mihique
852 2191 1169 2244 amicissimus,
1203 2191 1343 2233 editor
1375 2187 1555 2232 Catonis
1586 2186 1786 2229 Tulliani
1817 2193 1856 2226 et
1886 2183 2020 2224 libro-

85 2270 185 2298 rum
217 2257 270 2298 de
300 2257 481 2302 Finibus
511 2261 815 2318 nuperrimus,
864 2259 1039 2302 exorari
1070 2273 1115 2300 se
1148 2272 1306 2317 passus
1340 2264 1423 2309 est,
1470 2265 1519 2297 ut
1550 2269 1595 2297 se
1625 2254 1738 2296 mihi
1768 2252 2021 2305 adiungeret

87 2336 299 2378 suamque
339 2327 449 2367 mihi
494 2337 715 2385 praestare
755 2329 882 2369 vellet
922 2341 1103 2386 operam
1143 2326 1191 2368 in
1232 2323 1510 2368 conse1endis
1551 2322 1674 2363 libris
1715 2312 2020 2372 manuscriptis

1547 2392 1567 2416 *
1588 2392 1612 2427 2
