2263 2668
266 138 316 173 52

718 131 862 167 PROBI
887 130 1275 168 INSTITUTIONUM
1307 134 1746 170 GRAMMATICARUM

265 233 312 266 Et
339 243 395 272 ea,
422 241 508 273 quae
534 226 763 273 producuntur
788 225 988 259 nominativo
1015 238 1110 269 casu,
1138 227 1279 261 eandem
1305 230 1458 263 vocalem
1484 229 1582 262 etiam
1607 229 1639 262 in
1666 230 1811 276 genitivo
1838 230 2028 275 producunt
2054 232 2197 277 paenul-

266 285 365 317 timae
391 282 557 326 syllabae,
583 284 634 311 ut:

472 330 640 370 Intonuit,
667 328 846 373 radiisque
872 328 1054 362 ardentem
1082 330 1168 363 lucis
1195 334 1227 363 et
1254 327 1383 369 auro¹;

267 390 317 420 et:

475 431 571 465 Talis
595 428 781 474 Amyclaei
808 430 960 464 domitus
986 432 1140 466 Pollucis
1167 429 1341 466 haben1‘82.

266 488 436 521 Hactenus
463 483 506 515 de
531 482 744 515 nominativo.

797 482 873 515 Jam
901 483 944 516 (le
971 484 1116 528 genitivo
1148 484 1385 528 disputandum
1413 488 1470 518 est.

429 534 486 568 18.
538 534 707 566 Genitivus
733 534 903 579 singularis
931 546 975 567 ae
999 535 1127 578 syllaba
1153 537 1343 569 terminatus
1371 536 1625 581 diphthongum
1651 537 1792 570 faciente
1819 547 1951 580 semper
1977 535 2116 580 longam
2142 546 2198 568 re-

267 590 347 633 cipit
379 588 411 620 in
445 585 533 618 omni
567 596 699 629 genere.

265 640 394 685 syllaba
419 637 525 671 brevis
553 637 630 677 erit,
657 638 838 681 posterior,
865 643 900 670 ut
927 634 1029 681 dixi-³,
1056 638 1178 683 longa:

472 688 721 732 Dardaniiqtte
745 699 873 734 rogum
885 685 906 720 ⁴.

760 585 782 618 1
806 597 940 629 quoque
967 586 1074 619 littera
1101 598 1231 631 semper
1258 588 1362 633 longa
1389 593 1445 621 est.

1504 589 1550 621 At
1577 589 1602 621 si
1635 588 1760 633 duplex
1792 588 1804 621 i
1837 588 1956 629 fuerit,
1991 587 2197 632 paenultima

264 742 494 777 Necessarium
529 751 596 772 esse
632 739 796 783 existimo,
831 740 991 773 rationem
1025 740 1147 773 horum
1183 741 1354 774 nominum
1390 746 1423 775 et
1458 742 1684 775 declinationis
1717 752 1904 786 exponere,
1939 751 2026 784 quae
2060 738 2199 784 genitivi

266 794 437 839 singularis
463 791 514 824 vel
544 791 734 823 nominativi
766 796 798 824 et
824 792 965 824 vocativi
998 792 1177 835 pluralium
1205 793 1217 825 i
1242 793 1384 826 litteram
1412 794 1560 826 ultimam
1588 794 1732 826 debeant
1762 793 1945 837 duplicare.

2004 791 2056 824 Ea
2088 791 2199 823 nomi-

266 858 325 887 na,
350 856 434 888 quae
460 842 659 875 nominativo
686 854 762 875 casu
789 843 945 888 singulari
975 843 986 875 i
1016 844 1159 876 litteram
1186 845 1340 877 vocalem
1368 850 1442 877 aute
1469 846 1619 878 ultimam
1648 845 1810 888 syllabam
1836 842 2023 883 habuerint,
2048 843 2082 875 in
2109 841 2200 874 omni

267 908 390 942 genere
418 896 429 927 i
455 895 595 926 litteram
626 893 749 927 debent
775 894 958 927 necessario
986 895 1172 938 geminare,
1199 907 1265 928 nou
1292 897 1398 928 solum
1426 898 1522 930 metri
1549 897 1674 941 gratia,
1710 896 1769 928 sed
1795 896 1894 929 etiam
1918 898 2059 940 propter
2085 893 2199 927 vitium

268 942 497 985 barba1·ismi⁵‚
525 950 557 977 et
583 948 617 977 ut
643 957 684 978 ne
710 946 749 978 sit
776 951 889 979 contra
916 946 1077 979 rationem
1104 947 1306 980 nominativo
1333 948 1464 981 brevior
1489 948 1652 993 genitivus
1678 952 1730 980 ut:

475 996 688 1041 Chaoniique
707 997 823 1041 patris
833 994 845 1013 ⁰
854 1010 866 1042 ,J

267 1050 344 1093 quia
371 1047 509 1081 dicimus
536 1047 592 1080 hic
617 1044 776 1081 Aonius'‘.

834 1048 929 1092 Ergo
956 1048 1016 1081 rite
1049 1049 1062 1081 τ’
1087 1049 1230 1082 litteram
1256 1050 1454 1094 geminavit,
1480 1055 1517 1084 ut
1544 1048 1596 1083 6ιῦ
1621 1050 1824 1094 DIctssyle’us,
1857 1046 2031 1092 Massylia

2082 1041 2148 1079 At⁹
2173 1045 2200 1078 si

268 1106 342 1134 aute
368 1100 521 1133 ultimam
548 1099 708 1142 syllabam
735 1100 767 1132 in
793 1100 993 1132 nominativo
1021 1111 1097 1132 casu
1124 1101 1136 1133 ἱ
1144 1097 1167 1117 ¹⁰
1193 1101 1302 1134 littera
1328 1114 1394 1135 non
1421 1102 1536 1145 fuerit,
1563 1102 1655 1135 nullo
1682 1101 1785 1134 modo
1813 1099 1979 1144 duplicari
2002 1101 2123 1142 potest.

429 1149 487 1183 19.
545 1149 577 1183 Ο
602 1151 710 1183 littera
736 1151 896 1195 genitivus
922 1152 1112 1184 terminatus
1138 1151 1287 1186 Graecus
1314 1158 1362 1187 est
1389 1165 1529 1198 eamque
1556 1154 1701 1199 produci
1727 1163 1860 1187 necesse
1887 1156 1954 1193 est,
1980 1155 2033 1183 ut:
2063 1146 2197 1195 [1397]

471 1201 514 1234 In
530 1201 674 1246 foribus
699 1203 804 1235 letum
825 1199 1072 1248 Amlrogeo¹13

269 1259 318 1288 est
343 1253 430 1287 euim
456 1253 594 1297 proprie
621 1253 769 1287 Graecus
797 1254 977 1298 genitivus,
1005 1254 1083 1287 licet
1109 1254 1212 1299 aliqui
1239 1256 1285 1290 sic
1311 1256 1443 1301 legunt:

471 1304 514 1337 In
531 1304 674 1350 foribus
701 1306 806 1338 letum
832 1306 1038 1351 Androgei,

270 1355 420 1390 Graecae
441 1355 667 1390 declinationis
689 1357 813 1402 ignari3
839 1362 886 1390 et:

883 1407 1078 1452 Por-tueque
1102 1408 1255 1442 subimus

474 1458 629 1492 Chaonio
639 1454 664 1475 ¹²
672 1482 682 1500 ,

267 1519 330 1554 pro
361 1509 507 1543 Chaonii
533 1510 630 1543 maris
654 1513 787 1554 portus3
811 1509 960 1553 quamvis
986 1509 1136 1554 legatur:

882 1561 1075 1606 Portusque
1099 1560 1253 1595 subimus

476 1611 657 1646 Chaonios.

268 1660 329 1693 Est
355 1672 436 1705 ergo
463 1664 623 1706 genitivus
654 1663 820 1697 Chaonio.

269 1711 440 1744 Genitivus
473 1713 646 1758 singularis
681 1725 717 1747 es
742 1714 871 1757 syllaba
904 1713 1093 1747 terminatus
1120 1714 1287 1747 Graecam
1326 1713 1583 1748 declinationem
1616 1712 1721 1747 habet
1755 1716 1788 1746 et
1821 1712 1959 1757 longam
1992 1709 2130 1756 recipit,
2162 1713 2199 1743 ut

267 1762 436 1796 Lucanus:

474 1812 674 1858 Acstzj'erac
697 1812 873 1858 Libyesss,

269 1868 306 1896 ut
331 1864 618 1907 Andromaches,
645 1869 676 1898 ct
703 1865 844 1898 Beroes.

355 1956 384 1993 1)
417 1957 450 1985 In
484 1957 555 1986 cod.
586 1962 649 1986 est:
684 1956 811 1996 radiisq.
841 1968 870 1985 a.
899 1957 918 1984 l.
955 1967 976 1983 ε.
1007 1967 1035 1985 α.
1071 1963 1098 1985 et
1132 1959 1207 1986 talis

272 1997 319 2026 sic
345 1998 452 2028 litteris
473 2005 588 2028 tantum
612 1999 776 2029 initialibus
802 1999 921 2028 notatis.
963 1998 1028 2027 Asc.
1051 1999 1157 2029 radiis.
1178 2012 1205 2039 q.

272 2050 301 2069 α.
332 2040 352 2069 l.
388 2047 413 2068 ct
442 2043 515 2069 talis
547 2042 658 2081 pariter
692 2042 799 2071 litteris
837 2041 883 2069 his
912 2045 1024 2080 puncto
1062 2043 1206 2080 apposito.

272 2082 352 2120 Virg.
378 2083 448 2112 Aen.
472 2084 541 2120 VH,
567 2085 635 2116 142.
665 2101 708 2107 ·-—
750 2085 780 2123 2)
802 2084 959 2121 Amyclet'
982 2083 1051 2111 Cod.
1074 2086 1207 2122 polluci-5*

271 2125 301 2153 Ιι..
331 2125 372 2153 sic
411 2136 471 2154 nou
506 2128 671 2166 perscripto
707 2127 814 2156 ultimo
849 2125 994 2155 vocabulo
1024 2126 1093 2154 Cod.
1131 2127 1209 2165 Virg.

274 2168 377 2204 Georg.
408 2167 465 2205 Ill,
499 2172 546 2201 89.
587 2185 630 2191 —
676 2170 706 2207 3)
730 2170 880 2208 posterior
922 2169 1029 2206 longa,
1074 2174 1107 2196 ut
1136 2169 1209 2198 davi.

274 2211 340 2238 Asc.
363 2210 392 2240 P.
416 2226 458 2232 —
504 2212 534 2248 4)
565 2211 644 2248 Virg.
675 2212 745 2240 Aen.
775 2212 831 2248 lv,
860 2212 929 2243 640.
953 2227 991 2232 —-
1034 2210 1065 2249 5)
1093 2211 1209 2239 Vitium.

274 2253 481 2291 βαρβαρισμοῦ
513 2253 544 2281 Ρ.
571 2253 629 2281 Nos
664 2254 733 2282 Cod.
756 2258 785 2282 et
816 2255 882 2282 Asc.
915 2252 1007 2281 secuti
1035 2262 1144 2282 sumus.
1167 2269 1208 2276 ——-

272 2293 301 2332 6)
325 2295 395 2323 cod.
416 2295 590 2333 haonisssque
606 2298 752 2333 patrii-9.
775 2296 842 2324 Asc.
861 2297 892 2325 P.
916 2296 1070 2333 Aoniique
1093 2297 1205 2333 patri-5⁷.

270 2337 366 2365 Locus
393 2342 437 2365 est
465 2337 544 2375 Virg.
574 2338 677 2375 Georg.
699 2339 733 2374 Il,
756 2341 805 2369 67.
836 2355 874 2360 —
897 2337 925 2376 7)
943 2339 1005 2365 Iste
1033 2340 1141 2366 aonia-9
1163 2338 1206 2366 sic

272 2379 343 2409 cod.
359 2378 388 2410 h.
407 2379 427 2408 l.
450 2379 498 2408 Sic
520 2379 606 2408 etiam
624 2380 691 2408 Asc.
712 2381 742 2408 P.
760 2385 859 2418 aperte
877 2380 991 2409 vitiose.
1011 2380 1085 2417 Lege
1102 2379 1206 2410 Chao-

271 2422 349 2451 nius.
365 2439 401 2444 —
437 2421 466 2458 8)
490 2423 531 2451 Et
553 2422 653 2452 addidi
675 2432 691 2452 e
712 2422 783 2451 eod.
801 2438 843 2444 —
876 2423 906 2461 9)
928 2422 977 2451 Ac
999 2423 1070 2452 cod,
1092 2427 1120 2452 ct
1139 2424 1204 2452 Asc.

1250 1958 1308 1987 Sed
1330 1963 1409 1988 recte
1431 1959 1475 1986 At
1503 1957 1623 1997 scripsit
1645 1958 1676 1987 P.
1697 1974 1739 1980 -—
1776 1958 1822 1996 10)
1851 1957 1882 1986 U
1901 1957 2002 1986 littera
2026 1956 2057 1985 P.
2079 1970 2122 1977 —
2144 1953 2194 1992 11)

1249 2002 1357 2030 Letum
1385 2002 1494 2040 ubique
1519 2001 1590 2030 cod.
1624 2000 1687 2029 Asc.
1720 2000 1833 2028 letlzum
1854 2001 1886 2029 P.
1913 2000 2009 2028 Locus
2046 2002 2089 2027 est
2117 1996 2196 2034 Virg-

1249 2044 1321 2073 Aen.
1342 2043 1389 2081 VI,
1413 2047 1462 2076 20.
1487 2060 1524 2065 --
1556 2042 1599 2082 13)
1621 2043 1766 2071 &abimus
1787 2043 1898 2071 Ιιαοηίο
1922 2053 1980 2080 pro
2003 2041 2111 2070 Ιιαοηίί
2131 2049 2195 2078 pa—

1249 2088 1294 2114 ris
1319 2092 1427 2125 portu-5
1447 2102 1489 2108 —
1510 2086 1639 2114 haonios
1665 2101 1707 2106 —
1735 2085 1856 2114 Ιιαοηίο.
1886 2085 1956 2113 Cod.
1986 2085 2120 2113 Ceterum
2148 2081 2196 2110 le-

1254 2129 1313 2157 ctio
1334 2129 1408 2158 haee
1424 2134 1592 2167 portusque
1612 2144 1655 2150 —-
1681 2127 1816 2156 Chaonio
1847 2132 1911 2156 orta
1943 2131 1986 2156 est
2007 2137 2045 2155 ex
2065 2123 2196 2164 genuina

1251 2171 1318 2200 illa:
1346 2177 1498 2210 portuque
1524 2171 1660 2199 subimus
1691 2168 1841 2206 Chaonio,
1873 2168 2120 2208 quemadmodum
2150 2170 2194 2195 est

1251 2213 1282 2241 iu
1305 2214 1475 2242 melioribus
1498 2213 1615 2251 Virgilii
1636 2213 1717 2242 libris
1739 2213 1811 2241 Aen.
1835 2213 1881 2249 ΠΙ,
1901 2214 1971 2244 292.
1993 2227 2034 2233 —
2064 2209 2108 2249 13)
2130 2209 2193 2237 Lu·-

1250 2266 1314 2283 can.
1337 2256 1439 2285 Phars.
1465 2256 1484 2292 l,
1506 2259 1576 2288 206.
1602 2271 1644 2278 —
1680 2255 1725 2293 14)
1757 2256 1889 2283 vocalem
1921 2254 1958 2283 Iu
1985 2251 2094 2282 eodem.
2144 2250 2196 2279 Sic

1247 2297 1336 2335 longa
1359 2300 1370 2326 ι’
1392 2309 1446 2337 pro
1471 2298 1584 2337 duplici
1606 2297 1700 2337 posita
1721 2298 1791 2326 Cod.
1819 2314 1862 2319 -—
1887 2296 1930 2335 15)
1956 2296 1993 2324 Ut
2015 2295 2096 2324 deest
2114 2292 2195 2332 apud

1247 2339 1278 2368 P.
1300 2355 1341 2362 —
1364 2341 1409 2379 16)
1432 2341 1511 2378 Virg.
1535 2340 1606 2370 Aen.
1629 2340 1681 2376 XI,
1699 2341 1770 2372 415.
1792 2355 1834 2362 —
1857 2339 1903 2377 17)
1926 2340 2000 2368 Feta
2023 2337 2193 2374 Cod.foetu

1247 2381 1313 2410 Asc.
1340 2383 1371 2412 P.
1399 2398 1436 2405 —
1466 2382 1510 2420 18)
1534 2382 1603 2410 cod.
1633 2382 1762 2411 arbum-e
1789 2382 1838 2410 Ιιο.
1867 2382 1910 2410 sic
1937 2391 1999 2410 non
2025 2378 2192 2418 perscripto

1246 2423 1405 2455 vocabulo.
1449 2425 1492 2454 Cf.
1513 2424 1592 2463 Virg.
1610 2425 1715 2464 Georg.
1736 2425 1772 2463 11,
1793 2426 1843 2457 69.
1869 2441 1904 2446 —
1929 2422 1976 2461 19)
1999 2421 2070 2451 Cod.
2094 2423 2191 2450 inre-
