2263 2668
515 95 578 128 DE
605 95 996 131 SIGNIFICATIONE
1024 99 1307 138 VERBORUM.
1370 104 1513 138 LlBER
1541 106 1598 141 lX.
1981 114 2028 149 81

84 187 339 232 Imparentem,
375 199 442 221 non
469 194 660 232 parentem,
686 189 755 223 hoc
783 196 831 223 est
857 191 1080 228 obedientem.

84 238 286 283 Implorare
312 240 510 282 inclamare,
554 241 597 273 ad
625 241 779 274 auxilium
806 242 958 276 invocare
969 240 1003 278 ³⁰.

83 290 329 335 Impudicatus
355 296 536 336 stupratus,
572 292 759 337 impudicus
786 293 900 327 factus.

84 341 205 386 Impos
232 348 298 384 est,
338 344 396 386 qui
423 343 524 376 animi
549 345 598 377 sui
624 349 743 388 potens
768 357 834 378 non
861 351 927 387 est,
967 345 1025 389 qui
1052 346 1198 379 animum
1225 359 1318 381 suurn
1347 351 1380 382 in
1406 357 1569 394 potestate
1597 365 1662 387 non
1689 355 1800 391 habet,

86 392 354 428 Imbarbcscere
380 391 585 428 barbatumffl
609 396 690 429 fieri.

87 445 128 478 In
158 443 375 490 procinctam
400 443 560 479 factum³³
591 443 858 480 testamentnm³⁴
890 443 1055 481 dicitur-³⁵.
1108 448 1200 491 quod
1236 449 1329 483 miles
1363 458 1569 496 pugnaturus
1602 463 1771 502 nuncupat
1803 461 2031 503 praesentibus

187 498 476 530 commilitonibus

88 547 263 581 Imbutum
290 554 357 589 est,
397 549 488 591 quod
516 549 699 593 cuiuspiam
726 550 774 581 rei
800 546 971 583 succum³⁰
997 545 1187 593 perbibit³⁷.
1245 549 1344 584 Unde
1371 552 1549 589 infantibus
1576 569 1616 590 an
1643 559 1743 592 velint
1770 560 1887 594 bibere
1914 562 2029 597 dicen-

190 605 256 641 tes,
289 599 334 632 bu
360 600 488 644 syllaba
498 597 522 616 ²⁵
546 602 690 633 contenti
717 611 835 635 sumus,

87 650 342 695 Impenetrale,
384 652 474 684 cuius
502 652 652 685 ultimum
680 652 851 696 penetrale
878 653 997 684 intrare
1024 663 1090 684 non
1117 651 1205 684 licet.

87 701 304 747 Impleaeum,
338 703 562 746 implicatum,
604 704 694 747 quod
724 704 845 737 Graeci
873 698 1150 748 ἑμπλεγμένον39
1173 700 1330 736 dicuntffl.

88 753 129 786 In
157 755 286 787 mumlo
313 754 469 787 dicebant
495 755 639 798 antiqui,
668 766 770 798 quum
798 755 922 798 aliquid
950 755 984 787 in
1011 760 1173 799 promptu
1183 751 1205 771 ⁴¹
1236 766 1306 787 esse
1316 751 1341 771 ‘¹²
1364 756 1554 791 volebant⁴³
1573 760 1722 806 intelligi.

88 804 233 838 Imbrex
257 817 379 838 nomen
405 806 574 839 cuiusdam
585 803 610 823 ⁴⁴
632 807 761 840 comici.

88 856 252 902 Impores
278 858 378 890 tibiae
404 869 541 890 numero
570 858 767 891 foraminum
797 857 966 890 discretae.

88 907 271 953 Imparem
297 921 469 942 numerum
497 910 623 953 antiqui
649 909 897 955 prosperiorem
926 907 1116 940 hominibus
1126 904 1150 924 ⁴⁵
1173 919 1242 941 esse
1269 907 1493 945 crediderunt.

88 957 275 1005 Impetix⁴¹⁰
301 960 473 1005 impetigo.

88 1011 264 1056 Impiatus
290 1013 474 1045 sceleratus.

90 1062 218 1108 Impite
243 1063 403 1108 impetum
430 1064 539 1097 facite.

90 1114 254 1147 Inhibere
279 1116 470 1160 iniungere,
511 1113 568 1146 sed
595 1113 712 1146 melius
739 1113 907 1146 cohibere.

90 1165 240 1198 Inebrae
267 1178 361 1208 aves,
407 1178 491 1210 quae
519 1166 551 1197 in
578 1165 723 1210 auguriis
751 1165 875 1208 aliquid
904 1165 976 1197 fieri
1001 1164 1184 1208 prohibent
1195 1160 1236 1203 ⁴⁷3
1285 1162 1350 1198 et⁴⁸
1375 1176 1508 1210 prorsus
1535 1168 1646 1201 omnia
1671 1169 1785 1203 inebra
1810 1171 2031 1216 appellaban-

189 1223 240 1250 tur
251 1214 286 1258 ⁴⁹‚
325 1229 410 1261 quae
437 1217 568 1250 tardant
594 1217 647 1250 vel
675 1222 844 1249 morantur
871 1221 1036 1261 agentem.

90 1267 132 1300 111
159 1270 361 1312 praepositio
389 1269 492 1302 modo
520 1264 728 1313 significat⁵⁰,
756 1268 849 1312 quod
875 1279 958 1309 non,
987 1273 1022 1301 ut
1045 1267 1211 1306 inimicus3
1241 1266 1346 1301 modo
1368 1268 1581 1310 auctionem,
1609 1275 1644 1303 ut
1665 1269 1903 1312 inclamavit⁵¹3
1928 1273 2033 1306 modo

190 1317 292 1361 ubi³²‚
319 1331 386 1365 quo
412 1320 597 1362 tendatur,
625 1325 660 1352 ut
686 1320 838 1359 incurrit;
872 1319 977 1352 modo
1005 1318 1064 1352 ubi
1090 1320 1148 1364 qui
1170 1320 1214 1353 sil
1225 1315 1260 1361 5³,
1287 1324 1323 1352 ut
1349 1319 1541 1353 inambulat.

89 1369 258 1404 Immum's
283 1383 404 1406 vacans
430 1383 585 1414 munere,
627 1371 823 1415 aliquotiens
833 1367 858 1388 ⁵⁴
881 1383 944 1417 pro
971 1371 1129 1416 improbo
1156 1371 1308 1416 ponitur,
1350 1376 1386 1404 ut
1413 1373 1504 1416 apud
1531 1372 1701 1411 Plautum;

458 1423 618 1456 Immune
645 1427 694 1457 est
710 1423 869 1469 facinus.

91 1471 249 1505 Iniurum
259 1470 283 1490 ⁵⁵
311 1474 481 1518 periurum
490 1471 524 1507 ⁵⁶.

91 1522 134 1555 In
161 1528 260 1568 eopte
287 1522 361 1558 eo⁵⁷
379 1526 462 1570 ipso.

91 1572 305 1620 Impetum-5⁸,
335 1576 545 1617 industrium,
574 1576 825 1621 indulgentem,
853 1576 994 1620 perinde
1021 1576 1246 1621 compositum
1274 1577 1319 1609 ait
1345 1576 1496 1615 Verrius,
1525 1583 1624 1620 atque
1650 1577 1792 1621 impunis
1819 1581 1851 1610 et
1876 1577 2034 1611 immunis.

193 1626 281 1658 Mihi
308 1638 374 1660 non
400 1629 476 1661 satis
500 1628 689 1673 persuadet.

94 1676 285 1710 Immolare
311 1685 358 1711 est
386 1680 494 1718 mola,
537 1679 571 1711 id
600 1684 649 1712 est
674 1679 763 1711 farre
789 1678 905 1711 molito
934 1683 965 1710 et
992 1678 1060 1711 sale
1086 1677 1229 1711 hostiam
1258 1689 1465 1722 perspersam
1493 1688 1621 1711 sacrare
1632 1674 1667 1713 ⁵⁹.

94 1727 235 1761 Initium
262 1735 310 1762 est
336 1731 553 1775 principium,
580 1730 640 1764 sed
667 1731 746 1763 alias
756 1725 791 1770 ⁶⁰,
819 1741 886 1773 quo
914 1729 997 1773 quid
1020 1729 1173 1774 incipiat,
1200 1734 1237 1762 ut
1259 1730 1330 1762 viae
1354 1725 1519 1773 Appiaeffl
1543 1735 1641 1773 porta
1664 1729 1810 1774 Capena.
1865 1728 1974 1769 Alias,
1998 1739 2038 1762 ex

196 1791 263 1823 quo
291 1779 405 1825 quid⁶²
426 1787 571 1823 constet,
607 1787 643 1815 ut
664 1793 768 1825 aqua,
802 1787 906 1819 terra,
941 1793 1006 1814 aer.

94 1896 163 1925 add.
185 1896 218 1925 L.
237 1913 280 1918 —
302 1900 350 1936 34)
371 1900 596 1939 testamentum]
619 1902 742 1928 testium
763 1911 808 1939 pr.
832 1916 873 1921 ——
896 1899 941 1938 35)
965 1898 1046 1926 dici·
1089 1896 1138 1937 47)
1157 1896 1334 1936 prohibent]
1355 1897 1536 1936 prohibeant
1552 1898 1581 1925 L.
1610 1915 1650 1919 —
1680 1899 1729 1936 48)
1750 1897 1793 1936 et]
1817 1902 1850 1925 at
1870 1896 1903 1924 B.
1928 1911 1965 1916 -
1991 1893 2039 1935 49)

94 1938 162 1978 tur]
186 1939 332 1968 dicuntur
346 1952 392 1981 pr.
413 1959 454 1965 ——
477 1944 525 1980 36)
547 1942 690 1981 succum]
713 1953 821 1970 sucum
838 1942 869 1972 B.
886 1942 924 1970 M.
943 1941 998 1969 Gu.
1015 1943 1046 1972 2.
1088 1939 1335 1978 appellabantur]
1353 1940 1547 1978 appellantur
1561 1941 1592 1969 L.
1603 1941 1632 1972 B,
1648 1951 1695 1980 pr.
1716 1957 1758 1962 —
1780 1940 1824 1976 50)
1847 1937 1936 1966 modo
1950 1939 2039 1977 sign]

94 1983 271 2011 succumbat
287 1994 331 2022 pr.
353 2001 394 2005 —
415 1987 461 2021 37)
481 1985 629 2024 perbibit]
654 1985 707 2014 dat
720 1986 753 2014 L.
774 2002 816 2007 -—
837 1985 885 2022 38)
909 1982 1045 2021 qulluba]
1091 1983 1139 2010 Sic
1155 1983 1188 2011 Β.
1204 1982 1297 2015 Gu.2.
1341 1984 1419 2022 sign.
1434 1982 1523 2011 modo
1538 1983 1620 2021 vulg.
1642 1999 1683 2005 —
1705 1984 1753 2020 51)
1777 1979 1971 2019 inclamavit]
1991 1982 2038 2007 in-

94 2024 208 2052 sillaha
230 2025 268 2055 M.
294 2026 350 2054 Gu.
365 2029 394 2057 2,
416 2043 458 2048 -
480 2026 527 2066 39)
550 2027 768 2068 ἒμπλεγμὲνον]
791 2027 839 2055 Sic
855 2026 961 2065 scripsi
978 2036 992 2053 e
1007 2026 1047 2054 M.
1091 2025 1206 2052 clamat
1226 2025 1258 2055 B.
1282 2040 1320 2047 —
1343 2027 1391 2061 52)
1414 2025 1486 2064 ubi]
1510 2025 1554 2053 ibt
1574 2027 1604 2055 L.
1618 2026 1651 2054 Β.
1673 2042 1715 2047 ——
1736 2026 1782 2061 53)
1805 2026 1862 2064 qui
1884 2023 1941 2061 sit]
1964 2020 2042 2061 quid

95 2068 151 2096 Gu.
163 2071 209 2103 2.,
231 2068 260 2096 in
279 2068 385 2106 quibus
402 2074 444 2097 est
460 2071 694 2109 emplegmenw,
717 2071 766 2098 cui
780 2069 915 2108 proxime
933 2067 1048 2096 accedit
1082 2069 1123 2106 fic
1142 2068 1171 2096 [2.
1194 2085 1235 2089 —
1258 2065 1305 2107 54)
1328 2068 1527 2107 aliquotiens]
1551 2068 1599 2096 Sic
1615 2069 1646 2096 L.
1659 2068 1697 2096 M.
1715 2068 1771 2096 Gu.
1788 2071 1816 2100 2.
1839 2077 1885 2106 pr.
1900 2066 1930 2095 S.
1976 2065 2040 2093 ali-

94 2110 277 2148 emplesnon‚
302 2111 385 2148 quod
401 2111 519 2141 exhibet
534 2123 579 2151 pr.
623 2112 860 2152 ἐμπεπλεγμένον
875 2111 954 2149 vulg.
1000 2122 1046 2149 εμ-
1093 2112 1209 2149 quoties
1229 2110 1309 2148 vulg.
1336 2126 1378 2132 —
1407 2110 1456 2151 55)
1480 2110 1638 2149 Iniurum]
1664 2111 1818 2139 Iniurium
1836 2111 1868 2137 L.
1887 2119 1932 2147 pr.
1948 2108 1978 2136 S.
2003 2123 2037 2128 —-

95 2155 263 2192 πεπλγομέν
277 2150 349 2192 (sic)
366 2154 397 2182 B.
442 2164 498 2183 om.
516 2156 546 2184 [1.
585 2155 673 2184 Haud
689 2154 778 2184 dubie
793 2153 948 2192 legendum
964 2153 1049 2191 ἐμπε-
1092 2150 1141 2192 56)
1159 2152 1337 2192 periurum]
1356 2155 1532 2192 periurium
1550 2154 1580 2182 L.
1598 2153 1629 2182 B.
1646 2163 1691 2193 pr.
1707 2154 1736 2182 S.
1757 2169 1799 2174 —-
1820 2153 1869 2189 57)
1890 2150 1941 2189 eo]
1964 2152 1994 2178 in
2009 2159 2039 2176 eo

94 2195 268 2233 πλεγμένον.
281 2212 323 2217 —-
343 2195 388 2235 40)
403 2195 522 2236 dicunt]
537 2208 595 2226 om.
606 2198 638 2226 B.
660 2215 701 2220 -—
719 2195 1048 2234 41)pr0mpcu]prom-
1091 2195 1123 2223 L.
1140 2195 1172 2224 B.
1197 2213 1229 2216 —
1257 2198 1300 2233 δὴ)
1325 2195 1490 2235 Impetum]
1513 2206 1570 2225 om.
1587 2196 1712 2235 glossam
1728 2196 1760 2226 L.
1776 2195 1808 2224 B.
1823 2194 1862 2224 M.
1882 2194 1937 2222 Gu.
1949 2195 1977 2223 2.
1993 2200 2037 2229 Pr·

92 2243 179 2274 ptum
200 2248 246 2277 pr.
272 2254 312 2260 —-·
333 2239 378 2275 42)
401 2238 480 2277 esse]
505 2245 577 2268 esset
599 2240 630 2270 L.
652 2256 694 2261 —
718 2238 766 2275 43)
790 2238 942 2274 volebant]
967 2237 1051 2277 quod
1090 2254 1124 2260 —
1147 2236 1193 2279 59)
1216 2238 1348 2277 sacrare]
1363 2239 1538 2278 sacrificare
1551 2239 1583 2268 Β.
1607 2255 1645 2261 -
1669 2241 1714 2277 60)
1738 2236 1832 2276 alias]
1850 2234 1936 2275 apud
1948 2243 2037 2272 quo-⁹-

95 2290 160 2307 νει-ε’
179 2282 235 2310 vol.
259 2281 288 2309 L.
312 2297 351 2302 —
375 2280 420 2320 44)
445 2281 626 2321 cuiusdam]
649 2292 706 2310 om.
728 2281 758 2308 L.
781 2296 822 2302 —
849 2281 897 2318 45)
919 2281 1049 2309 Ιιωηίηί-
1092 2280 1164 2308 dam
1180 2281 1210 2310 L.
1232 2298 1273 2302 —
1297 2279 1345 2321 61)
1363 2283 1429 2310 ιἰἀε
1441 2281 1572 2321 Appiae]
1592 2283 1642 2310 via
1659 2283 1754 2321 appia
1772 2282 1801 2309 L.
1819 2280 1851 2309 B.
1865 2288 1910 2316 pr·
1929 2292 1971 2297 -
1991 2272 2036 2310 62)

97 2321 169 2362 bus]
193 2323 330 2351 omnihus
352 2323 382 2351 L.
413 2340 455 2346 —
483 2324 528 2363 46)
553 2323 698 2363 Impetix]
723 2323 863 2361 Impetrix
884 2324 939 2353 Gu.
958 2327 985 2356 2.
1007 2339 1049 2346 -
1091 2322 1181 2363 quid]
1205 2325 1273 2363 qui-5·
1288 2324 1319 2352 L.

146 2382 310 2411 Gmmn.
331 2392 399 2410 ιη’.
422 2382 455 2410 ll.
1596 2376 1626 2410 L
