2263 2668
255 189 328 224 742
679 174 1027 209 COMMENTARII
1051 175 1100 208 ΙΝ
1125 173 1270 208 PAULI
1296 172 1494 208 DIACONI
1519 174 1774 211 EXCERPTA

255 292 285 310 ge
311 282 458 308 uerentur.
502 272 596 307 Supra
619 272 717 295 tamen
739 266 769 294 in
793 263 978 295 Advelitatio
1001 266 1125 304 legitur:
1166 265 1277 296 Velites
1299 265 1438 296 dicuntur
1459 266 1592 306 expediti
1613 267 1735 305 milites,
1772 270 1859 310 quasi
1880 268 1999 307 volites,
2030 269 2062 298 id
2084 279 2124 300 est
2145 284 2201 302 vo-

255 291 357 353 lmqnes,
394 315 448 345 Sed
471 313 544 340 haec
567 310 652 339 nobis
676 313 813 348 suspecta
837 312 904 335 sunt
927 313 956 336 et
979 309 1119 338 videntur
1143 310 1230 338 Paulo
1254 310 1352 347 potius
1375 309 1544 338 tribuenda.
1583 311 1692 339 Locum
1716 312 1775 340 adi.
1804 311 1893 341 Dae.
1932 311 1994 351 Ipsi
2015 320 2082 341 sunt
2103 320 2130 341 et
2141 313 2203 354 fe-

256 362 383 394 rentarii.
414 359 450 387 Et
473 353 649 392 adscriptivi
673 356 701 380 et
724 351 849 380 accensi.
882 350 955 379 Vide
974 351 1163 391 Adscriptivi
1185 357 1214 380 et
1235 351 1404 380 Ferentarii.
1426 350 1534 380 Idem.
1572 351 1630 391 Qui
1652 352 1709 382 tela
1732 364 1769 383 ac
1790 354 1923 392 potiones
1945 353 2087 383 militibus
2109 357 2203 384 mim:-

256 404 398 435 strabant.
432 396 612 430 Ferentani,
638 393 857 423 ministratores,
896 394 968 422 Nam
991 395 1104 423 accensi
1127 394 1231 432 iidem,
1255 395 1305 432 qui
1329 395 1491 423 ferentarii.
1515 394 1625 425 Idem.
1671 397 1743 425 Vide
1765 406 1856 434 supra
1879 395 2081 436 Adscriptitii.
2119 398 2204 427 Adde

256 446 383 476 Nonium
407 440 571 481 (ρης-416.
596 436 700 475 Merc.)
724 436 753 464 in
779 434 894 465 Velare.
923 434 1026 465 Goth„
1073 437 1116 466 Cs.
1141 447 1215 475 quae
1237 447 1330 476 supra
1354 437 1522 465 notavimus
1545 438 1582 466 ad
1605 448 1633 467 v.
1656 438 1864 478 Adscripticii.

422 481 625 512 Velitatio.
669 479 792 508 Plautus
815 478 845 506 in
868 478 978 507 Menae.
1003 477 1063 516 (V,
1086 482 1122 515 2,
1147 478 1230 521 28.):
1268 480 1375 508 Nescio
1403 478 1476 519 quid
1502 491 1554 508 vos
1582 479 1696 509 velitati
1724 482 1791 510 estis
1821 481 1894 509 inter
1922 491 1974 509 vos
1997 479 2080 511 duos.
2111 481 2202 514 Dac,

256 529 339 559 Adde
362 536 453 566 supra
477 523 538 553 Sub
561 523 654 551 vitem.
686 521 771 550 Adde
794 520 920 549 Nonium
944 523 973 549 in
1000 521 1086 550 Veles
1109 522 1272 560 (pag-552.
1296 521 1400 560 Mero.)
1424 526 1452 550 et
1477 521 1620 552 Velitatio
1643 523 1722 562 (pag.
1738 526 1767 554 3.
1789 522 1901 562 Mem).
1948 521 2055 554 Goth.

423 567 660 597 Veternosus.
706 564 799 592 Varro
822 563 1048 592 Eumenidibus:
1086 564 1166 593 Nam
1193 572 1225 594 ut
1253 565 1387 604 arquatis
1412 571 1438 592 et
1460 566 1632 601 veternosis,
1667 577 1742 606 quae
1763 564 1842 594 lutea
1864 575 1923 594 non
1945 573 2028 602 sunt,
2063 577 2152 606 aeque
2173 573 2204 595 ut

255 613 333 643 lutea
355 609 505 644 videntur,
529 609 572 637 sic
594 607 706 635 insanis
729 607 794 635 sani
816 613 841 633 et
854 604 985 646 furiosis
1007 604 1141 635 videntur
1162 618 1220 636 esse
1241 607 1346 635 insani.
1380 607 1519 635 Glossae:
1547 607 1724 637 Veternosus
1747 605 1910 646 φθισικός,
1932 605 2110 646 ὖδρωπικός.
2147 609 2203 638 Pro

255 654 369 696 phthisi
392 652 536 691 Apuleius
561 650 611 678 lib.
625 650 674 679 lx.
699 647 785 689 (pag.
798 651 873 685 223,
900 651 926 679 1.
951 648 998 677 ed.
1024 648 1133 686 Elm.):
1176 652 1336 688 'fotumque
1365 649 1477 678 corium
1507 657 1620 678 veterno
1644 657 1732 691 atque
1752 650 1888 679 scabiosa
1910 651 2004 679 macie
2025 651 2203 691 exasperati.

256 702 293 727 At
319 696 458 734 Virgilius
481 703 536 732 pro
559 691 703 729 lethargo,
727 689 830 720 Scal.
872 690 894 718 A
919 695 1059 727 veterno,
1082 691 1113 719 id
1137 697 1180 720 est
1200 691 1360 729 lethargia,
1384 696 1524 730 stupore,
1548 702 1660 722 somno.
1699 693 1802 731 virgil.
1818 693 1838 721 Ι.
1863 693 1968 730 Georg.
1991 693 2106 732 (124.):

850 732 913 761 Nec
935 740 1045 773 torpere
1064 735 1151 772 graui
1169 745 1275 773 passus
1297 744 1350 762 sua
1374 745 1464 772 regna
1487 741 1609 765 veterno,

260 782 399 812 Veternus
417 779 504 807 eliam
521 776 642 806 morbus
659 775 807 813 intercus,
831 774 975 814 hydrops.
1008 776 1119 806 Closs:
1146 776 1335 813 Veto-nostis,
1360 775 1515 815 φθισικός,
1538 773 1714 817 ὖὸροπικός.
1734 777 1787 806 Da
1796 788 1822 807 ο.
1853 777 1927 806 Vide
1943 777 2069 806 Nonium
2087 776 2128 818 (p.
2142 778 2205 818 35.)

256 827 284 853 in
309 824 472 863 Arquatus.
521 818 623 848 Goth.

422 862 677 892 Veteratores.
721 860 841 888 Donat:
881 859 1035 889 Veterator
1063 868 1103 889 est
1131 868 1211 889 vetus
1238 861 1267 888 in
1292 861 1416 897 astutia,
1452 868 1479 889 et
1501 861 1552 901 qui
1573 862 1604 889 in
1627 861 1707 890 omni
1729 872 1758 889 re
1779 859 1907 890 callidus
1929 868 1978 891 est,
2025 861 2148 901 Proprie
2170 863 2206 892 de

256 908 348 938 servis
370 906 498 942 dicitur,
528 904 578 942 qui
601 904 690 940 longo
714 912 770 931 usu
793 907 822 931 et
843 902 930 940 longa
953 904 1096 932 servitute
1118 903 1207 932 astuti
1230 908 1258 931 et
1279 903 1356 931 vafri
1379 903 1449 932 sacti
1472 909 1549 932 sunt.
1575 903 1661 933 Dac.
1702 901 1839 933 Cannius.
1880 904 1986 932 Melius
2009 904 2131 940 Canius,
2155 907 2207 944 qui

256 956 344 991 poeta
368 950 426 978 suit
448 948 612 976 Gaditanus
634 949 727 974 aetate
744 945 910 975 Domitiani.
931 944 1040 975 Idem.
1081 945 1225 981 Cannius,
1249 946 1397 981 Gannius‚
1420 948 1564 983 Sannius,
1589 946 1732 983 Granius,
1754 946 1789 975 T.
1805 945 1934 981 Annius,
1957 947 2074 978 Canius.
2101 945 2205 978 Goth.

423 990 615 1019 l'eterina.
662 988 795 1016 Glossae:
822 987 960 1016 Veterina
979 987 1088 1025 hestia,
1110 987 1280 1029 ὑποζύγιον.
1301 987 1399 1019 Scal.
1430 989 1542 1018 Gloss.;
1567 988 1722 1025 Vererina,
1744 985 1850 1028 κτήνη.
1884 989 2072 1026 Veterinum,
2093 990 2208 1019 iumen-

258 1041 337 1071 tum,
361 1036 477 1073 κτῆνος.
523 1033 642 1062 Lucret.
665 1031 714 1059 lib.
730 1031 769 1067 V,
792 1031 902 1067 (863.);

789 1072 833 1100 Ne
845 1071 932 1114 forte
954 1084 994 1102 ex
1016 1072 1131 1102 bomine
1152 1080 1178 1102 et
1199 1073 1325 1102 veterino
1347 1074 1489 1112 sanguine
1511 1084 1659 1113 equorum.

261 1120 428 1148 Veterinum
453 1117 537 1156 quasi
558 1116 761 1150 velziterinum,
787 1115 839 1143 sed
863 1116 945 1152 prius
970 1115 1084 1144 dictum
1107 1115 1265 1152 veturium,
1289 1116 1374 1154 quasi
1396 1115 1572 1145 vehiterium.
1596 1115 1684 1144 Dac.
1727 1115 1800 1144 Vide
1820 1114 1948 1144 Nonium
1972 1115 2014 1154 (p.
2032 1119 2078 1149 13.
2105 1118 2206 1157 Mero.)

257 1164 286 1191 in
314 1161 452 1190 Veterina
479 1159 686 1188 Veterinarius.
734 1157 845 1185 Glossis
869 1158 1034 1194 ἴππίατρος.
1082 1156 1188 1188 Goth.

426 1200 624 1231 Vitulans.
670 1200 761 1227 Varro
789 1200 839 1228 lib.
855 1200 902 1229 Vt.
924 1200 1003 1241 (Vll.
1029 1210 1091 1239 pag.
1106 1202 1177 1232 385.
1203 1198 1282 1239 Sp.):
1320 1199 1490 1229 Vitulantes
1511 1211 1529 1229 α
1551 1200 1656 1230 vitula.
1701 1201 1842 1229 Similiter
1864 1200 1970 1228 Graeci
1993 1211 2008 1229 a
2032 1198 2142 1240 μόσχος
2164 1203 2208 1230 vi-

259 1247 340 1276 tulus
365 1245 467 1273 dixexe
490 1246 616 1283 μοσχιᾶιι
641 1243 776 1270 vitulare.
821 1243 878 1271 Sed
902 1244 926 1271 si
949 1255 964 1271 a
988 1244 1100 1272 vitulus
1123 1243 1252 1271 secunda
1277 1243 1391 1281 syllaba
1414 1243 1528 1282 corripi
1551 1243 1657 1280 debet,
1696 1254 1771 1282 quae
1797 1243 1954 1271 manifesto
1977 1243 2057 1282 apud
2081 1244 2208 1273 Ennium

259 1289 455 1328 producitur,
490 1286 649 1315 dicendum
677 1285 765 1322 igitur
787 1295 802 1312 a
825 1286 901 1319 vita,
938 1296 1012 1324 quae
1041 1285 1190 1314 interdum
1220 1285 1359 1314 laetitiam
1390 1290 1418 1314 et
1445 1285 1608 1314 lubentiam
1639 1286 1751 1323 signat,
1787 1296 1849 1314 esse
1874 1285 2084 1315 diminutivum
2105 1286 2208 1316 vitula.

260 1331 342 1360 Unde
364 1329 485 1359 vindat-i
507 1333 536 1358 et
558 1327 681 1357 vitulare
704 1337 757 1365 pro
780 1327 919 1356 lubentiis
942 1328 1088 1357 diffluere.
1120 1328 1232 1356 Nonius
1256 1325 1334 1366 (pag.
1351 1329 1398 1359 14.
1422 1328 1538 1365 Merc.):
1564 1327 1733 1357 Vitulantes
1754 1335 1858 1357 veteres
1878 1327 2037 1367 gaudentes
2059 1327 2209 1358 dixerunt.

259 1374 379 1404 Dictum
403 1384 421 1401 α
446 1371 537 1401 bonae
558 1372 633 1399 vitae
655 1368 824 1405 commodo,
848 1372 935 1399 sicuti
958 1372 1008 1411 qui
1030 1382 1106 1399 nunc
1128 1378 1169 1399 est
1190 1371 1221 1398 in
1244 1381 1358 1398 summa
1381 1369 1493 1398 laetitia
1515 1371 1608 1399 vivere
1629 1381 1690 1399 eum
1715 1369 1848 1400 dicimus,
1880 1370 2010 1399 Naevius
2033 1370 2191 1411 Lycurgo.-

885 1412 922 1441 Ut
945 1415 975 1441 in
997 1420 1101 1442 venatu
1124 1412 1280 1441 viridantes
1301 1422 1342 1441 ex
1363 1413 1423 1440 suis

880 1453 972 1484 Locis
994 1467 1046 1484 nos
1070 1456 1187 1483 mittant
1207 1455 1308 1494 poenis
1331 1453 1484 1483 decoratos
1498 1453 1588 1492 feris.

260 1501 330 1529 lnde
358 1500 443 1527 etiam
474 1497 632 1526 hilaritatis
657 1497 714 1524 Dea
745 1494 838 1524 vitula
865 1496 964 1533 dicta,
1004 1498 1088 1526 cuius
1118 1498 1251 1526 meminit
1275 1496 1403 1525 Macrob.
1426 1496 1538 1524 lib.lll.
1561 1498 1621 1525 Sat.
1636 1499 1665 1527 2.
1696 1496 1783 1525 Dac.
1829 1498 1870 1526 Cf.
1898 1497 2063 1528 Doederlin.
2087 1498 2158 1536 Syn.
2182 1503 2212 1527 et

259 1544 356 1581 Etym,
379 1543 409 1570 L.
428 1542 455 1569 L.
480 1545 551 1568 tom.
564 1540 615 1568 111.
639 1549 703 1577 pag.
717 1541 789 1569 246.
815 1540 865 1576 qui
886 1539 1007 1568 vitulari
1029 1551 1044 1568 a
1066 1540 1161 1578 vigere
1182 1539 1319 1574 deducit,
1345 1539 1517 1576 dictumque
1539 1539 1689 1567 existimat
1711 1544 1863 1568 contracte
1886 1550 1941 1578 pro
1964 1538 2132 1579 vigetulari,
2157 1551 2211 1569 nec

261 1596 327 1614 cum
352 1582 443 1613 vitulo
466 1582 604 1620 componi
628 1592 714 1619 posse
739 1582 884 1616 ostendit,
910 1587 1034 1620 propter
1056 1582 1168 1610 variam
1193 1582 1324 1620 syllabae
1348 1581 1461 1620 primae
1486 1581 1689 1620 quantitatem.

427 1624 644 1654 Viduertas.
690 1627 712 1652 A
737 1624 860 1652 viduare
884 1624 1052 1661 viduertas,
1076 1629 1109 1653 ut
1131 1624 1167 1652 ab
1191 1624 1313 1653 uberare
1336 1624 1463 1652 ubertas.
1509 1623 1596 1652 Dac.

426 1665 612 1705 Vitiligo.
657 1666 690 1694 In
713 1666 772 1694 MS.
795 1664 927 1705 vituligo.
964 1666 1006 1695 Ita
1030 1672 1059 1696 et
1082 1667 1180 1696 Gloss.
1210 1666 1300 1703 Quod
1322 1667 1423 1695 favere
1445 1665 1568 1694 videtur
1589 1670 1689 1704 etymo
1712 1676 1729 1693 a
1749 1663 1852 1694 vitulo.
1890 1665 1948 1694 Sed
1971 1665 2075 1694 melius
2097 1665 2212 1706 vitiligo

261 1723 275 1740 a
298 1711 378 1740 vitio,
420 1710 461 1737 De
484 1719 516 1737 ea
540 1709 582 1736 sic
606 1709 704 1737 Celsus
727 1713 860 1737 extremo
885 1709 933 1737 lib.
946 1709 995 1739 V.:
1021 1708 1148 1749 Vitiligo
1171 1709 1304 1749 quamvis
1324 1720 1376 1747 per
1397 1720 1426 1737 se
1448 1706 1560 1737 nullum
1581 1706 1742 1746 periculum
1764 1707 1869 1749 affin-t,
1892 1714 1989 1736 tamen
2003 1706 2103 1750 foeda
2125 1715 2166 1737 est
2187 1715 2213 1737 et

261 1752 341 1782 mulo
363 1752 494 1791 corporis
516 1750 619 1779 habitu
632 1751 682 1789 fit.
727 1751 837 1780 Deinde
860 1756 920 1779 tres
944 1752 1007 1780 eius
1029 1753 1142 1791 species
1165 1762 1226 1781 esse
1249 1751 1348 1788 ducit,
1383 1749 1506 1790 alphos,
1540 1749 1632 1779 melas
1654 1755 1683 1779 et
1704 1748 1792 1780 leuce.
1836 1749 1894 1779 Sed
1916 1750 2015 1779 locum
2038 1751 2094 1780 adi.
2125 1750 2213 1780 Dae.

266 1796 379 1824 Vitium
401 1793 575 1833 imputabile
597 1793 761 1831 significat,
790 1805 805 1822 a
830 1794 1007 1822 Germanica
1029 1796 1121 1833 stirpe
1143 1795 1209 1832 wit,
1236 1795 1320 1831 witz,
1344 1803 1418 1832 quae
1440 1798 1525 1821 notat
1545 1793 1710 1832 imputare,
1733 1792 1931 1831 exprobrare,
1956 1802 2031 1832 quae
2051 1794 2135 1822 notio
2158 1794 2213 1821 ad-

264 1837 322 1866 buc
345 1841 480 1876 superest
502 1837 532 1864 in
555 1846 582 1864 v.
605 1837 748 1873 ver-weiss,
772 1836 979 1875 opprobrium.
1010 1838 1070 1869 Csr.
1094 1836 1189 1867 Lisch.
1211 1836 1242 1865 in
1265 1846 1389 1865 censura
1413 1835 1581 1865 Doederlin.
1603 1835 1634 1864 in
1655 1835 1738 1864 Jahn.
1762 1837 1836 1864 Ann.
1850 1835 1907 1872 XI,
1932 1838 1959 1867 1.
1984 1837 2078 1875 p.31.
2117 1834 2214 1864 Vitu-

264 1891 362 1917 perare
383 1884 427 1908 est
450 1879 555 1908 vitium
580 1878 609 1913 (i.
630 1888 654 1908 e.
679 1879 954 1917 exprobrationem)
977 1880 1064 1909 alicui
1088 1889 1203 1919 parare.
1246 1880 1291 1908 Ex
1316 1879 1424 1917 quibus
1446 1878 1639 1916 intelligitur,
1659 1877 1775 1918 vitiligo
1798 1888 1825 1907 v.
1849 1887 1946 1916 neque
1966 1888 1982 1906 a
2004 1876 2096 1907 vitulo
2117 1887 2214 1917 neque

267 1931 282 1948 a
304 1923 372 1950 vitio
396 1922 453 1950 dici
477 1922 623 1960 potuisse3
652 1920 705 1949 sed
727 1932 742 1949 a
768 1923 942 1951 Germanico
964 1924 1031 1960 wit,
1053 1924 1149 1960 weiss,
1171 1922 1205 1951 fit
1226 1921 1353 1951 verbum
1376 1920 1560 1950 deminutiva
1582 1921 1677 1950 forma
1698 1919 1828 1957 vitulire,
1851 1920 1898 1949 vel
1919 1919 2041 1958 vitilia,
2063 1920 2143 1950 unde
2163 1921 2215 1949 vi·-

268 1961 364 2002 tiligo,
388 1963 637 2002 quemadmodum
661 1974 675 1991 a
697 1965 811 2002 prurire
829 1966 961 2003 prurigo.

433 2004 503 2034 Vel
524 2004 742 2045 colligatio.
787 2007 877 2045 Lege:
909 2005 968 2036 Vel
988 2006 1151 2046 conligatio
1173 2005 1290 2046 quidem
1313 2013 1354 2035 est
1376 2004 1571 2042 disiunction,
1595 2016 1653 2034 non
1674 2003 1788 2035 scilicet
1808 2016 1907 2034 eurum
1929 2015 2024 2034 rerum
2046 2009 2102 2034 etc.
2123 2004 2179 2033 Da
2189 2015 2214 2035 c.

431 2046 594 2076 Vibices.
638 2047 813 2077 Excitatum
836 2048 999 2078 verberibus
1023 2061 1135 2087 corpus.
1167 2049 1262 2078 Varro
1285 2049 1334 2078 lib.
1349 2049 1396 2077 VI.
1418 2049 1454 2077 de
1478 2049 1508 2078 L.
1527 2048 1557 2078 L.
1582 2048 1658 2088 (vlt.
1676 2058 1740 2086 pag.
1754 2048 1826 2080 344.
1845 2046 1919 2087 Sp.).
1949 2047 2022 2077 tude
2041 2057 2215 2088 praegnan-

269 2094 308 2115 tes
328 2085 435 2126 plagas
456 2095 543 2117 vocat
566 2090 686 2118 Plautus
710 2090 801 2127 (Asin.
818 2091 863 2127 Π,
886 2094 922 2126 2,
948 2091 1010 2129 10.)
1035 2091 1154 2120 Vibices
1177 2103 1192 2120 a
1217 2093 1332 2120 Graeco
1357 2093 1474 2130 ἵβυκες,
1497 2090 1528 2118 id
1552 2095 1596 2119 est
1619 2092 1742 2130 στιγμοί.
1778 2089 1905 2129 Hesych.
1950 2090 2040 2119 Dac-

308 2171 314 2176 ⁶
334 2170 340 2175 θ
436 2128 643 2176 J‘Tibrissae.
689 2133 888 2162 Glossarium:
928 2133 1078 2163 Vibrucae
1101 2135 1195 2173 τρίχες
1221 2133 1313 2172 ῥινός.
1345 2132 1444 2163 Scal.
1491 2135 1514 2161 A
1537 2133 1629 2162 verbo
1651 2132 1806 2162 vibrissare
1827 2133 1922 2162 dictae
1943 2131 2099 2168 vibrissae,
2134 2130 2215 2169 quod

271 2176 392 2209 spiritu,
416 2180 466 2209 qui
490 2181 542 2208 per
563 2183 646 2201 nares
670 2180 733 2210 eat,
755 2175 919 2213 vibrentur,
943 2177 974 2204 id
997 2182 1040 2205 est
1063 2177 1232 2216 crispentur.
1277 2177 1368 2206 Dae.

437 2211 484 2240 Vi
494 2212 664 2245 brissei-e.
711 2216 852 2247 Vibrisse.
882 2219 970 2256 Lege:
997 2218 1173 2248 Vibrissare.
1199 2218 1298 2249 Scal.
1333 2219 1364 2247 In
1389 2218 1467 2247 MSS.
1492 2222 1536 2246 est
1557 2216 1716 2246 vibrissere.
1747 2216 1772 2245 A
1793 2216 1876 2245 vibro
1897 2215 2036 2252 vibrisso,
2058 2219 2093 2243 ut
2114 2226 2129 2243 a
2149 2222 2216 2254 peto

268 2255 384 2293 pefisso-
432 2253 524 2283 Vibro
548 2260 643 2283 aulem
668 2263 707 2285 est
732 2261 883 2296 concutio,
913 2262 1056 2300 proiicio,
1088 2265 1116 2289 et
1140 2262 1206 2299 quia
1230 2272 1305 2300 quae
1327 2261 1545 2300 proiieiuntur,
1574 2264 1657 2288 motu
1678 2260 1805 2288 tremulo
1827 2260 2012 2297 crispantur,
2033 2257 2103 2287 inde
2123 2256 2214 2293 vilaro,

272 2298 301 2324 id
325 2302 368 2324 est
391 2296 500 2334 crispo.
540 2297 579 2324 ne
601 2297 702 2326 Titinii
725 2310 812 2329 versu
835 2303 904 2331 vide
927 2305 955 2331 in
977 2302 1161 2340 Succmfila,
1185 2304 1251 2340 ubi,
1274 2314 1349 2342 quae
1373 2303 1490 2332 duobus
1512 2303 1587 2331 locis
1610 2303 1751 2331 distracta
1773 2306 1860 2338 sunt,
1881 2311 1940 2330 non
1965 2301 2055 2336 male,
2078 2304 2112 2329 ut
2132 2303 2215 2338 put0,

273 2340 498 2374 conjunximus,
536 2338 585 2366 ubi
616 2340 702 2367 etiam
730 2353 769 2369 ex
793 2343 926 2373 vibrisses
948 2346 1011 2383 lege
1034 2356 1094 2374 uno
1117 2347 1263 2375 vocabulo
1286 2345 1478 2382 exvihrisses,
1512 2350 1546 2374 ut
1568 2344 1626 2374 hic.
1657 2345 1745 2374 Dac.
1790 2345 1833 2373 Cf.
1857 2343 1942 2373 Both.
1964 2344 2107 2382 Fragmm.
2129 2342 2213 2370 Scen.

273 2386 342 2411 tom.
357 2381 391 2409 V.
414 2391 443 2420 p.
456 2381 491 2409 ll.
515 2390 578 2419 pag.
594 2382 643 2412 74.
657 2392 717 2419 seq.

441 2422 537 2451 Vici.
562 2422 620 2461 (Ad
643 2433 671 2461 p.
684 2422 767 2461 276.)
793 2424 928 2454 Abundat
949 2429 1077 2465 negatio:
1103 2428 1204 2458 Villas
1225 2441 1283 2458 non
1305 2429 1420 2459 habent.
1466 2429 1576 2458 Deinde
1599 2429 1755 2466 legendum
1779 2428 1871 2456 infra:
1893 2429 1959 2455 item
1981 2425 2115 2464 magistri
2133 2428 2213 2465 pagi,

275 2466 326 2504 qui
348 2466 439 2494 creati
461 2466 618 2505 quotannis
633 2465 761 2506 fuerint.
806 2466 955 2504 Scriptum
984 2475 1047 2498 erat
1075 2471 1205 2508 primum
1232 2469 1383 2510 ἀρχαϊκῶς
1407 2472 1479 2510 paci
1499 2480 1557 2510 pro
1576 2472 1655 2509 pagi.
1693 2471 1738 2498 Ex
1758 2479 1819 2507 quo
1842 2470 1952 2497 factum
1972 2468 2071 2506 pauci.
2109 2467 2213 2497 Postea
