2263 2668
528 144 593 178 DE
619 139 1006 177 SIGNIFICATIONE
1033 139 1318 176 VERBORUM.
1379 141 1524 175 LIBER
1550 139 1609 174 111.
1968 136 2044 171 365

95 235 193 268 Scal.
236 236 289 264 Est
311 246 326 264 a
348 233 440 272 κακός
461 234 602 274 imbellis,
642 236 723 275 quod
752 246 811 264 non
842 239 917 264 esset
944 233 974 262 in
1004 242 1128 262 numero
1154 234 1291 264 militum.
1336 234 1474 262 Caculan]
1497 243 1564 262 cum
1588 231 1690 261 calone
1711 231 1742 259 in
1766 234 1863 268 etymo
1887 229 2044 259 confundit

95 281 209 309 Festus.
234 278 321 307 Dae.
360 279 433 309 Vide
455 278 535 308 aliud
559 284 678 318 etymon
700 279 777 308 infra
795 275 964 307 Procalare.
990 273 1094 305 Goth.
1130 274 1230 305 Clavis
1254 276 1364 316 ligneis.
1397 277 1469 305 Vide
1495 276 1627 305 Catones.
1674 271 1786 302 Idem.

263 320 524 351 Canalicolae.
570 322 714 351 Forenses
741 324 845 357 vocat,
884 323 917 347 ut
944 318 1031 347 etiam
1055 318 1158 346 Graeci
1185 315 1363 359 ἀγοραίους,
1401 318 1459 348 hoc
1483 324 1526 347 est
1548 317 1700 357 χυὸαἱους.
1746 316 1881 344 Ceterum
1903 314 2043 352 singulari

93 374 217 394 numero
239 371 359 403 propter
383 362 515 394 canalem
538 364 697 403 legendum
719 370 779 399 est,
803 373 878 398 non,
900 365 933 390 ut
954 360 1020 396 hic,
1043 367 1161 400 propter
1184 360 1311 391 canales.
1356 362 1477 390 Plautus
1501 360 1678 390 Curculione
1701 358 1770 397 (tv,
1797 362 1829 394 1,
1853 356 1934 396 15.):

589 405 624 436 In
638 406 717 449 foro
741 406 841 446 infimo
865 403 934 433 boni
954 402 1083 432 homines
1105 410 1192 443 atque
1215 402 1287 432 dites
1309 403 1481 443 ambulant‚·

589 448 625 477 In
648 448 743 478 medio
765 454 884 488 propter·
906 445 1037 475 canalem
1062 444 1104 473 ibi
1127 452 1314 475 ostentatores
1336 447 1415 477 meri.

95 489 192 521 Scal.
217 491 272 518 Per
295 491 410 519 canales
432 496 531 520 autem
553 491 611 520 sori
635 492 781 521 cancellos
804 489 951 526 intelligo,
976 488 1029 527 qui
1052 486 1171 517 canales
1194 488 1285 523 dicti3
1308 493 1336 517 et
1359 490 1397 517 ita
1421 488 1502 516 hunc
1521 488 1620 516 locum
1641 485 1758 524 accepit
1781 483 1967 513 doctissimus
1982 483 2045 511 Sal-

91 533 219 570 masius,
245 532 294 570 qui
317 532 398 562 hunc
416 534 592 563 Tertulliani
617 531 716 563 locum
740 533 789 571 (de
811 532 903 572 pallio
927 542 951 561 c.
964 529 1008 568 5.)
1032 530 1174 558 adduxit:
1208 529 1273 559 Iam
1297 538 1323 559 et
1346 530 1381 559 cle
1403 531 1517 570 negotio
1540 536 1698 569 provocat,
1730 539 1798 567 ego,
1830 527 1939 566 inquit,
1970 524 2046 554 nihil

94 574 179 616 foro,
204 573 281 604 nihil
302 586 424 615 campo,
448 575 524 605 m'lzil
544 577 644 606 curiae
667 575 771 613 debeo,
803 573 879 603 nihil
900 573 1000 615 officio
1023 571 1172 612 advigilo,
1199 571 1282 601 nulla
1306 580 1400 601 rostra
1421 583 1616 613 praeoccupo,
1647 569 1730 600 nulla
1749 569 1899 610 praetoria
1916 567 2044 605 observo,

96 616 312 688 canaleanonh
330 617 439 657 adoro,
476 617 616 648 subsellia
646 630 704 648 non
730 616 888 649 contundo.
921 616 1009 645 Dac.
1057 613 1145 654 Quod
1174 616 1256 645 circa
1285 614 1402 645 canales
1422 615 1493 656 fori
1522 615 1716 644 consisterent.
1760 612 1834 641 Vide
1860 610 1976 639 Novell.
1992 612 2043 640 90.

98 671 123 688 c.
139 664 166 692 1.
249 666 284 688 οὶ
315 682 320 688 .

263 701 374 733 Cana.
417 702 498 731 Idem
522 703 610 732 sentit
635 703 726 732 Varro
749 702 800 731 lib.
812 702 860 731 IV.
885 701 920 729 de
943 701 974 731 L.
996 701 1027 730 L.
1052 700 1107 737 (V,
1138 710 1168 739 p.
1184 702 1252 732 125.
1267 710 1327 738 seq.
1351 700 1430 738 Sp.):
1472 697 1592 738 Tryhlia
1615 705 1641 727 et
1665 698 1810 731 canistra,
1842 706 1914 735 quae
1934 700 2045 744 putant

95 756 154 774 esse
176 744 305 781 Latina,
338 751 404 773 sunt
430 744 560 782 Graeca,
595 747 781 786 τρυβλίον
803 744 867 774 καὶ
889 742 1033 774 κάνεον
1058 741 1174 771 Graeca
1197 749 1273 771 sunt.
1318 743 1396 780 Ergo
1419 743 1497 772 κανᾶ
1520 752 1534 768 a
1558 738 1682 777 κάνεον,
1717 740 1748 768 in
1770 738 1881 778 plurali
1902 748 1995 767 κανεοι
2018 740 2046 764 et

93 798 147 826 per
169 787 400 816 contractionem
423 791 510 818 κανᾶ.
555 788 611 817 Sed
638 790 813 824 canistrum,
841 792 876 815 ut
898 786 1008 825 optime
1030 785 1131 822 Voss„
1160 795 1221 814 non
1244 785 1340 813 minus
1364 789 1407 813 est
1431 795 1445 812 a
1470 785 1598 819 Graeco,
1629 793 1716 821 quam
1740 793 1831 817 cana,
1860 790 1875 808 a
1896 789 1972 808 voce
1994 775 2046 808 κά-

93 840 226 869 ναστρον
249 829 381 866 scilicet,
405 840 492 868 quam
515 830 683 870 Hesychius
706 830 830 870 exponit
853 828 1016 869 ὄστρακον,
1041 828 1197 868 τρυβλίον,
1221 830 1346 858 κοινοῦν.
1369 827 1458 856 Dae.
1499 826 1582 854 Adde
1605 826 1683 854 infra
1709 823 1889 864 Canephora.
1919 820 2045 850 Glossis:

97 872 199 910 Cana,
225 869 371 902 πανάκεια
392 870 473 909 θεός.
521 871 623 904 Goth.

264 914 437 944 Canicae.
483 915 506 943 Δ
528 916 651 945 canibus
673 915 796 945 scilicet.
838 914 913 943 Vide
936 913 1129 953 proverbium
1152 910 1234 942 κύων
1258 908 1319 943 οἷπὸ
1343 912 1513 952 μαγδαλιᾶς.
1558 910 1717 939 Pacuvius:

591 958 652 998 Qui
675 957 756 998 apud
779 965 806 987 te
828 957 914 998 quasi
935 967 1031 986 servos
1054 963 1093 985 est
1115 956 1302 985 canicaceum
1324 965 1437 994 panem.

96 998 200 1029 Scal.
249 999 339 1030 Lucil.
363 999 381 1028 l.
397 1002 467 1031 27.:

591 1042 703 1082 Quanti
723 1041 807 1072 vellet
831 1052 918 1082 quam
943 1042 1054 1071 canicis
1076 1040 1157 1081 apud
1179 1049 1206 1070 ie
1228 1048 1254 1070 et
1276 1041 1410 1080 magonis
1433 1050 1530 1068 manu.

97 1084 188 1113 Dac.
237 1083 321 1113 Adde
343 1084 471 1114 Nonium
499 1087 577 1125 (pag.
591 1088 641 1118 88.
666 1086 767 1123 Mero.)
791 1086 821 1114 in
847 1083 983 1114 Camicus.
1031 1082 1134 1114 Goth.

263 1124 410 1156 Cancri.
457 1129 584 1165 Cancer,
614 1130 763 1165 canceris,
793 1133 822 1156 et
846 1132 959 1156 mutato
984 1138 1000 1155 n
1024 1127 1056 1155 in
1079 1139 1093 1155 r
1116 1137 1234 1163 carcer,
1265 1124 1408 1161 carceris3
1440 1134 1499 1152 non
1524 1134 1538 1151 a
1564 1120 1746 1156 coercendo,
1769 1124 1803 1147 ut
1826 1118 1919 1146 Varro
1941 1116 1994 1153 (De
2017 1115 2047 1143 L.

94 1169 127 1198 L·
151 1168 192 1205 V,
219 1171 287 1199 150-
316 1172 385 1201 153.
411 1170 482 1210 Sp.).
528 1171 672 1210 Apuleius
696 1171 776 1211 (Met.
790 1170 839 1199 VI.
866 1181 893 1208 p.
911 1172 986 1206 176,
1012 1172 1061 1201 26.
1088 1170 1134 1199 ed.
1158 1168 1323 1206 Elmenh.):
1360 1168 1434 1196 inter
1459 1165 1531 1195 Orci
1553 1176 1675 1194 cancros
1697 1164 1757 1192 iam
1780 1162 1857 1201 ipsos
1879 1157 2046 1205 adhaesisti.

96 1210 197 1243 Scal,
233 1212 308 1240 Sunt
328 1218 424 1241 autem
448 1212 574 1243 cancelli
594 1219 679 1253 septa
700 1213 845 1252 quaedam
870 1213 978 1249 rectis,
1014 1212 1143 1251 obliquis
1164 1217 1193 1241 et
1213 1211 1393 1241 transversis
1415 1209 1505 1247 lignis
1528 1213 1687 1243 contexta,
1720 1203 1878 1234 fenestellis
1900 1201 2046 1230 distincta.

94 1253 186 1284 Dae.
221 1251 330 1284 Calces.
371 1255 443 1284 Vide
466 1266 556 1294 supra
582 1255 693 1286 Calces.
744 1255 848 1285 Goth..

265 1296 462 1326 canemus.
506 1299 633 1335 Forsan,
656 1299 755 1337 inquit
777 1298 882 1334 Voss„
907 1308 922 1325 a
945 1299 1065 1334 κανοῖς,
1090 1307 1165 1336 quae
1188 1296 1218 1325 in
1242 1296 1340 1336 capite
1363 1294 1526 1334 portabant
1548 1292 1754 1332 Canepliorae,
1782 1287 1841 1317 nisi
1860 1287 1977 1325 legatur
1999 1295 2047 1313 ca-

97 1340 229 1371 remus]
260 1338 370 1367 Graeco
394 1339 530 1379 κάρηνον
553 1348 650 1380 caput.
694 1341 783 1370 Dac.
2009 1369 2014 1375 .
2041 1368 2046 1373 ,

263 1380 390 1410 Canta.
434 1383 469 1411 In
492 1383 598 1412 Saliari
621 1383 767 1420 carmine,
795 1387 830 1411 ut
852 1387 942 1421 putu,
976 1382 1055 1410 unde
1075 1393 1116 1421 pa
1138 1392 1194 1421 pro
1215 1389 1314 1422 parte,
1341 1392 1380 1420 po
1402 1391 1458 1419 pro
1478 1377 1588 1419 populo
1612 1378 1714 1406 Festus
1737 1372 1871 1404 adduxit.
1911 1369 1984 1399 Vide
2006 1368 2049 1397 1b1

95 1426 208 1451 notata.
254 1422 364 1452 Verum
388 1424 437 1453 hic
460 1425 533 1454 mihi
556 1426 639 1455 locus
662 1430 816 1465 suspectus
840 1431 899 1462 est,
930 1429 974 1460 et,
1005 1424 1036 1452 ni
1061 1425 1164 1461 fallor,
1200 1424 1372 1463 legendum:
1409 1430 1494 1452 cante
1515 1433 1569 1462 pro
1593 1427 1706 1450 cantate
1725 1416 1880 1457 ponebant.
1924 1413 1969 1441 Ex
1991 1411 2048 1459 h.⁰⁰

95 1464 239 1494 Varronis
261 1465 375 1495 lib.V1.
399 1468 435 1496 de
452 1469 483 1497 L.
500 1469 532 1497 L.
551 1468 628 1508 (VII,
652 1480 682 1508 p.
697 1471 770 1501 314.
787 1469 866 1507 Sp.),
890 1468 941 1496 ubi
964 1477 1051 1496 voces
1076 1477 1091 1496 e
1113 1468 1244 1496 carmine
1268 1467 1412 1495 Saliorum
1436 1465 1574 1501 adducit,
1598 1462 1635 1492 ab
1659 1460 1757 1491 eadem
1778 1469 1847 1488 voce
1872 1456 1982 1491 canite,
2005 1464 2049 1482 m-

97 1507 172 1546 quit,
192 1519 248 1548 pro
262 1519 319 1548 quo
334 1509 365 1537 in
380 1509 493 1540 Saliari
506 1512 635 1540 carmine
650 1512 790 1551 scriptum
808 1518 849 1539 est
867 1518 959 1546 cante,
984 1509 1040 1539 hoc
1053 1521 1151 1539 versu:
1176 1510 1283 1539 Divum
1299 1516 1371 1538 exta
1388 1516 1480 1545 cante,
1506 1507 1611 1536 Divum
1630 1504 1682 1533 (leo
1700 1501 1830 1542 supplice
1847 1505 1936 1529 cante.
1960 1497 2047 1545 .D⁰‘⁰'

265 1550 528 1583 Caudicariae.
572 1554 670 1582 Naves
694 1555 735 1582 sic
758 1554 874 1587 dictae,
897 1552 978 1590 quod
994 1563 1009 1581 e
1024 1552 1214 1589 caudicibus,
1238 1552 1270 1580 id
1293 1556 1337 1580 est
1360 1550 1555 1580 crassioribus
1579 1548 1688 1577 tabulis
1704 1546 1816 1574 fierent.
1843 1542 1938 1570 Varro
1954 1539 2047 1570 l1b.3.

99 1591 136 1620 de
157 1592 218 1621 vita
241 1603 314 1632 pop.
337 1594 436 1624 Rom.:
465 1593 553 1633 Quod
575 1597 691 1636 antiqui
711 1595 809 1635 plures
831 1594 948 1624 tabulas
972 1596 1144 1624 coniunctas
1167 1593 1283 1624 codices
1306 1593 1459 1631 dicebant,
1482 1604 1501 1621 a
1523 1603 1580 1633 quo
1604 1592 1634 1619 in
1654 1588 1755 1618 Tiberi
1775 1596 1860 1615 naves
1883 1581 2050 1612 codican'as

98 1633 291 1674 appellamus,
335 1635 407 1664 Inde
431 1637 598 1666 Caudicarii
622 1639 800 1667 dicebantur
821 1637 859 1673 ii,
896 1638 946 1676 qui
971 1637 1148 1666 caudicariis
1171 1637 1298 1666 navibus
1322 1638 1502 1665 frumentun]
1526 1633 1718 1663 advehebant.
1764 1629 1852 1657 Dac-

265 1676 338 1706 Can
349 1677 553 1710 delubrum.
598 1680 623 1708 A
647 1681 771 1709 candela
794 1680 907 1708 dictum
932 1680 1019 1708 donet
1042 1680 1131 1708 etiam
1153 1680 1249 1709 Varro
1273 1679 1323 1707 lib.
1336 1679 1385 1707 IV.
1410 1678 1446 1707 de
1469 1679 1500 1708 L.
1517 1678 1547 1706 L.
1572 1677 1625 1715 (V,
1653 1675 1721 1706 125.
1736 1670 1815 1710 SP·)‚
1844 1668 1925 1697 ‘'⁷¹⁴⁷''
1950 1670 2048 1715 ³J²t²¹¹¹

98 1722 144 1746 est
163 1718 247 1746 vocis
270 1721 438 1757 productio.
472 1722 593 1750 Frustra
616 1723 724 1761 igitur,
748 1723 800 1762 qui
823 1733 838 1751 a
862 1721 988 1751 candela
1013 1727 1041 1751 et
1063 1724 1194 1763 λαβεῖν
1217 1733 1334 1762 capere,
1357 1721 1406 1750 vel
1429 1732 1444 1749 a
1468 1718 1591 1749 candela
1614 1722 1643 1747 et
1665 1715 1789 1745 labrum.
1815 1712 1901 1740 Dac-
1940 1708 2048 1748 Flgan·

98 1767 154 1789 1ur.
197 1760 275 1790 Vide
301 1761 464 1792 Cicindela.
511 1762 612 1793 Goth.

268 1803 505 1837 cantherius.
551 1807 724 1837 cantherios
747 1818 838 1845 equos
862 1806 959 1836 dictos
982 1812 1068 1846 putat
1091 1807 1186 1837 Varro
1211 1807 1265 1845 (De
1289 1807 1322 1836 R.
1348 1806 1380 1834 R.
1404 1806 1448 1842 11,
1476 1815 1501 1833 c.
1513 1807 1542 1836 7.
1566 1801 1646 1843 fin.)‚
1684 1798 1765 1839 quod
1788 1795 1906 1845 seminet
1922 1796 2048 1822 careant-

98 1844 202 1894 Inepte
224 1855 304 1917 sang
349 1848 468 1920 (iptime
491 1850 631 1879 Caninius
652 1851 684 1879 in
710 1850 873 1890 Alphabeto
897 1861 912 1878 a
936 1850 1051 1879 Graeco
1075 1847 1256 1889 κανθήλιος,
1286 1852 1302 1879 λ
1325 1853 1438 1877 mutato
1461 1848 1491 1876 in
1515 1859 1540 1885 ρ.
1564 1845 1650 1874 Βαο.
1696 1841 1810 1871 Glossis
1831 1839 1971 1879 καβαλλις
1991 1845 2048 1873 μη-

98 1899 230 1927 χανικος.
312 1897 346 1918 ot
376 1913 381 1919 .

200 1972 205 1977 .
250 1930 420 1978 *cavilla
430 1944 467 1961 m.
512 1934 628 1963 Dictum
647 1946 661 1963 a
681 1935 830 1972 cavendo,
852 1932 1109 1973 ὑποκοριστικῶς,
1134 1934 1350 1973 propriumque
1373 1938 1416 1962 est
1437 1931 1631 1971 leguleiorum
1655 1933 1684 1958 et
1706 1930 1889 1957 moratorum
1913 1918 2044 1949 verbum-

100 1972 173 2001 Nam
198 1983 272 2002 iuris
297 1975 499 2004 consultorum
521 1978 676 2016 proprium
701 1989 806 2007 cavere.
850 1977 977 2006 Ovidius
1001 1977 1078 2017 (Art.
1102 1977 1166 2006 Am.
1182 1978 1209 2013 1,
1234 1975 1314 2014 83.):

634 2019 693 2049 Illo
716 2032 798 2059 saepe
822 2018 888 2049 loco
912 2021 1028 2059 capitur
1051 2018 1200 2048 consultus
1221 2029 1328 2053 amore,

130 2099 134 2104 ¹
683 2061 796 2103 Quique
817 2061 885 2091 aliis
908 2063 1000 2098 cavit,
1032 2072 1088 2090 non
1113 2068 1194 2090 cavet
1216 2061 1276 2099 ipse
1298 2058 1362 2088 sibi.

102 2099 211 2129 T1bull.
237 2100 275 2137 (1,
298 2102 334 2137 4,
358 2100 436 2140 67.):

633 2145 719 2175 Haec
742 2145 815 2175 milii
836 2157 911 2187 quae
932 2157 1060 2175 caverem
1087 2145 1167 2173 Titio
1191 2143 1260 2173 deus
1281 2141 1373 2172 edidit
1396 2154 1452 2172 ore.

99 2183 198 2214 Hodie
220 2185 333 2223 inopte:
364 2197 438 2225 quae
457 2198 586 2217 canerem
613 2188 707 2224 Titio,
738 2189 820 2217 nullo
844 2199 941 2217 sensu.
984 2189 1021 2217 At
1044 2188 1179 2216 Tibullus
1202 2198 1233 2215 se
1256 2186 1435 2225 prudentum
1459 2194 1541 2213 more
1563 2183 1598 2211 de
1621 2189 1721 2210 amore
1743 2177 1862 2218 publice
1884 2182 2041 2213 responsu-

98 2237 166 2256 rum
196 2228 320 2257 cuilibet
350 2230 515 2258 consulenti
544 2231 694 2269 proponit.
739 2231 826 2266 Quod
858 2241 894 2259 ex
923 2231 1115 2269 sequentibus
1146 2234 1175 2258 et
1203 2240 1239 2258 ex
1269 2228 1387 2257 nomine
1410 2227 1480 2257 Titii
1503 2229 1643 2265 apparet,
1682 2221 1735 2251 sed
1761 2220 1812 2259 qui
1833 2219 2042 2262 corruperunt,

97 2269 289 2308 ignorarunt,
325 2272 485 2301 secundam
509 2277 538 2300 et.
559 2273 674 2301 tertiam
702 2274 937 2311 coniugationem
961 2273 1081 2302 eandem
1105 2272 1185 2311 apud
1209 2277 1322 2300 veteres
1345 2270 1441 2299 fuisse.
1487 2269 1525 2297 [lt
1546 2268 1638 2307 igitur
1660 2264 1863 2294 diminuerunt
1884 2268 1990 2290 nomen
2011 2266 2040 2284 m

98 2312 282 2342 sfflfflfllflsils
306 2313 378 2350 ffliS,
408 2315 565 2352 lvgulel'os,
595 2326 653 2344 non
676 2316 913 2354 inrisprudcntes
935 2320 1094 2351 vocantes,
1132 2315 1173 2343 sic
1194 2319 1222 2344 et
1244 2314 1367 2342 verbum
1390 2311 1596 2352 professionis,
1630 2319 1698 2338 cum
1721 2306 1878 2340 cavillare,
1905 2310 1967 2349 ,¹¹⁰⁰
1992 2308 2038 2326 θῦ-

98 2364 169 2384 vere
193 2366 240 2384 eos
264 2356 402 2384 dicebant
422 2363 546 2395 propter
571 2359 659 2386 tricas
684 2363 711 2387 et
734 2369 863 2387 morosas
886 2359 959 2387 iuris
982 2357 1163 2397 praestigias.
1207 2358 1282 2385 Sane
1310 2356 1351 2384 ita
1379 2365 1441 2384 esse
1463 2355 1510 2383 vel
1533 2364 1612 2383 unus
1633 2349 1834 2381 Tertullianus
1857 2350 1926 2375 saus
1947 2339 2038 2390 defle-

99 2398 154 2435 rit,
182 2399 233 2437 qui
256 2399 285 2427 in
308 2398 385 2428 libro
410 2400 445 2429 de
469 2410 579 2430 corona
604 2402 677 2438 (11.)
701 2401 756 2430 ait:
785 2400 919 2431 omnibus
942 2400 1037 2430 modis
1059 2397 1277 2436 cavillandum,
1304 2399 1332 2428 id
1357 2402 1401 2427 est
1423 2397 1605 2433 cavendum,
1634 2393 1786 2427 παντοίως
1807 2392 2036 2426 περιεργαστεον-
