2263 2668
453 115 516 149 DE
545 113 819 149 VERBORUM
845 111 1235 149 SlGNlFICATlONE
1262 111 1575 149 FRAGMENTA.
1826 112 1901 147 207

1909 208 1924 223 ³
1933 205 1952 230 f.
1963 212 2017 230 eam
2034 206 2069 230 ler

123 224 193 246 rum
228 212 358 255 ovium,
411 216 443 243 et
469 210 574 243 XXX.
600 210 735 243 bovum.
771 221 809 242 ea
843 209 945 255 lege*
971 212 1145 243 sanxerunt
1171 206 1213 239 T.
1237 205 1411 240 Menenius
1437 207 1600 250 Lanatus,
1655 213 1686 241 et
1713 208 1750 241 P.
1774 207 1899 242 Sestius
1963 247 2020 272 gem

121 263 329 309 Capitolinus
355 273 445 297 cons.
473 273 559 305 quae
584 261 752 306 pecudeS,
796 266 976 306 postquam
1002 271 1079 293 aere
1106 259 1237 304 signato
1264 258 1311 291 uti
1338 260 1449 303 coepit
1475 260 1512 292 P.
1540 260 1582 293 R.
1644 259 1794 304 Tarpeia
1821 259 1900 306 lege

122 320 254 349 cautum
281 320 346 356 est,
389 320 424 347 ut
450 314 512 347 bos
540 313 725 357 centusibus
751 313 822 345 ovis
850 313 1022 346 deensibus
1049 310 1282 344 aestimaretur.
1339 310 1542 344 Potitium
1558 309 1586 352 ⁹,
1629 317 1660 344 et
1686 311 1900 345 Pinarium

120 366 302 408 Hercules,
330 378 408 400 cum
434 365 477 398 ad
505 376 614 408 aram,
641 376 727 408 quae
753 363 924 408 hodieque
950 363 1093 397 maxima
1114 361 1325 407 appellatur,
1353 361 1484 396 decima
1506 363 1651 404 bovum,
1679 374 1762 406 quos
1784 375 1803 395 a
1822 359 1899 396 Ge-

121 430 223 462 ryone
249 418 414 451 abductos
441 417 600 462 abigebat
627 417 739 461 Argos
765 416 798 448 in
824 416 965 460 patriam
993 415 1216 460 profanasset,
1262 424 1368 457 genus
1395 414 1533 448 sacrifici
1561 414 1704 448 edocuit.
1735 426 1820 458 quae
1846 414 1899 447 fa—

120 470 226 511 milia,
276 475 308 502 et
342 469 467 514 posteri
502 469 569 501 eius
604 479 669 501 non
705 467 885 501 defuerunt
917 466 1168 502 decumantibus
1201 476 1305 508 usque
1332 464 1470 509 ad-Ap.
1499 465 1676 500 Claudium
1704 465 1898 510 Censorem,

119 522 176 565 qui
202 521 444 566 quinquaginta
471 520 572 552 millia
601 520 684 552 aeris
709 519 819 564 gravis
846 519 898 552 his
926 519 1038 560 dedit,
1084 522 1119 551 ut
1145 528 1257 550 servos
1285 516 1439 561 publicos
1467 517 1644 551 edocerent
1670 517 1767 551 ritum
1796 518 1897 550 sacri—

119 573 261 606 ficandi:
298 584 365 615 quo
394 572 484 605 facto
511 571 631 611 Potiti,
668 583 743 605 cum
772 575 878 604 essent
904 582 943 603 ex
969 569 1118 604 familia*
1143 579 1281 602 numero
1309 567 1508 607 duodecim,
1539 580 1652 602 omnes
1678 570 1855 602 intererant
1868 565 1944 589 *²³*f-
1963 573 2009 624 effi
2028 566 2067 590 sa-

118 625 201 657 intra
228 624 316 657 diem
345 624 449 656 XXX.
476 623 623 656 Pinarius
646 622 737 666 quod
766 634 830 655 non
858 622 964 655 adfuit
990 621 1172 661 sacrificio,
1220 625 1337 665 postea
1364 625 1496 654 cautum
1525 627 1590 662 est,
1627 633 1669 654 ne
1695 622 1768 665 quis
1795 621 1894 654 Pina-
1904 607 2067 659 “giniac-

117 676 242 709 riorum
271 687 310 708 ex
338 687 378 708 eo
406 675 568 709 sacrificio
594 680 790 708 vesceretur.
848 674 1051 707 Plebeiae
1073 672 1314 707 Pudicitiae
1341 672 1500 705 sacellum
1527 672 1560 704 in
1585 673 1658 706 vico
1686 673 1809 717 Longo
1836 676 1894 712 est,
1956 673 2016 694 ΝΜ

116 727 210 771 quod
229 738 304 761 cum
326 727 483 772 Verginia
505 726 620 771 patrici
641 726 773 771 generis
794 725 957 769 foemina,
985 724 1162 760 convivio*
1181 724 1271 757 facto
1290 723 1376 757 inter
1395 728 1507 769 patres
1535 729 1567 756 et
1592 724 1650 768 ple
1664 721 1685 772 Η
1701 725 1779 757 bem
1815 722 1892 769 [⁴6]
1904 728 1939 753 *tt
1952 728 2067 753 convici-1

116 790 199 812 nam
215 779 376 825 patricia
395 777 532 824 plebeio
556 778 687 811 homini
710 778 747 812 L.
774 777 954 811 Volumnio
977 777 1106 811 consuli
1126 779 1294 821 nupserat
1350 802 1792 810 ........
1838 775 1893 819 qui

117 855 744 865 ...........
1083 854 1090 861 .
1150 828 1200 861 bit
1262 854 1268 861 .
1325 853 1332 860 .
1388 854 1394 859 .
1450 854 1456 859 .
1512 852 1518 858 .
1574 853 1581 860 .
1638 856 1643 861 ,
1700 854 1706 861 .
1761 854 1768 860 .
1824 854 1831 860 .
1886 852 1892 858 .

117 908 373 916 .....
427 893 498 915 sere
552 909 559 915 .
615 907 621 913 .
677 908 684 914 .
740 906 746 912 .
801 907 809 915 .
864 908 871 914 .
926 909 934 915 .
987 908 995 915 .
1049 906 1056 913 .
1112 907 1120 914 .
1174 907 1181 914 .
1236 904 1242 910 .
1298 904 1305 910 .
1360 906 1366 912 .
1422 905 1429 911 .
1484 905 1491 912 .
1552 889 1593 910 eo
1626 879 1700 911 iure

115 959 681 968 ..........
737 932 988 966 Portorium
1016 932 1147 966 dictum
1175 934 1225 964 est
1252 930 1411 975 vectigal
1436 929 1493 969 id,
1523 930 1617 974 quod
1642 930 1785 962 solvitur
1811 940 1893 973 por-

113 985 291 1027 titoribus,
340 986 399 1030 qui
433 984 661 1018 conduxerint
724 1010 729 1016 .
786 1010 792 1016 .
847 1011 854 1018 .
908 984 1087 1017 dimidiato
1141 1007 1766 1017 ...........
1824 1006 1829 1011 ,
1885 1007 1891 1014 .

113 1037 146 1068 in
174 1036 408 1082 vectigalibus
433 1040 550 1070 autem
572 1035 736 1081 portoria
758 1034 925 1081 finienda
953 1036 1108 1070 locantur
1135 1033 1267 1067 duabus
1322 1057 1892 1065 ..........

855 1094 887 1120 et
919 1087 969 1121 Ti.
997 1086 1234 1121 Coruncanius
1273 1084 1323 1118 Τι’.
1354 1083 1393 1117 F.
1423 1094 1582 1117 censores
1636 1109 1893 1115 .....

116 1114 121 1119 .
175 1088 235 1122 lius
267 1100 288 1132 q
292 1112 800 1121 .........

176 1165 184 1172 .
236 1141 320 1173 intra
354 1140 520 1184 temporis
553 1139 706 1184 spatium
739 1142 872 1172 certum
925 1164 1243 1172 ......
1299 1135 1380 1180 quid
1409 1148 1447 1169 ae
1450 1160 1890 1168 ........

113 1192 273 1225 censoria
299 1191 474 1225 maiestate
512 1195 630 1236 spreta
685 1215 1189 1225 .........
1244 1188 1323 1221 dam
1355 1187 1513 1232 prohib*
1549 1192 1582 1219 et
1635 1211 1888 1218 .....
1900 1188 2063 1222 ‘'s-praedit».

114 1269 120 1274 .
178 1268 185 1275 .
240 1270 247 1277 .
299 1243 370 1277 sint.
425 1243 552 1276 Primi
559 1242 719 1287 genius
740 1241 859 1275 sulcus
880 1241 1030 1283 dicitur,
1058 1242 1117 1287 qui
1136 1242 1171 1274 in
1191 1251 1282 1274 nova
1301 1239 1389 1273 urbe
1409 1238 1587 1273 condenda
1609 1242 1707 1270 tauro
1728 1241 1761 1270 et
1780 1247 1891 1269 vacca

112 1294 342 1339 imprimitur,
381 1294 475 1340 quod
500 1305 615 1340 genus
640 1293 778 1327 iumenti
804 1294 895 1326 velut
921 1294 1110 1327 exercitum
1137 1291 1376 1326 adhibebatur
1430 1315 1686 1324 .....
1739 1288 1892 1332 utrinque
1940 1288 1943 1289 ⁷

109 1345 222 1378 media
248 1357 272 1391 p
275 1370 786 1379 .........
842 1345 903 1377 lari
928 1345 1052 1379 iudicio
1079 1345 1136 1389 qui
1164 1349 1196 1377 et
1222 1344 1296 1390 ipse
1349 1367 1606 1378 .....
1663 1339 1892 1374 Parilibus

110 1398 231 1430 urbem
263 1397 413 1431 condidit
438 1397 627 1439 Romulus,
676 1407 777 1442 quem
808 1397 907 1430 aiem
931 1396 1069 1442 festum
1099 1396 1297 1442 praecipue
1329 1395 1500 1428 habebant
1533 1393 1692 1426 iuniores.
1754 1391 1889 1424 Prac-

108 1446 276 1482 texta¹⁰
298 1450 428 1495 pulla
454 1449 542 1483 nulli
568 1449 624 1482 alii
650 1449 774 1482 licebat
801 1449 865 1490 uti,
910 1460 1016 1494 quam
1044 1449 1093 1492 ei,
1140 1449 1198 1493 qui
1214 1447 1330 1493 janus
1345 1445 1522 1493 faciebat.
1575 1444 1678 1478 Idem
1706 1443 1753 1476 ius
1780 1443 1889 1487 magi—

108 1505 224 1533 stratus
254 1500 431 1542 habebat,
483 1501 542 1546 qui
572 1501 607 1534 in
634 1500 752 1546 aliquo
784 1500 863 1533 loco
890 1501 1047 1545 publicos
1075 1499 1174 1534 ludos
1189 1498 1367 1545 faciebat.
1395 1509 1478 1531 nam
1506 1498 1535 1530 is
1559 1499 1750 1542 praetexta
1778 1495 1888 1534 utitur,

107 1557 142 1584 et
165 1552 308 1586 scribam
333 1552 463 1586 habere
488 1553 593 1593 solet,
612 1555 764 1597 propter
790 1562 866 1593 eos,
893 1563 977 1595 quos
1003 1552 1102 1594 facit,
1128 1552 1236 1584 ludos.
1262 1554 1474 1596 praetextae
1501 1550 1553 1582 ius
1580 1548 1704 1580 datum
1732 1550 1781 1579 est
1806 1546 1886 1578 item

111 1602 312 1637 Consulibus
339 1610 371 1637 et
386 1604 600 1637 Praetoribus
627 1608 705 1636 vota
731 1603 1011 1648 nuncupantibus
1038 1603 1080 1636 ob
1101 1602 1329 1648 ignorantiam
1357 1613 1449 1636 sacra
1475 1602 1663 1633 novorum‘
1686 1598 1885 1631 ascitorum.
1897 1593 2041 1653 31„ssssssss

109 1652 229 1687 Isdem
255 1655 378 1688 datum
406 1659 454 1688 est
477 1656 525 1688 uti
551 1655 630 1688 emit
641 1658 669 1672 **
689 1660 802 1688 votum
831 1655 976 1699 aliquod
1001 1653 1223 1688 solventibus.
1249 1654 1340 1697 quod
1369 1655 1447 1686 item
1474 1651 1623 1684 Valerius
1649 1650 1787 1683 vicanus
1808 1659 1885 1681 cum
1945 1670 2000 1688 rum

107 1708 264 1738 uteretur
284 1717 375 1751 pura
401 1717 440 1739 ex
466 1711 597 1749 senatu,
637 1706 822 1751 improbari
848 1710 990 1751 coeptus
1017 1711 1076 1740 est.
1132 1706 1182 1739 Pi
1190 1702 1293 1753 lael}
1311 1709 1343 1739 et
1370 1705 1488 1738 viriles
1515 1707 1546 1736 et
1573 1699 1761 1734 muliebres
1804 1698 1884 1746 [47]
1909 1697 1962 1721 '‘f·
1982 1697 2040 1722 item

107 1755 253 1802 effigies
277 1757 312 1790 in
339 1758 494 1802 compitis
519 1757 824 1803 suspendebantur
852 1757 1107 1803 Compitalibus
1133 1769 1177 1790 ex
1203 1758 1308 1800 lana,
1353 1756 1447 1801 quod
1483 1765 1555 1787 esse
1582 1753 1724 1786 deorum
1751 1751 1884 1796 insero-

106 1818 186 1840 rum
213 1808 305 1842 hunc
330 1809 425 1842 diem
441 1809 597 1855 festum,
632 1821 717 1855 quos
742 1813 867 1843 vocant
891 1809 1020 1853 Lares,
1056 1813 1244 1854 putarent,
1280 1807 1403 1853 quibus
1430 1817 1469 1839 co
1496 1806 1555 1838 die
1576 1808 1626 1837 tot
1646 1803 1766 1849 pilae,
1802 1808 1884 1846 quot

105 1860 229 1904 capita
255 1871 451 1901 servorum,
478 1865 526 1895 tot
554 1872 572 1894 e
605 1861 714 1907 igies,
740 1864 822 1906 quot
849 1866 959 1895 essent
985 1861 1104 1901 liberi,
1127 1860 1370 1906 ponebantur:
1399 1862 1435 1890 ut
1460 1857 1564 1897 vivis,
1590 1856 1641 1889 sic
1668 1855 1757 1888 enim
1785 1854 1882 1887 invo—

106 1916 240 1951 cantur,
274 1916 485 1956 parcerent3
525 1917 559 1946 et
585 1917 695 1946 essent
723 1913 777 1946 his
796 1913 884 1958 pilis
910 1917 942 1946 et
968 1913 1168 1946 simulacris
1195 1911 1348 1944 contenti.
1402 1909 1602 1942 Punicae
1617 1906 1793 1952 fortunae
1819 1917 1881 1939 ae-

105 1962 187 1995 dem
214 1964 345 1996 vovisse
368 1963 498 1998 dicitur
523 1964 704 1998 Cornelius
723 1963 842 2008 Scipio
869 1975 948 1997 cum
975 1963 1236 2008 Carthaginem
1262 1961 1455 1995 obsideret.-
1480 1971 1523 1993 ne
1549 1958 1705 1992 adversa
1728 1968 1772 1990 ea
1794 1956 1880 1989 For-

104 2019 188 2047 tuna
215 2018 380 2048 uteretur.
432 2015 534 2050 Idem
561 2027 695 2061 quoque
721 2016 812 2050 vovit
839 2016 966 2049 aedem
993 2015 1148 2055 Veneris,
1189 2024 1280 2059 quae
1307 2015 1575 2059 cognomentum
1601 2009 1765 2043 habuisse
1791 2008 1879 2040 dici—

105 2141 206 2180 tium]
230 2142 263 2170 ln
287 2142 448 2182 exemplari
472 2147 532 2178 est,
556 2141 703 2170 decimam
732 2142 860 2178 bovum,
892 2142 969 2170 anti·
1014 2141 1044 2169 id
1069 2145 1112 2169 est
1137 2145 1171 2169 ut
1193 2140 1253 2169 fani
1277 2141 1341 2178 lege
1364 2140 1422 2177 sit,
1446 2138 1566 2168 dicitur.
1611 2133 1761 2166 Plutarch.
1776 2134 1875 2172 probl.

103 2194 161 2221 qua
186 2185 351 2223 scriptura,
375 2190 408 2214 ut
423 2186 496 2223 foro
512 2186 657 2213 Bovario.
677 2184 764 2215 infra.
795 2184 969 2221 Tertullian,
1013 2183 1044 2211 ln
1075 2183 1148 2217 fine,
1188 2194 1239 2211 eae
1269 2183 1437 2221 familiae,
1473 2179 1672 2209 scribendum.
1732 2177 1807 2206 UrS.
1836 2192 1876 2199 —

101 2226 131 2254 in
163 2227 280 2265 apolog.
311 2239 376 2267 cap.
405 2229 453 2260 14.
513 2228 586 2256 Cum
617 2227 655 2256 de
685 2227 798 2255 decima
830 2227 968 2256 Herculis
1013 2226 1058 2263 10)
1081 2224 1274 2265 Praetexta.]
1299 2225 1374 2254 Vide
1398 2224 1534 2254 Verrium
1557 2221 1637 2261 apud
1659 2220 1752 2250 Macr.
1772 2219 1825 2248 lib.
1846 2222 1873 2250 1.

100 2278 156 2297 nec
179 2271 294 2299 tertiani
318 2270 476 2309 partemin
490 2280 570 2299 aram
593 2269 653 2298 eius
676 2269 838 2309 imponitiS.
872 2268 967 2298 Varro
1011 2278 1074 2307 cap.
1093 2271 1122 2300 7.
1167 2268 1262 2308 Atque
1284 2268 1325 2297 ita
1348 2272 1432 2307 peste
1454 2265 1552 2297 sedata
1573 2274 1719 2304 puerum,
1743 2262 1795 2301 qui
1819 2271 1875 2290 an-

101 2310 153 2340 h'b·
177 2315 206 2344 5.
229 2313 266 2341 de
298 2314 378 2351 Ling.
404 2313 468 2343 Lat.
524 2313 601 2342 Hinc
624 2312 798 2351 profanum,
832 2311 912 2349 quod
935 2311 965 2340 iu
1010 2311 1177 2349 tiquitatem
1216 2311 1304 2341 sortis
1343 2310 1531 2344 absolverat,
1575 2313 1660 2346 togae
1703 2308 1875 2345 praetextae

98 2354 230 2383 sacrario
259 2356 442 2395 polluctum,
480 2360 570 2394 atque
597 2354 665 2384 ideo
699 2354 818 2385 Herculi
841 2353 965 2384 decuma
1009 2363 1095 2382 usum
1118 2363 1227 2383 munus
1248 2353 1460 2393 impetravisse.
1489 2351 1553 2381 scio
1581 2349 1632 2379 hic
1654 2347 1698 2387 agi
1721 2347 1758 2378 de
1778 2356 1873 2387 prae-

101 2395 168 2426 data
193 2397 227 2426 ab
251 2408 285 2427 eo
309 2403 370 2435 est,
400 2398 480 2437 quod
514 2397 659 2426 sacrificio
683 2397 810 2435 quodam
836 2397 964 2426 sanatur.
1010 2401 1089 2425 texta
1122 2397 1221 2435 pulla,
1264 2397 1314 2427 sed
1350 2395 1430 2436 apud
1458 2393 1596 2427 Verrium
1630 2391 1870 2427 ambiguitatem,
