2263 2668
417 164 480 197 DE
508 163 783 199 VERBORUM
809 164 1198 202 SlGNlFchTIONE
1225 167 1539 206 FRAGMENTA.
1797 172 1870 207 179

89 258 262 298 seditiosi,
288 257 434 302 negotia
460 262 624 303 gerentes
653 258 702 294 M.
724 258 809 294 Cato
835 260 868 292 in
904 284 1131 293 ......
1165 262 1309 296 tumultu
1337 264 1578 308 Macedoniae,
1604 262 1671 315 ΕΗ
1687 271 1757 299 tru-
1784 265 1867 314 [16]

90 311 189 348 riam,
222 309 404 351 Samnites,
438 310 611 350 Lucanos,
644 310 726 343 inter
753 323 787 344 se
814 311 969 354 natinari,
1008 315 1108 354 atque
1136 311 1297 346 factiones
1325 327 1403 349 esse.
1457 318 1630 352 Naccae
1656 318 1869 363 appellantur

92 362 194 406 vulgo
223 361 384 400 fullones,
420 367 454 393 ut
482 362 526 394 ait
553 362 735 404 Curiatius,
767 364 858 406 quod
885 362 981 396 nauci
1009 374 1074 395 non
1102 363 1181 404 sint,
1220 364 1252 397 id
1281 367 1373 409 quod
1401 373 1448 400 est
1475 369 1596 403 nullius
1623 372 1718 415 preti.
1774 371 1868 404 ldem

90 414 186 446 sentit
213 418 245 445 et
272 412 415 446 Cincius.
474 413 622 454 Quidam
657 415 764 454 aiunt,
812 415 902 457 quod
940 415 1050 446 omnia
1084 414 1156 447 fere
1189 426 1295 459 opera
1330 430 1369 450 ev(
1397 419 1490 461 lana,
1541 433 1644 454 nacae
1673 422 1824 455 dicantur
1851 435 1870 455 a

93 465 241 498 Graecis.
296 465 510 498 Naucum*
534 466 577 497 ait
605 466 717 498 Ateius
745 465 945 511 Philologus
972 466 1051 510 poni
1078 477 1141 510 pro
1170 469 1274 512 nugis.
1328 469 1479 510 Cincius,
1507 473 1598 516 quod
1628 474 1659 506 in
1688 474 1782 507 oleae
1809 485 1869 506 nu-

93 517 155 558 cis,
198 515 307 558 quidss
330 516 415 548 intus
443 516 490 548 sit.
544 517 659 550 Aelius
686 517 771 549 Stilo
800 519 946 550 omnium
974 529 1084 550 rerum
1111 523 1279 562 putamen.
1339 521 1624 557 Glossematorum
1652 531 1760 558 autem
1790 526 1870 558 scri-

92 574 222 612 ptores,
257 567 355 599 fabae
381 568 476 611 grani
504 568 596 611 quod
624 568 761 601 haereat
786 569 819 602 in
845 570 961 602 fabulo
973 570 994 602 *.
1050 569 1197 610 Quidam
1227 582 1265 603 ex
1293 571 1428 606 Graeco
1457 575 1514 609 ναὶ
1543 575 1600 610 καὶ
1628 575 1725 620 οὐχὶ,
1760 577 1867 609 levem

92 619 262 652 hominem
289 619 476 663 significari.
531 619 677 660 Quidam
705 620 796 654 nucis
822 621 1002 666 iuglandis,
1029 632 1129 664 quam
1154 621 1288 656 Verrius
1311 623 1554 669 iugulandam*
1577 634 1692 668 vocat,
1721 628 1888 661 medium·

94 672 182 704 velut
209 670 490 714 dissepimentum.
544 672 679 704 Plautus
704 671 736 704 in
765 674 908 716 parasito
934 673 1051 717 pigro:

195 722 330 754 Ambo
357 733 509 767 magna
536 723 667 756 laude
694 724 818 766 lauti,
860 729 1073 769 postremo
1101 724 1223 757 ambo
1251 736 1389 759 sumus
1417 738 1497 760 non
1524 730 1655 762 nauci.

93 774 171 806 item
199 774 230 806 in
258 773 483 807 Mostellaria:

197 825 321 866 Quod
348 825 388 857 id
416 837 507 859 esse
535 825 671 859 dicam
699 827 872 860 verbum
902 826 1041 868 nauci,
1083 826 1240 861 nescio.

96 881 127 908 et
154 877 187 908 in
213 876 439 910 Truculento:

198 929 317 961 Amas
343 928 553 961 hominem
581 940 662 961 non
689 929 825 963 nauci.

96 985 127 1011 et
154 980 297 1012 Naevius
325 980 391 1023 (et)
419 981 450 1012 in
477 980 709 1014 Tunicularia:

197 1031 301 1064 Eius
329 1037 492 1066 noctem
520 1043 655 1066 nauco
683 1032 848 1067 ducere.

96 1082 164 1115 Sed
192 1083 337 1116 Ennius:

197 1135 330 1168 illuc*
359 1139 422 1166 est
448 1140 633 1179 nugator
660 1134 784 1167 nihili
811 1146 894 1167 non
921 1134 1047 1167 nauci
1074 1133 1208 1168 homo.

95 1185 127 1217 N
137 1197 227 1218 ares
255 1186 420 1230 appellari
446 1191 579 1230 putant,
613 1186 705 1229 quod
733 1198 794 1231 per
820 1198 858 1220 ea
886 1186 953 1219 nasi
980 1186 1143 1220 foramina
1170 1186 1283 1219 odoris
1312 1186 1470 1230 cuiusque
1499 1188 1567 1220 nari
1594 1188 1743 1222 flamus‘.
1798 1189 1874 1221 Na-

95 1237 185 1271 rica
213 1244 260 1270 est
286 1249 392 1282 genus
419 1238 517 1281 piscis
544 1238 666 1271 minuti.
720 1239 871 1271 Plautus:

197 1288 469 1322 Muriaticam
502 1294 637 1322 autem
672 1290 796 1323 video
830 1291 872 1322 in
905 1290 1018 1322 vasis
1046 1286 1268 1334 stagneis⁹
1296 1290 1481 1322 naricam
1509 1291 1660 1324 bonam
1689 1297 1729 1324 et
1756 1302 1876 1326 canu—

302 1346 384 1373 tam
412 1346 453 1373 et
480 1346 651 1386 taguma
677 1342 827 1385 quinas
855 1341 996 1375 factas
1024 1341 1218 1375 conchas
1245 1341 1514 1385 piscinarias.

95 1390 308 1425 Nancitor
334 1393 366 1424 in
393 1392 467 1426 Xll.
495 1399 611 1427 nactus
638 1393 716 1434 erit,
755 1394 904 1438 praeno*
926 1393 996 1427 erit.
1049 1393 1133 1426 Item
1160 1393 1193 1425 in
1220 1392 1360 1426 foedere
1386 1393 1524 1426 Latino:
1564 1394 1741 1438 pecuniam
1768 1393 1875 1436 qui-2⁴¹*

94 1442 260 1483 nancitor,
302 1443 446 1480 habeto:
495 1451 527 1479 ct
555 1446 581 1478 si
607 1445 689 1489 quid
715 1445 865 1490 pignoris
891 1445 1089 1479 nanciscitur
1100 1446 1123 1486 *,
1162 1445 1224 1477 sibi
1252 1444 1389 1477 habeto.
1442 1446 1554 1478 Nare
1581 1457 1601 1478 a
1626 1457 1711 1479 nave
1738 1445 1873 1480 ductum

97 1492 294 1528 Cornificius
322 1496 383 1535 ait,
425 1497 516 1539 quod
546 1509 632 1541 aqua
660 1497 785 1530 feratur
812 1502 943 1538 natans,
984 1502 1020 1529 ut
1046 1497 1144 1529 avis*.
1199 1497 1325 1529 Ennius
1353 1497 1391 1529 L.
1414 1496 1506 1529 Vll.:

198 1547 308 1579 alter
334 1559 436 1580 nare
463 1549 603 1592 cupit,
649 1549 758 1582 alter
785 1559 979 1593 pugnare
1006 1553 1212 1592 paratust.

96 1596 231 1631 Plautus
256 1598 289 1630 in
316 1599 507 1632 Aulularia:

199 1648 327 1689 Quasi
355 1648 535 1693 pueri1⁰‚
569 1651 640 1693 qui
666 1662 766 1684 nare
794 1650 982 1693 discunt,
1015 1651 1188 1695 scirpea
1213 1650 1408 1683 induitur
1435 1651 1550 1683 ratis.

98 1704 210 1732 natare
237 1700 340 1744 igitur
367 1706 432 1743 est,
473 1701 604 1746 saepius
630 1714 726 1743 nare,
767 1707 802 1736 ut
828 1702 997 1743 dictitare,
1033 1702 1194 1735 factitare.
1246 1702 1407 1742 Navus,
1451 1701 1557 1742 celer,
1593 1711 1633 1734 ac
1660 1706 1826 1740 strenuus,
1860 1712 1880 1733 a

99 1751 230 1784 navium
258 1751 432 1786 velocitate
459 1753 589 1786 videtur
616 1754 733 1787 dictus.
787 1754 840 1787 En
856 1749 875 1802 ΙΙ
893 1755 963 1786 nius
990 1754 1030 1789 L.
1053 1754 1128 1789 VL:
1796 1750 1878 1797 [17]

98 1859 131 1885 et
157 1802 337 1887 LNiiglus
363 1811 560 1849 repertus
587 1805 710 1838 homo
734 1805 863 1839 Graio
890 1811 1012 1850 patre
1041 1805 1194 1838 Graius
1222 1803 1347 1836 homo
1374 1814 1456 1835 rex.

199 1905 414 1940 Navorum
441 1907 661 1951 imperium
691 1919 858 1941 servare
886 1913 948 1942 est
975 1909 1309 1951 insuperantum.

100 1956 234 1989 Plautus
260 1957 293 1990 in
320 1958 519 1992 Frivolaria:

201 2008 316 2041 Nave
343 2021 472 2055 agere
499 2015 691 2054 oportet,
735 2009 847 2053 quod
875 2021 996 2054 agaS,
1039 2019 1119 2041 non
1148 2007 1379 2042 ductarier.

99 2057 315 2093 Navalisn
346 2062 503 2102 scriba,
530 2062 588 2104 qui
615 2061 647 2094 in
672 2073 757 2096 nave
783 2062 987 2106 apparebat,
1014 2060 1098 2092 inter
1125 2058 1215 2093 aliud
1242 2070 1348 2104 genus
1375 2057 1557 2093 scribarum
1585 2057 1741 2090 minimae
1766 2055 1879 2101 digni-

98 2112 173 2144 tatis
199 2111 404 2153 habebatur,
447 2112 539 2157 quod
564 2113 722 2157 periculis
747 2124 883 2156 quoque
910 2112 979 2146 eius
1006 2111 1219 2145 ministerium
1245 2111 1339 2144 esse*
1361 2109 1540 2145 obiectum.
1593 2108 1746 2142 Plautus:

201 2174 280 2195 non
307 2176 387 2210 ego
414 2170 455 2197 te
481 2165 579 2200 novi
605 2164 771 2197 navalis
795 2164 935 2197 scriba
962 2162 1201 2198 columbari
1226 2161 1459 2207 impudens.

99 2272 154 2307 sis,
178 2271 214 2299 de
240 2281 296 2309 qua
318 2271 367 2301 hic
386 2272 506 2307 Festus,
540 2277 622 2301 extat
641 2273 672 2300 in
697 2271 814 2301 schedis
838 2276 969 2300 veterum
1014 2271 1231 2300 Commentario
1253 2271 1326 2300 iuris
1349 2269 1495 2299 Pontificii
1519 2268 1627 2297 citatur
1643 2269 1720 2297 infra
1741 2269 1772 2297 in
1787 2270 1878 2307 Spur-

100 2314 348 2353 inscriptiuuum,
372 2315 404 2343 in
420 2315 529 2353 quibus
545 2320 597 2345 cst.
621 2314 810 2344 CETERVM.
836 2314 969 2343 LEGES.
1013 2325 1092 2343 cum.
1123 2315 1200 2344 Ura.
1222 2329 1263 2336 —-
1284 2313 1315 2352 7)
1338 2314 1374 2342 Se
1394 2319 1421 2341 te
1440 2313 1512 2345 Ven.
1534 2312 1581 2342 Sc,
1605 2327 1645 2333 —
1667 2310 1698 2353 8)
1718 2310 1810 2350 Quod
1829 2311 1876 2340 Pr.

100 2356 201 2386 Hvlc.
232 2357 344 2387 ARAE.
375 2357 539 2387 EAEDEM.
560 2357 696 2386 SVNTO.
720 2357 835 2393 QVAE.
860 2357 970 2386 ARAE.
1013 2356 1085 2388 Ven.
1107 2358 1153 2386 Sc.
1178 2372 1214 2379 -—
1248 2355 1279 2394 9]
1303 2355 1474 2396 Legendum
1495 2355 1641 2386 stanneis.
1663 2370 1704 2378 --
1735 2354 1779 2390 10)
1804 2354 1878 2391 Lege

103 2398 251 2427 DIANAE.
305 2400 413 2429 SVNT.
463 2400 512 2430 IN.
564 2400 772 2429 AVEN'fINO.
826 2399 968 2430 MONTE.
1006 2401 1122 2438 pueri-5.
1139 2417 1180 2421 —
1206 2401 1247 2435 11)
1260 2399 1415 2438 Navalia]
1429 2398 1462 2463 (ζ,
1479 2397 1510 2427 id
1523 2397 1557 2434 si,
1571 2398 1645 2425 remh⁴
1664 2398 1791 2427 eminent
1805 2394 1877 2424 scri-

103 2441 248 2472 DlCTAE.
281 2443 360 2473 Urs.
381 2461 416 2464 —
440 2441 472 2483 6)
492 2444 634 2481 Nantua]
659 2442 804 2472 Antistius
828 2442 922 2472 Labeo
938 2442 967 2470 in
1011 2442 1124 2476 bamus,
1148 2452 1203 2482 pro
1220 2444 1294 2472 remi
1313 2444 1459 2471 emicant.
1494 2445 1575 2472 certe
1595 2439 1632 2468 ad
1656 2444 1786 2471 veterem
1807 2435 1876 2465 scri-

1566 2492 1636 2524 Z*

1893 478 1901 487 ⁸
1914 477 1930 502 f,
1944 477 2026 503 Nauci

1897 571 1906 581 '
1915 570 1934 594 f.
1952 570 2027 595 fabae

1941 604 1992 630 hilo

1899 638 1917 663 f.
1933 639 2033 671 iuglan-

1936 672 1992 698 dam

1916 1146 1924 1155 ⁸
1931 1145 1948 1169 f.
1961 1144 2014 1170 illic

1902 1198 1911 1206 '
1918 1197 1937 1221 f.
1945 1196 2031 1222 fiamus

1884 1384 1920 1411 Ὗ.
1939 1385 2049 1418 praeda-

1945 1422 1987 1444 tus

1919 1453 1939 1464 '⁸
1946 1453 1963 1478 f.
1973 1454 2016 1487 qui

1887 1488 1921 1514 Ὗ.
1935 1488 2050 1514 nancitor

1907 1523 1944 1548 ⁸f.
1963 1522 2035 1548 navis

1905 2117 1914 2127 ⁰
1924 2116 1942 2141 f.
1961 2121 2029 2141 esset
