2263 2668
243 138 292 172 22
656 135 800 170 PAULI
825 135 948 172 DlAc.
976 138 1233 176 EXCERPTA
1258 141 1323 176 EX
1348 141 1437 176 LIB.
1464 143 1608 180 POMP.
1635 146 1775 184 FESTI

345 233 444 265 etiam
470 241 561 263 serae
588 229 818 274 appellantur,
852 232 930 275 quia
965 234 1093 269 foribus
1126 236 1284 270 admotae
1318 243 1537 281 opponuntur
1569 240 1702 277 defixae
1721 241 1735 265 ¹
1769 246 1935 291 postibus,
1970 251 2196 294 quemadmo-

345 283 425 316 dum
453 293 507 322 ea,
535 292 620 324 quae
646 286 753 315 terrae
781 283 925 317 inserunt
939 282 959 318 ².

241 334 377 369 Arvum
402 333 541 366 dicimus
564 344 683 378 agrum
710 334 856 368 necdum
880 341 997 371 satum.

240 382 384 432 Apica³
411 384 530 417 dicitur
555 385 642 427 ovis,
673 397 759 429 quae
786 392 934 421 ventrem
958 389 1115 434 glabrum
1138 390 1252 424 habet.

240 438 295 471 Ae
317 436 481 481 syllabam
502 437 627 480 antiqui
647 437 780 472 Graeca
803 441 1042 475 consuetudine
1065 454 1129 487 per
1150 443 1188 476 αἱ
1213 442 1422 486 scribebant,
1454 448 1490 477 ut
1512 445 1630 489 aulai,
1657 449 1772 482 musai
1793 446 1815 484 ⁴.

239 484 403 522 Auceta⁵
431 500 532 533 saepe
560 494 666 522 aucta.

238 537 433 583 Abcrcetss,
460 539 620 585 prohibet
633 537 654 573 1.

237 591 434 633 Advosem,
462 592 707 634 adversarium,
733 592 874 629 hostem.

236 643 318 677 Axe
345 644 571 689 agglomerati
593 641 622 685 ⁸,
649 645 790 678 universi
816 650 953 690 stantes,
980 648 1015 681 id
1042 652 1089 681 est
1109 643 1121 664 ⁰
1150 647 1347 681 cohortibus
1373 653 1429 681 aut
1455 648 1655 695 legionibus.

456 692 480 712 1⁰
681 692 704 712 11

236 695 435 729 Aeramina
506 695 658 729 utensilia

237 747 393 781 Avolant
417 743 441 764 ¹²
467 747 629 780 advolant
653 744 686 780 ¹³.

235 798 414 832 Astassint
434 795 458 816 11
484 800 632 832 steterint
654 795 686 832 ¹⁵.

234 849 393 883 Ambaxi
414 847 448 892 ¹⁶,
483 851 541 895 qui
567 851 692 886 circum
719 862 783 885 eun

234 901 336 947 Apor
356 897 381 918 ¹³
407 902 509 947 apud.

233 953 377 987 Amosz'o
398 950 422 970 ¹⁹
450 966 569 988 annuo,

235 1004 428 1050 Antiquam
448 1002 473 1023 ²⁰
499 1010 626 1040 veteres
654 1006 752 1038 etiam
779 1017 842 1050 pro
870 1006 974 1039 nobili
995 1003 1019 1023 ²¹
1046 1017 1198 1051 posuere.

232 1056 426 1090 Aestimius
453 1058 693 1091 aestimationes
714 1054 748 1090 ²².

231 1108 359 1142 Abisse
378 1105 403 1125 ²³
429 1119 493 1153 pro
521 1110 640 1143 adisse
662 1106 687 1127 ²⁴
713 1109 879 1143 dicebant.

232 1159 515 1194 Abamhulantes
543 1160 768 1194 abscedentes.

731 698 904 742 ampliora.

785 847 831 885 t¹⁷
859 857 890 885 et
915 853 1115 886 catervatim.

231 1211 396 1257 Aquilius
422 1223 627 1257 praenomen
657 1213 699 1245 ab
728 1212 847 1256 aquilo
874 1211 1006 1252 colore,
1033 1211 1068 1244 id
1096 1217 1145 1245 est
1170 1213 1287 1258 nigro,
1316 1218 1364 1246 est
1391 1213 1527 1248 dictum.

231 1263 431 1308 Antiquam
458 1269 506 1297 est
530 1265 563 1298 in
590 1275 720 1297 morem
742 1261 767 1281 ²⁵
793 1263 966 1307 pristinum
992 1263 1163 1298 reducere.

231 1314 418 1359 Attingem
440 1311 465 1333 ²⁶
491 1327 555 1361 pro
583 1317 743 1360 attingam
770 1326 921 1360 posuere.

230 1366 509 1411 Appellitavisse
524 1364 549 1385 ²⁷
576 1368 772 1412 appellasse.

230 1417 378 1451 Alteras
404 1420 576 1463 ponebant
601 1431 664 1464 pro
693 1430 752 1460 eo,
782 1416 877 1461 quod
905 1422 953 1450 est
975 1413 1000 1435 ²⁵³
1027 1417 1223 1451 adverbium
1250 1418 1353 1453 alias.

229 1469 413 1515 Argutum
440 1471 485 1504 iri
510 1471 544 1504 in
571 1471 747 1505 discrimen
770 1469 894 1503 vocari.

229 1521 373 1555 Aureus
400 1521 557 1556 dicebant
583 1524 694 1556 frenos
716 1518 756 1564 ²⁹,
784 1522 903 1565 quibus
925 1517 937 1537 3

229 1572 416 1607 Audacius
437 1570 462 1591 ³¹
486 1575 663 1619 pluraliter
688 1573 774 1607 Cato
801 1573 891 1606 dixit.

938 1517 950 1537 0

313 1684 344 1722 1)
367 1683 491 1724 defixae]
505 1685 592 1723 fixae
614 1695 661 1724 pr.
692 1702 734 1707 —
772 1683 801 1724 2)
825 1682 979 1722 inserunt]
1002 1682 1051 1711 Sic
1075 1683 1131 1712 Gu.
1152 1685 1183 1714 2.

229 1724 312 1764 Vulg.
336 1728 513 1756 inseruntur
527 1744 569 1751 —
583 1729 756 1766 referuntur
776 1727 810 1756 B.
837 1744 880 1749 —
913 1724 947 1767 3)
976 1725 1099 1765 Apica]
1123 1736 1182 1755 om.

228 1765 308 1797 hunc
321 1770 481 1800 articulum
505 1772 561 1800 Gu.
579 1775 606 1804 1.
633 1788 669 1792 —
692 1770 721 1810 4)
741 1771 846 1807 aulai,
870 1768 985 1808 musal]
1009 1769 1114 1806 aulai,
1133 1769 1184 1807 pi-

229 1812 306 1847 clai,
329 1815 432 1842 musac*
446 1815 472 1844 S.
490 1831 525 1836 -—
554 1813 583 1856 5)
600 1813 732 1853 Auceta]
748 1813 865 1842 Avecta
880 1818 913 1841 at
927 1817 1036 1840 auceta
1048 1812 1081 1841 B.
1110 1822 1185 1840 ανα-

230 1856 262 1878 ta
285 1852 321 1882 M.
346 1855 401 1884 Gu.
419 1859 447 1887 2.
474 1873 517 1879 —
548 1857 576 1896 6)
598 1856 735 1895 Alam-cet]
762 1857 812 1885 Sic
834 1856 867 1885 B.
889 1855 929 1884 M.
953 1855 1009 1886 Gu.
1033 1857 1062 1886 1.
1085 1857 1114 1886 2.
1137 1865 1184 1894 pr.

228 1893 359 1923 Aharcet
380 1897 465 1936 Vulg.
497 1916 541 1921 —
582 1901 610 1937 7)
633 1899 790 1939 prohihet]
820 1898 1001 1938 prohibetur
1028 1898 1062 1928 L.
1085 1897 1125 1928 M.
1147 1898 1182 1928 B.

230 1935 286 1964 Gu.
308 1939 334 1967 1.
359 1941 387 1968 2.
409 1950 454 1977 pr.
484 1957 525 1963 —
555 1942 584 1980 8)
608 1941 824 1981 agglomerata]
848 1942 1013 1981 glomerati
1031 1941 1064 1971 Β.
1087 1956 1129 1962 --
1151 1939 1183 1980 9)

229 1977 264 2006 id
283 1977 338 2016 est]
364 1981 395 2007 in
415 1981 445 2009 L.
468 1999 510 2004 —
532 1986 575 2021 10)
597 1986 769 2014 Aeramina
788 1985 935 2013 utensilia
953 1982 1119 2022 ampliora]
1135 1982 1183 2011 Sic

228 2021 335 2060 scripsi
349 2031 364 2050 e
380 2022 485 2061 Scalig.
503 2027 681 2057 coniectura.
703 2028 781 2057 Vide
796 2028 858 2057 eius
868 2031 934 2056 not.
967 2026 1053 2064 Vulg.
1065 2026 1184 2054 Acmm

228 2073 334 2091 oerum
361 2069 455 2093 utens.
477 2068 567 2104 ampl.
614 2072 726 2099 Aet-um
747 2081 853 2099 clerum
877 2069 1019 2100 autensil.
1034 2069 1126 2108 ampl.
1145 2069 1184 2097 M.

228 2116 336 2134 acrum
350 2116 407 2135 vas
422 2106 466 2134 ad
478 2113 572 2138 utens.
590 2114 680 2150 ampl.
694 2114 727 2142 L.
772 2114 1016 2143 Acrumaeruma
1032 2113 1061 2143 S.
1079 2127 1117 2133 —
1135 2109 1180 2150 11)

228 2149 386 2187 utensilia]
404 2151 572 2178 autensilia
587 2153 624 2180 M.
636 2155 690 2183 Gu.
703 2158 781 2185 1.—
792 2158 835 2194 12)
849 2155 999 2194 Avolcmt]
1014 2155 1063 2184 Sic
1073 2153 1180 2192 Scalig.

228 2190 274 2219 ed.
295 2191 453 2222 evolantL.
478 2194 800 2229 ‹cruolurztB.Gu.1.2.
813 2209 859 2237 pr.
882 2199 1022 2227 amolum
1033 2198 1072 2227 Μ.
1094 2196 1181 2235 Vulg.

226 2233 413 2273 Aevolvunt,
445 2235 529 2274 quod
545 2235 619 2264 nihil
635 2242 684 2265 est.
712 2254 752 2260 —
782 2240 825 2278 13)
848 2240 1014 2280 advolant]
1038 2240 1087 2268 Sic
1101 2240 1132 2268 L.
1147 2239 1180 2269 B.

226 2277 346 2305 evolant
360 2279 443 2317 pr.S.
467 2278 591 2306 avolant
609 2278 663 2306 Gu.
673 2281 702 2308 2.
716 2289 783 2308 cum
798 2282 879 2319 vulg.
889 2300 930 2304 —
947 2281 994 2324 14)
1006 2281 1180 2321 Astassint]

227 2319 277 2348 Sic
295 2320 463 2350 coniectura
476 2321 581 2359 Scalig.
599 2321 769 2349 certissima.
793 2329 927 2352 ‹zstasent
942 2326 979 2354 M.
989 2326 1082 2358 Gu.2.
1092 2325 1179 2363 Vulg.

227 2362 398 2393 Astassent.
431 2362 575 2393 Videatur
590 2364 699 2391 Sti-uve
716 2363 776 2391 Lat.
793 2364 872 2392 Decl.
890 2367 950 2394 und
966 2368 1047 2396 Coni.
1064 2378 1094 2406 p.
1107 2369 1178 2399 174.

227 2403 409 2435 Adstassent
428 2407 458 2436 S.
481 2422 521 2428 —
545 2404 589 2444 15)
608 2405 754 2444 eleterius]
776 2405 823 2434 Sic
837 2407 942 2445 scripsi
959 2418 973 2435 e
986 2409 1093 2446 Scalig.
1111 2420 1168 2439 con

977 1532 1141 1565 equorum
1169 1533 1264 1555 aures
1290 1522 1482 1567 religantur.

1227 1684 1343 1712 iectura
1364 1693 1421 1722 pro
1441 1682 1565 1721 vulgato
1590 1687 1743 1712 steterunt.
1798 1684 1889 1721 Quod
1912 1683 1938 1713 si
1960 1693 2021 1712 non
2043 1683 2185 1712 statuitur

1228 1735 1333 1755 verum
1347 1735 1422 1763 esse,
1438 1730 1501 1755 tota
1517 1725 1614 1764 glossa
1627 1726 1752 1765 pessime
1766 1732 1908 1767 corrupta
1924 1731 1979 1757 est.
1996 1743 2033 1748 —
2049 1724 2094 1766 16)
2108 1726 2184 1755 Am-

1228 1769 1310 1808 buxi]
1334 1769 1385 1797 Sic
1404 1767 1512 1808 scripsi
1530 1778 1545 1797 e
1560 1769 1667 1807 Scalig.
1683 1771 1760 1799 coni.
1789 1770 1878 1809 Vulg.
1891 1769 2066 1799 Ambiaxio.
2102 1769 2184 1798 Am-

1228 1811 1316 1840 baxio
1338 1812 1378 1841 Μ.
1423 1810 1589 1840 Ambrasio
1613 1811 1668 1840 Gu.
1685 1814 1714 1844 1.
1736 1829 1778 1835 —
1800 1810 1849 1853 17)
1870 1814 1926 1852 qui
1941 1813 2055 1840 circum
2071 1817 2143 1840 eunt
2158 1817 2185 1839 ec

1228 1853 1418 1893 catervatim]
1440 1855 1489 1884 Sic
1511 1853 1616 1894 scripsi
1633 1864 1649 1884 e
1667 1856 1838 1885 coniectura
1855 1855 1950 1892 Scal„
1970 1864 2063 1894 quum
2079 1854 2184 1892 vulga-

1225 1902 1255 1926 ta
1271 1896 1391 1926 habeat:
1415 1898 1472 1936 qui
1490 1898 1709 1926 circumeuntes
1723 1899 1917 1935 catervatim,
1941 1895 2025 1937 quod.
2038 1895 2113 1926 nihil
2129 1900 2182 1926 est.

1227 1951 1313 1979 quem
1334 1941 1554 1968 circumeuntes
1576 1945 1635 1970 cat.
1658 1941 1691 1970 L.
1737 1952 1816 1980 quae
1836 1941 1874 1970 M.
1899 1941 1956 1970 Gu.
1975 1942 2002 1972 1.
2046 1940 2184 1968 circum-

1226 1989 1342 2012 euntem
1363 1983 1396 2012 Β.
1418 1999 1462 2006 —-
1485 1983 1531 2020 18)
1550 1982 1649 2022 Apor]
1671 1984 1756 2023 Apot
1779 1984 1809 2015 L.
1833 2000 1876 2006 —
1900 1981 1946 2025 19)
1971 1980 2111 2021 Amo-sio]
2131 1980 2183 2010 sic

1225 2027 1329 2064 vulgo.
1373 2026 1505 2063 Scaliger
1519 2025 1591 2054 secit
1610 2036 1724 2061 annos,
1747 2026 1833 2055 cuius
1848 2025 1939 2065 genit.
1959 2029 2035 2055 esset
2049 2025 2180 2061 annotis,

1226 2069 1306 2098 unde
1321 2070 1495 2097 annotinus.
1523 2069 1594 2098 Post
1606 2080 1710 2098 annuo
1727 2069 1797 2098 add.
1810 2069 1842 2098 L.
1859 2069 1971 2098 omnia.
1987 2083 2031 2090 -
2047 2064 2093 2106 20)
2110 2066 2182 2095 An-

1225 2111 1360 2151 tiquam]
1386 2111 1435 2140 Sic
1458 2121 1561 2140 omnes
1582 2111 1670 2144 codd.
1693 2116 1722 2141 et
1738 2112 1823 2142 editt.
1847 2111 1924 2140 Scal.
1946 2109 2065 2149 scripsit
2079 2108 2181 2137 Anti-

1225 2165 1301 2185 cum.
1318 2170 1352 2176 —
1371 2156 1417 2189 21)
1437 2153 1545 2193 nobile]
1562 2154 1610 2182 Sic
1625 2155 1657 2184 L.
1689 2155 1777 2194 Vulg.
1798 2155 1918 2191 omnia,
1939 2152 2019 2192 quod
2033 2150 2107 2181 nihil
2124 2156 2178 2180 est.

1224 2197 1331 2236 Scalig.
1352 2197 1424 2226 secit
1443 2196 1514 2226 inde
1537 2198 1646 2228 ianua.
1690 2197 1749 2227 Sed
1771 2197 1844 2226 mihi
1868 2206 1940 2226 vera
1963 2195 2082 2225 videtur
2110 2193 2177 2223 cod.

1223 2241 1305 2280 Lips.
1328 2239 1491 2279 scriptura,
1522 2240 1604 2279 quod
1627 2241 1775 2279 antiquus
1796 2240 1884 2268 etiam
1905 2238 1942 2268 de
1963 2236 2076 2276 generis
2097 2236 2178 2265 anti-

1224 2284 1337 2322 quitate
1351 2287 1381 2311 et
1396 2282 1432 2311 de
1447 2292 1563 2311 morum
1589 2282 1739 2323 probitate
1760 2282 1879 2312 dicitur.
1904 2298 1939 2303 --
1963 2281 2008 2317 22)
2031 2280 2178 2308 aestima-

1224 2325 1329 2365 tiones]
1347 2325 1395 2354 Sic
1403 2325 1442 2354 M.
1471 2325 1581 2354 Omnes
1595 2325 1704 2364 reliqui
1720 2335 1787 2354 cum
1801 2324 1884 2362 vulg.
1901 2321 2175 2351 aestimationibus.

1222 2368 1352 2397 Mutavit
1363 2368 1468 2406 Scalig.
1490 2384 1533 2389 —
1556 2370 1599 2406 23)
1614 2367 1736 2406 Abisse]
1751 2367 1799 2396 Sic
1814 2367 1845 2395 L.
1862 2366 1896 2394 B.
1913 2365 1951 2394 M.
1972 2364 2027 2393 Gu.
2044 2367 2068 2395 1.
2084 2367 2113 2396 2.
2130 2374 2175 2403 pr.

1223 2410 1309 2449 Vulg.
1328 2410 1461 2440 Abiisse.
1478 2426 1520 2432 -
1543 2411 1589 2447 24)
1605 2409 1715 2448 adisse]
1732 2409 1780 2437 Sic
1795 2409 1827 2437 L.
1848 2407 1882 2436 Β.
1905 2407 1943 2436 Μ.
1970 2406 2025 2435 Gu.
2043 2410 2068 2438 1.
2084 2409 2114 2439 2.
2129 2415 2174 2445 pr.

2259 1736 2263 1791 1
