2263 2668
677 110 908 147 EUTYCHII
941 106 1256 145 GRAMMATICI
1294 108 1384 142 LIB.
1414 109 1457 143 11.

431 270 946 315 EUTYGHII
1015 268 1681 313 GRAMMATICI

722 397 929 429 LIBER
976 395 1391 428 SECUNDUS1.

83 567 116 600 1.
170 546 309 599 Omnia
330 562 363 595 in
390 562 432 595 bo
460 562 516 595 vel
542 563 575 595 in
601 562 664 595 bor
690 562 871 596 desinentia
893 561 993 595 verba
1014 571 1212 605 quacunque
1233 560 1342 594 vocali
1369 572 1427 594 seu
1457 566 1654 596 consonante
1684 562 1929 606 praecedente,
1955 562 2028 607 pri-

81 629 156 652 mae
178 619 250 650 sunt
272 614 533 658 coniugationis,
560 618 595 646 ut
620 614 705 658 libo,
734 614 843 658 libas-,-
864 612 995 659 probo,
1018 612 1176 657 probus,-
1210 611 1311 655 orba,
1339 611 1464 651 ονῖιαες
1498 613 1624 658 titubo,
1653 613 1802 653 titubas5
1829 613 1934 656 cubo,
1962 625 2026 648 cu-

81 669 165 707 bas,·
191 665 341 707 excubo,
368 661 453 709 «13²,-
479 665 582 707 subo,
609 665 724 699 subus.
776 666 935 698 Horatius
961 665 1043 697 dixit
1059 661 1071 681 ³
1104 665 1138 697 in
1163 663 1307 709 Epodo:

311 717 459 761 Iamque
487 716 656 750 subando.

80 771 301 815 Excipiuntur
323 780 433 813 pauca
453 779 539 811 quae
562 768 605 801 ad
629 768 760 801 tertiam
783 767 1053 812 coniugationem
1081 771 1272 810 correptam
1294 767 1491 812 perveniunt
1511 764 1533 800 ⁴.

81 824 185 868 longa
211 831 314 854 unum
341 819 513 863 deponens
535 820 713 861 invenitur,
740 823 777 852 ut
793 816 804 836 ⁵
829 818 948 862 labor,
976 817 1123 860 laberis,
1151 818 1240 851 unde

307 870 459 904 Labitur
484 875 590 904 wicta
620 871 724 904 vadis
746 870 843 904 abies
859 868 892 910 ὓ;

81 925 174 971 apud
196 923 375 968 Virgilium
404 922 495 957 VIII.
513 923 598 955 libro
621 922 789 955 Aeneidos
806 922 963 966 legimus3
990 933 1009 954 a
1032 932 1100 965 quo
1125 925 1158 954 et
1181 920 1395 965 participium
1418 921 1539 966 lapsus
1561 921 1616 964 fit,
1644 921 1792 965 quamvis
1817 921 1878 955 sub
1909 920 2031 955 eodem

81 989 175 1011 sensu
197 976 296 1010 etiam
315 974 443 1018 primae
463 974 704 1019 coniugationis
732 973 875 1007 activum
905 973 960 1007 vel
981 978 1135 1007 neutrum
1164 973 1327 1007 iuvenitur
1349 973 1567 1008 antecedente
1591 984 1633 1017 a,
1660 972 1719 1006 sed
1741 973 1851 1016 brevi,
1877 977 1914 1006 ut
1938 971 2031 1015 labo,

82 1040 143 1073 as,
170 1032 231 1069 at,
258 1025 348 1060 unde
372 1026 406 1057 in
427 1025 470 1057 11.
487 1022 499 1041 ⁷
527 1025 614 1058 libro
636 1024 796 1069 Virgilius
823 1024 917 1059 dixit:
1095 1032 1102 1035 ‘

306 1076 428 1110 Labat
453 1077 564 1110 ariete
590 1075 713 1110 erebro

311 1128 438 1161 Ιαηῑια.

84 1181 254 1217 Scaberet
284 1180 382 1212 etiam
395 1176 418 1220 ⁸,
445 1177 539 1222 quod
561 1178 678 1211 tertiae
708 1188 872 1223 personae.
899 1177 1089 1222 imperfecti
1117 1179 1277 1223 temporis
1310 1177 1507 1214 subiunctivi
1534 1177 1629 1212 modi
1649 1173 1661 1193 ⁹
1690 1176 1857 1222 quandam
1883 1177 2032 1222 speciem

83 1245 229 1275 servans,
256 1230 348 1276 apud
364 1230 543 1263 Horatium
563 1229 597 1262 in
616 1230 703 1262 libro
727 1230 838 1274 primo
861 1230 1060 1264 Sermonum
1076 1225 1101 1246 ¹⁰
1119 1231 1302 1274 reperitur,
1328 1235 1383 1264 ut:

309 1282 428 1327 Saepe
454 1284 561 1326 eaput
590 1281 750 1314 scaberet
772 1281 868 1315 vivos
891 1285 924 1314 et
945 1281 1088 1314 roderet
1116 1293 1273 1327 ungue&

81 1334 266 1369 notavimus
283 1331 307 1351 ¹¹
337 1333 430 1377 quasi
452 1333 567 1366 tertiae
591 1332 849 1378 coniugationis,
882 1333 960 1366 lieet
989 1333 1117 1366 nullum
1150 1335 1218 1366 eius
1251 1332 1352 1367 alium
1374 1337 1503 1366 motum
1530 1331 1621 1378 apud
1642 1331 1788 1375 aliquem
1817 1330 1946 1363 interim
1971 1339 2031 1362 co-

81 1387 271 1432 gnovimus;
297 1386 357 1418 nisi
377 1385 570 1419 infinitivum
597 1384 744 1419 scabere
773 1384 865 1429 apud
890 1384 1114 1429 Menippeum
1132 1381 1156 1402 ¹²
1177 1385 1361 1418 Varronem
1387 1386 1422 1418 in
1450 1385 1633 1423 Catamito;
1665 1382 1757 1427 quod
1778 1383 1886 1415 venire
1897 1378 2030 1427 [2169]

82 1451 102 1472 a
116 1438 282 1483 positione
294 1437 404 1475 verbi,
423 1436 517 1481 quod
539 1440 587 1470 est
605 1436 725 1470 seabio
744 1436 798 1469 vel
819 1435 943 1479 seabo,
957 1436 1047 1469 unde
1070 1436 1208 1471 scabies
1234 1448 1357 1470 nomen
1380 1441 1428 1470 est
1456 1436 1640 1469 derivatum
1654 1431 1689 1477 ¹³,
1719 1433 1893 1467 verisimile
1921 1435 2031 1477 potest

83 1489 259 1523 existimari
274 1485 309 1521 ¹⁴.
362 1488 390 1521 I
405 1500 485 1521 vero
507 1488 724 1523 antecedente
737 1484 772 1529 ¹5,
798 1487 884 1521 haec
911 1492 985 1521 sunt
1010 1492 1138 1521 tantum
1162 1489 1280 1522 tertiae
1305 1488 1564 1533 coniugationis,
1594 1487 1686 1520 brevi
1714 1485 1850 1530 quidem
1877 1488 1914 1517 ut
1940 1482 2029 1521 bibo,

82 1541 132 1578 2⁹33
156 1542 260 1585 longa
283 1551 363 1573 vero
391 1545 428 1573 ut
449 1539 583 1581 scribo,
612 1540 652 1573 is.
705 1540 790 1572 Item
816 1539 926 1572 vocali
956 1540 1060 1583 longa
1091 1540 1309 1574 antecedente
1337 1551 1440 1573 unum
1474 1543 1521 1571 est
1549 1538 1664 1570 tertiae
1688 1533 1723 1578 ¹⁰,
1753 1536 1863 1581 nubo,
1898 1535 1936 1569 is.
1989 1532 2036 1566 M

82 1603 163 1625 vero
179 1589 203 1609 ¹⁷
225 1591 442 1625 antecedente
467 1592 535 1624 duo
556 1596 646 1633 sunt,
671 1596 708 1624 ut
737 1590 871 1634 lambo,
899 1590 971 1634 bis,
998 1591 1087 1625 unde
1110 1592 1269 1637 Virgilius
1296 1591 1338 1624 II.
1360 1591 1449 1624 libro
1471 1588 1639 1622 Aeneidos
1657 1588 1754 1621 dixit:

312 1642 489 1676 Lambere
505 1642 667 1689 flamma
692 1653 811 1676 comas
826 1638 872 1681 ¹⁶³5

83 1697 116 1728 et
139 1689 196 1727 a¹⁹
217 1693 322 1727 verbo
345 1694 485 1736 cmubo,
514 1694 607 1739 quod
627 1694 769 1739 simplex
796 1694 830 1727 in
850 1705 912 1727 usu
932 1704 998 1726 non
1023 1698 1089 1735 est,
1114 1692 1297 1737 composita
1313 1687 1354 1731 ²⁰,
1374 1694 1411 1723 ut
1432 1689 1610 1733 incumbo,
1637 1689 1706 1732 bis,
1731 1685 1940 1734 procumbo,
1969 1684 2030 1726 bis,

1587 767 1623 801 Α
1646 766 1782 812 quidem
1809 766 2027 802 antecedente

168 1827 196 1868 1)
220 1830 321 1859 Codex
343 1841 405 1860 uno
427 1836 530 1861 tenore
552 1831 590 1860 ad
611 1831 767 1871 superiora
791 1830 940 1869 adiungit:
971 1831 1037 1858 Ει-

80 1871 171 1911 plici:
191 1872 244 1902 lib.
269 1873 294 1903 I.
317 1875 434 1913 incipit.
460 1875 498 1903 II.
527 1875 682 1904 Praeterea
706 1873 861 1912 inscriptio
891 1873 976 1902 nulla
1004 1873 1036 1900 in

84 1914 156 1944 Cod.
174 1914 267 1942 Liber
291 1916 442 1945 secundus
462 1918 612 1956 Eutychi-s·
629 1917 664 1945 de
684 1916 870 1944 indicatione
884 1916 1036 1954 finalita-

85 1958 126 1985 tis
144 1957 322 1995 specialium
341 1960 520 1997 regularum
536 1961 615 1991 Cam.
638 1965 666 1988 et
683 1960 714 1988 P.
738 1969 813 1998 quae
835 1963 904 1986 sunt
926 1969 941 1985 a
959 1957 1033 1984 male

84 1999 189 2028 sedulo
213 1999 336 2029 adiecta.
359 2017 397 2022 --
426 2000 456 2042 2)
483 2003 617 2031 Sacc-ubo
640 2002 792 2030 succuba-9
810 2000 892 2029 addit
915 1999 944 2027 h.
964 1999 983 2026 l.
1005 1999 1033 2028 P.

83 2058 126 2064 --
147 2039 176 2080 3)
193 2042 347 2070 Horatius
370 2045 403 2071 in
425 2044 531 2082 Epodo
556 2061 598 2067 —
621 2046 712 2083 refert
732 2044 811 2072 Cam.
837 2047 866 2071 et
890 2043 920 2070 P.
939 2042 1035 2068 Locus

84 2083 202 2113 Horatii
223 2088 267 2112 est
292 2085 387 2123 Epod.
409 2086 484 2123 XII,
510 2090 559 2119 11.
586 2103 629 2109 --
667 2088 695 2121 4)
726 2087 813 2124 Quae
840 2083 884 2111 cul
914 2084 1034 2110 tei-liam

80 2128 260 2166 perveniunt
281 2129 522 2166 coniugationem
545 2130 624 2158 Cam.
648 2134 676 2158 et
704 2129 736 2158 P.
763 2128 798 2155 In
824 2126 894 2155 Cod.
917 2125 1034 2160 vulgata

86 2180 102 2198 a
121 2179 176 2198 ser.
200 2179 289 2197 maim
309 2173 354 2197 est
374 2171 522 2200 restituta.
550 2188 590 2193 —
621 2174 650 2208 5)
681 2171 719 2199 Ut
744 2170 893 2197 adiectum
923 2177 939 2195 e
962 2167 1034 2198 eod.

87 2229 125 2234 -—
150 2212 184 2247 6)
206 2211 288 2249 Virg.
310 2211 381 2241 Aen.
406 2212 490 2250 VIII,
513 2217 562 2246 91.
585 2214 663 2242 Turn
690 2215 720 2240 in
747 2211 824 2239 libro
853 2209 936 2239 VlIL
958 2210 1034 2238 Aen.

86 2254 165 2282 Cam.
188 2258 217 2282 et
241 2254 270 2282 P.
299 2270 340 2276 —
373 2254 404 2291 7)
436 2254 517 2283 Unde
542 2256 581 2285 ΙΙ.
607 2256 659 2285 lib.
690 2254 803 2291 Virgil.
832 2252 912 2280 Cam.
945 2256 975 2280 et
1003 2252 1034 2280 P.

85 2297 183 2324 Locus
207 2295 289 2334 Virg.
315 2301 358 2324 est
382 2297 452 2324 Aen.
478 2297 523 2334 11,
545 2299 616 2329 492.
650 2312 687 2318 —-
718 2296 749 2333 8)
773 2294 910 2324 &aberet
932 2296 1035 2322 etiam.

86 2339 143 2368 Pro
161 2338 208 2367 his
228 2338 260 2367 in
274 2337 450 2367 Putschiana
471 2348 509 2367 ex
530 2338 776 2378 interpretatione
791 2338 945 2376 leguntur:
968 2337 1034 2365 Ex-

87 2383 202 2420 cipitur
221 2381 340 2410 scabere
361 2392 394 2409 at·
412 2382 517 2419 prima
537 2383 767 2420 coniugatione,
797 2391 832 2408 ne
859 2381 930 2418 quis
945 2385 1033 2418 putet

1075 1830 1194 1867 primae
1212 1826 1453 1864 conszcgationi⁸;
1484 1824 1540 1853 Sed
1561 1826 1670 1861 etiam,
1693 1834 1768 1863 quae
1788 1825 1930 1862 ignorant
1956 1823 2029 1852 Cod.

1078 1876 1106 1899 et
1129 1870 1208 1898 Cam.
1229 1884 1272 1889 —
1293 1869 1323 1906 9)
1341 1869 1399 1896 Est
1413 1867 1542 1897 intrudit
1564 1867 1595 1898 h.
1615 1867 1634 1895 l.
1652 1867 1683 1896 P.
1707 1883 1749 1890 —-
1773 1866 1817 1907 10)
1844 1868 1882 1896 Im
1902 1866 1927 1895 I.
1951 1866 2028 1894 libro

1078 1914 1169 1940 Serm.
1195 1911 1273 1940 Cam.
1302 1915 1330 1939 et
1351 1911 1383 1940 P.
1405 1910 1502 1939 Locus
1527 1910 1601 1940 Hor.
1623 1914 1667 1938 est
1690 1910 1750 1939 Sat.
1782 1909 1811 1945 Ι,
1836 1912 1890 1946 10,
1913 1911 1964 1941 71.
1986 1924 2029 1930 —

1077 1955 1123 1992 11)
1143 1955 1294 1982 Nummus
1313 1953 1394 1982 Cam.
1419 1969 1459 1974 ——
1485 1951 1529 1992 12)
1552 1953 1779 1991 stlenippaeum
1799 1952 1830 1982 P.
1847 1952 1934 1980 Deest
1950 1951 1980 1980 11.
1994 1960 2025 1980 v.

1078 1996 1109 2024 in
1132 1997 1209 2026 Cam.
1234 1996 1438 2034 stlenippezcm
1459 2001 1540 2025 recte
1563 1996 1635 2025 cod.
1657 1995 1747 2023 Hunc
1763 1994 1864 2023 locum
1879 1994 2028 2032 fragmen-

1077 2039 1115 2067 tis
1136 2038 1275 2067 Varronis
1298 2039 1500 2067 adnumerato.
1529 2054 1571 2060 —
1602 2039 1649 2075 13)
1677 2038 1861 2066 Derivatmn
1888 2041 1923 2065 et
1955 2036 2025 2065 cod.

1078 2082 1157 2109 Cam.
1175 2086 1200 2109 ει
1222 2080 1303 2109 abest
1320 2085 1399 2110 recte
1414 2091 1430 2108 a
1446 2081 1478 2112 P.
1499 2098 1542 2103 —
1563 2081 1607 2116 14)
1624 2081 1809 2109 Evistz'man·
1824 2084 1925 2119 potest
1946 2079 2025 2108 Cam.

1077 2124 1107 2153 P.
1124 2124 1205 2153 Ordo
1227 2128 1328 2152 noster
1352 2134 1367 2152 e
1391 2123 1463 2153 cod.
1485 2138 1528 2145 —-·
1550 2121 1597 2164 15)
1616 2121 1813 2151 Antecedente
1834 2122 1877 2150 ho
1900 2122 1979 2150 Cam.
1993 2121 2025 2150 P.

1077 2166 1167 2195 Pori-0
1193 2166 1262 2196 Cod.
1288 2166 1364 2194 llaec
1388 2172 1488 2194 tamen
1510 2171 1583 2195 sunt
1602 2167 1715 2195 tertiae.
1739 2182 1776 2187 —
1801 2164 1849 2203 16)
1875 2164 2027 2201 Coniuga-

1076 2209 1168 2238 tionis
1189 2214 1221 2236 ut
1242 2208 1357 2237 addunt
1379 2209 1459 2238 Cam.
1479 2209 1512 2238 P.
1534 2225 1576 2231 —
1600 2208 1645 2247 17)
1663 2209 1853 2237 consonante
1865 2206 2025 2236 intrudunt

1077 2251 1156 2280 Cam.
1178 2252 1209 2280 P.
1244 2268 1287 2273 —-
1315 2251 1361 2288 18)
1379 2251 1459 2290 Virg.
1480 2251 1554 2280 Aen.
1578 2251 1622 2287 ΙΙ,
1648 2253 1719 2283 684.
1745 2250 1780 2278 In
1802 2249 1873 2278 Cod.
1892 2253 1921 2277 et
1945 2249 2023 2276 Cam.

1075 2298 1136 2323 est:
1165 2294 1242 2322 libro
1279 2294 1317 2324 V.
1343 2293 1503 2323 Aeneidos.
1531 2311 1573 2316 —
1603 2291 1647 2332 19)
1668 2293 1756 2321 Deest
1781 2291 1960 2332 praepositio
1990 2290 2021 2317 in

1076 2336 1146 2366 eod.
1166 2352 1208 2359 —-
1229 2333 1276 2377 20)
1295 2336 1374 2366 Sunt
1396 2336 1518 2366 additur
1537 2337 1570 2366 in
1590 2336 1663 2365 eod.
1680 2340 1710 2365 et
1729 2335 1808 2364 Cam.
