2263 2668
531 160 595 194 DE
621 158 1007 194 SIGNIFICATIONE
1033 159 1321 196 VERBORUM.
1380 161 1525 195 LIBER
1549 162 1608 198 XI.
1973 166 2048 203 513

261 252 384 284 Muta.
421 253 503 283 Muta
532 258 600 282 exta
629 254 787 290 dicuntur,
825 252 933 291 quibus
962 252 1037 282 nihil
1068 254 1258 284 divinationis
1289 259 1340 284 aut
1367 255 1503 294 responsi
1532 255 1656 287 elicitur.
1701 257 1740 286 Ut
1762 262 1866 287 contra
1890 259 2045 299 adiutoria,

99 306 175 335 quae
198 301 312 325 certum
343 296 454 335 aliquid
485 296 636 333 indicant,
674 301 725 325 aut
748 295 783 324 ab
810 295 949 325 incendio
979 301 1030 324 aut
1058 308 1074 325 a
1101 307 1214 327 veneno
1244 297 1356 336 talique
1383 307 1414 326 re
1443 303 1556 326 certum
1584 298 1695 327 instare
1721 301 1888 340 periculum
1915 307 2045 341 porten-

99 340 192 375 dunt,
217 344 268 368 aut
289 338 392 368 finium
415 339 656 370 deminutionem.
679 337 779 369 Scal.
815 339 861 368 Ex
881 338 1039 367 ruderibus
1062 339 1127 368 istis
1150 340 1265 378 aliquid
1288 339 1420 368 excitare
1443 340 1571 369 difficile.
1608 341 1687 370 Nihil
1710 343 1786 372 enim
1810 342 1936 373 schedae
1959 355 2044 384 prae-

99 386 143 410 ter
172 381 305 412 lacunas.
349 382 396 410 Sic
424 386 523 410 tamen
551 387 632 411 recte
660 382 782 419 vestigia
810 381 892 419 sequi
919 381 1039 410 videor:
1076 381 1167 411 Muta
1190 382 1327 412 dicuntur
1349 383 1447 411 omnia
1469 394 1543 423 quae
1563 382 1641 412 nihil
1660 383 1765 414 habent
1788 386 1846 414 nisi
1865 396 1962 416 vocem
1985 388 2044 417 sive

97 424 239 463 mugitum
270 423 378 464 absque
407 423 572 461 intellectu,
609 423 677 453 inde
706 425 791 452 etiam
822 430 918 452 mutas
947 422 1072 453 dicimus
1094 423 1205 454 litteras
1228 436 1300 465 quae
1322 425 1364 453 im
1384 426 1611 463 pronuntiantur
1632 433 1664 454 ut
1686 428 1734 456 cui
1751 428 1850 467 potius
1871 430 2042 458 conveniant

98 477 170 496 sono
194 468 332 506 cognosci
354 477 412 496 non
431 467 533 507 possit.
556 466 612 495 Da
623 478 646 496 c.
691 466 736 495 Ex
760 465 857 496 verbis
879 466 957 494 Festi
980 476 1159 504 cognoscere
1182 467 1308 506 poteris,
1341 467 1439 505 qualia
1462 472 1528 496 exta
1550 478 1609 496 non
1633 474 1712 497 muta
1737 470 1879 507 dixisset,
1902 475 1935 499 ut
1956 471 1982 500 si
2005 472 2040 500 ab

97 508 254 546 incendio,
275 519 405 546 veneno,
428 514 479 538 aut
503 509 561 538 alio
584 509 636 538 tali
659 509 791 548 periculo
815 519 943 547 aruspex
966 509 1131 537 cavendum
1155 520 1216 539 esse
1240 509 1456 548 respondisset,
1478 514 1528 539 aut
1550 510 1574 538 si
1596 509 1699 540 finium
1723 512 1953 542 deminutionem
1971 524 2040 552 por.

97 551 180 580 tendi
203 552 335 582 dixisset.
379 551 459 580 Haec
482 552 591 581 Paulus
621 552 720 580 omisit
749 551 792 580 uti
822 551 919 580 inania
950 555 979 579 et
1008 551 1071 580 iure
1099 552 1249 590 religionis
1272 562 1359 580 verae
1381 553 1601 581 contemnenda.
1626 553 1712 583 Ant.
1736 554 1831 593 Aug.
1876 556 1914 584 Ut
1937 561 2039 585 contra

98 603 173 632 quae
197 593 311 632 aliquid
332 594 569 633 portendebant,
594 594 768 623 dicebantur
790 601 905 633 arguta.
944 594 1035 622 Cicer.
1052 594 1090 624 II.
1116 595 1151 622 de
1174 595 1313 624 divinat:
1337 593 1412 622 Sunt
1434 596 1508 623 enim
1530 596 1581 635 qui
1601 595 1648 624 vel
1667 598 1854 635 argutissima
1875 597 1947 627 haec
1968 606 2040 628 exta

97 647 156 664 esse
178 635 287 667 dicant.
311 636 401 666 Dae.
445 638 510 666 Non
541 642 622 665 muta
645 637 754 675 igitur,
789 647 825 665 ex
850 636 955 675 quibus
979 637 1090 674 aliquid
1116 637 1311 666 divinationis
1335 636 1620 674 animadvertebant3
1657 644 1747 677 puta,
1782 639 1806 667 si
1829 638 1865 667 ab
1888 640 2037 677 incendio,

96 687 229 715 veneno,
263 683 314 707 aut
336 679 393 707 alio
416 679 467 708 tali
489 680 626 718 periculo
648 679 812 708 cavendum
835 689 896 708 esse
917 679 1120 718 respondisset
1145 690 1254 716 augur3
1293 684 1343 707 aut
1366 679 1390 707 si
1412 679 1510 708 finium
1539 680 1761 711 diminutionem
1783 682 1920 720 portendi
1942 683 2038 711 dixis-

97 726 148 750 set.
193 721 224 749 ld
248 721 324 749 enim
348 732 385 750 ex
408 722 485 750 Festi
507 722 670 760 fragmento
693 722 780 750 facile
803 726 900 761 potest
922 722 1052 759 intelligi.
1100 720 1205 751 Goth.

260 763 415 793 Maiora
445 766 633 804 auspicia.
674 765 734 805 (Ad
756 775 786 803 p.
802 763 883 803 173.)
921 764 966 792 Ex
993 765 1069 792 libro
1092 764 1129 793 M.
1152 764 1293 792 Messalae
1316 763 1444 801 Auguris
1468 763 1504 792 de
1527 765 1663 803 auspiciis
1685 765 1781 804 primo
1806 765 1888 804 apud
1910 766 2038 795 Gellium

95 805 146 833 lib.
161 805 240 834 XIII.
263 807 351 837 c.14.
375 806 448 835 haec
470 807 549 836 Festi
572 807 663 836 verba
686 807 841 844 intelliges,
887 807 1083 836 Patriciorum
1107 807 1238 845 auspicia
1261 807 1291 834 in
1315 805 1389 833 duas
1412 811 1480 834 sunt
1502 812 1660 844 potestates
1684 808 1796 843 divisa,
1819 808 1946 836 maxima
1969 814 2039 838 sunt

96 848 275 884 Consulum,
307 849 493 886 Praetorum,
517 851 695 879 Censorum:
726 850 911 887 reliquorum
933 851 1155 887 magistratuum
1180 850 1293 877 minora
1317 853 1384 876 sunt
1407 848 1545 886 auspicia.
1589 849 1658 878 Ideo
1680 850 1724 878 illi
1748 851 1890 887 minores,
1921 850 1953 878 hi
1976 862 2039 880 ma-

94 890 171 919 iores
201 891 391 929 magistratus
419 892 621 931 appellantur:
656 892 780 921 Maiora
808 899 901 920 autem
934 890 1071 921 dicuntur
1100 893 1234 931 auspicia
1256 890 1377 927 habere,
1412 891 1509 928 inquit
1533 891 1661 928 Gellius,
1696 893 1765 932 quia
1787 903 1884 921 eorum
1907 894 2040 932 auspicia

94 934 191 972 magis
213 941 280 962 rata
302 942 385 971 sunt,
420 946 508 975 quam
532 934 667 965 aliorum.
691 935 781 964 Ant.
804 934 896 972 Aug.
942 934 994 962 His
1015 935 1054 963 ita
1077 935 1271 963 restituendis
1293 933 1366 961 mihi
1389 933 1467 961 viam
1491 934 1623 962 fecerunt
1645 945 1718 971 quae
1741 945 1777 962 ex
1799 934 1875 963 libro
1900 935 2039 964 Messalae

94 974 223 1012 Auguris
247 975 283 1004 de
307 978 447 1016 auspiciis
469 978 567 1016 primo
592 977 670 1016 apud
695 976 822 1005 Gellium
846 976 986 1014 leguntur
1007 977 1056 1006 lib.
1070 977 1151 1006 XIII.
1175 988 1241 1016 cap.
1259 977 1322 1007 14.:
1359 974 1556 1004 Patriciorum
1586 977 1718 1015 auspicia
1744 977 1774 1005 in
1798 975 1871 1006 duas
1891 984 1957 1005 sunt
1976 989 2038 1017 po-

93 1023 210 1046 testates
233 1016 344 1055 divisa,
367 1021 504 1048 maxima
526 1027 593 1048 sunt
612 1018 785 1055 Consulum,
809 1017 993 1055 Praetorum,
1019 1018 1182 1049 Censorum.
1215 1018 1407 1059 Reliquorum
1431 1019 1652 1057 magistratuum
1675 1019 1789 1047 minora
1809 1026 1875 1047 sunt
1896 1021 2037 1059 auspicia.

93 1057 165 1089 Ideo
188 1058 236 1089 illi
257 1062 396 1097 maiores,
433 1061 465 1090 lzi
486 1064 611 1091 minores
632 1063 824 1101 magistratus
845 1060 1039 1100 appellantur.
1083 1063 1118 1090 Et
1141 1067 1242 1100 postea
1266 1072 1312 1089 me
1335 1071 1393 1089 non
1417 1071 1526 1088 vanum
1549 1062 1744 1089 coniectorem
1767 1061 1856 1089 fuisse
1879 1062 1976 1100 reperi
2000 1072 2039 1091 ex

93 1101 210 1131 schedis
234 1102 284 1131 ubi
308 1105 405 1132 omnia
429 1105 466 1133 ad
490 1105 633 1142 verbum3
671 1104 780 1132 maiora
805 1108 902 1132 autem
932 1105 1061 1143 auspicia
1085 1104 1191 1133 habere
1215 1105 1369 1137 dicuntur,
1408 1103 1505 1140 inquit
1528 1103 1657 1139 Gellius,
1693 1104 1761 1141 quia
1784 1113 1885 1133 eorum
1908 1105 2039 1143 auspicia

93 1145 185 1182 magis
208 1150 272 1173 rata
295 1152 365 1175 sunt
389 1157 476 1185 quain
501 1148 635 1176 aliorum.
676 1148 713 1175 Et
736 1146 804 1174 iude
826 1146 925 1174 lucem
949 1148 1027 1186 capit
1048 1145 1124 1176 illud
1146 1147 1248 1185 virgil.
1271 1147 1321 1175 lib.
1335 1146 1385 1174 IH.
1410 1145 1532 1174 Aeneid.
1558 1145 1669 1181 (374.):

668 1197 747 1226 Nate
769 1195 838 1234 dea,
868 1208 935 1225 nam
957 1204 984 1225 te
1005 1196 1165 1227 maioribus
1186 1198 1227 1225 ire
1246 1208 1299 1236 per
1320 1195 1413 1225 altum

670 1239 825 1279 Auspiciis
847 1239 1004 1280 manifesta
1016 1239 1106 1280 fides.

91 1289 154 1318 Etsi
181 1289 302 1318 Servius
332 1289 492 1319 maioribus
520 1290 733 1329 interpretatur
760 1288 946 1327 coelestibus,
985 1301 1019 1319 eo
1048 1290 1130 1329 quod
1158 1290 1322 1328 auspicium
1352 1289 1431 1328 quod
1462 1288 1499 1317 de
1528 1288 1610 1316 coelo
1641 1292 1732 1324 esset,
1771 1287 1862 1316 verbo
1888 1287 2039 1326 Augurum

90 1333 214 1370 proprio
238 1333 401 1361 maximum
425 1333 587 1363 dicebatur.
626 1333 683 1361 Sed
707 1343 770 1361 mea
792 1332 1000 1371 interpretatio
1023 1332 1097 1362 mihi
1122 1333 1241 1362 videtur
1262 1332 1378 1372 purior.
1416 1332 1454 1360 Et
1476 1330 1536 1359 huc
1558 1331 1724 1370 respexisse
1746 1330 1864 1359 videtur
1887 1330 2039 1368 Horatius,

93 1384 159 1403 cum
183 1375 289 1404 cecinit
312 1375 367 1404 Od.
386 1375 414 1406 5.
438 1375 550 1404 lib.IV.
574 1376 622 1413 (6,
646 1385 673 1405 v.
688 1377 765 1413 21.):

666 1417 709 1446 Ni
732 1418 789 1446 tuis
809 1417 904 1446 victus
929 1416 1105 1458 Venerisque
1123 1425 1227 1457 gratae

672 1458 814 1497 Vocibus,
837 1459 943 1489 Divum
967 1467 1052 1500 pater
1073 1461 1219 1489 annuisset

666 1501 766 1531 Rebus
787 1502 907 1530 Aeneae
926 1503 1041 1541 potiore
1063 1501 1167 1532 ductos

745 1543 830 1573 Alite
851 1554 958 1572 muros.

91 1595 179 1631 Quod
204 1594 344 1633 Virgilius
369 1595 486 1624 dixerat
507 1594 671 1624 maioribus
692 1594 849 1633 auspiciis,
887 1593 951 1632 ipse
981 1594 1057 1622 dixit
1086 1593 1204 1632 potiore
1233 1594 1310 1623 alite.
1353 1594 1456 1632 Neque
1479 1593 1637 1631 Virgilium
1666 1592 1772 1621 melius
1795 1601 1883 1630 quam
1905 1600 1958 1629 per
1979 1589 2040 1619 Ho-

89 1638 217 1675 ratium,
256 1643 288 1666 ut
320 1643 423 1666 contra
452 1637 607 1666 Horatium
638 1636 742 1665 melius
772 1645 925 1674 nunquam
955 1646 1042 1675 quam
1072 1646 1128 1675 per
1158 1636 1314 1674 Virgilium
1344 1638 1441 1675 possis
1472 1635 1669 1675 interpretari.
1700 1634 1787 1663 Dac.
1839 1633 1882 1662 Cf.
1912 1632 2041 1662 Gellium

89 1679 160 1708 xm
197 1682 226 1712 4.
274 1678 301 1708 G
309 1679 379 1709 oth.

166 1703 174 1718 7
253 1721 418 1751 Mensae.
462 1722 499 1749 Ut
522 1721 601 1750 Festi
628 1720 721 1749 verba
743 1720 904 1758 intelligas,
940 1725 1059 1759 praeter
1080 1721 1163 1750 Pauli
1185 1721 1336 1760 epitomen
1358 1720 1422 1759 lege
1444 1719 1575 1750 Macrob.
1599 1719 1649 1748 lib.
1663 1718 1713 1748 .
1736 1720 1853 1747 Saturn.
1877 1717 1949 1747 dum
1971 1717 2040 1746 Vir-

91 1764 140 1802 gil.
156 1763 239 1801 VIII,
263 1762 363 1805 (279.)
387 1764 509 1794 Aeneid.
533 1774 651 1793 versum
675 1764 906 1802 interpretatur:

665 1813 703 1843 In
724 1824 853 1842 mensam
875 1812 945 1842 laeti
967 1812 1079 1851 libant,
1110 1812 1249 1854 divosque
1269 1820 1435 1853 precantur.

91 1864 180 1895 Ant.
197 1864 292 1904 Aug.
326 1865 448 1894 Mensae
469 1866 499 1894 in
523 1864 643 1894 aedibus
665 1866 758 1895 sacris
780 1876 898 1894 ararum
921 1865 1012 1894 vicem
1036 1864 1178 1901 obtinent,
1210 1865 1280 1904 quia
1303 1862 1414 1903 legibus
1434 1873 1532 1892 earum
1556 1862 1683 1892 omnium
1706 1872 1810 1891 sacrae
1830 1872 1944 1890 mensae
1964 1867 2040 1896 sunt,

91 1914 122 1936 ut
143 1906 221 1936 velut
244 1908 274 1936 in
296 1917 415 1936 ararum
439 1907 486 1937 vel
503 1907 668 1948 pulvinaris
697 1907 764 1937 loco
794 1908 859 1936 sint.
905 1906 1018 1936 Privati
1044 1918 1157 1948 quoque
1184 1907 1215 1935 in
1242 1907 1334 1945 privis
1363 1906 1435 1945 ipsis
1463 1904 1537 1934 locis
1563 1904 1685 1942 habent,
1721 1903 1772 1933 ubi
1798 1914 1884 1933 sacra
1911 1901 2042 1931 habituri

91 1950 165 1986 sint,
193 1948 291 1989 qualis
313 1957 353 1978 est
373 1952 540 1990 parentatio
562 1961 620 1979 non
643 1951 830 1990 sacrficium.
869 1950 974 1978 Parum
999 1949 1092 1986 abest,
1121 1949 1193 1988 quin
1216 1950 1258 1977 ita
1280 1949 1384 1977 Festus
1408 1948 1570 1987 scripserit.
1613 1947 1703 1982 Quod
1725 1946 1766 1974 ait
1787 1946 1901 1984 legibus
1924 1944 2039 1973 aedium

91 2002 240 2020 sacrarum
264 2002 378 2020 mensas
401 2003 520 2032 quoque
543 2004 641 2021 sacras
665 2003 740 2029 esse,
764 1993 793 2020 id
813 1993 978 2032 Papyriano
1001 1991 1067 2020 iure
1090 1991 1312 2020 continebatur:
1335 1991 1451 2019 Mensas
1469 1990 1582 2019 scilicet
1600 1990 1757 2028 arulasque
1775 1988 1875 2016 eodem
1893 1987 1956 2023 die,
1980 1996 2040 2025 quo

92 2035 178 2063 aedes
203 2034 334 2063 dedicari
358 2035 467 2073 solent,
498 2046 598 2065 sacras
621 2046 698 2071 esse3
727 2040 760 2063 ut
782 2045 841 2063 non
864 2035 988 2063 dubium
1011 2034 1064 2070 sit,
1102 2044 1178 2073 quae
1202 2034 1250 2062 lex
1273 2033 1451 2062 dedicandae
1474 2033 1553 2061 aedis
1576 2032 1680 2067 suerit,
1716 2030 1836 2059 eandem
1861 2030 1898 2057 ad
1921 2039 1988 2058 vasa
2012 2033 2041 2057 et

92 2087 207 2106 mensas
229 2077 308 2115 ipsas
332 2078 461 2109 extendi.
494 2079 566 2106 Cum
590 2078 666 2107 enim
691 2078 772 2106 aedis
795 2077 1001 2113 dedicaretur,
1026 2081 1055 2105 et
1078 2077 1175 2105 omnia
1200 2086 1272 2115 quae
1296 2086 1327 2104 ea
1352 2076 1593 2112 continerentur,
1618 2073 1755 2103 dedicari.
1787 2071 1894 2108 Addit,
1916 2072 1947 2100 in
1969 2081 2041 2118 ara-

93 2131 156 2148 rum
180 2118 226 2148 vel
244 2118 408 2159 pulvinaris
430 2119 496 2150 loco
520 2119 629 2151 haberi.
675 2120 706 2148 td
737 2130 856 2158 quoque
885 2121 913 2148 in
945 2118 1046 2147 codem
1073 2119 1138 2147 iure
1161 2119 1327 2158 Papyriano
1350 2119 1476 2147 relatum
1501 2119 1574 2154 fuit,
1608 2117 1651 2145 uti
1672 2125 1770 2144 mensa
1792 2114 1850 2142 hoc
1870 2115 1931 2142 ritu
1953 2113 2040 2142 dedi

93 2167 157 2191 cala
180 2163 209 2190 in
233 2162 362 2200 templo,
392 2173 459 2191 arae
480 2173 566 2191 usum
589 2168 618 2191 et
639 2163 813 2200 religionem
836 2162 1002 2201 pulvinaris
1026 2161 1182 2190 obtineret.
1224 2162 1376 2190 Postremo
1400 2161 1525 2200 privatis
1547 2159 1665 2189 licuisse
1686 2158 1717 2186 in
1740 2157 1847 2186 mensis
1872 2157 1932 2185 suis
1956 2165 2039 2184 sacra

92 2204 207 2241 facere,
240 2205 336 2242 qualis
360 2210 403 2234 cst
424 2205 608 2244 parentatio,
639 2216 698 2233 non
721 2205 908 2233 sacrificium.
955 2204 1085 2232 Primum
1111 2214 1225 2232 mensae
1248 2214 1350 2233 sacrae
1375 2208 1458 2232 erant
1479 2202 1668 2242 impositione
1691 2200 1853 2229 salinorum
1876 2203 1904 2227 et
1927 2198 2039 2245 sigillo-

92 2257 174 2283 runi,
212 2257 286 2285 quae
524 2248 679 2277 vocabant.
725 2247 874 2276 Arnobius
898 2247 948 2276 lib.
962 2246 1013 2275 IL:
1052 2245 1162 2275 Sacras
1181 2246 1292 2287 facitis
1320 2257 1435 2275 mensas
1463 2244 1624 2275 salinorum
1654 2243 1791 2283 appositu
1819 2249 1845 2270 et
1872 2239 2038 2270 simulacris

93 2289 237 2326 Deorum,-
274 2288 331 2318 hoc
355 2296 410 2327 est,
552 2291 779 2329 ,
817 2289 984 2318 cuiusmodi
1014 2294 1058 2317 est
1081 2289 1226 2318 Hercules
1466 2288 1546 2316 Silva
1569 2287 1655 2315 Statii
1679 2291 1708 2314 et
1731 2286 1938 2324 epigrammate
1958 2281 2036 2328 ,-1

93 2332 172 2360 tialis
197 2332 369 2361 celebratus.
407 2333 477 2362 Inde
500 2343 584 2361 sacru
607 2343 723 2361 mensae
747 2333 917 2370 frequenter
940 2331 1019 2371 apud
1040 2336 1163 2360 veteres.
1200 2331 1273 2360 Inde
1296 2336 1325 2360 et
1348 2332 1379 2360 in
1635 2329 1748 2367 religio.
1786 2327 1859 2356 Inde
1881 2331 1908 2353 et
1932 2322 2037 2350 Didoni

93 2375 174 2414 apud
199 2375 353 2413 Virgilium
378 2375 462 2415 (Aen.
480 2375 506 2411 l,
530 2375 613 2414 740.)
638 2375 740 2404 libatio
764 2376 794 2403 in
819 2385 934 2404 mensa:

672 2418 777 2454 Dixit,
802 2425 826 2446 et
851 2419 879 2446 in
902 2427 1000 2446 mensa
1023 2414 1145 2445 laticum
1168 2414 1270 2445 libavit
1292 2415 1439 2446 honorem.

140 2467 307 2496 GRAMMAT.
327 2479 393 2496 LAT.
414 2468 449 2497 11.
1548 2465 1581 2499 T
1596 2470 1634 2498 tt
