2263 2668
79 957 137 1001 qui
171 957 204 990 iu
239 957 322 991 orbe
356 961 517 990 terrarum
550 959 676 990 exstant
701 955 913 1000 antiquissimi
946 954 1095 998 codices,
1140 955 1285 989 conferri
1316 955 1432 989 iubere
1458 966 1609 1000 possem,
1646 966 1748 988 unum
1773 954 2021 997 Monacensem,

78 1025 162 1059 duos
189 1036 269 1059 vero
295 1024 507 1066 parisienses,
551 1024 593 1058 ad
620 1035 704 1069 quos
730 1023 978 1071 diligentissime
1006 1024 1218 1059 excutiendos
1245 1036 1303 1068 ea,
1345 1035 1432 1068 quae
1459 1022 1514 1057 Te
1539 1026 1675 1058 auctore
1701 1035 1720 1057 a
1745 1023 1880 1070 regibus
1905 1024 2023 1057 nostris

77 1094 240 1139 pecuniae
266 1105 394 1128 summa
420 1093 463 1127 ad
489 1105 542 1127 me
569 1097 618 1127 est
643 1092 895 1128 clementissime
921 1091 1050 1135 delata,
1077 1093 1423 1128 accommodatissime
1447 1091 1567 1126 insumi
1591 1092 1709 1136 potuit.

240 1228 314 1262 Hos
341 1229 484 1274 excipiet
508 1228 635 1262 Nonius
660 1228 862 1272 Marcellus,
896 1228 1036 1273 scriptor
1062 1228 1166 1274 longe
1193 1229 1342 1263 omnium
1369 1227 1676 1273 depravatissimus‚
1711 1226 1770 1260 sed
1796 1225 1886 1260 idem
1911 1230 2022 1260 tamen

76 1297 121 1330 ad
145 1301 273 1330 veteres
297 1297 433 1330 Latinos
466 1297 659 1342 scriptores,
702 1308 787 1342 quos
820 1297 976 1332 classicos
1009 1297 1169 1339 dicimus,
1213 1297 1441 1331 emendandos
1467 1295 1678 1342 gravissimus
1704 1299 1802 1338 atque
1826 1294 2022 1330 utiiissimus.

74 1365 157 1399 Eius
179 1365 284 1400 libros
309 1366 568 1411 manuscriptos,
605 1366 662 1410 qui
689 1371 762 1400 sunt
788 1366 935 1412 optimae
961 1371 1061 1400 notae
1085 1371 1118 1401 et
1144 1366 1374 1410 antiquissimi,
1409 1365 1540 1400 Parisiis
1566 1364 1705 1400 contulit
1730 1364 1763 1397 in
1789 1374 1900 1397 meum
1925 1374 2022 1398 usum

74 1433 267 1478 Diibnerus,
298 1434 493 1478 Gothanus,
519 1435 580 1469 Vir
602 1434 826 1478 Clarissimus,
860 1436 951 1469 cuius
978 1446 1082 1481 opera
1107 1436 1238 1470 tametsi
1264 1435 1345 1469 mihi
1372 1434 1465 1468 haud
1492 1433 1587 1467 nihili
1614 1433 1776 1474 constitit,
1808 1437 1919 1465 tamen
1942 1430 2020 1465 feli-

75 1502 204 1536 cissime
236 1507 348 1537 actum
373 1503 501 1548 putabo
528 1503 572 1537 de
598 1503 689 1536 omni
714 1515 790 1537 mea
816 1503 1123 1539 Grammaticorum
1151 1504 1314 1546 editione,
1357 1504 1383 1537 si
1409 1503 1504 1537 simili
1531 1513 1598 1548 ope
1623 1503 1657 1535 in
1682 1500 1816 1546 reliquis
1841 1500 2021 1534 Gramma-

75 1569 148 1604 ticis
175 1570 311 1605 edendis
336 1572 385 1606 uti
409 1575 540 1617 potero.
592 1573 673 1606 Post
697 1571 789 1607 hunc
816 1577 969 1616 sequetur
995 1573 1196 1615 Priscianus,
1239 1573 1358 1606 multas
1389 1571 1447 1604 ille
1473 1570 1609 1614 quidem
1635 1571 1702 1603 iam
1728 1570 1873 1603 virorum
1899 1567 2021 1602 docto-

75 1650 151 1673 rum
176 1650 290 1672 manus
315 1640 492 1674 adiutrices
518 1651 558 1674 ac
584 1640 774 1674 servatrices
800 1645 972 1685 expertuS,
1000 1641 1140 1674 multum
1167 1646 1278 1674 tamen
1300 1640 1413 1674 adhuc
1436 1649 1559 1683 operae
1579 1637 1767 1680 requirens,
1793 1637 1846 1671 cui
1868 1635 2021 1669 salutaria

76 1718 163 1743 nunc
188 1707 330 1741 maxime
355 1712 512 1753 parantur
538 1709 659 1742 auxilia
678 1709 828 1751 Parisiis,
861 1709 905 1743 ab
933 1709 1054 1743 eodem
1077 1709 1247 1742 Diibuero.

241 1842 334 1884 Quos
357 1842 602 1878 Grammaticos
628 1855 743 1877 omnes
770 1843 935 1888 excipient
956 1844 1107 1886 Men-ici,
1134 1853 1277 1887 quorum
1298 1840 1486 1885 principem
1505 1839 1742 1873 Terentianum
1766 1836 1922 1870 Maurum
1946 1836 2019 1869 edi-

76 1911 156 1944 tioni
182 1911 312 1955 parabit
333 1911 393 1944 Vir
419 1911 640 1954 Clarissimus,
667 1913 937 1954 W‘iistemannus,
965 1912 1138 1946 Professor
1165 1909 1359 1950 Gothanus,
1386 1908 1442 1952 qui
1467 1907 1558 1941 idem
1585 1906 1669 1940 mihi
1695 1905 1882 1941 conciliavit
1900 1894 2018 1938 Virum

75 1980 228 2014 iuvenem
255 1979 480 2014 doctissimum
501 1981 700 2022 Braunium,
727 1981 784 2025 qui
810 1991 897 2015 nunc
923 1980 1062 2014 Monaoi
1087 1983 1251 2019 versatur,
1278 1987 1356 2010 mox
1381 1985 1460 2010 vero
1486 1975 1520 2008 in
1545 1974 1736 2009 Helvetiam
1763 1978 1862 2017 atque
1887 1973 2018 2006 ltaliam

76 2048 196 2090 abibit,
225 2048 282 2081 ubi
304 2047 546 2083 Grammaticos
571 2054 699 2082 nostros
725 2060 801 2083 suae
827 2059 926 2081 curae
952 2059 1099 2092 suaeque
1125 2058 1250 2093 operae
1275 2043 1525 2081 commendatos
1551 2043 1690 2077 habebit
1717 2046 1750 2075 et
1775 2041 1935 2086 quicquid
1962 2040 2017 2074 di-

75 2128 180 2164 gnum
205 2120 390 2150 memoratu
414 2116 588 2160 invenerit,
623 2129 754 2151 mecum
781 2116 1049 2151 communicabit.

238 2250 353 2283 Habes
378 2250 461 2292 iam,
487 2251 547 2284 Vir
567 2251 765 2285 Perillustris
791 2262 831 2285 ac
858 2250 1134 2291 Generosissime‚
1161 2260 1246 2293 quae
1267 2248 1320 2282 Te
1346 2248 1431 2282 scire
1458 2247 1614 2281 volebam
1642 2246 1685 2279 de
1712 2245 1835 2279 laboris
1861 2245 1926 2277 mei
1952 2252 2012 2275 cu-

75 2329 251 2362 rarumque
282 2319 315 2351 in
345 2319 647 2353 Grammaticorum
681 2319 910 2352 emendatione
942 2318 1171 2363 ponendamm
1205 2328 1244 2351 ac
1275 2317 1341 2350 iam
1373 2315 1554 2362 positarum
1586 2314 1803 2360 profectibus.
1863 2311 2009 2351 Quarum

76 2398 185 2422 rerum
211 2387 359 2421 omnium
386 2387 411 2421 si
433 2387 486 2421 Te
510 2393 624 2421 nactus
648 2388 743 2421 fuero
767 2388 1027 2433 approbatorem
1049 2391 1081 2420 et
1102 2391 1297 2430 patronum,
1322 2384 1356 2418 in
1377 2385 1477 2418 rebus
1499 2383 1632 2429 optimis
1653 2382 1705 2416 Te
1727 2388 1891 2413 suasorem
1912 2379 2009 2416 atque
