2263 2668
523 152 588 187 DE
614 147 1002 186 SIGNlFICATIONE
1028 149 1314 187 VERBORUM.
1368 151 1513 185 LIBER
1539 150 1614 186 XV.
1967 153 2044 189 625

88 252 150 277 tum
173 246 375 287 pomoerium,
401 254 476 284 quae
499 245 645 274 sententia
668 243 757 272 huius
780 241 872 271 Solini
895 245 952 278 est,
976 246 1033 272 etc.
1072 243 1199 274 Deinde:
1223 244 1260 273 At
1283 244 1364 283 quod
1387 245 1454 274 vult
1478 245 1596 274 Solinus
1619 255 1727 274 novam
1750 244 1855 274 urbem
1879 256 1894 274 a
1917 246 2044 278 Romulo

89 289 257 325 conditam,
281 288 362 329 quod
384 288 476 326 figura
501 287 646 326 quadrata
670 292 761 323 esset,
784 285 893 314 dictam
916 284 1008 313 fuisse
1031 286 1223 324 quadratam,
1247 297 1302 315 nec
1324 288 1412 316 aliam
1434 288 1540 317 urbem
1563 298 1625 317 esse
1649 287 1859 325 constitutam,
1885 288 1916 317 id
1939 296 2046 320 contra

89 333 222 362 omnium
250 337 406 361 auctorum
428 340 606 359 consensum
629 329 786 368 scripsisse
806 328 892 356 illum
914 327 1027 358 iudico.
1070 330 1150 365 Quin
1174 335 1203 359 et
1225 330 1318 359 Solini
1341 331 1527 369 temporibus
1550 331 1671 360 extabat
1695 330 1792 360 adhuc
1814 331 1846 359 in
1868 338 1968 361 monte
1991 333 2047 362 Pa-

88 376 184 405 latino
206 376 292 404 locus
315 375 379 411 ille,
402 373 450 402 cui
471 383 579 402 nomen
601 374 713 401 Romae
737 370 900 410 quadratae
922 371 1067 400 Romulus
1090 372 1282 411 imposuerat.
1316 373 1353 402 Ut
1375 384 1411 403 ex
1433 373 1493 403 hoc
1514 375 1585 403 loco
1608 374 1686 403 Festi
1709 378 1841 413 apparet.
1863 374 1928 404 Etc.
1951 375 2043 407 Dac.

88 417 128 447 Et
150 418 215 459 quis
237 418 383 448 extiterat.
430 415 516 445 Varie
539 415 697 445 emendant
719 414 778 444 viri
801 413 899 449 docti3
925 413 990 442 alii:

625 465 663 495 Et
686 467 751 507 quis
771 476 849 495 nunc
872 471 955 495 curat
977 462 1094 494 Romae
1115 477 1235 505 regnare
1257 465 1431 507 quadratae.

88 511 167 540 Scali
190 521 237 541 er:

170 521 187 550 g
626 550 664 580 Et
687 549 792 592 quibus
814 549 866 581 lex
887 556 1003 580 steterat
1024 547 1141 579 Romae
1162 562 1283 590 regnare
1304 550 1478 592 quadratae.

88 604 148 633 sed
168 604 214 633 sic
235 604 322 633 etiam
346 614 403 633 non
427 604 516 644 plane
538 602 612 631 mihi
634 603 818 631 satisfactum
840 607 891 633 est.
936 601 1058 637 Melius,
1089 606 1123 629 ut
1145 602 1282 640 videtur,
1310 603 1339 631 in
1364 603 1432 633 edit.
1455 604 1600 633 Merulae:

626 652 663 682 Et
686 655 751 693 quis
773 661 857 682 exter
877 659 939 681 erat
961 651 1078 681 Romae
1100 663 1221 692 regnare
1242 652 1413 693 quadratae.

87 706 149 742 Ita,
170 709 204 734 ut
226 705 262 734 de
285 704 427 734 Romanis
449 715 547 734 sermo
571 705 624 742 sit,
650 705 700 743 qui
724 709 813 743 rapto
837 704 982 739 Romulo,
1012 713 1102 742 quum
1126 704 1270 732 neminem
1295 705 1404 733 Romae
1426 705 1610 742 invenirent,
1642 713 1727 743 quem
1750 704 1780 732 in
1802 704 1920 732 Romuli
1944 704 2046 734 locum

88 748 278 786 sufficerent,
307 747 493 787 despiciunt,
526 748 629 787 ecquis
652 752 735 776 exter
758 751 834 776 esset
857 747 908 786 qui
930 746 997 776 urbi
1020 755 1157 785 praeesse
1180 747 1342 785 quadratae
1364 753 1482 787 posset,
1508 752 1562 778 etc.
1607 748 1664 776 Sed
1689 747 1821 775 omnium
1845 748 1956 786 optime
1978 748 2046 776 Sal-

88 801 214 820 mastus:

626 831 664 861 Et
688 832 753 872 quis
775 843 805 860 se
826 838 924 871 sperat
940 830 1056 860 Romae
1079 842 1197 871 regnare
1219 830 1400 872 quadratae3

88 895 127 914 ex
148 884 281 922 vestigiis
304 883 412 913 veteris
436 883 604 922 scripturae
628 893 715 922 quam
739 883 782 911 sic
805 883 879 912 liber
901 882 999 911 Fulvii
1021 888 1240 921 repraesentat:
1278 890 1304 912 et
1333 884 1399 924 quis
1423 890 1464 912 est
1486 890 1548 912 erat
1570 882 1684 913 Romae
1706 887 1757 912 ctt.
1801 882 1874 911 Nam
1897 882 1928 911 in
1952 892 2047 911 mem-

87 928 190 957 branis
212 927 331 966 scriptis
354 936 440 966 saepe
464 933 474 955 t
498 931 526 954 et
546 937 566 965 p
591 926 733 955 confundi
756 925 826 954 satis
849 925 963 962 sciunt,
1001 925 1052 964 qui
1075 935 1122 953 eas
1148 925 1307 964 aliquando
1337 931 1473 956 tractant.
1518 926 1555 954 Et
1577 926 1612 954 de
1635 926 1737 962 Tatio,
1773 925 1886 964 inquit,
1920 925 2047 955 fortasse

87 970 285 1009 loquebatur,
310 969 360 1008 qui
385 980 452 998 cum
477 969 676 1008 Capitolium,
701 968 781 1007 quod
805 968 841 996 ab
865 968 951 997 initio
976 972 1113 1007 ceperat,
1138 972 1266 1005 teneret,
1292 973 1320 997 et
1344 969 1531 1005 Quirinalem
1555 969 1679 1006 collem,
1706 969 1792 997 etiam
1816 967 1939 996 Palatini
1963 978 2048 996 mon-

87 1013 142 1049 tis,
173 1014 205 1041 in
228 1022 287 1051 quo
310 1013 404 1041 Roma
428 1011 574 1050 quadrata
596 1017 624 1041 et
646 1012 725 1048 regia
748 1012 885 1047 Romuli,
916 1010 1005 1040 armis
1028 1021 1058 1039 se
1081 1011 1245 1049 potiturum
1270 1013 1417 1050 sperabat.
1463 1012 1486 1040 A
1509 1016 1594 1050 parte
1618 1011 1706 1049 igitur
1729 1016 1823 1040 totum
1847 1015 1974 1039 montem
1997 1011 2048 1039 in-

87 1055 204 1084 tellexit
224 1060 379 1094 poetarum
403 1065 496 1084 more.
519 1053 629 1084 Idem.
670 1053 831 1083 Extiterat.
867 1054 998 1083 Exterat.
1025 1052 1129 1082 Goth.
1169 1054 1300 1092 Legerim
1325 1055 1407 1094 apud
1430 1054 1574 1083 Ennium:
1599 1053 1637 1082 Et
1660 1054 1711 1095 qui
1733 1061 1827 1083 certus
1849 1061 1910 1083 erat
1932 1052 2048 1082 Romae

88 1109 209 1138 regnare
230 1095 411 1139 quadrata23
434 1098 476 1126 ita
499 1101 532 1125 ut
554 1098 605 1137 qui
628 1097 666 1126 sit
688 1097 849 1125 relativum
874 1106 1048 1135 pronomen.

258 1139 522 1178 Quatrurbem.
571 1138 783 1177 Quadrurbem.
829 1139 918 1175 Quod
942 1149 978 1167 ex
1003 1142 1132 1177 quatuor
1155 1138 1248 1175 vicis,
1287 1149 1362 1178 quos
1386 1139 1435 1167 alii
1458 1140 1610 1176 Piraeum,
1642 1137 1834 1174 Phalereum,
1865 1139 2048 1176 Xypeteum,

88 1181 293 1221 Thymaetam.
340 1183 433 1211 Male:
469 1182 677 1218 Quadrurbem
701 1181 776 1210 enim
800 1179 977 1221 τετράπολιν
1000 1181 1141 1210 dixerunt
1164 1183 1301 1218 Oenoen,
1338 1181 1592 1220 Probalynthum‚
1625 1181 1817 1219 Tricorytum
1842 1185 1870 1209 et
1892 1180 2048 1209 Maratho—

88 1235 172 1262 nem,
197 1230 325 1264 quatuor
349 1226 464 1253 Atticae
486 1225 622 1263 populos.
653 1224 729 1253 Vide
752 1225 859 1253 Meurs.
883 1225 919 1253 de
943 1226 1064 1253 fortuna
1088 1225 1196 1253 Attica.
1242 1224 1343 1263 Neque
1367 1230 1496 1263 quatuor
1518 1229 1648 1260 tantum,
1671 1223 1723 1252 sed
1747 1223 1867 1251 omnino
1891 1223 2047 1252 duodecim

88 1267 176 1296 urbes
201 1268 232 1296 in
256 1278 329 1296 unas
353 1267 482 1296 Athenas
505 1267 653 1296 Theseum
677 1268 863 1296 contraxisse
886 1267 979 1295 tradit
1002 1267 1119 1297 Strabo.
1159 1267 1214 1296 Ubi
1237 1277 1292 1306 per
1313 1267 1401 1296 urbes
1424 1268 1507 1296 vicos
1529 1267 1673 1304 intelligit.
1699 1265 1787 1297 Dae.
1829 1266 1905 1294 Vide
1929 1266 2048 1295 Plutar-

88 1309 178 1339 chum
201 1311 231 1339 in
254 1310 369 1338 Theseo
393 1310 521 1348 (c.24.).
560 1310 609 1338 Sic
634 1309 748 1338 Glossis
774 1308 985 1348 Quadriiugem
1009 1309 1164 1348 τέτρωρον.
1192 1308 1299 1340 Goth.
1343 1310 1540 1339 Scribendum
1563 1309 1645 1338 haud
1668 1309 1758 1337 dubie
1783 1306 1997 1346 Quadrurbem.

255 1352 411 1390 Quaeso.
457 1352 569 1381 Versus
589 1352 678 1381 Ennii
703 1351 739 1380 de
762 1353 845 1380 Anco
868 1352 975 1380 Martio
1000 1352 1168 1389 accipiendi
1192 1358 1276 1390 sunt,
1309 1353 1359 1392 qui
1385 1354 1498 1381 Ostiam
1520 1352 1647 1382 munivit
1671 1356 1699 1381 et
1720 1356 1841 1391 portum
1865 1351 1994 1380 Tiberis:

627 1393 713 1423 Ostia
737 1397 850 1423 munita
873 1401 929 1431 est,
962 1392 1038 1423 idem
1061 1393 1129 1423 loca
1152 1394 1270 1424 navibu'
1290 1394 1438 1435 pulchreis

621 1434 742 1466 Munda
755 1436 861 1478 facit,
893 1437 1062 1478 nauteisque
1083 1437 1161 1466 mari
1183 1437 1380 1478 quaesentibu'
1404 1438 1505 1468 vitam.

86 1479 197 1509 Versus
219 1489 256 1508 ex
279 1477 464 1518 Cresphonte
486 1479 528 1508 ita
550 1479 708 1518 legendus:

623 1521 716 1550 Ducit
737 1531 783 1548 me
804 1531 929 1550 uxorem
951 1520 1009 1550 sibi
1031 1520 1153 1551 liherum
1178 1521 1372 1562 quaesendum
1394 1524 1504 1563 gratia.

88 1562 189 1594 Scal.
225 1563 341 1603 Quaeso
365 1568 394 1593 et
417 1574 526 1604 quaero
550 1563 629 1592 idem
653 1563 733 1602 apud
757 1568 884 1592 veteres.
928 1565 1022 1592 Plaut.
1047 1564 1139 1602 (apud
1163 1566 1235 1594 Non.
1262 1575 1327 1603 pag.
1341 1566 1392 1597 44.
1418 1566 1536 1603 Mero.):

628 1605 741 1643 Quaese
762 1604 931 1634 adveniente
952 1605 1055 1635 morbo
1078 1617 1156 1635 nunc
1179 1606 1323 1636 medicum
1346 1607 1411 1645 tibi,

624 1646 711 1676 Enim
736 1655 766 1676 tu
789 1655 864 1676 certe
885 1656 936 1676 aut
958 1647 1091 1678 laruatus
1113 1656 1164 1677 aut
1187 1650 1308 1678 cerritus
1331 1661 1367 1681 esa

623 1688 739 1729 Edepol
759 1690 902 1719 hominem
925 1698 952 1719 te
975 1691 1131 1720 miserum!
1155 1690 1299 1721 medicum
1324 1692 1467 1732 quaer-ita.

87 1732 143 1761 Ubi
166 1743 270 1772 quaese
292 1743 348 1772 pro
372 1743 476 1773 quaere
499 1731 611 1772 (editur
633 1743 714 1761 nunc
738 1733 855 1773 quast).
899 1732 1042 1771 Quaesere
1064 1733 1152 1762 etiam
1176 1745 1232 1773 pro
1257 1745 1355 1772 orare,
1379 1746 1511 1774 poscere,
1535 1733 1612 1762 dixit
1634 1732 1711 1762 idem
1735 1732 1829 1761 Plaut.
1853 1730 2048 1770 Bacchid.11,

84 1778 114 1807 2.
139 1774 246 1815 (init.):

618 1816 734 1847 ZWirum
755 1824 795 1846 est
814 1829 874 1854 me,
899 1826 930 1847 ut
952 1817 1081 1856 redeam,
1108 1827 1134 1847 te
1157 1830 1240 1858 opere
1262 1826 1344 1849 tanto
1368 1830 1511 1860 quaesere.

88 1860 177 1890 Duc.
205 1858 291 1889 Ostia
312 1859 426 1888 munita
449 1867 499 1889 est.
530 1859 604 1889 Vide
627 1860 657 1888 in
681 1870 755 1888 voce
778 1859 922 1891 Mundus.
948 1860 1061 1891 Idem.
1089 1861 1219 1892 Munda.
1246 1862 1367 1891 Mundo.
1394 1860 1499 1891 Goth.
1530 1859 1705 1889 Liberorum
1728 1858 1786 1888 sibi
1807 1857 2046 1900 quaesendorum.

84 1903 147 1931 Sibi
171 1902 336 1932 liberorum
360 1903 609 1940 quaesendorum.
648 1903 717 1930 Dixi
740 1902 776 1931 ad
799 1903 903 1935 l.220.
929 1904 951 1943 ᾗ
965 1906 993 1934 3.
1009 1903 1040 1932 ff.
1065 1904 1100 1932 de
1123 1904 1205 1934 verb.
1229 1905 1327 1943 signis.
1365 1904 1440 1933 Vide
1455 1904 1502 1934 IV.
1525 1904 1599 1933 Gell.
1619 1905 1648 1934 3.
1680 1900 1792 1931 Idem.
1831 1901 1920 1930 Ennii
1943 1910 2048 1929 versus

84 1956 122 1974 ex
145 1944 332 1984 Cresphonte
354 1945 499 1974 iambicus
523 1956 584 1974 esse
607 1945 727 1973 videtur
750 1950 921 1975 tetrameter
945 1947 1141 1981 acatalectus,
1171 1946 1246 1976 nihil
1269 1947 1447 1976 mutandus:
1482 1945 1576 1975 Ducit
1597 1956 1643 1974 me
1664 1956 1787 1975 uxorem
1811 1943 1968 1974 liberorum
1990 1941 2048 1972 sibi

83 1986 280 2028 quaesendum
300 1988 412 2027 gratia.
456 1989 499 2017 ef.
522 1988 622 2018 Herm.
648 1988 740 2016 Elem.
765 1988 892 2017 doctrin.
915 1994 1002 2018 metr.
1025 1999 1091 2028 pag.
1108 1991 1177 2021 158.

251 2028 505 2068 Quadrantal.
550 2031 624 2060 Vide
645 2029 768 2069 publica
788 2030 930 2070 pondera.
959 2031 1048 2061 Ant.
1071 2032 1169 2071 Aug.
1213 2031 1272 2061 Vas
1295 2031 1378 2071 quod
1401 2030 1537 2070 capiebat
1559 2040 1651 2059 urnas
1674 2029 1766 2066 duas,
1798 2027 1994 2067 quadraginta
2018 2033 2047 2057 et

85 2076 154 2101 octo
172 2072 337 2109 sextarios,
360 2071 418 2101 hoc
441 2078 486 2102 est
511 2073 632 2110 congios
651 2075 688 2110 8,
712 2072 845 2102 heminas
866 2077 937 2106 116.
972 2073 1045 2103 Vide
1062 2074 1244 2104 Maecianum
1261 2075 1299 2104 de
1315 2085 1389 2105 asse.
1423 2074 1611 2111 Quadrantal
1629 2072 1779 2110 octoginta
1794 2070 1914 2110 pondo,
1937 2081 2046 2110 nempe

84 2115 235 2153 octoginta
265 2114 414 2154 pendebat
441 2125 536 2154 aquae
565 2116 665 2144 libras.
707 2116 835 2154 Congius
859 2116 970 2146 decem.
1010 2116 1085 2145 Vide
1105 2116 1227 2157 publica
1248 2116 1390 2157 pondera.
1429 2116 1616 2153 Quadrantal
1638 2114 1782 2154 amphora
1806 2114 1896 2143 etiam
1919 2113 2043 2149 dictum,

83 2158 135 2186 sed
158 2156 303 2196 amphora
325 2158 457 2186 Romana
479 2158 671 2197 intelligenda
695 2163 754 2195 est,
785 2159 840 2187 alia
864 2160 940 2188 enim
965 2164 1027 2188 erat
1049 2159 1208 2198 amphora,
1238 2171 1344 2199 nempe
1366 2160 1480 2197 Attica,
1511 2169 1587 2198 quae
1610 2168 1700 2187 urnas
1722 2162 1799 2193 tres,
1823 2156 1945 2195 congios
1967 2157 2042 2184 duo-

83 2200 199 2237 decim,
232 2200 378 2229 sextarios
400 2201 589 2240 septuaginta
611 2201 687 2230 duos
710 2201 857 2240 capiebat.
901 2202 1054 2231 Sextarius
1084 2206 1182 2231 autem
1213 2204 1345 2232 continet
1367 2203 1474 2232 libram
1497 2212 1564 2231 cum
1589 2199 1727 2237 dimidia,
1763 2200 1822 2229 hoc
1845 2204 1904 2237 est,
1940 2198 2041 2227 uncias

84 2242 266 2272 octodecim:
305 2241 511 2281 Quadrantale
538 2248 635 2272 autem
665 2244 713 2272 vel
743 2242 928 2284 quadrantal
949 2256 963 2273 a
988 2244 1132 2283 quadrata
1160 2245 1253 2284 figura
1282 2256 1390 2274 nomen
1414 2245 1514 2274 traxit.
1559 2244 1618 2272 Sed
1639 2243 1729 2272 verba
1753 2242 1832 2272 Festi
1855 2243 1897 2271 sic
1919 2239 2040 2278 legenda

82 2295 120 2315 ex
141 2290 199 2314 vet.
222 2285 272 2313 lib.
295 2285 411 2313 notavit
434 2285 556 2315 doctiss.
578 2286 754 2315 Salmasius:
781 2285 974 2323 Quadrantal
993 2286 1140 2316 vocabant
1162 2289 1278 2329 antiqui
1299 2288 1483 2328 amphoram.
1522 2284 1611 2325 Quod
1631 2297 1685 2315 vas
1704 2284 1789 2326 pedis
1811 2283 1950 2326 quadrati
1971 2287 2038 2310 octo

83 2335 109 2357 et
131 2326 331 2368 quadraginta
352 2328 453 2367 capiat
475 2330 633 2358 sextarios.
655 2328 746 2360 Dae.
780 2329 870 2364 Quod
893 2334 921 2358 et
947 2328 1151 2367 Quadrantale
1171 2332 1295 2360 Glossis.
1322 2330 1426 2361 Goth.
1458 2329 1510 2359 Ea:
1535 2327 1648 2358 Graeco
1670 2325 1818 2367 ἀμφορέα.
1851 2324 1961 2354 (310851'5³
1983 2321 2037 2362 ἅμ·

82 2382 181 2410 φορα,
204 2373 382 2409 κεραμεῖον,
405 2371 530 2401 orcium.
554 2370 666 2400 Idem.
700 2370 764 2400 Vas
781 2370 864 2410 pedis
880 2371 1028 2412 quadrati.
1059 2373 1145 2402 Unde
1163 2372 1363 2413 Quadrantal.
1392 2374 1466 2403 Gell.
1482 2373 1505 2402 Ι.
1525 2382 1591 2411 cap.
1604 2374 1655 2404 20.
1675 2370 1786 2400 Idem.
1821 2367 1855 2396 ln
1874 2364 2036 2406 publicum·

84 2413 116 2443 ln
138 2413 224 2453 pulli.
247 2411 359 2443 Idem.
403 2413 499 2443 Locus
521 2414 618 2444 Plauti
643 2418 687 2443 est
710 2414 830 2445 Curcul.
847 2415 876 2453 1,
901 2418 937 2451 2,
962 2417 1011 2447 16.

131 2463 299 2493 Gmmmu.
315 2473 384 2492 ιη.
405 2462 441 2492 11.
1488 2468 1518 2501 K
1533 2467 1555 2500 k
1569 2468 1591 2500 k
1604 2467 1628 2499 k
