2263 2668
217 115 291 150 210

317 207 414 241 Idem
438 199 715 239 Aeneid.1111.¹:
742 200 916 246 Magicas
941 201 1087 236 invitam
1113 202 1297 248 accingier
1321 206 1427 237 artes.

322 259 479 302 Fidoque
506 254 706 298 accingitur
732 263 820 286 cnse.

974 106 1200 142 ARUSIANI
1239 108 1383 144 MESSI

1479 203 1651 251 Accingor
1671 205 1729 238 illa
1751 216 1795 238 re.
1822 204 1917 240 Idem
1941 207 2025 244 Aen.
2045 207 2120 242 VII.
2134 206 2165 244 ²:

220 311 364 358 Appulit
386 310 465 342 huic
484 308 539 339 rei.
567 300 768 348 virgil.1.³:
794 303 901 337 Forte
926 315 992 338 sua
1017 303 1158 349 Libycis
1185 308 1376 350 tempestas
1401 305 1541 350 appulit
1569 306 1647 341 oris.
1703 307 1848 352 Appulit
1870 307 1913 341 ad
1931 307 2009 343 hoc.
2032 310 2165 346 Teren-

322 363 385 394 tius
408 361 440 392 in
458 351 586 391 Andst:
612 356 725 389 Pceta
751 365 830 388 cum
852 355 1009 400 primum
1036 356 1192 389 animum
1219 357 1270 389 ad
1295 356 1519 391 scribendum
1546 358 1694 403 appulit.

222 413 346 448 Avidus
364 412 432 443 hoc
459 409 581 443 facere.
608 407 702 451 virg.
727 406 811 440 Aen.
832 404 944 440 X11.⁵:
973 406 1108 441 Avidus
1133 407 1349 453 confundere
1364 407 1509 452 socdus.
1562 409 1689 442 Avidus
1712 409 1798 441 illius
1824 407 1881 442 rei.
1908 408 2007 443 Idem
2024 411 2163 448 Aeneid.

325 457 470 496 V1111.⁶:
496 459 602 504 Ergo
628 458 773 491 avidum
800 469 954 503 pugnae
980 459 1091 492 dictis.
1119 458 1279 492 Salustius
1306 455 1520 492 Hist.1111.⁷:
1545 460 1696 493 Avidior
1722 461 1825 493 modo
1850 462 2075 506 properandi
2095 463 2165 509 sa-

324 517 408 547 ctus.
462 507 610 544 AvidusS
635 510 679 543 ad
709 508 797 544 hanc
826 521 907 543 rem.
935 509 1068 543 Terent.
1093 511 1177 544 Eun.

1189 522 1198 543 ε
1224 510 1453 555 Aliquantum
1481 510 1532 543 ad
1556 522 1632 544 rem
1659 515 1709 545 est
1735 512 1883 545 avidior.

221 566 343 600 Abnuo
365 563 436 596 fieri
461 562 539 596 hoc.
568 561 662 606 Virg.
682 561 765 594 Aen.
782 557 859 594 X.⁹:
885 560 1091 594 Abnueram
1114 560 1204 594 bello
1223 561 1369 594 Italiam
1397 572 1606 596 concurrere
1628 562 1778 597 Teucris.
1832 563 1954 596 Abnuo
1978 563 2022 596 de
2045 563 2103 597 illa
2129 576 2165 599 re

323 616 392 649 tibi.
420 615 537 648 Salust.
558 613 646 645 Bell.
673 613 746 657 lug.
756 609 796 645 ¹⁰:
823 612 946 658 Neque
972 613 1024 646 illi
1043 617 1184 646 senatus
1210 613 1256 646 de
1282 613 1352 645 ullo
1378 614 1521 658 negotio
1548 613 1731 650 abnuerat.
1757 615 2165 651 Abnuotibihoc.1dem

325 667 408 700 Hist.
432 666 457 698 Ι.
468 662 507 698 ¹¹:
542 664 642 698 Nihil
668 663 710 697 ob
736 667 873 697 tantam
898 664 1095 698 mercedem
1120 664 1186 698 sibi
1211 664 1423 697 abnuituros.

222 717 359 752 Amicus
378 717 434 750 illi.
460 716 555 760 Virg.
578 717 659 749 Aen.
674 715 781 749 v1111.
791 712 830 748 ¹²:
855 715 905 748 Et
930 716 1083 749 amicum
1112 715 1264 750 Crethea
1290 715 1412 749 Masis.
1466 715 1600 750 Amicus
1616 715 1712 752 illius.
1739 716 1874 750 Terent.
1889 712 2039 751 Phor.¹³:
2064 716 2166 752 Ami-

326 780 386 803 cus
407 779 561 800 summus
587 767 655 800 mei
681 771 713 800 et
732 767 921 812 popularis
953 767 1058 800 Geta.

225 821 376 854 Adhibet
399 819 456 851 illi.
491 819 586 863 Virg.
613 819 696 852 Aen.
724 818 781 851 IX.
794 814 835 852 ¹⁴:

327 871 447 904 Cicero
472 870 524 903 De
549 871 660 903 Domo
685 866 791 902 sua¹5z

888 818 1065 852 Adhibete
1091 818 1242 851 Penates
1268 817 1317 851 Et
1339 817 1481 863 patrios
1514 817 1634 863 epulis.
1687 817 1840 851 Adhibet
1867 818 1901 850 in
1927 819 2032 852 illum.
2058 818 2164 867 [⁴89]

847 868 1101 903 Crudelitatem
1128 880 1294 914 expromo
1317 880 1423 913 quam
1456 869 1492 902 in
1528 880 1584 902 me
1610 869 1724 913 ipsum
1751 880 1795 902 ac
1827 880 1921 902 meos
1946 870 2166 906 adhibuistis.

325 922 478 956 Adhibet
503 922 537 954 in
556 922 614 954 illo
636 921 800 955 faciendo.
828 920 947 955 Cicero
968 921 1000 954 in
1024 921 1184 956 Siciliensi
1193 918 1232 954 ¹⁶:
1261 920 1485 954 Adhibentur
1508 920 1545 953 in
1569 920 1754 954 scribendo
1773 920 1941 965 primarii
1965 922 2041 956 viri.

225 973 355 1008 Adiuro
383 973 461 1008 hoc.
495 974 590 1018 Virg.
613 974 695 1007 Aen.
719 968 841 1005 X11.¹⁷:
867 972 1006 1006 Adiuro
1031 973 1141 1017 stygii
1170 976 1276 1018 caput
1311 971 1538 1018 implacabile
1556 971 1682 1018 sontis.

1743 972 1874 1006 Adiuro
1905 983 1967 1017 per
1995 972 2065 1008 hoc
2096 973 2167 1008 tibi.

328 1025 464 1060 Terent.
481 1025 608 1058 Andria
624 1021 662 1058 ¹⁸:
685 1024 758 1057 Per
783 1034 900 1057 omnes
924 1024 986 1057 tibi
1012 1024 1140 1057 adiuro
1166 1024 1271 1058 Deos,

224 1077 372 1112 Aestimo
397 1076 467 1110 hoc
488 1076 545 1109 illa
567 1088 612 1109 re.
640 1075 759 1110 Cicero
783 1075 816 1107 in
839 1075 933 1108 Verr.
950 1075 995 1108 de
1012 1072 1239 1120 Suppliciis¹⁹:

1291 1074 1396 1108 Haec
1421 1085 1504 1108 vero
1530 1085 1621 1119 quae
1646 1074 1702 1107 vel
1729 1073 1803 1106 vita
1822 1074 1952 1107 redimi
1966 1078 2062 1108 recte
2085 1086 2168 1120 pos-

322 1132 421 1172 sunt,
448 1129 636 1161 aestimare
659 1127 812 1172 pecunia
836 1138 904 1160 non
929 1138 1024 1172 queo.
1075 1127 1225 1160 Aestimo
1246 1126 1316 1160 hoc
1344 1137 1384 1160 ex
1405 1126 1461 1159 illa
1480 1137 1526 1161 re.
1553 1126 1673 1159 Salust.
1690 1126 1788 1158 Bello
1807 1122 1956 1160 Catil.²⁰:
1981 1125 2168 1161 Amicitias

325 1180 590 1225 inimicitiasque
611 1190 679 1211 non
703 1189 747 1212 ex
769 1189 809 1211 re
837 1179 902 1212 sed
924 1190 968 1212 ex
988 1179 1169 1212 commodo
1193 1180 1392 1213 aestimare.

225 1232 356 1266 Abutor
384 1232 441 1265 illa
468 1243 513 1265 re.
539 1231 658 1265 Cicero
680 1230 714 1263 in
737 1229 832 1263 Catil.
851 1226 925 1263 1.²¹:
950 1229 1107 1263 Abutere
1135 1230 1289 1264 Catilina
1307 1228 1484 1275 patientia
1503 1231 1633 1263 nostra.
1667 1227 1800 1261 Abutor
1822 1227 1915 1260 illam
1937 1239 2020 1262 rem.
2046 1228 2168 1263 salust.

324 1283 424 1316 Bello
444 1279 588 1318 Cati1,²²:
618 1281 752 1328 Quibus
777 1281 863 1314 mihi
888 1281 1051 1314 videntur
1076 1281 1228 1315 ludibrio
1244 1281 1363 1328 fuisse
1391 1280 1553 1319 divitiam
1587 1280 1715 1325 quippe
1748 1290 1836 1324 quas
1868 1278 2002 1312 habere
2027 1279 2169 1314 honeste

324 1334 468 1375 licebat,
496 1333 594 1367 abuti
614 1344 684 1378 per
709 1333 959 1378 turpitudinem
980 1332 1236 1379 properabant.
1263 1333 1398 1367 Terent.
1424 1332 1458 1364 in
1479 1327 1617 1365 And.²³:
1642 1330 1740 1365 Nam
1766 1331 1802 1364 in
1821 1330 1987 1376 prologis
2011 1330 2168 1365 scriben-

324 1386 381 1420 dis
407 1397 552 1432 operam
578 1384 744 1420 abutitur.

309 1486 336 1529 1)
359 1487 396 1517 V.
419 1488 491 1520 493.
517 1503 560 1510 —
588 1490 619 1524 2)
641 1486 737 1516 Versu
765 1488 836 1518 604.
867 1486 1004 1514 Ceterum
1027 1485 1059 1514 in
1078 1485 1174 1515 tribus

227 1530 429 1568 superioribus
451 1530 595 1569 exemplis
618 1529 651 1558 A.
676 1529 743 1558 Mai.
767 1529 866 1557 omisit
887 1527 1037 1557 Aeneidos
1060 1529 1174 1567 signifi-

229 1572 383 1602 cationem.
408 1589 448 1596 —
470 1574 500 1609 3)
524 1572 606 1601 [dem
625 1572 655 1607 I,
679 1574 749 1603 577.
770 1571 802 1600 A.
821 1571 885 1600 Mai.
907 1588 948 1593 —
970 1570 998 1611 4)
1022 1573 1175 1601 Terentius

229 1615 261 1642 in
286 1615 408 1644 Andria
433 1616 504 1644 Cod.
528 1616 584 1643 Gu.
611 1616 671 1644 Ter.
693 1612 776 1643 Anci.
794 1612 913 1652 Prolog.
938 1616 965 1645 1.
988 1614 1022 1643 A.
1043 1614 1110 1642 Mai.
1133 1630 1175 1635 -—

228 1657 259 1692 5)
284 1657 377 1686 Versu
392 1661 463 1689 290.
483 1674 526 1679 —-
546 1659 576 1693 6)
591 1658 686 1686 Versu
709 1659 780 1688 661.
800 1656 878 1684 Aen.
893 1655 1007 1693 signum
1023 1657 1121 1685 omisit
1140 1656 1175 1685 A.

230 1698 297 1726 Mai.
315 1714 353 1721 --
374 1700 402 1737 7)
423 1701 595 1735 Salustius-3
618 1701 659 1728 ita
679 1700 734 1728 Gu.
761 1699 812 1727 Est
835 1698 914 1737 apud
937 1699 1074 1727 Gerlach.
1097 1699 1175 1727 iuter

232 1740 365 1777 fragium.
382 1742 450 1769 libri
469 1742 525 1777 IV,
553 1751 675 1770 numero
695 1744 745 1773 30.
772 1757 816 1762 —
838 1744 864 1775 b)
884 1740 1022 1768 Avidius
1041 1741 1120 1780 apud
1143 1741 1176 1771 A.

233 1782 299 1811 Mai.
325 1784 447 1811 fortasse
470 1788 610 1821 typorum
636 1793 744 1813 errore.
773 1783 868 1812 Locus
892 1788 935 1812 est
960 1784 1026 1812 Ter.
1055 1784 1129 1812 Eun.
1154 1784 1177 1820 l,

235 1827 263 1859 1,
285 1826 335 1857 51.
361 1825 393 1853 111
411 1825 481 1853 Cod.
506 1825 574 1853 Maii
598 1830 642 1854 est
664 1826 913 1863 aliquantulmn5
944 1830 1023 1854 recte
1043 1826 1097 1854 Gu.
1119 1826 1179 1853 ali-

233 1873 401 1905 quantum,
431 1867 510 1905 quod
529 1877 640 1895 verum.
668 1883 709 1889 —
745 1868 772 1905 9)
797 1868 890 1897 Versu
916 1870 945 1900 8.
974 1884 1015 1890 -
1043 1866 1086 1907 10)
1108 1868 1178 1906 Cap.

235 1912 284 1941 86.
306 1910 477 1938 Abnuerut
497 1910 568 1938 Cod.
588 1910 644 1938 Gu.
663 1908 827 1938 Abnueret
847 1910 919 1941 Cod.
934 1911 999 1939 Mai.
1016 1910 1105 1950 Apud
1123 1911 1179 1938 Sa-

235 1951 359 1980 lustium
381 1957 439 1980 est:
469 1952 598 1980 abnuere
619 1951 761 1980 audebat.
791 1968 834 1973 —
863 1951 906 1990 11)
929 1952 1019 1992 Apud
1042 1952 1179 1982 Gerlach.

235 2004 265 2023 n.
285 1996 335 2026 36.
359 2010 402 2016 —-
426 1992 469 2033 12)
486 1994 580 2025 Vensu
597 1997 668 2026 774.
686 1999 780 2022 cretea
799 1993 872 2023 cod.
888 1995 943 2023 Gu.
967 2011 1010 2017 —
1038 1995 1084 2034 13)
1105 1995 1178 2024 Cod.

237 2037 292 2065 Gu.
317 2038 424 2066 Terent.
447 2036 577 2075 Adelph.
621 2037 672 2065 Est
698 2037 782 2065 locus
803 2035 964 2073 Phorm.1,
990 2040 1016 2074 1,
1041 2040 1068 2069 1.
1091 2038 1181 2067 Uter-

237 2089 295 2117 que
310 2079 381 2109 Cod.
400 2090 537 2107 summus
554 2080 627 2107 mei
650 2084 685 2107 et.
702 2079 867 2116 Legendum
881 2077 959 2106 haud
977 2080 1065 2108 dubie
1088 2091 1180 2118 meus,

238 2126 272 2149 ut
293 2126 337 2150 est
362 2122 441 2160 apud
473 2121 651 2150 Terentium.
695 2122 786 2149 Error
813 2125 855 2148 est
883 2120 1025 2149 erudituli
1055 2122 1178 2158 librarii,

239 2163 290 2201 qui
316 2164 352 2192 ad
373 2162 596 2202 significandam
623 2163 746 2201 genitivi
775 2167 955 2191 structuram
979 2165 1180 2201 possessivum

239 2206 336 2234 facere
351 2216 410 2235 non
424 2211 550 2245 putaret.
572 2221 614 2228 ·—·
637 2206 682 2243 14)
699 2206 827 2243 Uterque
846 2205 917 2235 Cod.
939 2214 953 2232 e
972 2205 1046 2234 libro
1061 2207 1113 2235 IX.
1131 2210 1179 2236 ci-

240 2253 291 2276 tat.
313 2249 408 2277 Locus
423 2253 466 2276 est
485 2248 522 2285 V,
544 2251 593 2280 62.
616 2248 690 2276 Tum
711 2248 742 2275 in
757 2248 827 2275 Cod.
845 2248 876 2276 A.
903 2246 968 2276 Mai.
992 2253 1050 2276 est:
1074 2249 1178 2277 Adhi-

240 2290 321 2319 bere
337 2296 460 2329 penates
480 2296 505 2318 et
521 2292 669 2329 primos
693 2301 734 2328 ep.
759 2291 847 2318 Recte
865 2289 921 2317 Gu.
938 2289 1015 2326 quod
1035 2289 1179 2319 exhibui-

240 2343 313 2362 mus.
348 2349 391 2355 —-
427 2333 472 2371 15)
495 2334 564 2372 Cap.
584 2335 634 2365 23.
663 2333 739 2363 Gud.
769 2342 919 2370 expromo,
949 2332 1029 2369 quod
1051 2343 1096 2369 ap.
1119 2333 1178 2361 Cic.

241 2375 355 2414 legitur.
385 2377 528 2414 Exprimo
556 2377 590 2405 A.
615 2375 680 2404 Mai.
711 2375 786 2403 'sum
813 2374 911 2402 editur
948 2374 1029 2412 apud
1060 2374 1120 2403 Cic.
1147 2377 1179 2403 in

1217 1487 1319 1525 ipsum
1341 1496 1393 1514 me.
1415 1500 1458 1506 —
1486 1487 1529 1518 16)
1554 1481 1637 1512 Idem
1666 1484 1699 1511 in
1720 1482 1875 1511 Siciliensi
1900 1484 1952 1514 77.
1979 1482 2015 1512 A.
2039 1482 2107 1513 Mai.
2131 1482 2167 1513 In

1216 1527 1371 1556 scribendo
1395 1532 1490 1565 uterq.
1518 1526 1607 1560 Cod.;
1640 1525 1721 1564 apud
1745 1525 1806 1553 Cic.
1830 1525 1946 1554 editur:
1973 1524 2168 1554 Adhibentur

1217 1572 1249 1599 iu
1265 1569 1453 1599 exscribendo
1473 1568 1508 1597 a'e
1530 1574 1675 1596 conventu
1694 1568 1755 1595 viri
1769 1569 1929 1606 primarii.
1951 1567 2034 1597 Ordo
2048 1569 2169 1607 prima.

1217 1614 1259 1642 rii
1282 1615 1342 1642 riri
1363 1613 1486 1641 debetur
1509 1611 1581 1640 Cod.
1606 1610 1754 1640 Gudiano.
1783 1611 1853 1639 Viri
1870 1611 2018 1648 primarii
2041 1612 2077 1641 A.
2097 1611 2166 1641 Mai.

1219 1672 1258 1678 .-
1283 1658 1326 1691 17)
1353 1655 1448 1684 Versu
1470 1656 1541 1686 816.
1575 1670 1617 1675 --
1647 1657 1689 1688 18)
1710 1652 1803 1682 Andr.
1827 1653 1885 1690 1V,
1909 1656 1945 1689 2,
1971 1656 2019 1685 11.
2050 1669 2091 1676 —
2122 1652 2167 1693 19)

1222 1698 1282 1727 Cic.
1307 1696 1343 1725 de
1366 1698 1540 1736 Suppliciis.
1563 1698 1592 1727 9.
1617 1696 1652 1726 A.
1677 1695 1714 1723 Μ.
1738 1695 1774 1723 Iu
1795 1696 1878 1724 Verr.
1905 1695 1990 1724 addit
2017 1695 2087 1724 Cod.
2111 1695 2168 1725 Gu.

1219 1741 1292 1769 Tum
1316 1740 1378 1768 vel
1401 1742 1465 1768 rita
1488 1744 1614 1777 uterque
1636 1738 1709 1767 Cod.
1731 1748 1795 1765 nec
1815 1749 1843 1767 v.
1872 1737 1999 1766 coniecit
2026 1737 2056 1765 in
2088 1748 2168 1766 mar-

1219 1783 1287 1821 gine
1306 1782 1429 1811 Gudius.
1451 1798 1495 1804 —
1516 1785 1560 1816 20)
1586 1781 1650 1809 Sal.
1674 1780 1740 1809 Cat.
1765 1783 1811 1812 10.
1833 1780 1867 1809 A.
1881 1779 1951 1809 Mai.
1971 1795 2015 1801 —
2036 1778 2084 1821 21)
2106 1780 2168 1810 Cic.

1221 1827 1253 1853 in
1279 1824 1346 1853 Cat.
1369 1824 1399 1859 I,
1427 1826 1455 1856 1.
1486 1824 1522 1854 A.
1546 1823 1615 1853 Mai.
1647 1840 1683 1844 ——
1715 1822 1764 1859 22)
1784 1822 1848 1852 Sul.
1879 1821 1945 1850 Cat.
1971 1823 2019 1853 13.
2044 1822 2078 1853 A.
2099 1822 2167 1855 Mai,

1224 1868 1340 1906 Quippe
1362 1867 1432 1895 lius
1453 1867 1522 1896 hab.
1545 1865 1616 1894 Cod.
1632 1865 1688 1894 Gu.
1718 1880 1762 1885 -—-
1788 1867 1833 1902 23)
1851 1864 1917 1893 Ter.
1934 1862 2019 1894 And.
2039 1866 2122 1896 Prol.
2139 1865 2169 1897 5.

1221 1910 1255 1940 A.
1277 1909 1346 1938 Mai.
1368 1926 1404 1930 —
1429 1910 1475 1947 24)
1497 1909 1557 1938 Cic.
1579 1909 1613 1935 iu
1634 1905 1699 1938 Cat.
1723 1906 1780 1943 III,
1797 1909 1826 1938 6.
1856 1907 1890 1936 A.
1905 1906 1973 1935 Mai.
1997 1923 2040 1929 --
2060 1909 2107 1944 25)
2125 1907 2169 1937 Ita

1220 1957 1300 1981 recte
1323 1951 1449 1980 coniecit
1473 1952 1506 1980 A.
1538 1950 1608 1980 Mai.
1634 1949 1705 1980 Cod.
1728 1953 1853 1987 uterque
1886 1948 2022 1977 Abdicat
2050 1950 2108 1978 illa
2129 1961 2168 1983 re.

1222 1995 1297 2023 Tum
1317 1995 1380 2025 Sal.
1408 1992 1473 2023 Cat.
1492 1995 1542 2025 48.
1562 1992 1596 2021 A.
1611 1992 1675 2022 Mai.
1702 1991 1838 2020 Fortasse
1859 1995 1959 2020 tamen
1980 1991 2169 2022 scribendum

1221 2036 1356 2066 Abdicat
1372 2037 1459 2065 illam
1480 2046 1540 2064 rem
1557 2034 1589 2063 iu
1606 2033 1686 2073 quod
1702 2033 1801 2072 ipsum
1825 2033 1882 2062 iam
1907 2033 2015 2062 incidit
2037 2035 2105 2066 Mai.
2126 2046 2169 2058 -α

1220 2080 1270 2118 26)
1292 2079 1353 2108 Cic.
1374 2080 1411 2107 in
1428 2078 1643 2107 Frumentariu
1657 2079 1707 2108 19.
1732 2076 1766 2106 A.
1786 2076 1853 2104 Mai.
1875 2076 1949 2105 Tum
1971 2087 2024 2115 pro
2039 2087 2091 2108 vv.
2107 2088 2169 2116 po-

1215 2122 1292 2160 pulo
1310 2123 1449 2150 Romano
1471 2122 1589 2149 misisse
1607 2119 1677 2147 cod.
1693 2118 1772 2148 Gud.
1784 2120 2023 2156 praetermisisse
2041 2129 2077 2148 ex
2093 2120 2169 2149 male

1220 2164 1372 2193 intellecto
1395 2163 1570 2202 compendio
1583 2165 1614 2201 ᾖ.
1635 2165 1664 2191 ν’.
1677 2162 1802 2191 misisse.
1823 2177 1864 2182 —
1886 2161 1933 2198 27)
1949 2162 2013 2191 Sal.
2033 2162 2100 2192 Cat.
2115 2163 2166 2194 59.

1221 2207 1256 2236 A.
1282 2206 1349 2236 Mai.
1370 2206 1421 2235 Est
1442 2217 1506 2244 cap.
1525 2207 1575 2239 56.
1599 2204 1644 2235 ed.
1662 2203 1800 2233 Gerlach.
1823 2219 1865 2224 —-
1885 2201 1933 2244 28)
1951 2203 2097 2242 Amplius
2116 2202 2171 2233 ad

1220 2249 1310 2277 illam.
1331 2260 1392 2277 rem
1419 2248 1491 2280 cod.
1521 2252 1660 2286 uterque3
1690 2251 1771 2275 recte
1800 2244 1844 2273 ad
1875 2245 1975 2274 omisit
2000 2246 2066 2275 Mai.
2092 2246 2168 2275 Tum

1221 2290 1304 2320 Idem
1321 2293 1351 2320 in
1375 2290 1477 2320 eodem
1498 2293 1547 2323 62.
1567 2290 1600 2319 A.
1617 2289 1684 2318 Mai.
1701 2289 1753 2317 Est
1772 2298 1788 2316 e
1810 2298 1876 2326 cap.
1893 2288 1944 2319 59.
1967 2288 2014 2319 ed.
2030 2286 2167 2317 Gerlach.

1220 2334 1366 2372 Amplius
1394 2333 1445 2362 ad
1473 2343 1569 2361 annos
1597 2331 1668 2360 cod.
1696 2330 1781 2368 Maii3
1813 2330 2058 2369 praepositionem
2087 2334 2168 2359 recte

1221 2375 1336 2414 ignorat
1359 2376 1431 2405 Cod.
1453 2377 1511 2406 Gu.
1532 2374 1686 2404 Fuerunt
1707 2373 1781 2403 eod.
1801 2373 1860 2403 Gu.
1882 2388 1923 2394 -
1950 2374 1994 2406 29)
2011 2371 2074 2403 Sal.
2097 2371 2167 2412 lug.
