2263 2668
233 177 309 212 568
658 163 1003 199 COMMENTARII
1028 163 1077 197 IN
1102 161 1248 197 PAULI
1273 160 1470 196 DIACONI
1495 162 1751 199 EXCERPTA

400 262 615 296 Permissum.
659 257 735 287 Vide
758 257 923 287 Promissus
945 260 973 285 et
996 255 1063 285 Pro.
1085 255 1171 286 Ant.
1193 255 1287 296 Aug.
1332 255 1491 294 Suspicor:
1519 256 1681 286 Permissus
1702 256 1780 287 idem
1802 256 1882 297 quod
1902 260 2061 297 promissus
2083 259 2184 301 appel-

237 312 301 342 lant
342 321 361 338 a
383 318 440 348 quo
462 305 547 333 etiam
568 301 725 342 permissus
746 311 841 340 agnus
864 298 990 335 dicitur,
1019 299 1070 340 qui
1091 299 1177 328 annis
1199 297 1398 337 compluribus
1421 309 1479 327 non
1502 306 1543 328 est
1565 306 1675 329 tonsus.
1715 300 1794 329 Nihil
1818 300 1900 329 aliud
1922 301 2018 331 video.
2057 304 2107 332 Ait
2128 304 2184 332 Fe-

237 334 318 390 stus:
346 348 522 390 permissum
546 354 655 382 agnum
678 343 737 372 dici
762 353 818 381 pro
839 342 1030 382 promissum,
1059 342 1091 370 id
1113 347 1159 371 est
1181 341 1229 370 cui
1253 342 1318 370 lana
1341 341 1488 379 promissa
1511 342 1565 379 sit,
1591 342 1642 371 sed
1666 342 1737 371 mihi
1760 353 1821 371 non
1844 344 2019 381 persuadet,
2042 355 2109 373 cum
2130 346 2185 374 vix

236 398 278 425 ita
300 395 358 423 dici
380 395 481 430 putem
503 387 684 428 promissum
707 395 826 424 agnum.
871 385 957 413 Certe
979 384 1057 420 scio,
1097 385 1273 424 permissum
1302 393 1410 422 agnum
1440 393 1506 412 eum
1531 394 1609 420 esse,
1648 395 1736 423 quern
1760 386 1867 414 Graeci
1891 383 2049 426 ἀνειμένον
2072 387 2186 426 dicunt,

236 439 255 468 i.
272 447 294 466 e.
315 435 495 468 relaxatum,
518 431 666 465 solutum,
689 428 859 464 dimissum,
883 427 1016 463 adeoque
1040 427 1100 455 Deo
1123 431 1331 456 consecratum
1355 431 1384 455 et
1405 427 1567 456 intonsum.
1591 426 1680 456 Dac.
1717 427 1816 457 Aries.
1841 428 1950 466 Agnus.
1996 427 2101 458 Goth.

399 472 576 504 Pierides.
621 472 682 501 Cur
704 471 806 500 Musae
828 469 926 498 dictae
950 468 1079 498 Pierides
1100 470 1174 499 mire
1197 474 1310 498 veteres
1328 468 1531 508 dissentiunt,
1566 469 1630 498 aliis
1653 480 1668 497 a
1692 471 1788 499 Pierio
1812 475 1928 507 monte,
1963 471 2027 500 aliis
2050 483 2066 501 a
2090 472 2186 501 Pierio

235 519 365 560 quodam
388 522 416 546 et
437 517 502 545 aliis
525 514 644 543 aliunde
667 524 773 542 nomen
796 511 982 541 ducentibus.
1027 512 1087 549 Ego
1118 522 1194 551 quae
1224 522 1262 540 ex
1292 511 1408 540 assidua
1437 511 1565 540 lectione
1589 511 1704 541 discere
1727 514 1811 551 potui
1834 513 1882 542 vel
1905 514 2076 543 coniectura
2099 515 2187 543 etiam

235 562 368 602 assequi,
397 559 526 589 breviter
548 567 706 596 exponam.
751 556 849 584 Pieres
873 554 1017 584 Thraciae
1043 555 1112 583 olim
1134 555 1239 594 populi
1264 554 1362 590 suere,
1395 554 1447 592 qui
1471 554 1604 594 propriis
1627 555 1745 584 sedibus
1769 556 1880 584 relictis
1903 556 2094 586 Macedoniae
2116 568 2188 596 par.

234 612 295 635 tem
315 604 461 642 aliquam,
485 600 591 630 deinde
614 599 703 628 etiam
724 598 877 627 Boeotiam
901 607 1088 636 occupavere
1110 603 1139 627 et
1161 599 1191 626 in
1214 596 1335 625 Boeotia
1358 596 1527 626 Heliconem
1551 602 1579 626 et
1601 602 1718 626 antrum
1741 597 1945 627 Libethridum
1969 599 2187 638 Nympharum,

236 654 264 677 et
285 650 316 676 in
337 645 508 676 Macedonia
534 642 659 672 Pieriam
683 646 712 670 et
734 639 896 680 Pimpleam
920 640 1018 668 fontes
1041 641 1131 669 musis
1155 640 1384 675 dedicaverunt,
1415 640 1495 669 unde
1519 640 1620 670 Musae
1643 639 1871 678 Heliconiades‚
1896 640 2099 681 Libethrides,
2123 642 2188 672 Pie-

236 689 313 720 rides
335 694 364 719 et
386 684 569 727 Pimpleides.
603 684 677 713 Vide
699 684 775 712 infra
796 681 980 722 Pimpleides.
1004 682 1093 712 Duc.
1132 682 1207 722 Quo.
1235 680 1334 718 Quod.
1381 680 1486 711 Goth.

400 727 686 759 Percunctatio.
729 725 877 755 scribitur
902 726 1085 764 percontatio
1108 736 1124 754 a
1147 732 1233 755 como
1258 729 1287 753 et
1305 725 1509 764 percunctatio
1532 735 1548 752 a
1571 725 1692 754 cunctis.
1730 725 1834 756 Donat.
1859 725 1937 765 apud
1960 727 2079 756 Terent.
2115 727 2187 756 Mihi

236 776 320 815 prior
343 773 490 811 scriptura
514 770 606 808 magis
628 769 742 808 placet,
773 768 826 797 etsi
850 768 935 796 aliter
957 767 1076 804 Festus,
1110 778 1204 806 neque
1226 767 1303 796 enim
1326 776 1381 805 per
1403 772 1510 795 cuncta
1532 767 1713 805 interrogat,
1744 769 1795 807 qui
1818 769 1864 797 vel
1887 769 2006 798 unicam
2029 780 2092 798 rem
2115 779 2188 809 per-

236 821 383 846 contatur.
427 814 507 843 Infra
531 823 586 852 pro
606 824 659 852 per
678 819 784 841 cuncta
806 811 873 839 visit
897 814 967 838 vett.
988 809 1039 839 lib.
1059 811 1247 850 percunctari
1261 810 1314 847 sit,
1337 809 1417 838 unde
1440 809 1551 848 optime
1576 810 1634 838 viri
1657 810 1740 839 docti
1759 822 1812 849 per
1831 819 1952 841 cunctas
1975 824 2019 841 res
2041 812 2073 842 it.
2098 811 2187 843 Dae.

236 859 291 888 Per
313 869 331 887 o
352 856 442 887 solere
463 855 562 886 scribi.
600 855 637 884 Et
659 855 700 883 ita
724 863 842 892 quoque
868 852 948 891 apud
972 853 1097 881 Nouium
1122 854 1198 891 (pag.
1211 852 1261 884 44.
1288 861 1354 891 pag.
1367 851 1439 883 474.
1464 852 1567 891 Merc.)
1591 853 1621 880 in
1644 853 1814 882 Perconrari
1836 858 1864 882 et
1887 854 2051 884 Percontat,
2089 855 2187 885 Gloss,

236 900 423 930 percontatio
453 897 573 937 πύσμα;
614 897 806 926 Percontatur
834 893 1030 926 πυνθάνεται.
1063 894 1168 925 Goth.
1214 895 1273 926 Ctr.
1295 894 1390 924 Kritz.
1420 894 1456 923 ad
1486 895 1557 926 Sall.
1581 895 1666 924 Catil.
1683 896 1738 933 40,
1763 898 1794 927 2.
1820 906 1887 935 pag.
1903 899 1973 929 187.
2006 897 2125 926 Dronke
2149 897 2189 926 ad

234 944 328 973 Tacit.
352 942 421 971 dial.
446 942 484 970 de
507 942 589 971 Orat.
613 950 678 979 pag.
692 940 743 971 59.
768 944 797 967 et
819 937 963 966 Addenda
984 948 1051 978 pag.
1065 938 1137 970 243.

401 990 615 1033 Perfugam.
666 990 788 1018 Glossae
816 989 972 1027 perfugam
1001 994 1028 1018 et
1056 990 1239 1026 transfugam
1270 984 1438 1028 αὐτόμολον
1466 988 1704 1028 interpretantur
1732 998 1769 1017 ex
1795 994 1892 1019 mente
1921 989 2003 1020 Aelii.
2049 989 2087 1020 At
2115 990 2190 1020 aliae

236 1038 350 1076 glossae
373 1034 530 1077 transfuga
552 1030 729 1071 ἀποστάτης.
778 1032 851 1060 Nam
875 1032 997 1072 proprie
1016 1031 1143 1074 perfuga
1165 1031 1292 1068 dicitur,
1323 1031 1375 1069 qui
1398 1031 1434 1059 ab
1457 1030 1595 1060 hostibus
1618 1031 1655 1060 ad
1681 1041 1752 1067 noa,
1785 1031 1959 1073 transfuga,
1990 1033 2042 1072 qui
2064 1044 2080 1062 a
2102 1033 2189 1062 nobis

237 1080 276 1109 ad
297 1079 399 1107 hostes
424 1077 575 1113 discessit,
610 1075 664 1104 etsi
693 1086 752 1103 non
783 1075 959 1103 observatur
987 1074 1062 1103 illud
1092 1075 1260 1103 discrimen.
1291 1073 1379 1103 Dae.
1426 1074 1459 1102 V.
1481 1074 1500 1104 l.
1512 1076 1543 1106 3.
1567 1074 1598 1102 in
1620 1073 1669 1104 fin.
1693 1073 1723 1102 ff.
1746 1073 1783 1103 de
1805 1075 1936 1113 sicarii53
1959 1076 1980 1105 l.
1993 1078 2023 1108 8.
2048 1078 2114 1114 §.2
2137 1078 2188 1108 38.

237 1121 346 1161 §.1.ff.
367 1121 402 1149 de
426 1120 540 1159 poenis.
562 1119 581 1148 l.
597 1120 645 1150 19.
670 1119 692 1156 §.
707 1120 735 1150 8.
749 1117 778 1147 ff.
803 1117 838 1146 de
862 1117 999 1156 captivis.
1022 1117 1042 1145 l.
1055 1120 1085 1149 7.
1099 1117 1128 1146 ff.
1152 1117 1187 1145 de
1210 1127 1242 1146 re
1264 1116 1394 1147 militari.
1441 1115 1546 1147 Goth..

404 1169 597 1212 Perfacul.
642 1170 718 1207 Lege
733 1167 874 1210 Perfacul
895 1175 920 1197 et
940 1180 992 1208 per
1014 1180 1058 1204 se,
1083 1166 1192 1204 Facul,
1215 1166 1273 1195 hoc
1296 1172 1356 1204 est,
1378 1172 1437 1196 tam
1462 1167 1661 1207 compositum
1677 1166 1832 1209 Perfacul‚
1855 1178 1945 1207 quam
1965 1168 2108 1208 simplex,
2131 1168 2190 1198 Fa-

238 1214 296 1246 cul.
335 1214 421 1243 Levis
446 1213 568 1249 menda,
598 1212 649 1240 sed
674 1221 749 1250 quae
773 1212 890 1240 errandi
914 1222 1013 1240 ansam
1038 1211 1134 1239 doctis
1156 1210 1301 1249 praebuit.
1328 1208 1430 1239 Scal.
1475 1211 1532 1238 Sed
1557 1216 1636 1239 errat
1658 1210 1723 1250 ipse
1745 1211 1885 1249 Scaliger.
1922 1212 2089 1250 Legendum
2112 1212 2191 1241 enim

237 1259 326 1288 unica
348 1267 423 1286 voce
445 1254 619 1297 persffacul.
658 1254 779 1292 Antiqui
803 1255 877 1282 enim
899 1266 980 1294 perse
1002 1253 1143 1283 dicebant
1166 1263 1221 1292 pro
1241 1264 1309 1294 per,
1343 1252 1422 1281 sicut
1444 1257 1473 1282 et
1491 1263 1578 1292 prose
1600 1249 1666 1283 ἀντὶ
1688 1256 1742 1283 τοῦ
1760 1264 1825 1292 ρνο.
1865 1254 1937 1283 Inde
1960 1255 2190 1293 prosemurium‚

238 1300 321 1340 quod
341 1304 446 1339 postea
466 1298 683 1338 prosimurium.
707 1296 795 1326 Dac.
834 1297 883 1325 Sic
903 1308 984 1336 perse
1004 1307 1132 1326 moerens
1153 1300 1182 1326 et
1201 1306 1390 1334 permoerens.
1417 1295 1528 1325 Arnob.
1546 1295 1579 1324 V.
1605 1294 1711 1326 Goth.
1750 1295 1823 1325 Vide
1846 1306 1937 1336 supra
1957 1295 2060 1327 Facul.
2084 1296 2190 1328 Idem.

237 1344 281 1372 De
302 1342 406 1372 formis
430 1340 685 1380 praepositionum
705 1350 787 1379 perse
808 1343 836 1367 et
856 1350 942 1379 prose
963 1340 1025 1367 sive
1045 1339 1126 1378 prosi
1148 1338 1265 1368 tametsi
1287 1347 1373 1366 nemo
1395 1343 1530 1366 veterum
1555 1338 1739 1376 prodiderit3
1776 1343 1874 1367 tamen
1899 1339 2094 1379 probabiliter
2115 1350 2191 1368 con-

237 1386 309 1415 iecit
328 1385 479 1414 Dacerius.
512 1382 696 1412 Crediderim
719 1386 817 1410 tamen
837 1393 903 1421 pers
925 1385 954 1410 et
974 1392 1044 1423 pros
1065 1380 1203 1422 primitus
1227 1380 1340 1409 dictum
1364 1390 1443 1415 esse,
1467 1390 1541 1418 quae
1563 1380 1659 1408 forma
1682 1380 1790 1410 deinde
1813 1381 1844 1409 in
1865 1392 1946 1420 perse
1968 1386 1996 1410 et
2014 1393 2101 1421 prose
2122 1392 2192 1421 pro—

239 1430 340 1458 ducta.
370 1427 466 1456 Simili
489 1426 578 1455 modo
591 1425 709 1454 Indicae
731 1424 965 1463 praepositiones
984 1424 1068 1464 pari,
1089 1424 1172 1462 prati
1194 1427 1222 1451 et
1243 1433 1307 1451 sam
1331 1422 1362 1450 in
1384 1422 1557 1461 compositis
1581 1432 1629 1451 vv.
1653 1427 1722 1451 ante
1745 1423 1886 1461 quasdam
1911 1424 2041 1459 litterae,
2063 1425 2191 1454 maxime

239 1476 308 1501 ante
329 1469 361 1507 k,
384 1474 539 1498 assumunt
560 1480 583 1497 s.
614 1469 656 1496 De
679 1477 735 1505 qua
758 1477 791 1495 re
815 1467 852 1495 cf.
873 1467 968 1506 Bopp.
993 1467 1121 1494 Gramm.
1139 1466 1209 1494 Crit.
1226 1465 1366 1493 Sanscrit.
1387 1475 1446 1503 reg.
1464 1467 1534 1497 111.
1558 1475 1623 1503 pag.
1636 1467 1687 1496 70.
1721 1465 1804 1494 Adde
1826 1470 1924 1494 tamen
1948 1466 2073 1496 eundem
2093 1467 2189 1506 Bopp.

239 1515 269 1543 in
294 1511 528 1552 Vergleichende
551 1509 784 1548 Zergliederung
806 1514 861 1538 cet.
882 1510 911 1537 in
933 1510 1060 1547 Scriptis
1083 1508 1256 1536 Academiae
1279 1507 1408 1535 Berolin.
1431 1507 1499 1535 anni
1525 1509 1616 1539 1826.
1639 1517 1706 1546 pag.
1719 1509 1770 1538 82.

406 1559 671 1600 Peremptalia.
701 1559 760 1599 (Ad
782 1570 810 1598 p.
827 1558 909 1595 199.)
940 1559 1014 1587 Vide
1038 1557 1206 1587 Postulat-ia
1235 1564 1264 1586 et
1283 1557 1458 1586 Manubiae.
1481 1557 1572 1586 Ant.
1595 1557 1690 1597 Aug.
1732 1558 1806 1587 Vide
1828 1558 1980 1588 Peremen.
2020 1560 2094 1598 Lege
2115 1560 2192 1588 infra

240 1619 308 1638 nam
331 1614 362 1637 ut
385 1606 483 1635 omina
505 1610 686 1644 superantur.
710 1602 798 1631 Dac.
836 1599 995 1630 Gracchus.
1021 1601 1158 1630 Granius.
1185 1599 1290 1630 Goth.
1334 1599 1382 1629 Ut.
1407 1601 1474 1629 Aut.
1520 1597 1632 1628 Idem.

406 1654 611 1685 Perediam.
655 1654 750 1682 Plaut.
767 1654 798 1681 in
816 1653 937 1681 Curcul.
955 1652 1041 1682 Ant.
1062 1651 1158 1691 Aug.
1189 1652 1245 1680 Eas
1268 1656 1424 1681 venustate
1446 1650 1594 1690 parasitus
1618 1649 1703 1689 quasi
1725 1650 1950 1690 provinciarum
1973 1651 2092 1681 nomina
2114 1663 2195 1682 com-

242 1706 357 1731 mentus
380 1705 432 1730 est.
477 1698 598 1727 curcul.
623 1702 678 1726 act.
696 1696 753 1733 111,
778 1697 869 1734 (74.):

734 1745 886 1776 Rhodiam
910 1753 997 1786 atque
1019 1744 1162 1784 Lyciam,
1201 1743 1351 1774 Perediam
1375 1752 1401 1773 et
1425 1742 1622 1774 Perbibesiam
1645 1748 1699 1772 etc.

735 1788 855 1829 Subegit
876 1787 957 1818 solus
979 1789 1057 1818 intra
1078 1788 1184 1827 viginti
1207 1786 1276 1816 dies.

244 1836 328 1864 Dae.

407 1877 605 1905 Peremere.
650 1875 704 1904 Vel
726 1875 870 1914 perimere
893 1884 952 1902 non
976 1878 1034 1901 tan]
1055 1871 1208 1912 prohibere
1230 1872 1277 1900 vel
1298 1871 1415 1908 vitiare,
1446 1881 1535 1910 quam
1558 1870 1678 1899 omnino
1698 1871 1805 1900 tollere
1827 1870 1863 1899 ab
1886 1882 1964 1908 emo,
1991 1872 2078 1902 tollo.
2121 1872 2195 1902 Vide

247 1930 352 1946 surrem
369 1919 413 1948 sit.
446 1918 501 1947 Per
516 1923 615 1947 autem
640 1917 820 1946 intensivum
845 1922 889 1946 est
912 1922 940 1945 et
960 1917 1039 1944 infra
1062 1916 1093 1942 in
1117 1914 1217 1943 verbis
1233 1914 1352 1942 Catonis
1372 1914 1499 1954 perimat
1521 1918 1565 1942 est
1588 1913 1682 1945 tollat.
1714 1913 1739 1942 A
1763 1913 1855 1942 verbo
1875 1925 2017 1953 peremere
2038 1919 2108 1944 sunt
2125 1926 2194 1954 per-

249 1967 343 1998 empta
356 1961 524 1998 interfecta,
548 1971 625 1999 quse
648 1961 770 1989 omnino
791 1960 907 1989 sublata
931 1964 1018 1996 sunt,
1049 1958 1117 1986 item
1138 1955 1332 1997 peremptalia
1353 1957 1488 1994 fulgura,
1517 1966 1592 1994 quae
1616 1956 1716 1994 priora
1738 1956 1769 1985 vi
1791 1966 1843 1985 sua
1867 1956 2031 1995 perimunt,
2055 1957 2073 1986 i.
2094 1968 2118 1987 e.
2140 1958 2197 1987 tol-

249 2001 326 2038 lunt,
349 2006 377 2030 et
396 2005 618 2042 peremptorium
640 2002 783 2040 edictum,
807 2002 887 2042 quod
911 2002 990 2030 litem
1015 2000 1156 2040 perimat,
1179 2000 1273 2030 tollat.
1296 1998 1351 2028 Da
1362 2010 1386 2028 c.
1419 1999 1462 2027 Cf.
1480 1999 1649 2028 Doederlin.
1666 2000 1737 2038 Syn.
1757 1999 1821 2028 Lat.
1842 1999 1982 2029 ton1.111.
2004 2010 2034 2038 p.
2048 2002 2117 2032 186.
2133 2004 2195 2032 not.

413 2044 628 2076 perihodos.
653 2046 710 2082 (Ad
725 2057 754 2085 p.
768 2047 849 2083 199.)
874 2045 1025 2084 Περίοδος
1042 2043 1195 2072 circuitus.
1226 2041 1310 2070 Unde
1331 2041 1361 2070 in
1383 2041 1481 2069 soluta
1504 2041 1638 2070 oratione
1661 2041 1802 2080 periodus
1818 2041 1931 2070 dicitur
1944 2042 2073 2080 longiori
2088 2043 2197 2072 verbo-

250 2095 316 2114 rum
340 2086 468 2114 circuitu
492 2087 716 2127 circumscripta
740 2093 769 2117 et
792 2088 996 2116 circumducta
1014 2086 1174 2122 sententia,
1199 2095 1274 2124 quae
1292 2089 1410 2112 constat
1427 2084 1564 2112 membris
1582 2089 1610 2112 et
1626 2084 1746 2122 incisis,
1770 2084 1848 2113 unde
1863 2095 1879 2112 a
1897 2084 2040 2113 Cicerone
2058 2084 2196 2122 ambitus,

251 2128 406 2162 circuitus,
430 2129 658 2167 comprehensio,
682 2131 882 2167 continuatio,
906 2129 1140 2167 circumscriptio
1163 2128 1281 2156 dicitur.
1310 2127 1383 2155 Vide
1400 2127 1523 2162 Quintil.
1540 2127 1588 2157 lib.
1604 2127 1654 2155 tx.
1673 2136 1698 2156 e.
1713 2129 1744 2159 4.
1776 2126 1808 2155 ln
1832 2127 2032 2162 carminibus,
2055 2137 2116 2156 non
2131 2132 2195 2156 tan-

250 2175 314 2199 tum
336 2169 454 2208 lyricis,
491 2171 629 2207 periodus
658 2182 725 2200 cum
748 2174 892 2202 sententia
915 2177 944 2201 et
966 2171 1075 2211 spiritu
1097 2176 1178 2199 certo
1202 2179 1343 2199 versuum
1366 2179 1490 2198 numero
1518 2169 1707 2198 terminatur.
1737 2168 1825 2199 Dac.
1869 2167 1906 2198 Ῑιι
1933 2167 2091 2209 Gymnicis.
2135 2169 2196 2206 Qui

252 2213 375 2248 Nemea,
414 2210 533 2239 Isthmia
562 2218 590 2241 et
618 2214 756 2253 Olympia
786 2216 922 2245 vicerant
950 2213 1071 2253 periodo
1101 2214 1232 2242 victores
1259 2212 1434 2241 dicebantur
1456 2217 1485 2240 et
1505 2211 1663 2250 periodum
1689 2211 1806 2241 vicisse.
1852 2214 1952 2242 Νικᾶν
1973 2209 2031 2251 τὴν
2053 2213 2195 2252 περίοδον

253 2255 361 2284 Graeci
383 2253 533 2282 dixerunt.
570 2254 673 2284 Athen.
695 2258 731 2285 de
754 2258 907 2286 Herodoto
931 2257 1110 2294 Megarensi:
1133 2256 1250 2294 ἐνίκησε
1272 2252 1328 2293 τὴν
1351 2256 1495 2293 περίοδον
1518 2251 1646 2290 δεκάκις.
1690 2253 1782 2283 Dac.

419 2295 622 2335 Perempta.
646 2297 704 2336 (Ad
726 2309 753 2335 p.
769 2300 850 2338 199.)
876 2301 950 2328 Vide
973 2300 1126 2328 Percmere.
1151 2298 1241 2329 Dae.
1285 2298 1381 2325 Locus
1403 2297 1534 2325 Lucretii
1557 2301 1601 2325 est
1617 2296 1675 2334 lv,
1697 2296 1748 2328 44.

418 2336 633 2367 Per-sillum.
676 2340 764 2373 Quod
784 2341 889 2370 Paulus
911 2343 968 2379 ait,
991 2346 1126 2381 apertum
1150 2345 1209 2376 est,
1233 2340 1285 2369 sed
1308 2350 1343 2368 an
1366 2339 1442 2368 idem
1466 2340 1585 2368 Festum
1608 2339 1733 2368 sensisse
1755 2336 1937 2368 credendum
1960 2338 2013 2374 sit,
2039 2336 2193 2366 vehemen-

254 2387 301 2411 ter
323 2380 436 2410 dubito.
473 2380 649 2408 Rudieulum
672 2381 802 2418 picatum
826 2393 886 2411 esse
910 2394 978 2419 vaS,
1006 2385 1035 2412 in
1058 2394 1117 2422 quo
1142 2384 1180 2412 sit
1202 2387 1402 2420 unguentum,
1427 2381 1630 2420 quaerendum
1653 2381 1794 2410 arbitror.
1836 2379 1976 2408 Flaminis
1999 2388 2117 2417 quoque
2139 2389 2193 2407 no.

256 2435 321 2453 men
336 2427 506 2462 suspectum
523 2427 575 2452 est.
612 2423 791 2451 [indiculum
811 2435 825 2452 a
842 2425 948 2454 rudere
971 2427 1096 2454 fortasse
1118 2426 1246 2461 dictum,
1269 2430 1299 2454 et
1320 2424 1441 2463 globum
1462 2425 1581 2463 piceum
1606 2423 1654 2453 vel
1674 2424 1808 2462 picatum
1829 2421 1980 2460 significat.
1995 2421 2083 2451 Ant.
2097 2420 2191 2460 Aug.
