2263 2668
213 190 289 225 400
641 181 985 219 COMMENTARH
1010 182 1057 215 IN
1084 182 1225 217 PAULI
1251 183 1447 218 DIACONI
1472 183 1726 217 EXCERPTA

212 284 317 319 lectio,
347 281 398 310 sed
421 278 578 317 explicatio
600 276 681 305 vocis
705 273 859 310 dierectus,
897 274 932 302 ab
956 274 1090 303 studioso
1114 277 1213 315 aliquo
1236 276 1359 314 margini
1383 275 1547 314 adscripta,
1584 280 1618 304 ut
1635 275 1683 313 fit,
1722 281 1750 305 et
1772 278 1847 306 male
1868 286 1967 318 postea
1989 283 2019 311 in
2041 287 2153 312 textum

213 330 350 364 recepta3
389 321 469 360 quod
498 324 578 348 certe
607 319 694 346 unice
722 316 857 345 Salinasii
887 317 1088 346 coniecturam
1111 319 1205 348 fulcit.
1235 320 1320 348 Dac.
1368 318 1390 346 A
1413 329 1547 357 praepos.
1570 319 1625 347 ins.
1649 317 1688 347 di
1711 324 1741 348 et
1762 321 1868 360 erigere
1890 323 2014 354 deduxit
2035 326 2155 355 Romus

214 371 243 398 in
267 366 392 397 Plautin.
418 362 544 401 cupedd.
568 362 638 390 sere.
662 360 712 389 111.
758 360 802 387 Cf.
826 369 901 397 quae
925 361 1026 388 notavi
1049 360 1085 389 ad
1109 362 1201 392 Plaut.
1227 362 1340 400 Captiv.
1357 361 1414 397 111,
1437 364 1473 398 4,
1499 363 1570 392 103.

377 406 563 443 Dirigere.
608 405 697 441 Lege:
721 400 910 437 Discindem,
936 413 995 430 non
1020 401 1171 433 discedere.
1204 405 1296 432 Locus
1318 403 1431 438 Plauti,
1456 414 1543 442 quem
1566 403 1705 441 intelligit
1726 409 1771 433 est
1792 405 1822 433 in
1843 406 2029 438 Curculione.
2054 408 2156 440 Scal.

214 453 272 482 Pro
296 447 438 479 discedere
460 447 522 484 lege
545 445 702 482 discidere,
734 449 767 473 ut
788 446 820 472 in
843 445 937 473 veteri
961 445 1072 476 codice.
1116 446 1273 476 Discidere
1295 447 1390 484 enirn,
1416 451 1450 475 ut
1472 444 1636 482 abscidere,
1663 445 1815 476 concidere
1839 453 1894 478 etc.

214 493 312 523 Plauti
333 497 376 520 est
400 489 593 524 Cureul.1ss‚
620 490 663 527 (v.
676 489 757 526 54.):

793 527 947 568 Glypeatus
969 528 1148 570 elephantum
1171 530 1221 560 ubi
1245 530 1402 559 machaera
1429 529 1539 569 dirigit.

215 578 270 606 Ubi
294 576 368 605 male
389 573 479 603 hodie
503 571 627 603 dissicit.
670 572 745 601 Male
769 572 855 600 etiam
880 573 960 610 apud
983 573 1108 602 Nonium
1131 574 1239 611 legitur
1262 571 1360 612 diligit
1385 583 1439 611 pro
1463 572 1571 612 dirigit.
1616 573 1651 601 Id
1675 578 1733 610 est,
1769 573 1800 601 in
1821 574 1894 603 duas
1917 581 2013 613 partes
2039 577 2158 606 scindit.

215 620 286 649 Inde
310 617 473 653 directarii,
506 617 555 654 qui
579 617 658 644 fores
682 615 855 652 effringunt,
885 624 960 653 quos
983 625 1050 644 cum
1073 616 1238 644 latronibus
1260 616 1354 653 iungit
1380 616 1466 645 Basil.
1489 615 1520 643 in
1544 615 1652 654 Epist.:
1684 614 1727 646 ὅτι
1750 617 1848 647 πάντα
1872 622 1984 657 λῃστῶν
2007 620 2058 649 καὶ
2081 621 2158 657 5¹95--

215 664 344 700 κταρίων
367 658 557 698 πεπλήρωται
579 656 614 688 τά
638 661 691 696 τῆς
714 656 798 688 όὸοὗ.
822 657 911 687 Dac.
943 657 1039 697 Apud
1055 657 1202 688 Plautum.
1234 659 1268 686 Iu
1285 659 1479 686 Curculione:
1505 656 1661 698 Clypeatus
1682 657 1770 698 eleph..
1796 658 1846 688 ubi
1867 661 1963 692 mach.
1987 660 2108 700 ἀίνίζςίί,ι
2132 665 2160 689 et

215 706 256 734 ita
279 703 436 742 legendum
461 701 539 740 apud
563 701 692 729 Nonium
716 702 787 736 0-4,
813 702 898 731 148.,
922 711 983 728 non
1007 699 1111 740 diligit.
1144 702 1231 730 Nonii
1255 700 1342 728 codd.
1366 710 1466 729 omnes
1491 699 1631 728 exhibent
1655 700 1753 740 diligit
1778 712 1841 739 pag.
1855 705 1926 734 209.
1952 704 2039 732 Mero.
2071 703 2160 742 Apud

215 749 353 777 Plautum
369 744 462 773 codd.
482 743 623 772 exhibent
646 741 777 779 dessicit,
800 741 934 778 descicit,
959 741 1065 782 diligit.
1096 744 1161 772 Non
1185 744 1306 772 dubium
1331 748 1389 779 est,
1414 743 1496 782 apud
1515 743 1652 771 Plautum
1671 744 1827 782 legendum
1852 755 1915 774 esse
1933 744 2042 786 dirigit.
2073 746 2161 786 Apud

216 790 353 820 Paullum
376 797 449 815 vero
473 796 527 825 pro
551 784 696 815 discedere
718 785 873 822 legendum
897 783 1046 814 discidere.

381 829 596 858 Dirunciun
606 836 625 857 t.
671 829 715 856 An
745 827 900 865 legendum
931 826 1123 858 dirunciant?
1160 830 1296 857 Ruucare
1325 828 1402 857 enim
1425 828 1554 857 Varroni
1579 832 1622 856 est
1644 828 1751 857 herbas
1774 839 1789 858 e
1812 830 1958 867 segetibus
1980 841 2162 870 expurgare.

217 875 264 904 An
286 869 500 902 diruncinant?
526 871 726 900 Diruncinare
748 875 790 898 est
812 869 928 906 radere,
955 870 1061 908 polire,
1085 882 1100 899 a
1124 872 1235 900 Graeco
1256 868 1389 910 ῥυκάνη,
1413 871 1642 899 instrumentum
1667 872 1772 900 fabrile
1796 872 1834 900 ad
1857 883 1947 911 opera
1971 874 2161 911 laevigand83

218 917 265 946 vel
289 914 476 944 diruncinant
494 924 509 941 a
527 912 664 950 dirunco,
689 911 861 949 diruncino,
885 917 919 941 ut
941 920 1026 948 nato,
1049 915 1151 942 natino
1175 919 1202 942 et
1225 914 1290 944 alia.
1316 913 1401 942 Dac.
1436 914 1637 951 Derunciunt,
1661 914 1712 942 alii
1735 914 1941 946 Diruncinant.
1967 914 2071 945 Goth.
2105 917 2164 945 Le-

217 959 360 998 gendum:
389 957 602 985 Deruncinant.

382 999 559 1027 Dirutum
583 1009 672 1028 aere,
718 997 870 1032 Quantum
895 998 1062 1026 coniectura
1087 999 1204 1036 assequi
1223 1009 1343 1037 possum
1365 999 1433 1027 inde
1456 998 1588 1027 dirutum
1612 1008 1678 1027 aere
1701 999 1823 1028 militem
1847 999 1959 1028 dictum
1982 1005 2070 1039 puto,
2096 1001 2164 1040 quia

219 1055 283 1072 aere
305 1040 475 1077 exciderat,
498 1040 555 1069 hoc
579 1046 638 1075 est,
662 1040 796 1078 privatus
820 1041 931 1077 suerat,
956 1045 986 1068 ul
1013 1040 1123 1069 diruere
1146 1042 1183 1070 sit
1206 1052 1261 1080 pro
1285 1042 1413 1080 simplici
1436 1053 1531 1078 ruere,
1555 1041 1586 1069 id
1611 1046 1653 1069 est
1676 1040 1786 1071 cadere.
1832 1042 1926 1071 Varro
1950 1042 1986 1071 de
2009 1043 2071 1071 vita
2093 1054 2165 1083 pop.

219 1087 303 1115 Rom.
325 1085 375 1113 lib.
386 1084 453 1112 XL:
478 1081 660 1123 Stipendium
684 1081 906 1122 appellabatur,
932 1082 1012 1123 quod
1034 1095 1082 1111 aes
1105 1082 1192 1112 militi
1214 1092 1344 1112 semestre
1367 1091 1417 1112 aut
1440 1095 1568 1112 annuum
1591 1082 1739 1122 dabatur,-
1762 1084 1810 1113 cui
1832 1083 1932 1113 datum
1955 1097 2013 1114 non
2035 1087 2072 1114 sit
2092 1096 2166 1125 pro-

218 1136 282 1168 pter
303 1127 496 1167 ignominiam
519 1136 584 1154 aere
607 1123 719 1153 dirutus
739 1132 818 1154 esset.
858 1126 914 1154 Cic.
942 1126 1023 1154 Vcrr.
1041 1126 1103 1154 Vll.
1127 1125 1178 1164 (V,
1206 1126 1284 1165 13.):
1310 1125 1465 1156 Aleotoris
1487 1124 1653 1155 Placentini
1675 1134 1773 1155 castra
1797 1127 2113 1165 commemorabuntur,
2136 1128 2167 1157 in

220 1170 325 1211 quibus
347 1180 410 1199 cum
425 1167 569 1210 frequens
588 1166 708 1206 fuisset,
745 1175 839 1196 tamen
861 1179 925 1196 aere
947 1167 1060 1196 dirutus
1082 1176 1131 1197 est.
1175 1168 1209 1197 Id
1233 1175 1274 1197 est
1297 1180 1361 1197 aere
1384 1167 1502 1198 decidit.
1547 1168 1604 1197 Aes
1626 1173 1724 1198 autem
1747 1169 1882 1199 absolute
1905 1180 1961 1210 pro
1984 1170 2087 1199 militis
2108 1170 2166 1200 sti-

220 1213 338 1252 pendio.
384 1211 480 1239 Plaut.
501 1211 601 1238 Aulul.
615 1209 672 1246 Ill,
695 1210 728 1246 5,
753 1211 815 1247 (52.
839 1210 920 1249 54.):

841 1251 890 1281 Ibi
911 1251 952 1281 ad
970 1261 1146 1292 postremum
1170 1253 1246 1283 cedit
1267 1253 1364 1291 miles,
1402 1265 1451 1283 aes
1470 1254 1550 1293 petit.

841 1293 1012 1334 Impransus
1033 1295 1115 1324 miles
1137 1304 1231 1333 astat,
1263 1308 1310 1325 aes
1333 1304 1425 1326 censet
1450 1295 1526 1324 dari.

222 1341 259 1369 Et
282 1349 329 1368 aes
352 1338 428 1367 illud
452 1347 510 1376 quo
534 1338 641 1366 milites
665 1337 756 1366 diruti
780 1338 955 1376 resignatum
979 1348 1026 1366 aes
1048 1339 1171 1377 proprie
1194 1339 1357 1369 dicebatur.
1392 1338 1464 1367 Vide
1487 1348 1541 1366 suo
1564 1337 1639 1367 loco.
1662 1337 1753 1368 Dae.
1785 1338 1869 1368 Adde
1891 1339 1975 1368 Varr.
1988 1339 2036 1368 IV.
2057 1339 2093 1368 de
2114 1338 2169 1367 lin-

222 1392 279 1420 gua
304 1381 358 1418 (V,
381 1390 448 1419 pag.
464 1383 532 1411 180.
557 1380 629 1418 Sp.).
660 1380 746 1409 Adde
769 1380 843 1408 infra
867 1378 1061 1418 Resignatum
1083 1392 1140 1410 aes.
1171 1382 1214 1409 Eo
1237 1382 1293 1410 fine
1316 1381 1431 1409 librarii
1455 1380 1637 1408 caducorum
1660 1380 1691 1408 in
1713 1381 1732 1408 l.
1756 1381 1809 1409 ult.
1832 1382 1861 1412 ff.
1885 1382 1921 1411 de
1943 1382 2006 1410 iure
2028 1381 2167 1410 immuni-

224 1425 311 1459 tatis3
333 1428 430 1462 potest
452 1428 480 1451 et
500 1422 558 1451 huc
582 1423 687 1451 referri
710 1423 881 1461 pecuniaria
903 1422 1010 1458 multa,
1033 1423 1069 1450 de
1093 1433 1149 1461 qua
1172 1424 1202 1452 in
1225 1424 1244 1452 l.
1257 1426 1287 1455 3.
1312 1426 1336 1462 §.
1353 1423 1421 1454 1.ff,
1447 1423 1482 1451 de
1505 1433 1537 1451 re
1562 1423 1693 1451 militari.
1740 1421 1845 1451 Goth.

388 1464 582 1494 Delicata.
627 1463 787 1493 Delicatus.
828 1464 923 1493 Lusui
947 1464 1076 1501 dicatus,
1107 1466 1134 1493 in
1158 1466 1216 1496 MS.
1240 1468 1314 1495 usui.
1359 1465 1480 1494 Delicati
1509 1464 1644 1493 homines
1667 1469 1736 1493 sunt
1759 1465 1809 1503 qui
1833 1465 1986 1494 muliebria
2007 1467 2169 1504 patiuntur.

225 1509 331 1538 Graeci
353 1510 462 1543 παῖδας
485 1504 619 1542 ἆπαλοῦς
639 1512 762 1543 vocant,
791 1518 896 1546 pueros
917 1514 1034 1535 teneros.
1078 1506 1238 1538 Enervatos
1258 1520 1357 1548 greges
1380 1513 1468 1537 vocat
1487 1507 1604 1543 Victor,
1631 1508 1681 1535 sed
1705 1506 1848 1536 delicatus
1870 1508 1976 1537 melius
1999 1519 2013 1536 a
2038 1508 2168 1543 deliciis,

224 1563 292 1580 nam
315 1556 344 1580 et
364 1550 485 1579 delicati
508 1550 649 1578 Suetonio
672 1550 758 1578 etiam
782 1549 906 1579 deliciae
929 1549 1080 1578 dicuntur.
1108 1549 1196 1581 Dac.
1238 1551 1384 1579 Delicatus
1407 1551 1490 1589 quasi
1512 1550 1602 1578 lusui.
1635 1548 1737 1580 Goth.
1777 1549 1890 1579 Glossis
1905 1551 2055 1580 Delicatus
2072 1547 2171 1581 καθά-

226 1606 305 1633 ριος,
327 1591 491 1633 τρυφερὸς,
515 1590 673 1626 σποὶταλος.
718 1591 827 1622 Idem.

388 1634 589 1663 Dedicare.
635 1635 684 1662 Sic
706 1635 834 1671 Nemus,
865 1632 1015 1662 Dedicare
1036 1638 1078 1662 est
1101 1633 1208 1662 dicere.
1241 1632 1344 1664 Goth.
1390 1634 1433 1662 Cf.
1455 1634 1531 1662 Non.
1554 1644 1584 1673 p.
1598 1635 1671 1665 280.
1695 1633 1746 1661 ubi
1773 1644 1828 1673 pro
1854 1633 1991 1663 dedicare
2011 1634 2092 1663 haud
2115 1634 2172 1663 du-

224 1678 273 1707 bie
296 1678 454 1715 legendum
478 1675 620 1714 delicat-e,
654 1677 735 1714 quod
757 1677 854 1716 ipsum
877 1676 955 1715 apud
978 1676 1114 1704 Paullum
1137 1681 1270 1705 nostrum
1293 1676 1521 1706 restituendum.
1566 1676 1609 1704 Cf.
1633 1676 1721 1704 etiam
1743 1676 1873 1705 Nonium
1895 1677 1926 1705 in
1947 1675 2056 1706 Delica
2079 1686 2108 1716 p.
2120 1679 2171 1709 98.

228 1726 256 1748 et
279 1732 308 1759 p.
321 1723 392 1752 277.
436 1719 519 1748 Adde
543 1730 615 1756 quae
638 1719 702 1747 dixi
726 1720 763 1747 ad
787 1720 882 1748 Plaut.
904 1718 1051 1757 Amphitr.
1068 1719 1112 1755 II,
1136 1722 1172 1752 2,
1197 1720 1248 1750 38.
1273 1724 1301 1747 et
1324 1720 1360 1747 ad
1385 1719 1468 1747 Milit.
1486 1719 1542 1754 III,
1567 1721 1601 1753 2,
1626 1721 1676 1749 31.

388 1763 590 1801 Depuvere.
637 1762 709 1800 Lege
733 1761 874 1802 clepuvire.
899 1760 997 1790 Scal.
1028 1761 1195 1799 Legendum
1220 1760 1370 1800 depuvire‚
1393 1767 1425 1789 ut
1448 1761 1558 1800 optime
1574 1761 1712 1798 Scaliger.
1744 1760 1804 1789 Nisi
1827 1773 1842 1790 e
1864 1771 1920 1800 pro
1943 1761 1954 1789 i
1975 1761 2105 1800 positum
2129 1761 2175 1789 sit.

230 1805 373 1843 Depuvire
395 1816 410 1833 a
431 1805 535 1843 pavie,
565 1804 672 1841 caedo,
704 1805 807 1843 pulso,
837 1804 918 1842 quod
942 1814 957 1831 a
982 1804 1096 1833 Graeco
1118 1805 1209 1834 παίω.
1250 1805 1274 1831 Α
1295 1805 1382 1843 ραυίο
1407 1803 1543 1843 depuvio,
1568 1814 1586 1831 a
1607 1804 1637 1831 iu
1660 1816 1694 1839 u,
1722 1808 1755 1831 ut
1778 1804 1893 1843 quatio,
1916 1803 2060 1834 concutio.
2100 1803 2175 1831 Vide

231 1845 355 1883 obpuvit.
377 1846 464 1877 Dac.
504 1847 660 1884 Depuvire.
707 1845 810 1876 Goth.

391 1888 540 1917 Dedita.
589 1890 679 1918 Valde
703 1890 786 1925 data,
814 1888 846 1916 id
869 1893 927 1924 est,
957 1889 1094 1925 omnino,
1125 1889 1155 1917 in
1179 1893 1355 1927 perpetuum
1380 1888 1467 1924 data,
1497 1889 1538 1916 ita
1562 1892 1596 1916 ut
1617 1898 1650 1916 ea
1672 1897 1801 1926 nequeas
1824 1892 1971 1926 repetere.
2016 1887 2066 1915 Sic
2087 1891 2176 1916 vetus

233 1928 359 1957 Terentii
381 1931 541 1969 interpres:
573 1933 657 1960 Dare
680 1940 720 1961 est
742 1930 822 1972 quod
843 1938 963 1970 repetas.
1001 1930 1117 1960 Dedere
1138 1938 1179 1960 est
1202 1929 1243 1959 ad
1262 1938 1439 1970 perpetuum.
1477 1931 1595 1959 Damus
1618 1931 1741 1967 amicis,
1769 1928 1902 1959 dedimus
1923 1927 2064 1960 hostibus.
2085 1929 2174 1960 Dac-

237 1969 310 1999 Vide
331 1982 404 2008 quae
427 1974 554 2002 diximus
577 1976 606 2002 in
629 1973 836 2003 Decultarunt.
884 1971 987 2004 Goth.

398 2015 584 2053 Deperire.
616 2017 710 2046 Valde
732 2017 837 2055 perire,
860 2015 995 2044 funditus
1017 2016 1123 2054 perire.
1146 2015 1219 2044 Inde
1243 2013 1370 2054 deperire
1392 2014 1502 2043 dicitur
1518 2015 1543 2043 is
1567 2014 1617 2053 qui
1639 2015 1772 2044 efflictim
1794 2018 1873 2043 amat
1892 2019 1922 2043 et
1943 2013 2067 2053 perdite.
2088 2013 2177 2044 Dac-

400 2056 547 2092 Δέῤῥις.
590 2060 688 2087 Deris.
726 2060 846 2088 Glossae
869 2063 1017 2087 veterum:
1042 2057 1185 2097 Segesta,
1209 2057 1356 2095 διφθέρα,
1380 2057 1513 2095 διφθέρα
1535 2058 1652 2088 πλοίου.
1687 2057 1885 2086 Glossarium:
1907 2055 2054 2096 Segestre,
2078 2056 2176 2097 στέγα-

238 2105 346 2133 στρον,
372 2095 562 2136 τεράδερμον;
591 2101 715 2130 fortasse
738 2101 943 2139 περιδέρμιον,
972 2101 1020 2129 vel
1043 2101 1142 2139 potius
1164 2097 1363 2141 γεράὸερμον,
1395 2104 1481 2129 vetus
1504 2100 1603 2139 pellis,
1635 2104 1667 2128 ut
1690 2097 1888 2140 γεράνδρυον.
1911 2097 2012 2128 Scal.
2051 2098 2176 2137 Δέρις.

238 2137 327 2176 Δέρις
349 2141 392 2165 est
415 2138 499 2175 δέρας
521 2141 580 2168 sive
603 2143 694 2181 δέρμα
716 2145 812 2183 pellis,
852 2143 979 2181 Hesych.
1002 2143 1128 2182 Δέῤῥις,
1158 2143 1249 2182 ὸέρμα
1272 2139 1379 2181 βύρση.
1417 2142 1513 2171 Latini
1535 2147 1644 2171 vocant
1666 2149 1804 2182 segestre,
1833 2141 2028 2181 στέγαστρον,
2059 2141 2138 2179 quod
2160 2151 2176 2169 a

240 2180 348 2218 ote'ym,
377 2186 449 2218 ¹030·
494 2181 526 2209 1¹²
550 2183 699 2213 Glossario
723 2185 900 2225 exponitur,
937 2186 1070 2225 διφθέρα
1092 2186 1216 2221 πλοίου,
1250 2185 1337 2224 pellis
1359 2185 1478 2223 navigii.
1522 2185 1579 2214 Sed
1603 2184 1686 2223 prius
1708 2184 1882 2224 segestria·‘e
1903 2188 1999 2222 segete
2021 2183 2129 2212 fiebant
2148 2187 2177 2211 et

240 2226 303 2250 tum
326 2222 443 2249 demum
467 2223 559 2260 δέρεις
583 2225 638 2253 dici
662 2234 765 2265 coepta
788 2233 871 2263 sunt,
910 2238 976 2256 cuin
999 2229 1029 2256 in
1054 2238 1156 2256 eorum
1176 2238 1261 2256 usum
1284 2227 1375 2266 pelles
1398 2232 1558 2257 cesserunt.
1604 2227 1747 2263 Quamvis
1770 2231 1799 2255 et
1820 2226 1917 2268 ⁴559le
1938 2230 2035 2263 texta,
2070 2225 2177 2264 quibus

242 2274 297 2302 pro
320 2264 392 2292 velis
415 2264 477 2292 sive
500 2265 681 2295 umbraculis
703 2271 876 2305 utebantur,
910 2271 1017 2299 Graeci
1039 2271 1189 2299 dixerunt.
1234 2269 1376 2308 Hesych.:
1406 2270 1530 2309 Δέῤῥις,
1552 2267 1585 2301 τὸ
1608 2268 1684 2309 παχῦ
1708 2267 1834 2308 ὕφασμα
1856 2268 1879 2309 ῷ
1902 2269 1943 2305 εἰς
1963 2267 2178 2308 παραπέτασμα

241 2306 378 2345 ἕχρωντο.
401 2305 455 2334 Da
465 2318 488 2335 c.
520 2306 557 2335 Et
578 2316 643 2346 post
666 2314 809 2348 segestria.
841 2313 953 2341 Glossis
975 2321 1128 2351 segestrum
1151 2309 1350 2353 γερᾶδερμον,
1374 2312 1424 2341 ubi
1446 2313 1519 2341 falso
1542 2310 1729 2352 τεράδερμον.
1777 2310 1881 2340 Goth.

406 2349 561 2377 Demum
605 2350 727 2383 Postea,
749 2354 874 2382 tandem.
902 2355 940 2382 Et
962 2355 1041 2393 apud
1061 2355 1176 2384 Livium
1191 2355 1324 2384 Andron.
1342 2355 1449 2393 legitur
1472 2353 1579 2384 demus.
1610 2355 1666 2383 Sed
1688 2355 1772 2383 locus
1796 2364 1855 2382 non
1879 2356 1982 2382 exstat.
2013 2350 2059 2379 Sic
2080 2362 2178 2380 rursus

242 2400 297 2429 Pr⁰
320 2401 441 2460 '‘licitum-
463 2392 555 2420 Dae·
593 2390 662 2422 Λῖἰί
683 2391 794 2422 demum
816 2406 868 2432 pro
893 2395 1061 2426 dumtaxat.
1095 2398 1219 2434 Quintil.
1234 2398 1265 2434 I,
1288 2408 1311 2429 c.
1325 2399 1371 2429 4.:
1393 2396 1519 2427 Possunt
1541 2404 1655 2426 tantum
1677 2395 1710 2425 id
1732 2395 1864 2433 demum,
1887 2392 1967 2435 quod
1987 2393 2018 2421 in
2036 2394 2178 2431 proximo

243 2439 293 2461 est.
385 2443 443 2462 em.

1940 451 2034 479 Locus
2058 457 2154 481 autem
