2263 2668
222 190 298 224 724
647 183 993 218 COMMENTARH
1018 186 1066 218 m
1092 185 1235 219 PAULI
1261 185 1458 221 D1AcoN1
1482 186 1739 221 EXOERPTA

222 283 343 311 Glossae
366 279 485 318 Papiae:
515 273 605 303 Tullii
625 286 768 315 aquarum
789 277 943 315 proiectus.
966 276 1055 308 Duc.
1091 277 1158 306 Dixi
1183 278 1220 307 ad
1243 279 1337 317 legem
1361 277 1451 307 Lines
1476 278 1524 309 15.
1549 279 1585 307 de
1608 284 1663 311 act.
1688 280 1789 319 empti.
1815 278 1918 310 Goth.
1954 281 2011 309 Pro
2030 279 2163 312 Sillanos

223 326 347 353 Glossae
371 321 509 350 Siluanos
532 318 649 354 legunt,
673 318 703 345 in
727 318 834 356 quibus
857 319 993 348 Silvanus
1017 321 1180 359 exponitur
1202 321 1337 360 κρουνός.
1373 321 1406 349 In
1428 321 1490 359 lege
1512 321 1608 350 Fundi
1633 325 1682 354 17.
1707 322 1823 360 §.item
1849 327 1972 352 constat.
1996 323 2026 353 fl'.
2049 323 2085 353 de
2107 329 2165 354 act.

221 368 319 406 empti.
358 362 474 392 Silvani
496 359 634 388 dicuntur
653 371 807 400 personae,
830 372 870 390 εα-
891 373 1013 402 quorum
1037 364 1139 392 rostris
1160 374 1238 403 aqua
1261 363 1350 392 salire
1371 362 1452 392 solet.
1498 362 1606 393 Idem.

388 413 489 451 Topp
499 423 542 440 er.
587 411 639 439 Illa
671 411 812 440 videntur
841 413 999 442 mendosa:
1034 412 1146 442 Ennius
1167 425 1232 443 vero
1254 417 1312 451 sic,
1348 420 1376 443 et
1398 414 1428 442 in
1452 416 1547 443 veteri
1568 415 1646 444 libro
1667 415 1777 444 habent
1798 421 1899 445 notam
1922 416 1955 444 R.
1977 415 2086 445 literae.
2131 416 2164 444 In

220 458 292 487 Attii
315 456 444 484 carmine
466 458 561 482 mutat
584 454 714 482 Faernus
737 459 854 483 noster:
888 456 984 495 patris
1007 462 1033 483 te
1055 457 1135 485 eiecit
1156 455 1256 498 foras.
1302 458 1345 486 Ex
1369 457 1496 495 Odyssia
1525 462 1625 486 vetere
1648 468 1750 487 versus
1772 459 1856 487 relati
1880 458 1987 488 senarii
2009 463 2080 486 sunt
2102 468 2165 487 ma-

219 501 277 538 gis,
302 508 391 537 quam
415 496 544 533 heroici3
574 496 641 525 ideo
665 497 795 535 suspecti
819 503 896 527 sunt.
918 499 1005 527 Ant.
1024 499 1120 537 Aug.
1165 498 1216 529 Sic
1239 500 1269 528 in
1292 499 1406 535 eodem,
1435 499 1491 528 hoc
1513 505 1556 529 est
1576 501 1608 529 in
1630 501 1711 530 Nelei
1734 501 1878 539 carmine,
1902 511 1962 530 nou
1987 501 2067 540 apud
2088 501 2164 530 Nae-

218 542 307 570 vium.
352 541 402 569 Est
425 545 521 569 autem
545 539 659 578 egregia
683 539 812 568 Gnome:

749 590 885 632 Namque
906 589 1025 620 millum
1045 591 1128 631 peius
1149 599 1275 621 macerat
1298 591 1467 631 humanum,

752 632 848 671 Quam
873 631 988 661 (lemare
1009 644 1134 662 saevum.
1181 633 1267 663 Vires
1289 635 1359 674 quoi
1379 642 1446 663 sunt
1468 647 1602 676 magnae,

758 677 870 716 Topper
893 675 1079 717 confringent
1101 677 1283 716 importunae
1305 676 1409 707 undae.

217 729 275 758 Sed
305 738 423 764 vereor,
460 736 495 755 ne
523 726 561 755 sit
583 725 658 755 Livii
681 726 844 756 Andronici
872 737 908 755 ex
932 727 1027 755 veteri
1050 726 1200 766 Odyssea,
1238 738 1298 756 non
1321 728 1403 757 Nelei
1425 733 1476 758 aut
1498 730 1611 762 Naevii,
1657 730 1703 760 Ad
1728 730 1850 760 verbum
1873 730 1949 759 enim
1974 740 2011 759 ex
2033 729 2162 759 Homero

215 769 334 803 Ὀδυσσ.
357 768 398 806 θ’,
422 766 519 808 (VIII,
545 770 614 800 138.
628 767 717 809 seq.):

753 817 797 850 Οὖ
820 817 876 860 γὰρ
900 818 990 860 ἔγωγέ
1012 821 1040 850 τί
1062 832 1140 860 φημι
1162 819 1332 860 κακώτερον
1356 818 1427 852 ἄλλο
1450 821 1607 863 θαλάσσης

739 860 853 902 ’Ἄνδρα
873 875 902 892 τε
925 865 1078 902 συγχεῦαι,
1106 865 1133 894 εἰ
1153 864 1201 894 καὶ
1223 862 1301 903 μάλα
1323 862 1468 903 καρτερὸς
1491 866 1545 905 εἴη.

213 923 251 952 Et
274 932 333 950 non
355 921 478 950 dubium
503 926 546 950 est
569 932 630 951 esse
654 933 690 951 ex
714 922 846 960 Odyssea
871 923 975 951 veteri.
1014 925 1088 952 Sunt
1118 927 1215 951 autem
1240 933 1343 951 versus
1366 924 1506 952 Saturnii.
1543 923 1674 954 Neillum
1697 929 1794 953 autem
1819 934 1874 963 pro
1898 922 2029 953 nihilum.
2066 923 2163 952 Verba

213 964 344 994 eiusdem
367 964 476 994 veteris
500 964 663 1003 Odysseae:
691 967 805 1004 Topper
817 964 904 1006 facit
926 964 1055 995 homines
1077 966 1150 994 veris
1173 966 1279 1002 sueris,
1303 965 1359 994 hoc
1382 970 1426 995 est
1449 977 1549 996 verres
1573 977 1655 1004 sues,
1680 977 1716 996 ex
1739 967 1807 996 illo:

747 1031 787 1036 —
830 1032 873 1037 —
917 1032 957 1038 -
999 1016 1073 1055 ἡκεν
1096 1014 1230 1052 ἅπαντας

739 1056 781 1087 ΊἩ
800 1061 869 1095 σῦς,
893 1055 927 1098 ἠὲ
949 1056 1058 1095 λύκους
1079 1057 1243 1097 ποιήσεται.

208 1108 329 1140 Ὀδυσσ.
352 1107 386 1145 κ’,
411 1107 469 1149 (X,
492 1108 563 1140 432.
579 1107 670 1148 seq.);
703 1107 807 1137 Verres
831 1120 894 1138 sues
917 1109 1028 1138 dictum
1051 1111 1250 1147 coniunctim,
1280 1115 1312 1139 ut
1332 1118 1388 1139 rete
1411 1109 1559 1147 iaculum,
1587 1109 1716 1151 lapidem
1739 1108 1851 1139 silicem
1873 1114 1902 1138 et
1924 1109 2039 1140 similia.
2079 1110 2163 1139 Veris

211 1162 270 1181 non
294 1152 441 1189 geminato
465 1163 493 1188 r,
531 1152 581 1189 qui
612 1156 673 1180 erat
696 1162 759 1179 mos
782 1151 900 1180 illorum
923 1157 1106 1191 temporum,
1144 1157 1172 1180 et
1190 1152 1277 1193 facit
1299 1164 1354 1192 pro
1370 1152 1479 1194 faxit,
1514 1155 1553 1181 ita
1577 1153 1656 1192 apud
1681 1153 1815 1182 Plautum
1840 1157 1868 1181 et
1890 1153 1919 1180 in
1943 1152 2009 1182 XII.
2032 1157 2059 1181 et
2079 1153 2163 1191 pacit

210 1195 241 1223 in
263 1194 366 1223 iisdem
390 1204 446 1233 pro
468 1195 568 1234 pazrit.
611 1195 724 1234 Topper
741 1193 829 1235 facit
852 1195 897 1223 vel
915 1194 1028 1235 samii:
1060 1194 1214 1233 ποιήσειεν
1236 1193 1283 1224 ἅν.
1322 1196 1375 1224 Illa
1399 1206 1485 1225 vero:
1523 1196 1635 1235 Topper
1658 1196 1710 1225 citi
1732 1194 1773 1224 ad
1794 1194 1876 1224 aedis
1896 1195 2026 1223 venimus
2051 1193 2163 1229 Circae,

210 1235 300 1266 simul
320 1235 482 1266 duonorum
503 1243 623 1276 portant
645 1235 686 1265 ad
708 1247 795 1264 naves
817 1235 918 1274 milia,
959 1236 1021 1266 alia
1048 1238 1077 1267 in
1107 1236 1208 1266 iisdem
1238 1238 1435 1268 inserinuntur
1462 1238 1564 1277 potius
1588 1239 1776 1274 sententiam,
1816 1248 1902 1276 quam
1926 1237 2015 1267 verbs
2040 1236 2162 1266 Homeri

211 1279 383 1318 exprimunt
406 1278 530 1317 (Odyss.
548 1279 619 1315 ΧΠ,
645 1281 692 1311 16.
710 1278 823 1317 seqq.):

744 1347 785 1352 —
829 1348 870 1353 —
913 1348 954 1352 ——
999 1328 1067 1362 ov’o’
1090 1331 1148 1371 ἄρα
1174 1332 1292 1372 Κίρκην
1483 1369 1494 1374 ἡ

738 1371 789 1415 {Et}
808 1370 910 1404 Ἀΐδεω
934 1373 1073 1411 ἐλθόντες
1095 1373 1252 1414 ἐλήθομεν.
1278 1372 1353 1405 ἀλλὰ
1373 1371 1444 1414 μάλ’
1470 1375 1534 1405 aina

741 1413 831 1446 ’Hie’
854 1416 1053 1456 ἐντυναμένη·
1082 1415 1143 1455 ἅμα
1166 1416 1194 1448 δ’
1220 1415 1386 1457 ἆμφίπολωι
1409 1417 1505 1456 φέρον
1528 1413 1605 1456 αὐτῇ

746 1461 835 1489 Σῖτον
857 1459 906 1489 καὶ
930 1460 1001 1499 κρέα
1024 1459 1134 1496 πολλὰ,
1167 1460 1215 1490 καὶ
1237 1461 1353 1491 αἴθοπα
1376 1458 1461 1490 οἶνον
1484 1457 1626 1500 ἐρυθρόν.

210 1514 382 1544 Duonorum
405 1514 488 1545 milia
511 1516 588 1545 dixit
612 1516 698 1546 etiam
721 1528 757 1546 ex
780 1518 943 1546 imitatione
966 1518 1101 1555 Homeri,
1134 1519 1186 1547 sed
1210 1519 1274 1547 aliis
1298 1519 1372 1547 locis
1396 1516 1517 1548 ὀνείατα
1539 1519 1639 1558 μυρία.
1686 1517 1785 1553 Quare
1807 1522 1930 1556 apparet
1953 1517 2009 1554 ita,
2040 1517 2082 1546 uti
2104 1528 2162 1556 po—

208 1557 336 1593 suimus,
361 1558 484 1596 legenda
508 1569 571 1588 esse
593 1559 681 1588 verba
702 1560 794 1596 Livii,
820 1571 895 1598 quae
918 1570 1014 1598 neque
1037 1561 1145 1589 senarii
1168 1566 1252 1598 sunt,
1277 1571 1372 1600 neque
1396 1561 1496 1589 Livius
1520 1562 1584 1590 aliis
1608 1560 1742 1589 versibus
1760 1560 1923 1598 Odysseam
1946 1558 2050 1596 vertit,
2074 1570 2162 1598 quam

208 1600 356 1628 Saturnio.
400 1601 527 1629 Tantum
552 1601 650 1638 abest,
675 1607 709 1630 ut
732 1603 860 1631 debeant
883 1613 945 1631 esse
968 1603 1150 1640 hexametri,
1175 1604 1254 1642 quod
1278 1609 1378 1632 tamen
1401 1603 1544 1631 videntur
1566 1605 1676 1632 sentire
1700 1602 1861 1631 doctissimi
1885 1602 1953 1631 viri.
1998 1601 2071 1630 Nam
2094 1607 2162 1632 ante

208 1642 350 1671 Naevium
376 1653 461 1672 nemo
490 1643 588 1672 adhuc
615 1644 805 1674 hexametros
827 1645 931 1674 Latine
958 1646 1135 1684 scripserat,
1174 1656 1211 1674 ne
1238 1646 1302 1685 ipse
1325 1646 1454 1674 Naevius
1484 1646 1613 1683 quidem.
1645 1644 1746 1676 Scal.
1791 1645 1883 1673 Iulius
1906 1645 2013 1673 Caesar
2034 1644 2163 1682 Scaliger

208 1684 257 1713 lib.
272 1685 333 1714 VII.
357 1685 394 1714 de
417 1696 448 1714 re
469 1688 584 1725 poetica
609 1698 674 1725 cap.
690 1691 731 1718 1.:
767 1684 885 1727 Seinper
905 1688 1033 1727 primam
1054 1687 1195 1727 producit
1218 1696 1340 1725 natura,
1362 1688 1430 1729 fuit
1453 1689 1528 1717 enim
1550 1689 1720 1728 semiapere,
1752 1688 1828 1716 sicut
1850 1694 1945 1726 toper,
1977 1693 2039 1715 toto
2061 1697 2163 1726 opere,-

209 1736 312 1765 nuper,
339 1738 413 1757 novo
435 1739 526 1767 opere.
572 1728 728 1769 Significat
751 1731 825 1758 enim
851 1737 932 1769 toper
954 1731 1013 1759 cito
1037 1738 1062 1759 et
1085 1730 1235 1769 expedite,
1265 1732 1308 1759 ita
1332 1738 1363 1759 ut
1385 1741 1472 1769 opera
1494 1729 1632 1759 absoluta
1654 1731 1708 1765 sit,
1736 1730 1835 1769 itaque
1856 1740 1966 1769 semper
1988 1730 2014 1757 ei
2036 1736 2164 1758 contra-

210 1769 283 1797 rium
306 1777 361 1806 est,
395 1778 547 1810 propterea
568 1770 649 1811 quocl
670 1773 696 1800 si
718 1771 791 1812 quid
814 1771 939 1801 dimidio
963 1780 1077 1801 tantum
1100 1784 1183 1812 opere
1196 1774 1255 1812 fit,
1293 1772 1326 1801 id
1349 1784 1405 1802 non
1429 1772 1607 1808 absolvitur,
1646 1771 1697 1801 sect
1720 1772 1917 1801 continuatur.
1962 1771 2057 1800 Huius
2080 1771 2163 1800 vocis

211 1811 341 1840 meminit
366 1812 554 1848 Quinctilian.
577 1814 627 1842 lib.
640 1814 662 1842 Ι.
687 1817 793 1853 cap.6.
841 1815 928 1850 Quod
954 1815 1060 1843 Graeci
1083 1814 1171 1854 τάχα,
1209 1815 1304 1844 Latini
1328 1823 1428 1855 topper
1450 1815 1596 1844 dicebant.
1646 1812 1726 1854 Τάχα
1747 1813 1824 1842 enim
1848 1818 1878 1842 et
1900 1814 1958 1843 cito
1982 1817 2010 1842 et
2027 1811 2163 1853 fortasse

210 1852 360 1889 significat.
399 1855 576 1885 Doctissimo
601 1857 719 1894 Guyeto
743 1862 775 1885 ut
799 1868 813 1884 a
838 1868 965 1896 nuncper
988 1869 1091 1897 nuper,
1119 1858 1160 1886 sic
1184 1868 1199 1886 a
1222 1866 1343 1896 tuncper
1365 1865 1462 1897 tuper,
1494 1865 1582 1896 toper.
1607 1857 1692 1887 Dae.
1738 1857 1859 1885 Temere.
1898 1856 2017 1896 Optime
2039 1855 2163 1884 Fulvius

211 1894 331 1923 Ursinus
354 1905 466 1926 mature
488 1909 525 1927 ex
547 1899 748 1936 sequentibus.
771 1898 882 1928 Idem.
927 1900 1039 1939 Topper
1050 1899 1208 1940 fortunae.
1246 1899 1389 1929 Fortunae
1410 1899 1577 1929 bominibus
1599 1910 1655 1939 pro
1670 1898 1817 1938 fortunae
1838 1897 1996 1927 hominum.
2029 1897 2162 1927 Homini-

210 1935 266 1964 bus
288 1936 316 1964 in
340 1938 429 1967 dandi
452 1952 530 1971 casu.
553 1939 660 1970 Idem.
693 1941 746 1972 Sic
768 1943 799 1971 in
822 1940 931 1971 eodem.v
962 1942 995 1970 In
1018 1942 1116 1971 verbis
1142 1943 1216 1971 Livii
1239 1950 1340 1982 topper
1362 1953 1421 1971 non
1444 1942 1587 1981 significat
1599 1942 1749 1982 fortasse,
1772 1946 1806 1970 ut
1828 1941 1944 1970 notavit
1963 1940 2086 1978 Festus,
2109 1939 2162 1970 sed

212 1978 281 2007 cito.
304 1977 413 2009 Idem.
455 1984 580 2023 Topper,
604 1991 634 2012 ut
646 1985 699 2025 fit.
732 1985 818 2013 Hunc
843 1984 926 2012 Accii
949 1994 1066 2013 versum
1091 1995 1127 2013 ex
1150 1985 1220 2014 Ione
1242 1985 1285 2013 sic
1309 1985 1482 2014 emendabat
1503 1985 1626 2014 Fulvius
1652 1985 1790 2014 Ursinus:

248 2079 258 2108 l
750 2044 876 2082 Topper,
900 2050 930 2071 ut
943 2045 1001 2084 fit,
1023 2045 1119 2084 patris
1142 2046 1197 2073 ten’
1217 2045 1284 2074 eicit
1306 2045 1361 2073 ira.

211 2089 246 2109 ve
266 2090 272 2107 :

749 2129 876 2167 Topper,
900 2136 931 2156 ut
943 2130 1001 2168 fit,
1024 2136 1110 2168 pater
1132 2130 1228 2158 istanc
1250 2129 1332 2158 eiecit
1345 2127 1447 2170 foras.

212 2178 322 2227 Idem.
346 2179 516 2210 Duonorum
541 2183 569 2211 id
593 2190 636 2213 est
659 2185 808 2215 bonorum.
833 2186 939 2217 Idem.
973 2187 1156 2216 Humanum.
1189 2187 1361 2217 Homonem.
1390 2188 1432 2216 Ita
1449 2188 1480 2216 in
1498 2186 1645 2217 Hemona.
1667 2186 1772 2217 Gotlz.
1811 2188 1924 2227 Topper
1945 2197 2007 2216 vox
2029 2188 2161 2225 antiqua,

212 2232 297 2250 culus
326 2222 416 2261 stirps
445 2233 500 2262 per
528 2235 626 2254 omnes
655 2238 805 2258 sermones
834 2230 1065 2267 lndogermanos
1095 2231 1258 2260 uberrimas
1286 2231 1344 2268 egit
1371 2231 1498 2260 radices.
1544 2230 1736 2269 Respondent
1758 2230 1835 2259 enim
1860 2229 1931 2258 huic
1954 2229 2074 2258 Latinae
2093 2229 2163 2258 voci

214 2262 312 2293 Germ·
334 2264 447 2304 isspfer‚
471 2265 593 2303 dobber,
618 2269 695 2298 SlaV.
719 2269 826 2308 clobry,
855 2272 982 2302 Sabinae
1005 2273 1072 2301 voci
1096 2284 1202 2311 cuprus
1224 2273 1285 2301 sive
1308 2274 1423 2312 ciprus‚·
1455 2273 1491 2301 de
1514 2283 1572 2311 qua
1595 2278 1743 2312 postrema
1766 2272 1919 2301 adeundus
1941 2277 1985 2301 est
2007 2272 2101 2301 Varro
2123 2271 2162 2300 de

214 2304 244 2334 L.
262 2304 292 2332 L.
309 2304 341 2353 V:
358 2314 422 2342 pag.
437 2309 506 2339 158.
525 2310 574 2347 Sp.
599 2309 647 2336 ubi
669 2309 753 2339 baec:
783 2313 875 2342 Vicus
901 2313 1016 2354 Ciprius
1038 2326 1056 2343 a
1082 2313 1212 2353 Cipro,
1236 2314 1316 2355 quod
1337 2315 1379 2344 ibi
1398 2315 1504 2344 Sabini
1527 2316 1602 2344 cives
1624 2314 1724 2344 additi
1746 2313 1951 2351 consederunt,
1973 2315 2025 2355 qui
2045 2325 2064 2343 a
2085 2313 2160 2343 bono

214 2357 309 2375 omme
330 2345 363 2374 td
385 2348 578 2386 appellarunt.
622 2350 700 2378 Nam
730 2355 874 2391 ciprum
898 2356 1003 2385 Sabini
1027 2356 1144 2386 bonum.
1189 2357 1272 2386 Unde
1296 2357 1371 2386 Iuno
1397 2357 1493 2397 Cupra
1516 2358 1533 2386 i.
1554 2368 1578 2386 e.
1602 2358 1702 2392 sortis,
1736 2357 1887 2386 bellicosa.
1931 2357 1974 2386 Cf.
1997 2356 2101 2385 Strabo
2125 2354 2158 2382 V·

213 2398 279 2428 pag.
291 2387 361 2421 241.
393 2390 512 2438 Cluyeri
534 2392 599 2421 Ital.
622 2397 680 2422 ant.
697 2394 735 2429 11,
763 2398 809 2424 11.
835 2407 898 2433 pag.
911 2400 982 2430 734.
1008 2400 1083 2427 adde
1106 2399 1214 2428 Mulier
1239 2400 1285 2428 die
1308 2401 1448 2429 Etrusker
1469 2410 1535 2439 pag.
1551 2399 1620 2431 145.
1645 2405 1716 2430 tom.
1729 2400 1751 2429 1.
1781 2400 1844 2429 Erit
1865 2400 1955 2437 igitur
1971 2398 2034 2427 Dea
2054 2396 2159 2436 Cupra,

214 2431 269 2460 sub
293 2441 352 2470 quo
376 2442 493 2463 nomme
516 2434 633 2464 Etrusci
655 2435 795 2465 Iunonem
820 2439 972 2476 colebant,
998 2441 1098 2469 eadem
1122 2452 1197 2479 quae
1219 2441 1292 2471 Iuno
1314 2441 1414 2481 Quiris
1435 2443 1453 2471 i.
1474 2452 1498 2471 e.
1522 2441 1652 2479 hastata,
1675 2443 1737 2472 sive
1760 2442 1840 2480 quod
1862 2442 1965 2470 eodem
1986 2440 2064 2468 redit
2085 2439 2158 2467 luno
