2263 2668
784 156 872 189 LIB.
899 155 925 188 Ι.

36 249 234 285 Accusativo
260 248 456 283 trochaeum
490 249 617 294 recipit.

977 155 1120 188 SEGM.
1151 155 1207 188 VI.

678 248 797 283 Dativo
833 253 866 282 et
900 249 1045 282 ablativo
1083 246 1311 293 spondium¹⁷‚
1348 250 1413 284 tali
1446 253 1478 283 et
1504 250 1610 295 quali.

1925 156 1971 190 61

1663 251 1788 283 Plurali
1841 250 1970 298 [1404]

36 313 176 335 numero
201 302 421 334 nominativus
448 302 629 334 masculino
657 306 689 334 et
713 302 871 335 feminino
898 312 1022 345 genere
1049 301 1227 345 spondium
1255 302 1390 346 recipit,
1418 306 1533 335 neutro
1561 302 1750 347 dactylum,
1776 307 1826 335 ut:

270 352 374 385 Talia
394 363 465 397 per
491 350 684 391 Laliunz¹³‚·

37 408 85 437 et:

267 453 400 500 Qualia
426 454 539 487 multa
565 454 659 488 mari
684 451 857 487 nantaeff'.

36 506 252 540 Accusativus
278 506 452 539 masculini
486 511 519 538 et
552 507 667 539 femini
699 507 830 551 generis
864 503 1042 549 spondium
1068 503 1192 546 habet,
1225 509 1262 537 ut
1294 504 1376 537 talis
1410 509 1442 538 et
1476 504 1631 551 qualis²⁰.

38 558 208 602 dactylum
235 558 408 600 recipiunt.

1692 506 1824 541 Caeteri
1858 516 1972 539 omnes

200 607 234 640 4.
286 609 371 641 Item
398 609 504 641 minus
531 619 631 651 quam
661 607 772 640 finitae
799 607 963 650 qualitatis
990 606 1205 650 pronomina:
1239 605 1285 648 is,
1322 616 1383 647 ea,
1410 606 1465 647 id,
1501 607 1682 642 masculino
1709 612 1741 639 et
1768 613 1884 641 neutro
1911 619 1973 651 ge-

35 670 114 692 nere
140 660 360 692 nominativus
388 660 561 705 singularis
588 660 721 692 brevem
750 659 912 702 syllabam
940 658 1074 702 recipit,
1100 657 1259 690 feminino
1286 662 1441 700 utrasque
1467 657 1615 692 brevis²¹.

1667 659 1840 692 Genitivus
1866 660 1974 691 omni--

34 722 92 743 um
113 710 316 744 trochaeum
350 711 462 755 capit,
498 712 592 747 eius;
626 711 753 743 dativus
778 710 945 749 iambum,
983 710 1033 746 ei‚·
1067 709 1270 742 accusativus
1296 709 1547 753 pyrrhichium,
1576 722 1652 743 eum
1675 711 1728 744 vel
1753 721 1852 747 emm
1879 711 1973 742 abla—

34 763 119 794 tivus
145 761 314 802 iambum,
347 762 394 795 ab
423 774 471 795 eo.

531 763 616 795 Item
642 758 846 806 pluraliter²²
877 761 1081 793 nominativo
1115 771 1192 792 casu
1218 760 1401 793 masculino
1428 762 1564 804 quidem
1590 774 1714 807 genere
1739 763 1843 806 longa
1866 766 1915 794 est
1942 766 1975 793 et

34 824 99 846 una
123 813 161 846 fit
187 814 316 857 syllaba
343 814 386 846 de
413 814 542 847 duabus
569 814 749 854 vocalibus,
776 818 812 846 ut
838 813 880 849 ἰὶ;
906 824 1031 856 genere
1057 812 1215 844 feminino
1241 812 1389 845 iambum
1416 814 1549 857 recipit,
1576 820 1612 846 ut
1638 825 1721 851 Θαες
1748 818 1864 845 neutro
1892 824 1974 856 pyr-

34 864 214 899 rhichium.

273 865 447 898 Genitivus
481 877 574 900 casus
607 866 639 897 in
667 865 818 897 omnibus
854 864 1029 908 generibus
1057 861 1391 907 ainpliibrachyin²⁵3
1425 866 1627 898 accusativus
1653 865 1835 898 masculino
1862 870 1893 896 et
1921 863 1973 896 fe-

35 916 160 949 minino
187 917 353 957 iambum,
379 922 497 949 neutro
524 916 775 961 pyrrliichium3
802 916 929 948 dativus
956 920 988 948 et
1015 915 1175 947 ablativus
1201 915 1358 947 iambum.

198 965 232 999 5.
285 968 369 1000 ltein
394 969 594 1012 pronomina
620 968 729 1000 finita:
764 968 845 1010 iste,
881 967 965 1007 ista,
1000 966 1104 999 istud.

640 1019 811 1052 Genitivus
847 1018 1085 1062 palinbacchio
1112 1014 1272 1051 ²⁴constat
1298 1017 1483 1059 interdum,
1517 1019 1561 1051 ita
1595 1022 1630 1051 ut
1655 1018 1766 1051 media
1794 1017 1896 1062 longa
1923 1016 1972 1057 sit,

35 1018 242 1051 novissimam
275 1019 412 1052 brevem
451 1020 578 1064 recipit.

1163 967 1391 998 Nominativus
1425 966 1597 1011 singularis
1632 967 1778 999 omnium
1811 977 1973 1010 generum

35 1070 132 1103 istius
140 1081 153 1108 ‚·
178 1070 345 1103 interdum
371 1070 521 1115 dactylus
545 1070 628 1115 poni
654 1075 783 1114 potest,
809 1074 845 1102 ut
871 1069 983 1103 media
1008 1070 1136 1114 syllaba
1162 1070 1378 1114 corripiatur,
1405 1075 1457 1102 ut:

611 1120 715 1156 Illius
743 1118 903 1160 arwn²⁵,·

36 1176 87 1205 et:

257 1222 377 1268 Ipsius
402 1228 485 1257 ante
509 1219 668 1257 oculos²⁶.

33 1273 169 1308 Dativus
195 1275 374 1318 spondium
399 1275 521 1318 habet,
548 1275 755 1309 accusativus
779 1274 998 1317 trochaeum,
1033 1274 1195 1309 ablativus
1223 1274 1413 1320 spondium.

1472 1275 1556 1308 Item
1590 1274 1728 1319 pluralis
1753 1271 1971 1305 nominativus

32 1325 204 1360 masculini
231 1331 264 1359 et
289 1326 402 1360 femini
427 1327 559 1373 generis
583 1328 701 1372 recipit
728 1327 925 1370 spondium,
952 1332 1069 1360 neutro
1096 1328 1313 1367 trochaeum3
1346 1325 1508 1371 genitivus
1534 1320 1848 1371 palinbacchium²⁷.
1901 1323 1971 1355 Ac-

34 1378 196 1411 cusativus
223 1378 426 1412 nominativo
454 1380 625 1413 consentit.

677 1379 814 1411 Dativus
841 1384 875 1412 et
901 1380 1063 1412 ablativus
1090 1379 1234 1424 spondio
1262 1383 1397 1412 constat.

196 1427 231 1461 6.
283 1430 367 1463 Item
392 1431 591 1475 pronomina
617 1430 819 1474 possessiva:
846 1435 979 1472 noster,
1006 1434 1135 1472 vester,
1162 1435 1301 1471 nostra,
1328 1433 1466 1471 vestra,
1493 1433 1658 1469 nostrum,
1683 1431 1845 1461 vestrum.
1898 1425 1971 1457 No-

32 1480 203 1513 minativus
227 1481 401 1526 singularis
428 1483 553 1525 ubique
578 1482 775 1515 trochaeum
798 1482 931 1526 recipit,
958 1483 1123 1527 genitivus
1149 1478 1380 1527 spondiumffl,
1416 1481 1543 1513 dativus
1572 1480 1731 1519 eundem,
1768 1476 1971 1511 accusativus

32 1532 248 1572 trochaeum,
273 1533 448 1567 'ablativus
482 1534 671 1578 spondium.

731 1534 872 1566 Pluralis
907 1535 1090 1568 masculino
1126 1539 1159 1567 et
1191 1534 1350 1567 feminino
1384 1543 1507 1576 genere
1543 1531 1760 1564 nominativus
1793 1527 1972 1573 spondium

32 1582 153 1621 habet;
178 1588 294 1616 neutro
319 1585 423 1618 tribus
450 1586 580 1619 casibus
606 1585 765 1618 similibus
797 1584 1011 1625 trochaeum3
1045 1587 1211 1632 genitivus
1244 1579 1564 1629 palinbacchium²⁹,
1602 1582 1804 1616 accusativus
1831 1579 1972 1614 caeteri-

33 1646 98 1679 que
125 1635 314 1679 spondium.

198 1686 230 1719 7.
285 1687 368 1720 Item
393 1687 531 1732 triptota
554 1688 771 1732 pronomina:
797 1687 880 1730 sibi,
914 1699 970 1730 se,
999 1699 1023 1722 a
1047 1700 1093 1722 se.

32 1748 126 1771 mero
153 1737 347 1782 frequenter
372 1739 501 1772 duabus
528 1740 684 1772 brevibus
711 1745 856 1782 constat,
882 1744 935 1773 ut:

256 1789 336 1824 Hoc
360 1790 425 1824 sibi
444 1791 604 1836 pulchra
628 1788 780 1829 suum³⁰‚·

1157 1687 1233 1721 Sibi
1264 1695 1450 1730 pronomen
1485 1685 1598 1719 dativo
1635 1695 1712 1719 casu
1739 1687 1881 1725 utroque
1908 1692 1971 1713 nu-

1837 1731 1969 1779 [1405]

32 1838 195 1872 interdum
221 1851 261 1873 ex
286 1842 380 1876 brevi
407 1847 440 1875 et
464 1843 587 1888 longa,
614 1842 901 1886 quemadmodum
929 1846 992 1882 est,
1019 1841 1122 1881 mihi,
1149 1837 1227 1879 tibi,
1254 1850 1397 1882 quorum
1424 1838 1467 1873 de
1493 1844 1609 1872 natura
1637 1848 1736 1882 supra
1760 1835 1885 1869 dictum
1914 1839 1971 1879 est,

33 1895 69 1923 ut
98 1890 219 1924 Calvus
244 1893 277 1925 in
304 1894 360 1927 lo:

257 1944 360 1979 Mens
384 1956 466 1978 mea
492 1944 575 1978 dira
600 1944 667 1978 sibi
685 1945 902 1990 praedicens
927 1943 1044 1977 omnia
1069 1938 1254 1974 vacem-3³¹.

32 2008 162 2036 iambum
185 2009 315 2049 recipere
343 2011 403 2040 dici
433 2012 526 2051 possit
555 2014 635 2051 qais.
681 2012 816 2040 Fortasse
845 2011 981 2039 scriben-

33 2051 103 2079 dum
119 2051 245 2089 longam
266 2055 425 2092 recipiunt.
468 2055 564 2083 Locus
580 2060 624 2083 est
647 2055 726 2092 Virg.
744 2055 816 2084 Aen.
840 2054 861 2089 I,
878 2054 927 2084 95-
939 2068 982 2073 -·

33 2092 77 2132 12)
91 2093 307 2132 Vi1·g·Aen-V1‚
322 2099 392 2128 608.
409 2114 443 2119 -
473 2100 516 2135 13)
533 2097 613 2135 virg.
630 2097 702 2126 Aen.
720 2097 785 2132 ΧΗ,
801 2094 980 2133 456.-14)

32 2135 237 2173 Vil'g-Aen·H‚
253 2138 322 2169 274.
346 2140 407 2166 Hei
423 2139 507 2176 milli,
521 2141 707 2178 quali-verul.
724 2153 758 2159 —-
780 2137 823 2176 15)
834 2137 981 2174 Virg.Ecl.

32 2177 67 2215 V,
76 2179 169 2210 45.—
180 2178 223 2217 16)
234 2178 312 2217 virg.
322 2180 383 2209 Eel.
392 2181 426 2217 V,
436 2182 484 2213 46,
495 2198 537 2203 -
552 2181 768 2219 17).S'ln›mlium
779 2180 848 2207 Cod.
857 2184 890 2207 ut
898 2189 980 2218 supr.

31 2220 128 2258 Atque
142 2221 184 2249 ita
200 2231 325 2259 semper.
368 2223 535 2261 Spondeum
552 2224 616 2252 Asc.
634 2224 661 2252 P.
679 2239 713 2243 -—-
741 2221 784 2261 18)
811 2222 888 2259 Virg.
909 2222 978 2251 Aen.

32 2262 108 2299 VIll,
134 2265 182 2294 18.
207 2280 243 2284 -—
270 2265 315 2303 19)
339 2264 418 2303 Virg.
432 2266 501 2294 Aen.
523 2266 584 2302 Vll,
601 2268 670 2296 200.
694 2279 733 2286 —-
778 2264 825 2302 ΞΟ)
841 2264 884 2292 Ita
907 2264 978 2292 Cod.

33 2309 61 2334 et
76 2305 143 2333 Asc.
184 2305 283 2335 Talels
311 2312 337 2335 et
360 2308 478 2345 qnaleis
500 2309 530 2338 P.
553 2324 596 2329 —
638 2306 684 2347 21)
716 2307 864 2345 Istra-sque
880 2306 979 2335 breves

32 2347 98 2377 Asc.
129 2353 275 2386 ulra-sque
305 2350 418 2378 brevem
449 2351 477 2378 P.
508 2351 566 2388 Ego
591 2349 662 2377 Cod.
690 2355 808 2378 seculus
840 2360 912 2377 sum.
939 2366 975 2371 —-

31 2390 80 2428 22)
103 2390 174 2419 Cod.
205 2391 274 2418 item
299 2398 335 2430 pt
368 2393 554 2421 nommatluo
575 2390 656 2430 (sic).
685 2408 727 2413 -—
770 2390 815 2430 93)
840 2392 881 2420 lta
905 2392 978 2422 Cod.

33 2431 101 2462 Aac.
123 2433 153 2462 Ρ.
179 2449 218 2454 -
261 2436 305 2470 24)
335 2435 378 2464 lta
401 2435 471 2465 Cod.
503 2434 553 2463 hic
575 2439 603 2463 et
631 2435 734 2473 paullo
756 2434 889 2464 inferius.
916 2446 979 2473 pa-

1022 2008 1202 2037 limbacchio
1223 2009 1289 2037 Asc.
1312 2009 1347 2040 P.
1377 2024 1419 2030 —-
1463 2011 1510 2044 25)
1539 2008 1618 2046 Virg.
1651 2008 1713 2036 Ecl.
1742 2007 1772 2040 l,
1802 2010 1829 2037 7.
1855 2023 1891 2026 ——
1922 2005 1969 2042 26)

1024 2052 1104 2089 Virg.
1142 2052 1212 2080 Aen.
1249 2051 1277 2089 I,
1314 2051 1381 2083 114.
1417 2067 1458 2072 -
1514 2051 1559 2089 27)
1598 2051 1641 2079 lla
1671 2050 1741 2078 cod.
1794 2048 1868 2077 Vide
1898 2057 1970 2086 quae

1023 2095 1125 2133 paullo
1153 2098 1221 2122 ante
1250 2093 1429 2123 notavimus.
1471 2093 1736 2122 Palimbacclzium
1772 2093 1837 2122 Asc.
1868 2092 1899 2120 P.
1932 2107 1967 2112 —

1023 2136 1067 2174 28)
1098 2137 1168 2165 Cod.
1196 2136 1226 2165 h.
1255 2137 1274 2165 l.
1305 2135 1485 2174 spondeum,
1517 2141 1546 2165 et
1575 2137 1617 2165 sic
1649 2136 1749 2174 paullo
1780 2139 1855 2173 post.
1909 2133 1968 2161 Nos

1025 2179 1206 2208 constantiae
1229 2189 1331 2207 caussa
1353 2178 1534 2217 spondium,
1558 2184 1592 2207 ut
1614 2184 1698 2215 ante,
1721 2177 1903 2216 scripsimus.
1926 2190 1968 2197 --

1023 2222 1077 2260 29)
1117 2221 1380 2250 Palinbaccln'wn.
1439 2222 1481 2249 lta
1515 2222 1587 2251 Cod.
1614 2221 1648 2249 V.
1679 2231 1777 2259 supra.
1817 2236 1858 2241 —
1909 2217 1966 2253 30)

1022 2264 1103 2302 Virg.
1129 2266 1199 2293 Aen.
1223 2264 1280 2298 VI,
1298 2264 1366 2296 142.
1390 2280 1432 2286 —
1461 2265 1509 2300 31)
1529 2264 1644 2293 Caluus
1668 2265 1701 2291 ιίι
1722 2264 1763 2291 lo.
1788 2263 1836 2290 Sic
1861 2262 1965 2289 iterum

1020 2306 1050 2335 h.
1073 2307 1093 2336 l.
1119 2307 1208 2344 Cod.,
1232 2307 1354 2346 quicum
1376 2307 1523 2335 consentit
1546 2308 1610 2335 Asc.
1634 2316 1706 2345 quac
1729 2307 1768 2334 io.
1813 2301 1965 2332 Putscliius

1020 2350 1149 2389 liariter,
1186 2354 1220 2378 ut
1250 2359 1340 2388 supra
1374 2349 1490 2378 Calvus
1525 2351 1558 2377 ιἰι
1587 2350 1627 2378 Χ.
1681 2349 1815 2377 Ceterum
1848 2352 1965 2372 naec-ors

1021 2393 1127 2432 scripsi
1156 2402 1171 2421 c
1195 2392 1265 2421 Cod.
1294 2396 1323 2420 et
1353 2392 1418 2422 Asc.
1450 2402 1552 2420 vecors·
1581 2392 1611 2421 P.
1642 2407 1684 2414 --
