2263 2668
510 124 575 159 DE
601 119 988 159 SIGNIFICATIONE
1019 116 1303 160 VERBORUM.
1355 123 1502 158 LIBER
1529 122 1619 158 XIV.
1963 125 2040 162 559

256 217 422 248 Poesnis.
468 217 573 246 Sched.
594 218 691 257 pesnis
710 227 765 256 pro
785 215 887 256 pennis
910 218 965 244 etc.
1004 214 1061 243 Sed
1084 215 1215 254 priorem
1238 217 1396 246 lectionem
1419 217 1541 247 retineo,
1580 216 1655 246 Vide
1678 215 1810 247 scensas.
1835 217 1922 247 Dac.
1965 219 2038 249 Vide

90 270 181 302 supra
206 259 330 290 Pennas.
355 259 462 289 Goth.
502 259 668 290 Casmenas.
699 259 776 288 Vide
798 268 887 297 supra
908 256 1065 287 Dusmoso.
1110 256 1219 289 Idem.

255 302 421 332 Polteio.
466 303 578 331 Forsan
601 313 616 331 e
638 301 785 330 Saliorum
810 300 999 329 carminibus.
1044 299 1097 328 Da
1107 312 1131 330 c.

255 344 373 375 Polez.
418 345 467 374 Sic
489 344 532 374 oli
554 356 609 384 pro
633 344 704 381 olli,
734 349 768 372 ut
790 344 848 372 iam
872 343 941 371 alibi
966 342 1079 371 dictum
1102 348 1155 372 est.
1198 344 1286 374 Duc.

252 386 435 417 Plusima.
480 388 555 417 Vide
578 397 667 426 supra
690 387 721 415 in
743 385 879 426 Pignosa.
902 385 992 414 Dac.
1029 384 1162 414 Plisima.
1196 387 1334 415 Plurima.
1382 385 1487 418 Goth.

255 429 391 459 Pretet.
434 430 540 459 Erravi
561 440 650 468 supra
674 429 711 458 ad
733 439 762 459 v.
786 427 948 468 Emmaus,
987 427 1054 463 ubi,
1090 438 1179 466 quum
1200 437 1299 468 pretus
1324 429 1452 468 antiquis
1474 439 1530 468 pro
1550 427 1646 469 pletas
1669 428 1784 457 dictum
1809 439 1871 458 esse
1895 429 2041 458 ostendis-

90 482 168 508 sem,
190 473 314 501 verbum
336 473 521 511 interpretari
541 473 671 502 indidem
694 471 873 500 trahendum
898 480 957 498 esse
980 471 1141 501 autumavi.
1189 472 1346 500 Descendit
1369 472 1444 500 enim
1467 471 1651 511 interpretari
1673 476 1702 499 et
1723 471 1861 510 interpres
1883 471 1964 500 haud
1988 472 2043 501 du·

90 515 138 544 bie
162 525 177 543 a
202 516 316 543 Graeco
341 514 461 552 φράζω,
486 516 570 544 cuius
594 515 714 552 antiqua
738 515 832 543 forma
856 514 911 541 fuit
934 509 1058 551 φράὸω,
1083 523 1158 551 quae
1181 515 1210 542 in
1234 515 1345 543 aoristo
1368 515 1526 554 πέφραδον
1549 513 1648 542 adhue
1670 518 1814 552 superest.
1858 515 1892 543 Ei
1915 524 2043 553 respon-

90 558 141 586 det
163 557 323 586 Gothicum
349 557 485 597 Frathja,
504 557 612 598 fmffl,
643 558 727 594 dico,
759 557 895 585 omnibus
917 560 1014 584 autem
1037 555 1137 584 subest
1159 557 1247 585 radix
1270 558 1374 585 Indica
1395 557 1534 596 pratslzh,
1565 556 1765 594 interrogare,
1798 556 1912 592 dicere,
1937 557 2044 595 appel-

89 600 167 636 lare,
205 610 243 628 ex
274 610 333 638 quo
356 601 491 628 Latinum
519 608 620 639 pretor·
642 605 672 628 et
692 611 774 639 pres,
810 599 900 638 pretis
927 598 1103 637 explicatur.
1149 600 1245 627 Locus
1275 604 1372 628 autem
1397 600 1474 628 Festi
1501 604 1661 638 corruptus
1684 601 1727 627 sic
1751 598 1807 627 erit
1829 599 2043 627 restituendus:

89 641 203 679 Pretes,
226 649 322 679 -tem‚
346 644 528 681 interpretes,
551 655 634 679 —em,
655 643 758 681 prisce.
805 641 950 670 Credibile
973 641 1050 669 enim
1075 646 1134 679 est,
1160 642 1239 680 apud
1260 643 1375 670 Priscos
1398 642 1429 670 in
1451 652 1508 670 usu
1532 642 1621 670 fuisse
1641 653 1723 681 pres,
1747 641 1796 669 vel
1819 641 1918 679 potius
1940 649 2043 680 pretes,

89 685 233 724 simplex,
271 685 340 714 licet
364 685 530 714 Priscianus
554 695 585 713 se
605 685 753 714 invenisse
783 689 868 722 neget
890 683 1041 720 lib.XIV,
1070 686 1099 714 3.
1124 685 1236 721 tom.I,
1267 686 1419 723 pag.599.
1445 685 1496 715 Kr.
1542 683 1584 713 In
1595 691 1677 723 terp
1688 696 1760 721 res,
1799 684 1882 712 cuius
1903 682 2043 723 simplex,

90 726 123 756 id
145 735 186 757 est
206 739 309 767 pres,
337 728 367 756 in
390 739 443 756 usu
466 739 523 756 non
545 728 648 756 inveni.
695 728 794 755 Monet
817 727 955 763 Vossius,
976 727 1066 765 pretis
1089 727 1213 755 fortasse
1236 727 1452 756 nominativum
1477 727 1589 756 dixisse
1611 732 1740 763 veteres3
1765 725 1836 754 mihi
1859 726 1959 765 potius
1980 737 2043 765 pre-

89 777 147 807 tes,
169 770 282 800 verbali
306 770 417 806 forma,
440 774 474 798 ut
497 777 591 806 vates,
614 770 698 798 initio
722 769 835 798 dictum
859 779 921 797 esse
944 768 1072 798 videtur.

254 811 442 854 Perfines.
487 812 594 841 Sched.
615 814 754 852 perfines,
781 811 966 853 perfringas,
997 811 1049 840 sed
1073 812 1151 839 malo
1173 812 1371 850 perstringas,
1398 822 1465 840 nam
1489 811 1612 850 proprie
1634 811 1670 839 de
1694 810 1878 847 aratoribus,
1903 810 1954 848 qui
1978 819 2044 838 ara-

89 860 139 884 tro
161 854 284 883 finitima
308 865 377 883 arva
401 856 623 893 perstringunt3
650 855 774 895 perfines
798 865 854 893 pro
875 854 1015 893 perfinias
1038 854 1152 893 duplici
1176 855 1399 892 coniugatione,
1428 859 1461 883 ut
1484 854 1585 882 multa.
1629 853 1714 883 Dae.

254 896 483 927 Promerion.
528 898 778 936 corruptissimus
807 897 908 932 locus,
943 896 969 924 si
990 897 1055 934 quis
1078 896 1163 925 alius.
1209 897 1378 934 Legendum
1403 897 1443 924 ita
1465 896 1548 924 haud
1572 895 1675 924 dubie:
1713 895 1890 930 Promerito,
1921 894 2044 933 praeci-

88 950 194 978 puum,
229 947 345 978 praeter
373 947 480 969 ceteros
506 941 656 977 meritum,
695 947 725 969 ut
753 950 808 979 pro
839 937 954 976 medio,
992 938 1047 968 hoc
1075 946 1115 967 est
1143 940 1319 979 participem
1348 946 1373 967 et
1401 950 1456 978 pro
1485 937 1611 967 indiviso
1645 937 1778 967 dicimus.
1834 937 1918 973 Quae
1952 935 2045 965 verba

90 985 236 1020 quantum
259 982 353 1010 Latini
377 983 518 1011 sermonis
540 983 684 1011 intererat
705 983 786 1011 salva
812 986 901 1020 atque
929 981 1088 1009 incolumia
1117 983 1278 1018 mansisse,
1317 992 1402 1010 nemo
1426 992 1486 1010 non
1510 981 1600 1009 videt.
1633 979 1735 1009 ScaZ.
1780 977 1937 1008 Promeclio
1961 978 2044 1007 dice-

89 1024 160 1053 bant
181 1034 237 1063 pro
260 1025 423 1063 participe,
447 1026 516 1064 quia
540 1035 609 1064 pars
632 1030 675 1053 est
698 1024 864 1054 dimidium.
897 1023 968 1052 Vide
991 1034 1064 1062 quae
1087 1028 1224 1052 notamus
1241 1025 1298 1053 Od.
1316 1024 1338 1052 Ι.
1357 1024 1460 1055 Horat.
1482 1023 1570 1052 Dac.
1604 1022 1662 1051 Alii
1682 1023 1872 1062 promorium.
1906 1022 2044 1050 Fortasse

90 1066 282 1096 Promerz‘um.
309 1066 415 1098 Goth.
460 1066 656 1097 Promeclium.
696 1068 864 1097 Promedio.
888 1064 1001 1096 Idem.
1046 1067 1212 1104 Legendum
1236 1067 1369 1095 videtur:
1402 1066 1671 1100 Promeritom‚
1700 1065 1903 1103 praecipuum,
1931 1071 2046 1102 praeter

91 1116 198 1138 ceteros
214 1110 356 1138 meritum.
396 1110 433 1138 Ut
454 1117 661 1150 promeret,
685 1109 741 1139 Ῐιοσ
757 1117 812 1147 est,
834 1109 1005 1149 participat.
1034 1110 1100 1138 Aut
1120 1120 1175 1149 pro
1198 1108 1324 1138 indiviso
1349 1111 1519 1149 accipimus.
1553 1109 1631 1137 Haec
1655 1108 1730 1136 enim
1755 1112 1903 1146 postrema
1927 1107 2045 1143 docent,

89 1152 208 1180 Festum
231 1163 289 1180 non
312 1153 447 1181 attulisse
470 1153 595 1181 verbum
620 1152 701 1191 quod
724 1153 813 1191 plane
843 1156 919 1181 esset
949 1152 1135 1190 antiquatum
1163 1156 1251 1190 atque
1281 1152 1443 1188 abolitum,
1481 1161 1537 1190 qua
1563 1151 1598 1179 de
1622 1160 1725 1178 caussa
1749 1150 1846 1178 omnia
1868 1150 1923 1177 ista
1947 1148 2046 1176 inter-

90 1199 206 1233 pretum
229 1194 341 1223 somnia
362 1196 548 1235 promorion,
571 1194 769 1234 promedium,
795 1195 868 1231 alia,
894 1194 979 1232 plane
1004 1195 1165 1223 reiicienda
1188 1199 1266 1223 sunt.
1297 1194 1466 1223 Rectissime
1489 1199 1587 1222 autem
1610 1193 1721 1221 Festus.
1755 1191 1947 1220 Promeritum
1969 1191 2046 1219 enim

90 1241 133 1266 est
155 1238 288 1266 meritum
312 1242 364 1265 aut
386 1248 441 1276 pro
465 1238 586 1276 aliquo,
621 1242 672 1266 aut
695 1238 775 1276 quod
799 1241 913 1276 prostat
936 1242 964 1265 et
987 1237 1073 1266 facile
1097 1237 1285 1275 agnoscitur3
1323 1237 1413 1275 igitur
1433 1237 1609 1277 promeritus
1632 1239 1752 1275 praeter
1774 1239 1886 1263 ceteros
1909 1234 2043 1262 meritus.

89 1279 165 1309 Tum
187 1291 292 1308 merere
315 1285 343 1308 et
366 1280 469 1308 mereri
490 1280 611 1319 propria
636 1290 670 1309 ac
693 1281 793 1309 nativa
816 1279 1030 1317 significatione
1052 1279 1126 1308 nihil
1149 1285 1193 1309 est
1214 1280 1271 1309 nisi
1295 1280 1442 1309 Graecum
1468 1281 1574 1319 μείρω,
1613 1280 1767 1319 μείρομαι,
1801 1278 1924 1316 μερίζω,
1960 1275 2045 1316 μερί-

88 1324 190 1360 ζομαι,
224 1322 412 1351 intransitive
434 1323 458 1350 si
481 1324 642 1361 accipitur,
678 1323 697 1351 i.
717 1332 740 1351 e.
764 1327 879 1362 partem
903 1332 1023 1361 capere,
1061 1323 1250 1361 participare.
1296 1323 1391 1361 Igitur
1419 1321 1565 1362 stipendia
1594 1332 1699 1349 merere
1727 1324 1771 1348 est
1799 1324 1912 1358 partem
1939 1328 2046 1357 capere

87 1364 321 1404 stipendiorum;
357 1363 426 1393 bene
447 1363 482 1393 de
503 1364 606 1406 aliquo
629 1366 731 1394 mereri
752 1370 796 1394 est
818 1376 856 1394 an
879 1365 1045 1394 iemandem
1069 1365 1197 1402 antheil,
1228 1365 1287 1394 viel
1311 1365 1424 1397 antheil
1447 1365 1588 1399 nehmen,
1620 1363 1704 1402 quasi
1726 1362 1756 1390 in
1779 1367 1892 1400 partem
1919 1361 2046 1389 alicuius

87 1407 156 1436 mali
179 1407 294 1445 venire,
324 1406 355 1438 li.
377 1418 401 1436 e.
424 1402 459 1438 εὖ
479 1412 588 1439 ποιεῖν.
630 1407 729 1443 Quare
751 1408 855 1437 Festus
875 1415 1034 1447 promeret,
1065 1409 1224 1447 participat
1246 1408 1469 1447 interpretatur.
1515 1406 1647 1444 Denique
1672 1406 1860 1446 promeritum
1884 1414 1938 1443 pro
1962 1403 2045 1432 indi-

86 1450 153 1479 viso
176 1460 240 1479 esse
263 1455 419 1489 acceptum
443 1461 509 1480 cum
534 1451 592 1488 ait,
616 1451 738 1489 respicit
760 1450 840 1480 haud
866 1451 955 1479 talem
978 1450 1063 1479 verbi
1086 1461 1192 1488 usum,
1223 1461 1260 1480 ex
1283 1461 1344 1489 quo
1365 1451 1554 1490 promer-itum
1578 1449 1626 1477 vel
1648 1449 1764 1487 plenam
1789 1451 1877 1485 atque
1901 1447 2045 1484 integram

85 1494 274 1533 portionem,
311 1493 359 1534 vel
382 1492 550 1528 hominem,
589 1493 639 1532 qui
663 1493 752 1532 plane
775 1495 805 1521 in
829 1498 942 1531 partem
967 1493 1064 1531 venit,
1102 1494 1233 1523 denotat.
1278 1493 1336 1522 Sed
1367 1504 1447 1522 nunc
1472 1493 1593 1532 quidem
1616 1490 1787 1520 huiusmodi
1810 1489 1939 1518 notionis
1962 1488 2046 1528 apud

85 1537 252 1575 Scriptores
276 1536 424 1564 Romanos
447 1546 501 1564 nec
525 1536 593 1564 vola
617 1545 672 1563 nec
694 1535 862 1574 vestigium.

249 1576 420 1606 Privivio
441 1589 484 1606 es.
527 1578 618 1616 Lege:
649 1578 787 1613 Privoes‚
819 1577 925 1616 privis,
955 1577 1087 1615 singulis.
1133 1577 1268 1614 Privoes,
1300 1577 1411 1616 privis,
1434 1582 1468 1607 ut
1490 1578 1572 1606 oloes
1595 1576 1678 1608 ollis;
1700 1576 1871 1609 Pitumnoe,
1897 1573 2042 1609 Pilumni3

84 1620 209 1659 poploe,
239 1620 344 1658 populi
364 1624 419 1649 etc.
446 1618 546 1649 Scal.
589 1619 738 1649 Schedae:
775 1619 904 1648 Privivio
924 1631 953 1648 es
974 1620 1084 1658 privis,
1116 1618 1149 1648 id
1171 1627 1211 1648 est
1233 1619 1366 1659 singulis.
1392 1620 1481 1650 Dac.
1525 1619 1711 1658 Legendum,
1749 1623 1783 1647 ut
1805 1616 1932 1646 Ursinus
1956 1615 2041 1651 vidit,

86 1660 263 1698 Privicloes‚
294 1662 342 1690 vel
364 1661 464 1700 potius
485 1661 630 1701 privoloes
653 1662 832 1691 deminutiva
857 1663 967 1697 forma,
998 1662 1098 1691 eadem
1122 1672 1197 1700 quae
1220 1667 1264 1691 est
1287 1662 1318 1690 in
1341 1673 1370 1692 v.
1393 1661 1536 1702 singulus.

250 1702 415 1732 Petilam
438 1715 573 1733 suram.
618 1705 683 1733 Non
706 1705 809 1742 video,
833 1715 888 1733 cur
909 1704 1031 1743 petitam
1055 1715 1152 1733 suram
1171 1705 1313 1733 Scaevola
1336 1705 1433 1733 albam
1456 1705 1525 1743 equi
1547 1704 1690 1742 ungulam
1712 1703 1935 1740 interpretetur.
1964 1701 2039 1729 Nam

85 1746 196 1785 petilus
217 1750 261 1775 est
283 1746 397 1782 siccus,
421 1747 533 1783 tenuis,
556 1747 658 1784 exilis,
680 1748 842 1786 strigosus,
866 1757 980 1784 macer,
1012 1758 1028 1775 a
1052 1748 1167 1777 Graeco
1189 1747 1332 1785 πέταλον,
1361 1748 1484 1783 solium,
1514 1751 1542 1776 et
1565 1747 1634 1785 quia
1656 1747 1726 1775 folia
1748 1745 1838 1774 exilia
1863 1748 1947 1780 sunt,
1969 1743 2039 1772 inde

85 1789 185 1818 omnia
208 1789 306 1818 tenuia
328 1793 357 1818 et
379 1789 504 1827 strigosa
524 1788 640 1829 petala,
660 1789 753 1829 petila
775 1790 863 1820 dicta,
910 1790 1059 1818 Lucilius:

702 1831 831 1872 Insignis
853 1833 931 1861 varis
952 1840 978 1861 et
1003 1831 1136 1861 cruribus
1158 1840 1245 1873 atque
1265 1830 1372 1871 petilis.

83 1873 137 1902 Est
158 1872 251 1910 igitur
272 1873 352 1912 apud
375 1872 517 1902 Naevium
541 1874 630 1913 petila
654 1883 737 1911 sura,
771 1876 849 1904 sicca
872 1885 941 1903 sura
965 1880 993 1903 et
1016 1875 1192 1911 substricta,
1227 1874 1394 1903 cuiusmodi
1418 1874 1469 1912 qui
1492 1873 1615 1909 habent,
1652 1882 1745 1910 equos
1767 1871 1959 1904 κακοσκελεῖς
1980 1878 2035 1897 vo-

82 1920 131 1945 cat
152 1914 332 1954 Xenophon.
355 1915 410 1944 Da
421 1928 446 1946 c.
486 1915 672 1946 Sustricmm.
711 1918 783 1947 Inde
806 1919 902 1947 Nonio
923 1918 1008 1958 (pag.
1024 1918 1093 1951 149.
1117 1918 1226 1957 Met-c.)
1252 1916 1379 1947 Petilum
1401 1922 1490 1946 tenue
1513 1922 1541 1945 et
1564 1916 1650 1946 exile.
1677 1913 1781 1944 Goth.
1813 1911 2032 1951 Interpretatur.

81 1958 330 1998 Interpretantur.
373 1957 480 1988 Idem.

246 2000 446 2030 Pilumnoe
467 2000 613 2041 poploe.
659 2002 723 2030 Hoc
744 2008 788 2031 est
811 2002 939 2031 Pilumni
961 2002 1076 2041 populi.
1101 2001 1198 2031 Scal.
1233 2002 1253 2031 Ι.
1274 2012 1298 2031 e.
1321 2002 1447 2030 Romani
1469 2001 1615 2041 pilumni,
1639 2000 1670 2028 id
1692 2003 1736 2027 est
1755 1996 1875 2026 Romuli
1896 2000 2030 2034 nepotes,

81 2044 151 2083 quia
174 2044 318 2072 Romulus
341 2055 356 2072 a
380 2044 444 2072 Pilo
465 2044 618 2072 Pilumnus
647 2045 744 2074 dictus
773 2050 816 2074 est
840 2056 854 2073 a
879 2045 981 2079 Saliis,
1019 2050 1053 2074 ut
1076 2044 1153 2073 Mars
1174 2056 1190 2073 a
1212 2045 1282 2073 Pico
1306 2045 1479 2079 Picumnus,
1517 2048 1546 2072 et
1567 2043 1607 2071 ita
1636 2038 1841 2078 intelligendus
1863 2038 1913 2067 hic
1935 2039 2029 2075 locus,

81 2087 132 2125 qui
155 2087 275 2115 Festum
299 2086 419 2121 fefellit,
448 2096 544 2124 neque
567 2088 645 2115 enim
669 2087 824 2117 Pilumnoe
846 2094 890 2117 est
912 2093 1011 2116 rectus
1034 2087 1175 2126 pluralis,
1208 2092 1241 2116 ut
1264 2087 1312 2115 ille
1336 2087 1533 2122 existimavit,
1560 2086 1610 2114 sed
1633 2083 1781 2114 secundus
1805 2091 1891 2110 casus
1913 2082 2028 2110 numeri

80 2129 255 2167 singularis,
280 2130 412 2168 populus
435 2129 576 2165 Pilumni,
600 2130 680 2168 quod
704 2131 834 2158 meursio
858 2130 1105 2159 animadversum.
1130 2129 1216 2159 Dac.
1247 2129 1366 2159 Hostes.
1395 2130 1524 2158 Hosteis.
1550 2127 1652 2158 Goth.
1686 2127 1753 2155 Non
1774 2129 1873 2164 potest
1895 2134 1956 2153 esse
1978 2134 2027 2162 ge-

78 2172 190 2201 nitivus
210 2171 383 2210 Pilumn025
408 2172 556 2209 genitivus
580 2173 656 2200 enim
679 2173 709 2200 in
731 2174 743 2201 i
765 2183 801 2202 ex
824 2174 953 2202 locativo
977 2173 1080 2201 Indico
1103 2178 1186 2201 ortus
1209 2176 1268 2207 est,
1293 2172 1343 2210 qui
1367 2172 1398 2200 in
1421 2173 1432 2201 i
1454 2173 1524 2201 exit.

240 2213 451 2253 Praepetes.
498 2215 652 2253 praepetes
681 2225 750 2243 aves
774 2215 870 2244 dictas
891 2215 1011 2254 quidam
1034 2220 1158 2254 putant,
1197 2215 1265 2253 quia
1289 2215 1422 2244 volantes
1444 2225 1475 2243 se
1497 2213 1636 2243 offerunt.
1681 2211 1753 2239 Nam
1775 2213 1947 2249 praepetere
1968 2211 2020 2253 est,

77 2266 162 2286 nvem
183 2257 347 2295 auspicanti
369 2267 400 2285 se
422 2256 543 2292 offerre,
583 2258 661 2286 unde
684 2264 836 2296 praepetes
859 2268 928 2286 aves
956 2259 1117 2293 dicuntur,
1155 2267 1230 2296 quae
1259 2267 1291 2286 se
1320 2262 1387 2286 ante
1417 2257 1619 2296 auspicantem
1649 2253 1759 2282 serunt.
1804 2252 1879 2280 Nam
1908 2249 2019 2286 antiqui

73 2306 237 2339 praepetere
257 2299 396 2328 dicebant
418 2309 472 2337 pro
495 2300 616 2329 anteit-e.
659 2301 779 2329 Servius
799 2302 829 2328 in
854 2301 1028 2338 fragmentis
1051 2298 1131 2339 (pag.
1145 2300 1217 2331 414.
1242 2300 1286 2328 ed.
1309 2299 1408 2339 l)an.):
1439 2298 1587 2337 Praepetes
1609 2304 1690 2333 sunt,
1722 2307 1796 2337 quae
1816 2291 1942 2323 secundo
1963 2301 2015 2318 au-

73 2343 168 2380 spicio
190 2350 257 2370 ante
277 2354 339 2370 eum
363 2340 481 2377 volant,
505 2343 556 2382 qui
577 2343 757 2381 auspicatur.
790 2343 870 2372 Aves
893 2350 988 2372 autem
1010 2350 1061 2371 aut
1084 2343 1196 2372 oscines
1217 2350 1302 2377 sunt,
1327 2349 1379 2370 aut
1397 2348 1553 2381 praepetes.
1592 2338 1729 2376 Oscines,
1752 2348 1825 2378 quae
1847 2345 1894 2364 ore
1904 2332 2014 2373 futum

72 2382 255 2423 praedicunt.
282 2383 450 2423 Praepeies,
474 2395 549 2425 quae
569 2383 671 2414 volatu
692 2387 847 2425 augurium
869 2386 1056 2427 signficant,
1080 2396 1146 2415 cum
1168 2391 1236 2414 sunt
1254 2395 1403 2425 prospera.
1436 2382 1497 2414 Sed
1515 2389 1664 2423 praepetes
1686 2388 1737 2410 aut
1758 2377 1906 2417 superiora
1923 2381 2014 2402 lmen*
