2263 2668
521 79 586 112 DE
612 78 996 114 SlGNlFlOATIONE
1022 79 1306 116 VERBORUM.
1365 82 1511 116 LIBER
1536 83 1625 118 xlv.
1973 92 2046 126 123

97 168 281 204 Pronurus
307 171 438 215 nepotis
463 182 556 206 uxor.

97 219 291 255 Praeneste
317 222 406 256 dicta
434 227 498 265 est,
529 221 642 268 quia³²
664 221 724 257 is³³
745 224 857 267 locus,
889 235 956 267 quo
984 225 1118 258 condita
1146 223 1238 266 θείω,
1267 227 1432 260 montibus
1460 225 1645 272 praestet³⁵.

97 271 313 306 Promissum
341 274 501 319 capillum
529 276 642 309 dicunt
653 272 677 292 ³⁶
696 276 848 321 longum.
901 276 983 308 ltem
1011 277 1116 309 barba
1143 278 1305 322 promissa
1331 278 1422 312 velut
1448 290 1552 323 porro
1579 280 1684 313 missa.

97 322 320 358 Promiscmn
347 325 502 360 dicebant
527 328 716 372 promiscue
728 324 762 363 ³⁷.

98 374 330 410 Promonslra
358 378 526 422 prodigia.

98 426 307 461 primordia
334 429 507 474 principia.

99 477 337 525 Promulgari
362 481 456 526 leges
484 481 655 522 (licuntur,
695 492 797 524 quum
807 479 831 499 ³⁵³
853 481 996 525 primum
1007 476 1032 496 3⁹
1053 480 1087 513 in
1113 481 1233 526 vulgus
1258 482 1401 515 eduntur
1427 484 1519 526 quasi
1546 482 1784 529 provulgariw.

99 528 289 564 Promulco
316 532 370 576 agi
398 532 519 565 dicitur
544 533 652 573 navis,
694 544 796 576 quum
808 529 830 550 ⁴¹
853 528 1014 577 scapha⁴²
1034 531 1168 565 ducitur
1194 532 1283 565 fune.

100 581 316 627 Principalis
342 588 523 616 castrorum
552 589 649 629 porta
675 585 877 624 nominatur,
912 583 1003 627 quod
1013 580 1038 600 ⁴³
1060 584 1092 616 in
1119 595 1159 617 eo
1187 583 1265 618 loco
1293 589 1357 625 est,
1392 585 1424 618 in
1451 597 1518 629 quo
1545 587 1712 632 principes
1738 587 1870 620 ordines
1895 591 2042 626 tendunt.

99 631 390 668 Praenomim'bus
423 635 561 668 feminas
596 647 665 669 esse
699 637 885 681 appellatas
917 632 1138 668 testim0ni0⁴⁴
1165 641 1239 668 sunt
1272 636 1420 670 Caecilia
1431 634 1455 654 ⁴⁵
1482 643 1515 671 et
1548 635 1750 681 Tarracia⁴⁶‚
1803 651 1889 683 quae
1923 643 2042 676 ambae

201 683 343 718 Gaiae⁴³
365 687 478 720 solitae
505 684 601 719 sint⁴³
623 688 803 732 appellari⁷
847 687 919 731 pari
945 687 1048 719 modo
1076 687 1181 721 Lucia
1209 692 1241 720 et
1268 687 1367 722 Titia.

99 734 359 779 Prymnesius⁴⁹
379 738 492 783 palus,
536 739 579 771 ad
606 751 705 782 quem
733 740 818 772 funis
844 734 1026 772 11auticus⁵⁰
1047 739 1225 783 religatur,
1259 750 1360 782 quem
1388 740 1443 772 alii
1469 740 1631 773 tonsillam
1641 738 1663 758 ⁵¹
1686 741 1810 775 dicunt.

99 785 259 822 Procare
286 800 435 833 poscere.
497 790 598 823 Unde
626 802 786 835 procaces
812 790 1000 824 meretrices
1026 790 1069 823 ab
1095 790 1225 824 assidue
1252 791 1445 834 poscendo,
1495 796 1527 824 et
1554 793 1649 836 proci
1675 804 1809 827 uxorem
1837 801 2010 838 poscentes
2019 794 2044 816 ⁵²

202 841 235 872 in
263 841 520 877 matrimonium.

100 897 304 933 Procellzmt
330 903 564 945 procumbunt.

97 948 290 985 Proculum
318 954 402 986 inter
428 953 629 998 cognomina
657 964 732 985 eum
743 948 768 968 5³
789 949 946 992 dicunt⁵⁴.
990 953 1047 995 qui
1074 957 1167 985 natus
1194 958 1243 986 est
1269 958 1364 998 patre
1391 953 1626 998 peregrinante
1653 965 1673 986 a
1698 956 1804 999 patria
1829 957 1960 1001 procul.

99 1000 270 1037 Proculas
295 1010 368 1037 sunt
394 1005 450 1048 qui
477 1000 650 1039 credunt⁵⁵
672 1004 750 1037 ideo
779 1004 901 1043 dictos,
949 999 1060 1047 quia⁵⁶
1081 1005 1231 1049 patribus
1264 1005 1398 1038 senibus
1432 1005 1525 1048 quasi
1551 1006 1672 1050 procul
1700 1004 1917 1052 progressis⁵⁷
1938 1014 2044 1043 aetate

202 1057 268 1088 nati
279 1053 303 1073 ⁵³
321 1062 394 1089 sunt
402 1053 436 1088 5⁹.

99 1112 275 1159 Procapz‘s
301 1117 498 1161 progenies,
533 1127 618 1158 quae
645 1115 688 1147 ab
717 1124 781 1146 uno
810 1114 920 1158 capite
947 1114 1111 1159 procedit.

99 1163 288 1199 Procincta
312 1168 434 1201 classis
460 1167 650 1207 dicebatur,
678 1177 780 1209 quum
790 1162 815 1181 ⁰⁰
837 1166 996 1199 exercitus
1023 1163 1181 1200 cinctus‘il
1206 1171 1275 1199 erat
1299 1165 1434 1200 Gabino
1445 1164 1470 1184 *⁵²
1493 1166 1602 1200 cinctu
1630 1168 1801 1201 confestim
1827 1174 2042 1213 pugnaturus.

200 1217 366 1252 Vetustius
393 1218 478 1251 enim
506 1215 599 1252 fuit⁶³
619 1216 862 1252 multitudinem
890 1217 1082 1261 hominum,
1123 1229 1222 1262 quam
1250 1219 1383 1251 navium
1410 1218 1548 1252 classem
1576 1219 1751 1264 appellari.

98 1275 280 1311 Procitant
307 1279 516 1324 provocitant
526 1275 559 1310 ⁶⁴.
613 1278 726 1311 Citare
753 1277 839 1310 enim
866 1279 1012 1312 vocitare
1040 1283 1106 1319 est,
1147 1278 1236 1311 uude
1262 1284 1383 1323 procet
1409 1284 1442 1312 et
1467 1278 1606 1324 prociet.

97 1326 230 1363 Procat
257 1330 413 1364 dicebant
439 1342 502 1375 pro
528 1330 646 1374 poscit.

98 1378 294 1415 Procalare
320 1393 522 1427 provocare,
550 1378 622 1414 ex⁶⁵
642 1380 776 1415 Graeco
803 1377 966 1421 καλεῑνωῐ,
993 1381 1027 1413 id
1056 1386 1102 1414 est
1129 1392 1216 1415 voco
1226 1377 1262 1416 ⁶⁷.
1310 1381 1411 1415 Unde
1438 1377 1657 1421 kalendae‘ss,
1685 1382 1878 1426 calumnia,
1906 1383 2045 1417 calones

200 1430 264 1466 et‘in
287 1435 434 1467 cuculae
460 1438 493 1467 et
519 1433 705 1466 calatores.

98 1492 257 1527 Pmcera
284 1495 414 1538 prolixa
440 1498 473 1527 et
497 1493 531 1526 in
557 1493 697 1537 longum
725 1491 909 1536 producta,
947 1492 1039 1535 quasi
1067 1503 1107 1525 ex
1134 1502 1210 1525 cera
1239 1492 1284 1524 ob
1312 1491 1379 1525 eius
1405 1492 1610 1533 facilitatem.

100 1544 298 1583 Procitmn,
326 1542 462 1588 quum⁷⁰
485 1545 592 1589 prima
619 1544 746 1588 syllaba
774 1543 969 1587 corripitur,
996 1539 1194 1589 significas'¹
1217 1544 1369 1588 petitum.
1422 1543 1553 1576 Livius:

468 1603 625 1638 Matrem
647 1603 824 1648 procitum
846 1603 994 1648 plurimi
1020 1607 1197 1638 venerunt.

102 1662 279 1696 Procitum
305 1669 535 1698 testamentum
563 1664 737 1697 dicebatur
763 1663 851 1695 velut
878 1666 1070 1706 promtum,
1107 1668 1347 1707 provocatum,
1374 1662 1410 1695 id
1438 1666 1486 1694 est
1512 1661 1638 1694 irritum
1668 1673 1708 1696 ac
1734 1665 1878 1706 ruptum.

99 1798 144 1836 35)
162 1798 306 1837 praestet]
320 1800 435 1836 praesit
449 1799 482 1827 Β.
504 1814 545 1820 —
566 1798 615 1835 36)
636 1796 824 1826 Promissam
841 1797 987 1835 capillum
1004 1796 1049 1824 di.
1093 1798 1150 1827 Gu.
1168 1800 1194 1827 1.
1217 1813 1258 1818 —
1282 1795 1329 1835 52)
1346 1796 1514 1834 poscentes]
1532 1801 1665 1834 petentes
1681 1796 1712 1823 B.
1741 1811 1781 1816 —
1809 1794 1857 1835 53)
1879 1798 1961 1835 eum]
1985 1808 2042 1826 om,

100 1839 189 1879 eunt]
218 1840 333 1869 dicitur
356 1841 385 1869 L.
404 1841 435 1869 Β.
452 1841 489 1871 Μ.
514 1841 570 1871 Gu.
587 1843 615 1873 2.
638 1850 697 1879 pr.,
729 1844 843 1869 retento
866 1840 1050 1876 accusativo,
1093 1839 1186 1870 Gu.1.
1208 1854 1250 1861 —
1271 1838 1319 1876 54)
1343 1837 1460 1877 dicunt]
1478 1848 1535 1867 om.
1551 1839 1583 1867 L.
1607 1855 1645 1859 —
1669 1839 1714 1875 55)
1736 1837 1870 1877 credunt]
1885 1838 1936 1867 Sic
1947 1839 2041 1872 Gu.2,

99 1893 156 1921 pro
174 1893 234 1921 quo
249 1884 445 1912 nominativos
464 1883 583 1912 exhibet
603 1883 631 1911 S.
653 1899 696 1904 —
718 1884 762 1919 37)
781 1881 972 1921 promiscae]
991 1892 1049 1920 pro
1092 1880 1216 1909 credant
1229 1880 1309 1918 vulg.
1332 1897 1374 1902 —
1396 1882 1440 1919 56)
1464 1882 1550 1919 qnia]
1575 1880 1659 1920 quod
1673 1892 1692 1908 α
1708 1880 1739 1910 Β.
1775 1881 1830 1920 qui
1844 1892 1864 1908 α
1879 1881 1910 1909 L.
1935 1898 1971 1902 —
1996 1885 2040 1917 57)

95 1927 268 1962 promiscue
281 1926 319 1956 M.
335 1926 391 1956 Gu.
407 1929 434 1958 1.
448 1936 493 1965 pr.
514 1941 555 1947 —
576 1924 624 1964 38)
648 1924 754 1963 quum]
778 1935 868 1963 quom
881 1925 914 1954 B.
938 1940 979 1946 —-
1001 1923 1049 1961 39)
1086 1922 1270 1962 progressis]
1281 1925 1436 1962 progressi
1448 1923 1480 1953 L.
1492 1924 1523 1953 B.
1540 1923 1596 1952 Gu.
1608 1927 1634 1956 1.
1651 1933 1699 1962 pr.
1722 1939 1761 1944 —
1784 1921 1829 1962 58)
1852 1928 1950 1952 aetate
1962 1925 2040 1964 nati]

95 1968 246 2007 primum]
270 1979 326 1998 om.
342 1969 373 1998 B.
396 1984 438 1990 —
458 1969 506 2005 40)
523 1967 724 2007 provulgari]
745 1968 870 2005 vulgari
884 1968 915 1995 B.
938 1983 979 1988 —
1001 1965 1050 2003 41)
1092 1967 1246 1994 attenuati
1263 1966 1293 1994 L.
1308 1966 1340 1995 B.
1364 1966 1417 1995 Gu.
1435 1969 1462 1998 1.
1486 1977 1530 2005 pr.
1553 1983 1594 1987 -
1616 1964 1662 2005 59)
1686 1964 1774 2004 sunt]
1797 1975 1855 1995 om.
1872 1966 1904 1994 L.
1930 1984 1967 1988 —-
1991 1968 2039 2005 60)

100 2010 206 2050 qaam]
227 2021 318 2050 quom
331 2011 362 2041 Β,
383 2026 426 2033 --
447 2009 492 2050 42)
513 2010 642 2049 scapha]
659 2010 708 2038 Sic
725 2010 755 2038 L.
770 2010 801 2039 Β,
816 2010 950 2040 Gu.1.2.
982 2018 1049 2035 sca·
1091 2007 1205 2047 quam]
1228 2019 1317 2047 quom
1341 2008 1372 2037 Β.
1393 2024 1434 2030 --
1461 2011 1506 2043 61)
1530 2008 1663 2046 cinctus]
1680 2009 1859 2046 procinctus
1876 2009 1908 2037 B.
1932 2026 1972 2031 -
1994 2012 2040 2047 62)

94 2053 176 2091 plzae
191 2054 270 2092 vulg.
293 2069 333 2075 —
355 2054 401 2092 43)
424 2051 521 2092 quod]
545 2054 620 2092 quia
638 2053 667 2081 L.
681 2053 713 2081 B.
736 2068 774 2074 —
797 2051 842 2089 44)
866 2049 1047 2088 testimonio]
1093 2051 1226 2090 Gabino]
1250 2050 1362 2079 Sabino
1379 2051 1412 2080 L.
1435 2067 1476 2073 —
1498 2052 1543 2089 63)
1569 2051 1727 2080 Vetustius
1742 2052 1821 2079 enim
1833 2051 1912 2090 fait]
1939 2053 2039 2081 Vesti-

99 2097 270 2124 lestimonia
290 2096 321 2125 L.
350 2111 392 2118 --
420 2094 468 2134 45)
500 2094 650 2133 Caecilia]
675 2095 724 2124 Sic
746 2095 778 2124 L.
795 2094 827 2122 B.
844 2094 881 2122 M.
903 2095 959 2122 (ιύ.
977 2096 1001 2124 1.
1018 2095 1046 2124 2.
1090 2099 1142 2121 tus
1165 2095 1257 2122 irruit
1277 2096 1308 2121 ιἰι
1329 2093 1363 2123 Β.
1391 2111 1429 2116 -
1460 2092 1506 2133 64)
1522 2092 1736 2132 provocitant]
1754 2100 1923 2132 provocant
1942 2096 1976 2124 B.
1998 2112 2040 2118 —-

99 2148 143 2176 pr.
159 2139 186 2166 S.
233 2139 371 2167 Camilia
389 2137 468 2176 vulg.
493 2154 530 2159 —
553 2138 599 2176 46)
629 2138 788 2171 Tarracia]
819 2137 952 2164 Terentia
969 2136 999 2163 L.
1015 2135 1048 2165 B.
1090 2137 1134 2169 65)
1158 2135 1201 2174 ex]
1226 2147 1246 2164 (ι
1260 2136 1291 2165 L.
1312 2152 1353 2157 —
1376 2135 1422 2175 66)
1445 2135 1564 2175 καλεῖν]
1587 2146 1644 2164 om.
1661 2136 1691 2165 L.
1710 2136 1768 2165 Gu.
1781 2139 1808 2168 1.
1852 2137 1933 2166 caleo
1950 2149 1995 2177 pr.
2010 2143 2038 2166 et

99 2181 259 2210 Artructia
273 2181 310 2209 Μ.
334 2197 376 2202 —-
399 2181 445 2217 47)
471 2180 578 2219 Gaiae]
601 2180 650 2208 Sic
666 2180 698 2208 B.
716 2179 751 2207 M.
768 2179 824 2215 Gn.
838 2181 864 2209 1.
877 2181 907 2209 2.
955 2177 1048 2206 Gaiae
1090 2178 1170 2216 vulg.
1186 2178 1288 2209 καλέω.
1310 2195 1351 2200 -
1374 2179 1422 2217 67)
1446 2177 1534 2217 voco]
1559 2188 1665 2207 vocare
1683 2179 1714 2209 L.
1734 2179 1766 2207 Β.
1784 2180 1812 2210 S.
1841 2195 1883 2200 —
1911 2183 1958 2215 68)
1980 2180 2036 2207 ka·—

99 2224 177 2261 vulg.
203 2241 237 2246 -
262 2225 311 2262 48)
334 2222 407 2261 sint]
429 2228 500 2251 sunt
516 2222 547 2251 L.
569 2237 610 2245 --
632 2224 677 2258 49)
701 2219 1047 2260 qusrmnestchJP121me—
1089 2220 1209 2258 lendae]
1232 2222 1280 2250 Sic
1304 2221 1360 2249 Gu.
1379 2224 1405 2253 1.
1419 2224 1448 2252 2.
1493 2220 1636 2249 calendae
1656 2221 1738 2259 vulg.
1771 2239 1807 2243 -—
1840 2224 1884 2256 69)
1913 2222 1955 2260 et]
1980 2232 2035 2250 om.

97 2268 164 2294 aius
179 2267 271 2297 Gu.2.
314 2265 482 2296 Prima-sius
499 2266 529 2295 L.
546 2265 582 2293 M.
620 2263 769 2293 Prunmia
784 2264 815 2293 B.
840 2279 876 2285 —
901 2262 948 2301 50)
971 2273 1047 2291 nau-
1090 2263 1148 2294 Gu.
1165 2266 1191 2296 1.
1215 2280 1255 2286 ——
1276 2264 1324 2300 70)
1346 2263 1456 2302 quum]
1480 2274 1572 2302 quom
1591 2264 1624 2293 Β.
1647 2280 1688 2285 —
1715 2262 1762 2303 71)
1782 2263 1957 2303 significat]
1980 2273 2033 2292 om.

99 2307 190 2347 αἰεως]
213 2309 301 2337 navis
317 2309 346 2339 L.
369 2324 410 2330 —
431 2311 478 2345 51)
498 2308 665 2341 tonsillam]
689 2306 814 2334 tonsilla
828 2307 858 2334 B.
890 2306 994 2333 toa-illa
1008 2305 1046 2334 M.
1090 2306 1121 2335 L.
1137 2306 1169 2336 B.

1552 2357 1585 2398 Q
1607 2360 1623 2377 t
