2263 2668
525 82 589 116 DE
615 82 1004 118 SIGNIFICATIONE
1032 82 1314 118 VERBORUM.
1369 87 1513 122 LIBER
1539 88 1597 121 111.

1989 92 2038 127 35

101 171 313 209 Catizlatio4¹
337 185 441 219 grave
468 177 689 220 opprobrium
716 177 904 210 hominibus
914 173 938 193 ⁴²
958 178 1130 222 generosis
1157 178 1392 221 obiiciebatur,
1420 182 1445 213 si
1477 182 1534 226 qui
1561 182 1749 226 provincias
1775 185 1899 219 amicas
1919 187 2037 231 populi

194 226 339 259 Romani
364 227 609 271 exspoliassent.

100 282 328 319 Οεείἰοὶῑῑαε43
351 288 542 331 appellatur
570 287 728 328 circulus,
764 299 864 330 quem
891 284 1120 332 superponit⁴⁴
1144 290 1262 333 capiti,
1298 291 1354 333 qui
1382 291 1507 335 aliquid
1537 298 1584 326 est
1609 293 1734 328 laturus
1744 290 1770 311 “¹⁵
1787 294 1821 329 in
1846 297 1966 341 capite.

99 336 230 382 Cespes
256 344 303 371 est
327 343 414 371 terra
440 340 473 372 in
499 339 638 372 modum
665 338 775 371 lateris
802 351 899 373 caesa
926 350 1001 373 cum
1029 339 1152 382 herba,
1195 342 1262 374 sive
1288 342 1396 376 frutex
1422 344 1544 378 recisus
1571 350 1603 378 et
1628 341 1804 380 truncus⁴⁶.

100 388 302 422 catulinum
330 401 461 423 carnem
490 391 669 430 esitavisse,
707 390 776 423 hoc
804 396 850 424 est
877 391 1061 425 comedisse
1087 389 1293 426 Romanos⁴²
1319 394 1454 428 Plautus
1480 397 1512 429 in
1540 394 1751 431 Saturione4³
1775 399 1884 432 refert.

101 437 252 474 (ΪαΙααυ49
279 441 426 474 claudus.

101 491 315 525 Cmecultarc
342 490 423 525 est⁵⁰
450 503 567 526 caecos
594 493 723 524 imitari.

102 543 303 577 Caesariari
328 544 461 577 comati.

102 595 290 628 Catularia
317 600 415 639 porta
438 597 568 628 Romae
597 595 686 628 dicta
714 600 779 635 est⁷
815 597 892 638 quia
919 606 985 628 non
1013 596 1116 639 longe
1142 597 1186 628 ab
1214 608 1252 629 ea
1280 597 1323 630 ad
1349 598 1552 642 placandum
1581 602 1750 636 caniculae
1776 602 1865 636 sidus
1888 603 2041 649 frugibus

198 647 366 680 inimicum
393 647 487 679 rufae
514 658 612 681 canes
640 647 915 688 immolabantur.
957 651 993 679 ut
1019 647 1133 691 fruges
1160 648 1377 683 flavescentes
1404 650 1446 682 ad
1476 652 1694 687 maturitatem
1720 654 1989 698 perducerentur.

102 707 257 741 Caedem
269 704 290 725 5¹
315 712 432 751 putant
459 719 498 739 ex
525 707 659 741 Graeco
687 706 773 746 dici,
813 707 904 749 quod
930 707 1020 752 apud
1046 707 1122 740 illos
1150 705 1318 743 καίνειν52
1345 707 1542 754 significet⁵³
1562 713 1712 749 caedere.

102 759 235 793 Cenina
245 755 269 775 ⁵⁴
297 759 392 799 urbs,
428 770 513 801 quae
541 759 601 791 fuit
627 759 732 791 vicina
756 758 905 800 Romae,
941 771 959 791 a
982 758 1100 791 Cenite
1127 760 1300 793 conditore
1327 762 1495 805 appellata
1524 768 1571 796 est
1581 760 1615 795 ⁵⁵.

103 806 283 844 Catulus5⁰
310 809 481 853 quoddam
511 822 615 855 genus
626 806 651 826 5⁷
676 809 817 851 vinculi,
861 807 950 853 qui5³
976 810 1140 843 interdum
1170 812 1257 844 canis
1283 813 1482 856 appellatur.

103 862 250 896 Caesius
277 867 436 894 vocantur
464 867 496 894 et
521 862 543 894 ii
554 858 589 905 ⁵⁹,
620 862 740 904 quibus
767 862 899 906 pugiles
926 861 1084 896 dimicant
1110 867 1142 895 et
1167 874 1272 907 genus
1300 865 1473 907 quoddam
1503 871 1632 899 ornatus
1661 864 1875 900 mulierumffi.

103 912 288 947 Caeditiac
314 914 471 946 tabernae
498 913 530 945 in
558 913 609 945 via
629 912 742 957 Appia
769 912 894 946 domini
906 910 929 930 ⁶¹
952 914 1085 946 nomine
1112 918 1185 947 suut
1210 919 1357 950 vocatae.

103 965 291 999 cavillatio
315 970 364 998 est
389 966 501 998 iocosa
528 964 749 998 calumniatio.

104 1016 185 1050 Cati
209 1017 301 1055 fons.
330 1027 369 1049 ex
396 1028 463 1060 quo
488 1028 573 1059 aqua
597 1011 787 1049 Petronia⁶²
813 1016 845 1048 in
865 1015 1014 1049 Tiberim
1042 1016 1129 1058 fluit,
1159 1017 1284 1058 dictus,
1312 1017 1404 1062 quod
1432 1018 1465 1050 in
1492 1012 1577 1063 agro
1605 1018 1703 1051 fuerit
1729 1020 1896 1053 cuiusdam
1922 1016 2040 1054 Catiffl.

104 1065 275 1101 caculam
302 1079 412 1101 servus
438 1068 559 1103 militis.
612 1068 768 1100 Plautus:

474 1118 581 1152 Video
608 1115 806 1151 caculamffi
826 1117 1022 1153 militarem.

199 1169 327 1203 Dicitur
360 1175 470 1203 autem
481 1167 506 1187 ⁶⁶
533 1182 551 1202 a
579 1170 713 1204 Graeco
748 1166 904 1212 udaovffl,

201 1222 320 1254 armari
348 1222 433 1254 soliti
461 1217 576 1255 suntffi.

105 1282 334 1317 Canah'colae
360 1282 507 1315 forenses
535 1280 689 1314 homines
715 1291 882 1324 pauperes
908 1282 1006 1324 dicti,
1045 1281 1137 1324 quod
1165 1281 1253 1316 circa
1280 1282 1411 1315 canales

952 1171 1044 1213 quod
1078 1171 1217 1204 fustibus
1250 1171 1418 1215 clavisque
1451 1171 1569 1216 ligneis
1596 1171 1638 1204 ad
1667 1172 1804 1205 tutelam
1831 1173 2042 1205 dominorum

1473 1282 1539 1315 fori
1566 1282 1786 1317 consisterent.

104 1334 204 1369 Cana
230 1333 345 1367 dicunt
372 1333 514 1375 Graeci,
549 1343 608 1366 nos
636 1333 794 1366 canistra
805 1328 831 1348 ³⁰
857 1329 923 1366 et⁷¹
945 1345 1008 1378 per
1035 1333 1288 1367 diminutionem
1316 1333 1510 1368 canistella.

105 1381 294 1420 (Σίιηίοιιε72
317 1384 462 1418 furfures
489 1385 532 1418 de
559 1385 647 1417 farre
675 1396 694 1417 a
721 1384 798 1418 cibo
826 1395 944 1418 canum
971 1388 1121 1419 vocatae.

105 1437 234 1471 Cancri
261 1437 458 1469 dicebantur
484 1437 526 1469 ab
554 1435 711 1479 antiquis,
738 1436 793 1479 qui
820 1448 908 1470 nunc
934 1448 996 1481 per
1024 1437 1274 1470 diminutionem
1302 1433 1494 1476 cancelli⁷³;
1521 1447 1561 1469 ex
1587 1447 1655 1479 quo
1682 1447 1807 1481 genere
1833 1439 1905 1468 sunt
1926 1436 2043 1478 calces,

867 1484 892 1504 ⁷4

197 1487 254 1531 qui
280 1499 341 1539 per
367 1488 617 1521 diminutionem
646 1488 859 1532 appellantur
918 1488 1048 1522 calculi.

70 1547 74 1548 ⁷
106 1538 282 1572 Canentas
292 1536 316 1555 ⁷⁰
344 1540 460 1584 capitis
487 1543 688 1572 ornamenta.

100 1673 132 1702 L.
154 1688 195 1694 —
218 1675 262 1710 35)
280 1672 435 1711 adversus]
454 1673 612 1702 adversum
629 1674 667 1703 M.
689 1689 730 1695 —
756 1677 801 1708 36)
823 1673 976 1712 praebuit]
990 1684 1048 1711 po-

101 1717 164 1744 suit
182 1716 239 1743 Gu.
258 1718 284 1746 1.
306 1731 348 1736 —
371 1717 418 1753 37)
437 1716 563 1755 habult]
588 1722 684 1744 monte
701 1715 767 1744 add.
781 1716 811 1744 L.
837 1733 872 1737 —
898 1718 943 1752 38)
971 1716 1049 1744 Cae-

102 1757 185 1796 cum]
211 1758 324 1786 Cacum
340 1757 377 1786 M.
399 1774 440 1780 —
462 1757 508 1798 39)
530 1759 635 1797 ajfixi]
660 1759 707 1786 Sic
720 1759 752 1786 B.
797 1757 893 1796 adfixi
908 1759 990 1796 vulg.
1011 1775 1047 1780 —-

101 1799 148 1840 40)
166 1799 343 1838 Catillones]
361 1800 526 1829 Catiliones
538 1802 570 1831 B.
587 1801 625 1829 M.
643 1801 698 1829 Gu.
714 1804 739 1832 1.
754 1804 782 1832 2.
831 1801 1006 1829 Catuliones
1019 1802 1050 1828 L.

101 1857 144 1864 -—-
167 1843 214 1879 41)
242 1842 416 1881 Catillatio]
443 1844 589 1872 Cntilatio
606 1844 662 1873 Gu.
680 1846 707 1875 1.
731 1860 771 1866 —
793 1843 841 1882 42)
864 1843 1050 1882 hominibus]

102 1895 158 1913 om.
174 1884 205 1915 L.
227 1901 262 1906 —
289 1885 336 1921 43)
362 1885 544 1922 Cesticillus]
571 1885 668 1916 Caest.
686 1886 722 1914 M.
771 1886 873 1915 Cistic.
888 1887 919 1914 L.
941 1902 982 1908 --
1005 1887 1052 1921 44)

102 1926 297 1966 superponit]
321 1930 464 1966 supponit
484 1930 512 1957 L.
527 1929 560 1957 B.
584 1945 623 1951 —-
648 1928 693 1968 45)
717 1934 758 1956 est
776 1929 915 1964 laturus]
939 1929 992 1957 lul.
1011 1933 1052 1955 est

102 1970 136 1999 B.
153 1985 187 1990 —
206 1968 256 2008 46)
274 1969 413 2009 truncus]
426 1971 474 1999 Sic
489 1971 527 2000 M.
545 1971 640 2003 Gu.2.
677 1977 837 1999 truncatus
851 1971 931 2008 vulg.
968 1975 1054 1998 irun-

103 2018 192 2040 catus
213 2016 256 2039 eat
276 2012 305 2041 S.
329 2028 370 2034 --
391 2012 440 2053 47)
461 2014 633 2050 Romanos]
656 2019 782 2052 apparet
804 2013 872 2042 add.
891 2014 921 2043 L.
943 2029 984 2036 --
1006 2013 1051 2048 48)

104 2056 284 2089 Saturione]
309 2055 491 2084 Saturnione
506 2057 536 2084 L.
563 2072 605 2078 --
634 2056 680 2095 49)
707 2056 820 2092 Catax]
847 2056 947 2084 Caeax
960 2055 993 2083 B.
1013 2070 1054 2077 —

102 2096 153 2137 50)
174 2096 233 2135 est]
257 2099 480 2127 exconsimilari
497 2098 532 2126 id
544 2104 587 2126 est
603 2109 705 2126 caeco-s·
721 2100 772 2128 im.
787 2099 819 2128 L.
841 2114 884 2119 —
905 2095 951 2138 51)
978 2096 1054 2126 Cae·-

104 2139 189 2178 dem]
215 2139 343 2168 Caedere
359 2140 390 2169 L.
415 2157 457 2162 —
478 2140 524 2180 52)
545 2141 675 2179 καίνειν]
701 2141 749 2169 Sic
768 2140 872 2179 scripsi
897 2140 932 2168 de
953 2139 1054 2168 conie-

104 2187 205 2218 ctura,
229 2192 320 2220 quum
338 2182 442 2211 similia
456 2183 486 2212 in
500 2183 587 2211 codd.
601 2183 793 2222 reperissem,
816 2192 942 2221 quorum
956 2183 988 2212 B.
1004 2181 1055 2211 ha-

103 2224 153 2253 bet
175 2223 262 2261 καὶνς
295 2225 327 2254 L.
351 2225 444 2262 keun5
482 2225 520 2253 M.
542 2226 598 2254 Gu.
614 2228 643 2257 2.
672 2225 790 2260 ketlzin5
825 2225 956 2254 κταίνειν
977 2224 1055 2260 vng.

105 2277 164 2295 om.
179 2267 271 2298 Gu-1.
287 2278 332 2306 pr.
355 2285 388 2289 -
410 2271 454 2305 53)
477 2267 637 2306 significet]
661 2268 710 2295 Sic
723 2268 755 2295 L.
771 2268 827 2296 Gu.
844 2269 871 2298 1.
885 2270 913 2298 2.
958 2268 1058 2305 signi-

98 2310 179 2347 ficat
203 2309 282 2347 vulg.
311 2327 352 2332 —-
380 2309 426 2350 54)
452 2308 584 2349 Cenina]
613 2307 721 2339 Cenitu
742 2310 773 2338 L.
799 2319 845 2348 pr.
891 2306 999 2338 Cenum
1019 2309 1057 2339 M.

108 2349 213 2381 Gemea
228 2352 283 2380 Gu.
301 2355 328 2384 1.
361 2369 396 2374 —
427 2356 472 2387 55)
497 2352 653 2391 appellata
667 2351 726 2390 est]
748 2351 796 2380 Sic
811 2351 844 2380 B.
860 2351 897 2380 Μ.
911 2352 967 2382 Gn.
988 2355 1014 2383 1.
1030 2354 1058 2382 2.

1092 1683 1137 1712 pr.
1182 1683 1239 1702 om.
1258 1678 1301 1700 est
1323 1673 1402 1709 vulg.
1447 1671 1602 1710 appellata
1623 1682 1681 1701 om.
1704 1672 1734 1700 L.
1756 1686 1798 1693 -
1819 1672 1866 1711 56)
1891 1671 2042 1710 Catulus]

1096 1716 1237 1744 Catullus
1259 1716 1314 1742 Gu.
1332 1716 1358 1744 1.
1392 1730 1424 1734 -
1457 1713 1503 1753 57)
1528 1713 1681 1753 quoddam
1701 1714 1816 1753 genus]
1836 1725 1933 1753 genus
1948 1713 2040 1753 quod-

1094 1758 1166 1786 dam
1181 1759 1212 1785 B.
1228 1757 1265 1786 M.
1285 1757 1339 1784 Gu.
1356 1759 1384 1787 1.
1415 1771 1455 1777 —
1483 1760 1529 1791 58)
1553 1756 1625 1795 qui]
1648 1757 1733 1796 quod
1750 1757 1788 1786 Μ,
1812 1773 1853 1779 -
1875 1756 1924 1796 59)
1947 1757 1988 1795 ii]
2012 1756 2044 1784 ln·

1093 1802 1126 1829 Β,
1143 1801 1179 1830 Μ,
1196 1810 1242 1838 pr.
1264 1814 1306 1820 —
1328 1798 1375 1833 60)
1398 1804 1526 1826 ornatus
1541 1799 1715 1839 mulierum]
1735 1799 1783 1828 Sic
1798 1799 1828 1829 L.
1845 1799 1882 1828 Μ.
1902 1799 1957 1827 Gu.
1971 1803 1998 1830 1.
2015 1801 2043 1830 2.

1096 1848 1223 1871 ornatu-s·
1238 1841 1374 1868 mulieris
1388 1841 1421 1870 B.
1460 1842 1617 1870 muliebris
1631 1848 1756 1871 ornatus
1772 1843 1851 1880 vulg.
1866 1858 1906 1864 —-
1926 1841 1974 1879 61)
1992 1840 2045 1868 do-

1097 1884 1189 1923 mini]
1214 1895 1234 1911 a
1251 1882 1328 1912 dom.
1349 1884 1380 1911 L.
1397 1884 1428 1913 Β.
1443 1884 1481 1913 Μ.
1495 1893 1542 1923 pr.
1569 1900 1609 1906 -—
1637 1886 1683 1924 62)
1707 1886 1868 1919 Petronia]
1886 1885 2044 1922 praetoria

1095 1928 1128 1957 L.
1152 1943 1194 1949 —
1216 1925 1266 1964 63)
1286 1927 1389 1963 fuerit
1410 1927 1573 1955 cuiusdam
1594 1925 1680 1966 Cati]
1704 1927 1754 1955 Sic
1777 1927 1832 1955 Gu.
1849 1929 1877 1958 2.
1922 1925 2043 1955 cuiusd.

1089 1970 1191 2007 suerit
1207 1968 1278 1997 Cati
1294 1969 1374 2006 vulg.
1398 1984 1439 1991 —
1461 1968 1508 2010 64)
1535 1970 1664 2009 Camala]
1687 1970 1800 1999 Catula
1815 1969 1848 1997 B.
1871 1985 1912 1990 —
1934 1969 1981 2006 65)
1996 1979 2044 1997 cae

1098 2011 1220 2050 culum]
1243 2011 1377 2039 catulam
1391 2011 1424 2041 B.
1451 2028 1492 2034 ——-
1514 2010 1561 2053 66)
1584 2011 1699 2052 aulem]
1725 2021 1782 2042 om.
1798 2012 1837 2041 M.
1861 2028 1902 2034 —-
1924 2009 1971 2051 67)
1993 2013 2044 2041 κοῒ·

1098 2054 1161 2092 λον]
1179 2054 1266 2082 calon
1281 2063 1327 2092 pr.
1366 2056 1465 2084 καλων
1478 2054 1510 2083 Β.
1548 2056 1632 2084 calin
1644 2055 1683 2084 M.
1699 2055 1791 2086 Gu.2.
1830 2064 1886 2083 om.
1903 2054 1934 2082 L.
1948 2054 2044 2084 Gu.1‚

1099 2113 1140 2119 —-
1166 2098 1210 2134 68)
1229 2097 1311 2134 sunt]
1334 2097 1382 2124 Sic
1400 2097 1456 2126 Gu.
1472 2100 1501 2128 2.
1546 2100 1607 2126 sint
1622 2098 1702 2136 vulg.
1726 2114 1766 2119 —-
1792 2094 1839 2137 69)
1860 2097 2045 2125 homines-

1100 2139 1230 2178 canales]
1251 2138 1322 2167 haec
1338 2139 1434 2168 omnia
1451 2150 1509 2169 om.
1523 2140 1562 2169 M.
1584 2157 1617 2162 -—
1640 2140 1686 2180 70)
1709 2139 1856 2178 canistra]
1881 2141 2000 2167 cani-sta
2012 2139 2043 2166 B.

1099 2198 1142 2203 —-
1160 2180 1207 2222 71)
1227 2181 1265 2220 et]
1283 2191 1340 2211 om.
1356 2182 1388 2210 L.
1411 2198 1452 2204 —
1473 2181 1519 2222 72)
1545 2182 1687 2222 Carnicae]
1705 2184 1832 2212 Canaces
1845 2183 1876 2213 L,
1926 2182 2045 2211 Canales

1100 2225 1150 2261 B.‚
1179 2224 1209 2252 in
1227 2233 1317 2262 marg.
1344 2224 1482 2254 Canicae.
1511 2239 1553 2248 -—-
1578 2226 1627 2264 73)
1650 2225 1794 2264 cancelli]
1818 2225 1929 2254 calculi
1947 2224 2003 2250 Gu.
2018 2225 2043 2253 1-

1102 2267 1183 2302 Quae
1204 2265 1274 2296 hinc
1295 2272 1462 2305 sequuntur
1485 2278 1542 2297 om.
1564 2269 1620 2297 Gu.
1636 2271 1664 2301 1.
1695 2285 1728 2290 —
1757 2269 1805 2305 74)
1833 2263 2042 2306 appellantur]

1101 2309 1150 2338 Sic
1165 2309 1196 2337 L.
1208 2309 1239 2340 B.
1254 2309 1292 2338 M.
1311 2309 1368 2340 Gn.
1385 2312 1414 2341 2.
1430 2321 1476 2350 pr.
1491 2312 1520 2340 S.
1565 2311 1713 2340 dicuntur
1734 2311 1814 2348 vulg.
1842 2325 1883 2332 —-
1913 2309 1960 2344 75)
1985 2307 2042 2333 (Μ’

1099 2351 1214 2391 nentus]
1237 2349 1380 2382 canentes
1392 2352 1432 2383 M.

1563 2404 1633 2436 E*
