2263 2668
231 155 306 191 278
976 146 1156 181 MAX1M1
1191 147 1438 183 VICTORINI

232 261 260 290 s,
280 260 314 290 cc,
342 259 371 289 c,
395 251 419 289 t,
446 251 482 280 ut
508 245 638 286 tabula,
665 241 807 283 monile,
834 240 944 286 frugi,
971 240 1072 284 ratio,
1099 252 1212 287 genu,
1239 243 1324 284 mel,
1352 253 1541 284 scamnum,
1568 242 1709 285 flumen,
1738 242 1854 287 arbor,
1889 243 1967 286 flos,
1994 257 2077 289 nox,
2111 247 2176 281 hass

233 297 327 342 lec¹,
367 303 475 344 caput.

1047 367 1113 402 De
1153 367 1362 413 Syllabis.

394 446 451 480 19.
506 444 643 489 Syllaba
671 448 718 477 est
744 444 841 477 litera
867 444 1006 487 vocalis,
1039 445 1093 477 vel
1126 445 1296 478 literarum
1329 445 1431 479 coitus
1461 455 1523 488 per
1557 444 1703 488 aliquam
1736 445 1889 478 vocalem
1923 456 2020 479 com-
2048 446 2178 494 [1946]

232 501 424 547 prehensus.
453 497 551 530 Dicta
577 501 624 529 est
651 500 761 529 autem
788 496 918 540 syllaba
932 493 1005 530 cino*
1020 496 1088 531 τοῦ
1107 499 1293 542 συλλαβεῖν
1307 493 1327 530 ².
1352 497 1412 529 Est
1440 495 1526 528 enim
1552 496 1680 540 syllaba
1716 494 1885 543 σύλληψις
1911 498 2078 540 quaedam
2104 499 2180 532 lite-

230 563 359 592 rarum,
385 550 420 582 id
448 553 511 589 est,
546 548 723 592 conceptio
737 544 758 582 3.
811 547 960 588 Qualitas
988 547 1189 590 syllabarum
1217 548 1371 580 dividitur
1404 547 1436 579 in
1470 547 1550 579 duas
1583 549 1726 592 species,
1759 548 1792 580 in
1830 549 1945 581 breves
1978 553 2011 582 et
2042 550 2179 595 longas3

234 609 289 637 aut
316 603 402 635 enim
427 602 545 634 breves
572 596 662 632 sunt.⁴
688 602 743 632 aut
765 599 897 643 longae.
951 598 1075 631 Breves
1111 600 1212 632 efficit
1249 604 1401 644 correpta
1428 598 1553 631 vocalis
1579 599 1611 631 in
1633 600 1769 643 syllaba.
1823 599 1998 644 Tempora
2026 601 2060 634 in
2086 602 2182 634 brevi

237 660 284 688 est
310 665 412 687 unum
427 649 450 693 5,
476 653 509 684 in
535 651 640 696 longa
667 650 744 684 duo.
798 650 940 695 Longae
967 650 1116 694 syllabae
1147 651 1277 684 duobus
1306 650 1413 683 modis
1441 649 1754 693 deprehenduntur,
1791 655 1846 683 aut
1872 657 2004 693 natura,
2035 658 2090 685 aut
2115 663 2182 697 po-

232 707 355 740 sitione.
407 705 550 743 Natura,
585 703 731 746 quinque
765 702 888 740 modis3
923 706 978 733 aut
1005 713 1081 735 cum
1108 714 1172 735 una
1208 703 1333 735 vocalis
1361 701 1584 746 producatur,
1620 714 1659 735 ex
1693 714 1759 745 qua
1786 702 1888 736 dictio
1916 708 2064 745 constat,
2099 709 2134 736 ut
2162 715 2182 737 o

234 754 339 791 cte‹1⁶:
367 761 423 789 aut
450 755 634 799 geminata,
662 759 697 786 ut
723 754 882 797 Eurylus:
917 757 973 785 aut
999 753 1177 797 incipiens,
1213 759 1247 786 ut
1281 765 1339 786 en.-
1372 758 1428 785 aut
1453 753 1646 794 terminans,
1680 759 1716 786 ut
1748 765 1808 786 ne:
1841 759 1896 786 aut
1920 755 2033 787 medio
2061 755 2182 800 posita,

233 815 369 842 utnon.
422 806 591 839 Positione
624 806 746 850 longae
782 805 865 837 fiunt
898 804 1016 837 decem
1050 805 1178 845 modis,
1215 810 1270 837 aut
1305 816 1380 838 cum
1408 810 1563 848 correpta
1589 805 1713 838 vocalis
1747 806 1780 837 in
1807 804 1888 837 duas
1915 805 2032 838 desinit
2060 817 2181 839 conso-

234 866 361 900 nantes,
389 864 424 891 ut
443 868 522 890 ars:
549 862 604 889 aut
632 868 708 890 cum
735 856 851 889 desinit
877 856 909 887 in
934 867 1033 889 unam
1061 862 1318 897 consonantem,
1354 861 1386 888 et
1418 857 1581 900 excipitur
1608 857 1650 889 ab
1677 857 1781 889 altera
1808 862 2025 898 consonante,
2053 863 2090 890 ut
2120 868 2183 890 ar-

233 922 310 944 ma:
345 915 400 942 aut
433 921 509 943 cum
536 909 698 952 excipitur
732 920 750 940 a
784 908 911 940 duabus
938 909 1211 948 consonantibus,
1247 912 1282 940 ut
1317 908 1420 952 agri:
1455 913 1511 940 aut
1538 918 1614 941 cum
1642 908 1759 940 desinit
1790 907 1823 938 in
1856 918 1881 939 x
1907 907 2036 941 literam
2066 909 2182 953 dupli-

234 959 338 1004 cem7,
367 966 402 993 ut
427 972 514 993 nox:
546 965 601 992 aut
628 971 704 993 cum
732 959 893 1003 excipitur
919 971 938 991 a
966 959 1109 1003 duplici,
1138 965 1173 991 nt
1195 970 1322 991 uerus:
1349 964 1404 991 aut
1431 960 1464 991 in
1490 971 1525 999 z,
1556 970 1643 1002 quae
1667 959 1758 1003 apud
1789 958 1938 992 Graecos
1969 959 2093 1003 duplex
2125 965 2182 1002 est,

234 1019 270 1047 ut
296 1013 507 1045 Mezentius.-
535 1016 590 1044 aut
617 1022 693 1044 cum
720 1011 837 1043 desinit
862 1011 895 1043 in
923 1016 1175 1053 consonantem,
1211 1015 1243 1043 et
1271 1011 1433 1054 excipitur
1460 1023 1479 1043 a
1504 1011 1676 1044 vocalibus
1704 1011 1782 1044 loco
1810 1011 2062 1043 consonantium
2088 1012 2183 1055 posi-

234 1066 295 1104 tis,
319 1076 342 1097 u
368 1064 420 1097 vel
448 1064 476 1103 ἰ,
504 1068 539 1095 ut
566 1073 667 1106 arva,
694 1063 842 1095 cnliavo:
869 1067 925 1095 aut
953 1073 1028 1095 cum
1056 1067 1211 1105 correpta
1237 1063 1360 1095 vocalis
1388 1063 1420 1094 in
1447 1063 1600 1096 vocalem
1627 1062 1745 1095 desinit
1777 1063 1854 1096 loco
1882 1063 2090 1095 consonantis
2116 1073 2183 1107 po-

234 1117 348 1158 sitam,
376 1110 624 1159 excipiturquefl
651 1126 670 1146 a
696 1114 806 1147 vocali
832 1115 909 1148 loco
937 1110 1163 1148 consonantis-⁹
1189 1114 1319 1158 posita,
1347 1119 1382 1148 ut

460 1182 593 1216 Maiior
621 1183 701 1228 agit
727 1179 859 1224 deus¹⁰‚

235 1241 282 1268 et:

467 1284 653 1330 Troiiaque
678 1296 768 1318 nunc
794 1289 929 1322 star083

233 1356 279 1387 sic
307 1354 393 1387 enim
419 1354 479 1387 ista
505 1354 601 1387 scribi
627 1365 689 1398 per
717 1348 950 1399 geminata1n¹¹
982 1352 994 1384 ἱ
1020 1352 1115 1385 metri
1142 1352 1225 1384 ratio
1253 1351 1423 1396 deposcit:
1459 1356 1514 1384 aut
1547 1362 1622 1385 cum
1656 1351 1773 1383 desinit
1808 1355 1964 1395 correpta
1996 1350 2121 1384 vocalis
2149 1350 2183 1382 in

235 1410 486 1445 consonantem,
513 1406 546 1438 in
572 1417 638 1449 qua
665 1417 742 1450 pars
766 1405 921 1439 orationis
949 1404 1075 1437 finitur:
1110 1409 1165 1436 aut
1200 1414 1276 1437 cum
1309 1409 1465 1447 correpta
1499 1403 1621 1436 vocalis
1655 1403 1726 1447 ipsa
1752 1414 1814 1446 per
1840 1414 1874 1436 se
1900 1406 2030 1447 partem
2058 1401 2184 1435 oratio-

238 1457 285 1490 nis
312 1456 506 1501 impleverit.

1087 1555 1152 1588 De
1187 1554 1335 1589 Terbo.

404 1634 462 1668 20.
516 1634 666 1675 Qualitas
702 1633 882 1666 verborum
913 1637 977 1671 est,
1017 1643 1082 1675 qua
1111 1632 1295 1675 quaeritur,
1321 1631 1450 1664 finitum
1480 1632 1519 1664 sit
1551 1632 1707 1671 verbum,
1743 1642 1784 1663 an
1816 1630 1987 1663 infinitum.
2041 1630 2186 1662 Finitum

240 1686 378 1718 verbum
405 1691 469 1725 est,
496 1686 589 1729 quod
616 1681 749 1717 habet¹²
777 1688 903 1717 certum
929 1695 1119 1723 numerum,
1146 1688 1277 1727 tempus
1306 1689 1452 1723 certum,
1480 1688 1672 1725 certamque
1699 1694 1895 1726 personam,
1922 1686 1959 1714 ut
1979 1682 2073 1726 leg0‚
2101 1681 2184 1714 scri-

237 1737 293 1771 bo,
322 1737 504 1777 Infinitum,
531 1737 623 1780 quod
650 1737 732 1768 nihil
757 1735 879 1767 horum
907 1741 1035 1768 certum
1062 1735 1180 1773 habet,
1208 1740 1243 1767 ut
1270 1735 1401 1779 legere,
1430 1736 1589 1771 scribere3
1616 1735 1702 1767 h'aec
1729 1735 1817 1766 enim
1845 1734 1996 1766 omnibus
2025 1733 2184 1774 numeris,

240 1784 489 1830 temporibusffl,
515 1788 680 1831 personis,
707 1787 831 1820 incerta
858 1792 940 1820 sunt.
993 1786 1125 1819 Genera
1151 1786 1328 1818 verborum
1355 1790 1427 1818 sunt
1453 1787 1615 1829 quinque:
1645 1781 1830 1825 activun1¹⁴,
1857 1785 2033 1828 passivum,
2051 1782 2184 1829 [1947]

241 1843 412 1878 neutrum,
440 1849 634 1879 commune,
662 1838 843 1881 deponens,
896 1837 1050 1871 Activum
1078 1843 1142 1875 est,
1170 1837 1263 1881 quod
1290 1848 1310 1869 o
1336 1837 1429 1869 litera
1452 1838 1653 1877 terminatur,
1681 1841 1713 1869 et
1739 1841 1881 1879 accepta
1906 1846 1926 1867 r
1952 1835 2048 1867 litera
2059 1831 2082 1851 ¹⁵
2108 1834 2189 1868 facit:

243 1900 282 1921 ex
309 1900 342 1922 se
368 1889 544 1933 passivum,
568 1894 603 1923 ut
629 1889 720 1934 lego,
745 1890 852 1935 legor.
903 1889 1074 1922 Passivum
1101 1893 1149 1922 est
1159 1885 1192 1930 ¹⁶,
1220 1888 1312 1932 quod
1339 1899 1359 1920 r
1385 1889 1480 1921 litera
1503 1889 1715 1929 terminatur,
1749 1892 1781 1920 et
1807 1887 1960 1931 deposita
1983 1898 2022 1919 ea
2049 1886 2134 1919 redit
2155 1886 2188 1918 in

245 2039 302 2061 tem
320 2032 391 2060 illae
414 2032 461 2061 Pe.
484 2032 601 2061 Putsch.
624 2048 666 2054 —-
689 2035 717 2069 1)
740 2032 827 2060 Allec
851 2033 905 2060 Go.
929 2048 971 2054 -
992 2036 1020 2067 2)
1045 2033 1093 2061 Sic
1116 2038 1197 2062 recte

1239 2033 1345 2062 omissa
1367 2031 1595 2071 praepositione.
1618 2033 1778 2070 Ercipitur
1802 2042 1917 2070 aequae
1945 2041 1964 2058 α
1985 2040 2047 2061 voc.
2071 2029 2125 2059 Go.
2146 2043 2188 2050 -

246 2076 294 2104 Pe.
317 2072 386 2104 Ἀπὸ
401 2071 576 2112 συλλήψεως
600 2074 717 2104 Putsch.
743 2075 775 2103 ln
806 2075 878 2102 Cod.
901 2075 954 2105 Co.
978 2085 1038 2103 esse
1061 2076 1196 2105 videtur:

1239 2075 1269 2113 9)
1294 2075 1494 2103 Consmzmzlis
1523 2075 1585 2102 loco
1610 2075 1657 2106 Pe,
1689 2073 1809 2103 Putscb.
1840 2090 1880 2095 --
1912 2072 1957 2113 10)
1983 2074 2097 2101 Jlaa'c'or
2120 2073 2188 2109 egit

247 2115 319 2147 ἀπὸ
345 2119 412 2146 τοῦ
441 2119 650 2155 συλλεμση,
687 2118 765 2154 quod
791 2117 910 2145 videtur
935 2127 1025 2154 prave
1051 2118 1197 2156 scriptum

247 2169 302 2198 pro
321 2157 546 2197 συλλαμβάνειν.
570 2175 609 2180 -
639 2158 669 2195 3)
694 2159 736 2186 Ita
761 2159 832 2188 Cod.
854 2159 907 2186 Go.
930 2163 957 2186 et
975 2160 1092 2190 Putsch.
1114 2162 1197 2188 Lite-

250 2212 354 2229 rnrzcm
371 2200 519 2239 quaedum
543 2202 690 2238 conceptio
717 2202 764 2228 Pe.
782 2201 834 2229 His
859 2200 1009 2237 subiungit
1027 2203 1146 2231 Putseh.
1171 2209 1197 2231 et

251 2246 342 2282 qua-si
360 2243 550 2282 ceciszctrzlm'o,
582 2253 656 2281 quae
676 2243 883 2280 interpolatori
913 2242 1064 2273 debentur.
1096 2262 1137 2266 —
1166 2246 1196 2282 4)

249 2287 317 2314 Aut
347 2288 424 2314 enim
453 2286 551 2314 bret-es
578 2291 650 2312 sunt
679 2285 720 2312 sic
751 2287 804 2313 (ἑο.
833 2287 910 2313 Sunt
933 2287 1010 2312 enim
1032 2286 1127 2313 breves
1150 2288 1197 2318 Pe,

251 2328 373 2358 Putsch.
401 2345 442 2351 --
471 2327 501 2368 5)
526 2328 560 2356 [η
589 2328 669 2355 brevi
695 2328 814 2364 {illalnz
841 2333 974 2364 tempora(
1004 2334 1075 2364 quot
1104 2330 1197 2357 sunl?

251 2382 347 2399 unum
374 2371 444 2399 Cod.
469 2372 522 2398 Go.
540 2386 581 2391 —
603 2372 630 2404 6)
661 2370 697 2397 UA
720 2371 773 2397 ait
797 2380 812 2396 ο
837 2370 905 2396 Dea
928 2369 980 2397 Go.
1012 2386 1050 2391 -—
1073 2373 1099 2403 7)
1124 2373 1198 2398 Dn-

249 2415 356 2451 plz'cem
374 2414 493 2441 literam
516 2413 565 2442 Pe.
581 2411 700 2441 Putsch.
725 2429 761 2434 -
786 2412 815 2449 ὃ)
826 2412 1024 2449 Emptam-qne
1038 2413 1134 2440 vocali
1152 2414 1197 2443 Pe.

1240 2124 1267 2145 et
1284 2123 1324 2145 est
1346 2117 1547 2155 Troiaquacc
1570 2118 1623 2145 Go.
1645 2118 1760 2145 All-clim·
1782 2119 1855 2153 agit
1877 2122 1903 2143 et
1927 2121 1968 2143 (st
1992 2116 2086 2144 Troia
2113 2124 2188 2152 quae

1240 2161 1288 2189 Pe.
1311 2160 1486 2188 Emendavit
1504 2159 1621 2189 Putsch.
1648 2161 1742 2187 Locus
1764 2159 1841 2196 Vin-g.
1869 2164 1912 2186 est
1931 2159 2001 2186 Aen.
2024 2157 2090 2192 ΧΠ,
2113 2158 2186 2187 429.

1241 2207 1267 2230 et
1294 2203 1362 2232 Aen.
1384 2203 1420 2238 ll,
1445 2203 1495 2233 56.
1510 2218 1552 2224 —-
1576 2201 1620 2241 11)
1646 2204 1785 2230 Gcminat
1796 2212 1814 2229 ιι
1824 2212 1851 2228 m
1873 2201 1920 2229 Pe.
1937 2198 2057 2228 Putsch.
2078 2213 2120 2221 —
2143 2196 2186 2236 12)

1241 2245 1394 2273 Habueras
1418 2245 1465 2273 Pe.
1492 2244 1611 2275 Putsch.
1633 2261 1674 2266 ——
1698 2245 1743 2281 13)
1768 2244 1829 2272 Hoc
1849 2243 1951 2271 ordine
1967 2243 2019 2270 Go.
2036 2239 2184 2273 Pera—onis,

1243 2286 1426 2325 temporibus
1446 2287 1495 2315 Pe.
1519 2286 1641 2315 Putsch.
1671 2304 1712 2308 —
1742 2285 1785 2324 14)
1815 2286 1889 2314 Male
1918 2285 1949 2312 in
1980 2285 2034 2312 Go.
2061 2282 2183 2314 Activa.

1239 2331 1366 2368 passiva
1379 2352 1386 2366 ,
1410 2336 1526 2365 neutra,
1551 2329 1729 2368 deponentia
1746 2334 1770 2356 et
1785 2329 1965 2356 communia.
1988 2340 2023 2347 -ό
2049 2323 2091 2360 15)
2112 2321 2184 2349 VOC-

1243 2373 1331 2400 litem
1348 2373 1470 2401 accessit
1492 2383 1505 2400 c
1526 2373 1579 2400 Go.
1606 2389 1641 2393 -
1668 2370 1712 2411 16)
1736 2372 1868 2399 Passim
1885 2374 1954 2397 sunt
1968 2376 2043 2405 quae
2063 2379 2104 2386 —
2123 2369 2186 2391 ter-

1243 2416 1399 2442 minantur
1422 2431 1458 2437 —
1481 2414 1602 2443 rcdizmt
1629 2416 1660 2443 in
1693 2415 1795 2442 activa
1825 2412 1896 2443 Cud.
1928 2412 1981 2438 Go.
2006 2407 2074 2435 licet
2100 2409 2186 2434 antea
