<?xml version="1.0" encoding="UTF-8"?>
<!DOCTYPE html PUBLIC "-//W3C//DTD XHTML 1.0 Transitional//EN"
    "http://www.w3.org/TR/xhtml1/DTD/xhtml1-transitional.dtd">
<html xmlns="http://www.w3.org/1999/xhtml" xml:lang="en" lang="en">
 <head>
  <title>
</title>
<meta http-equiv="Content-Type" content="text/html;charset=utf-8" />
  <meta name='ocr-system' content='tesseract 3.04.00' />
  <meta name='ocr-capabilities' content='ocr_page ocr_carea ocr_par ocr_line ocrx_word'/>
</head>
<body>
  <div class='ocr_page' id='page_1' title='image "./corpusgrammatico01linduoft_0699.png"; bbox 0 0 2263 2668; ppageno 0'>
   <div class='ocr_carea' id='block_1_1' title="bbox 430 127 1881 166">
    <p class='ocr_par' dir='ltr' id='par_1_1' title="bbox 430 127 1881 166">
     <span class='ocr_line' id='line_1_1' title="bbox 430 127 1881 166; baseline -0.001 -1"><span class='ocrx_word' id='word_1_1' title='bbox 430 131 494 165; x_wconf 89' lang='lat' dir='ltr'>DE</span> <span class='ocrx_word' id='word_1_2' title='bbox 520 130 793 166; x_wconf 89' lang='lat' dir='ltr'>VERBORUM</span> <span class='ocrx_word' id='word_1_3' title='bbox 819 127 1209 166; x_wconf 84' lang='lat' dir='ltr'>SIGNIFICATIONE</span> <span class='ocrx_word' id='word_1_4' title='bbox 1240 129 1555 166; x_wconf 85' lang='lat' dir='ltr'><strong>FRAGMENTA.</strong></span> <span class='ocrx_word' id='word_1_5' title='bbox 1806 129 1881 164; x_wconf 67' lang='lat'>2⁸6⁷</span> 
     </span>
    </p>
   </div>
   <div class='ocr_carea' id='block_1_2' title="bbox 109 223 1882 1813">
    <p class='ocr_par' dir='ltr' id='par_1_2' title="bbox 109 223 1882 940">
     <span class='ocr_line' id='line_1_2' title="bbox 110 223 1881 271; baseline -0.002 -12"><span class='ocrx_word' id='word_1_6' title='bbox 110 226 280 271; x_wconf 86' lang='lat' dir='ltr'>vigorem,</span> <span class='ocrx_word' id='word_1_7' title='bbox 324 224 381 258; x_wconf 88' lang='lat' dir='ltr'>alii</span> <span class='ocrx_word' id='word_1_8' title='bbox 408 230 535 267; x_wconf 85' lang='lat' dir='ltr'>autem,</span> <span class='ocrx_word' id='word_1_9' title='bbox 574 236 661 269; x_wconf 89' lang='lat' dir='ltr'>quae</span> <span class='ocrx_word' id='word_1_10' title='bbox 687 226 795 260; x_wconf 86' lang='lat' dir='ltr'>vincta</span> <span class='ocrx_word' id='word_1_11' title='bbox 822 226 963 259; x_wconf 77' lang='lat' dir='ltr'>ducatur</span> <span class='ocrx_word' id='word_1_12' title='bbox 988 224 1032 257; x_wconf 90' lang='lat' dir='ltr'>ad</span> <span class='ocrx_word' id='word_1_13' title='bbox 1059 224 1178 257; x_wconf 86' lang='lat' dir='ltr'>altare:</span> <span class='ocrx_word' id='word_1_14' title='bbox 1212 229 1268 257; x_wconf 84' lang='lat' dir='ltr'>aut</span> <span class='ocrx_word' id='word_1_15' title='bbox 1293 236 1379 268; x_wconf 89' lang='lat' dir='ltr'>quae</span> <span class='ocrx_word' id='word_1_16' title='bbox 1406 225 1475 258; x_wconf 77' lang='lat' dir='ltr'>ad*</span> <span class='ocrx_word' id='word_1_17' title='bbox 1501 223 1604 257; x_wconf 87' lang='lat' dir='ltr'>hostis</span> <span class='ocrx_word' id='word_1_18' title='bbox 1629 224 1734 257; x_wconf 82' lang='lat' dir='ltr'>victos</span> <span class='ocrx_word' id='word_1_19' title='bbox 1759 223 1881 256; x_wconf 87' lang='lat' dir='ltr'>immo—</span> 
     </span>
     <span class='ocr_line' id='line_1_3' title="bbox 109 275 1882 322; baseline -0.002 -12"><span class='ocrx_word' id='word_1_20' title='bbox 109 278 206 311; x_wconf 91' lang='lat' dir='ltr'>letur.</span> <span class='ocrx_word' id='word_1_21' title='bbox 259 276 479 322; x_wconf 83' lang='lat' dir='ltr'>Vectigal,</span> <span class='ocrx_word' id='word_1_22' title='bbox 524 288 578 310; x_wconf 88' lang='lat' dir='ltr'>aes</span> <span class='ocrx_word' id='word_1_23' title='bbox 605 277 813 321; x_wconf 89' lang='lat' dir='ltr'>appellatur,</span> <span class='ocrx_word' id='word_1_24' title='bbox 855 276 948 321; x_wconf 92' lang='lat' dir='ltr'>quod</span> <span class='ocrx_word' id='word_1_25' title='bbox 975 276 1019 309; x_wconf 94' lang='lat' dir='ltr'>ob</span> <span class='ocrx_word' id='word_1_26' title='bbox 1045 275 1222 317; x_wconf 81' lang='lat' dir='ltr'>tributum,</span> <span class='ocrx_word' id='word_1_27' title='bbox 1268 280 1301 308; x_wconf 90' lang='lat' dir='ltr'>et</span> <span class='ocrx_word' id='word_1_28' title='bbox 1327 276 1547 321; x_wconf 80' lang='lat' dir='ltr'>stipendium,</span> <span class='ocrx_word' id='word_1_29' title='bbox 1582 280 1615 309; x_wconf 92' lang='lat' dir='ltr'>et</span> <span class='ocrx_word' id='word_1_30' title='bbox 1640 279 1811 318; x_wconf 80' lang='lat' dir='ltr'>equestre,</span> <span class='ocrx_word' id='word_1_31' title='bbox 1848 279 1882 308; x_wconf 89' lang='lat' dir='ltr'>et</span> 
     </span>
     <span class='ocr_line' id='line_1_4' title="bbox 110 326 1880 373; baseline -0.001 -11"><span class='ocrx_word' id='word_1_32' title='bbox 110 328 313 362; x_wconf 89' lang='lat' dir='ltr'>ordinarium</span> <span class='ocrx_word' id='word_1_33' title='bbox 345 328 478 373; x_wconf 92' lang='lat' dir='ltr'>populo</span> <span class='ocrx_word' id='word_1_34' title='bbox 512 328 662 362; x_wconf 89' lang='lat' dir='ltr'>debetur.</span> <span class='ocrx_word' id='word_1_35' title='bbox 724 329 823 363; x_wconf 85' lang='lat' dir='ltr'>Viae</span> <span class='ocrx_word' id='word_1_36' title='bbox 856 333 929 362; x_wconf 90' lang='lat' dir='ltr'>sunt</span> <span class='ocrx_word' id='word_1_37' title='bbox 961 332 994 360; x_wconf 92' lang='lat' dir='ltr'>et</span> <span class='ocrx_word' id='word_1_38' title='bbox 1024 327 1197 371; x_wconf 90' lang='lat' dir='ltr'>publicae,</span> <span class='ocrx_word' id='word_1_39' title='bbox 1240 328 1326 371; x_wconf 87' lang='lat' dir='ltr'>per*</span> <span class='ocrx_word' id='word_1_40' title='bbox 1376 353 1384 360; x_wconf 88' lang='lat'><strong>.</strong></span> <span class='ocrx_word' id='word_1_41' title='bbox 1437 353 1444 361; x_wconf 89' lang='lat'><strong>.</strong></span> <span class='ocrx_word' id='word_1_42' title='bbox 1560 339 1579 361; x_wconf 93' lang='lat' dir='ltr'>e</span> <span class='ocrx_word' id='word_1_43' title='bbox 1604 326 1758 360; x_wconf 85' lang='lat' dir='ltr'>omnibus</span> <span class='ocrx_word' id='word_1_44' title='bbox 1790 326 1880 360; x_wconf 88' lang='lat' dir='ltr'>licet.</span> 
     </span>
     <span class='ocr_line' id='line_1_5' title="bbox 109 379 1882 426; baseline 0 -13"><span class='ocrx_word' id='word_1_45' title='bbox 109 381 279 426; x_wconf 84' lang='lat' dir='ltr'>privatae,</span> <span class='ocrx_word' id='word_1_46' title='bbox 314 380 431 423; x_wconf 87' lang='lat' dir='ltr'>quibus</span> <span class='ocrx_word' id='word_1_47' title='bbox 457 380 594 413; x_wconf 88' lang='lat' dir='ltr'>vetitum</span> <span class='ocrx_word' id='word_1_48' title='bbox 620 380 668 413; x_wconf 91' lang='lat' dir='ltr'>uti</span> <span class='ocrx_word' id='word_1_49' title='bbox 719 406 726 413; x_wconf 91' lang='lat'><strong>.</strong></span> <span class='ocrx_word' id='word_1_50' title='bbox 779 405 786 413; x_wconf 88' lang='lat'>.</span> <span class='ocrx_word' id='word_1_51' title='bbox 839 406 848 414; x_wconf 91' lang='lat'><strong>.</strong></span> <span class='ocrx_word' id='word_1_52' title='bbox 900 384 1033 424; x_wconf 89' lang='lat' dir='ltr'>praeter</span> <span class='ocrx_word' id='word_1_53' title='bbox 1059 389 1194 419; x_wconf 89' lang='lat' dir='ltr'>eorum,</span> <span class='ocrx_word' id='word_1_54' title='bbox 1220 389 1364 421; x_wconf 86' lang='lat' dir='ltr'>quorum</span> <span class='ocrx_word' id='word_1_55' title='bbox 1390 384 1463 412; x_wconf 88' lang='lat' dir='ltr'>sunt</span> <span class='ocrx_word' id='word_1_56' title='bbox 1488 379 1637 424; x_wconf 81' lang='lat' dir='ltr'>privatae</span> <span class='ocrx_word' id='word_1_57' title='bbox 1690 403 1698 411; x_wconf 87' lang='lat'><em>.</em></span> <span class='ocrx_word' id='word_1_58' title='bbox 1751 402 1759 409; x_wconf 95' lang='lat'>.</span> <span class='ocrx_word' id='word_1_59' title='bbox 1811 403 1818 410; x_wconf 86' lang='lat'><em>.</em></span> <span class='ocrx_word' id='word_1_60' title='bbox 1874 405 1882 413; x_wconf 89' lang='lat'><strong>.</strong></span> 
     </span>
     <span class='ocr_line' id='line_1_6' title="bbox 109 428 1881 476; baseline -0.002 -11"><span class='ocrx_word' id='word_1_61' title='bbox 109 433 179 465; x_wconf 70' lang='lat' dir='ltr'>vias</span> <span class='ocrx_word' id='word_1_62' title='bbox 205 432 389 467; x_wconf 82' lang='lat' dir='ltr'>muniunto.</span> <span class='ocrx_word' id='word_1_63' title='bbox 416 430 577 464; x_wconf 83' lang='lat' dir='ltr'>dionisam</span> <span class='ocrx_word' id='word_1_64' title='bbox 603 431 734 476; x_wconf 89' lang='lat' dir='ltr'>lapides</span> <span class='ocrx_word' id='word_1_65' title='bbox 760 436 850 474; x_wconf 86' lang='lat' dir='ltr'>sunt,</span> <span class='ocrx_word' id='word_1_66' title='bbox 877 443 943 474; x_wconf 91' lang='lat' dir='ltr'>qua</span> <span class='ocrx_word' id='word_1_67' title='bbox 967 430 1076 472; x_wconf 88' lang='lat' dir='ltr'>volet,</span> <span class='ocrx_word' id='word_1_68' title='bbox 1102 429 1247 462; x_wconf 86' lang='lat' dir='ltr'>iumenta</span> <span class='ocrx_word' id='word_1_69' title='bbox 1273 430 1378 475; x_wconf 84' lang='lat' dir='ltr'>agito.</span> <span class='ocrx_word' id='word_1_70' title='bbox 1432 430 1629 464; x_wconf 83' lang='lat' dir='ltr'>Viatores</span> <span class='ocrx_word' id='word_1_71' title='bbox 1655 428 1881 474; x_wconf 85' lang='lat' dir='ltr'>appellantur,</span> 
     </span>
     <span class='ocr_line' id='line_1_7' title="bbox 110 481 1882 528; baseline -0.002 -12"><span class='ocrx_word' id='word_1_72' title='bbox 110 484 167 528; x_wconf 90' lang='lat' dir='ltr'>qui</span> <span class='ocrx_word' id='word_1_73' title='bbox 191 483 434 528; x_wconf 84' lang='lat' dir='ltr'>magistratibus</span> <span class='ocrx_word' id='word_1_74' title='bbox 461 488 633 527; x_wconf 83' lang='lat' dir='ltr'>apparent.</span> <span class='ocrx_word' id='word_1_75' title='bbox 661 495 702 519; x_wconf 86' lang='lat' dir='ltr'>eo</span> <span class='ocrx_word' id='word_1_76' title='bbox 728 483 804 527; x_wconf 88' lang='lat' dir='ltr'>quia</span> <span class='ocrx_word' id='word_1_77' title='bbox 830 483 920 515; x_wconf 91' lang='lat' dir='ltr'>initio</span> <span class='ocrx_word' id='word_1_78' title='bbox 948 481 1095 515; x_wconf 88' lang='lat' dir='ltr'>omnium</span> <span class='ocrx_word' id='word_1_79' title='bbox 1121 481 1286 524; x_wconf 89' lang='lat' dir='ltr'>tribuum,</span> <span class='ocrx_word' id='word_1_80' title='bbox 1318 492 1395 516; x_wconf 89' lang='lat' dir='ltr'>cum</span> <span class='ocrx_word' id='word_1_81' title='bbox 1422 482 1495 527; x_wconf 87' lang='lat' dir='ltr'>agri</span> <span class='ocrx_word' id='word_1_82' title='bbox 1519 482 1552 514; x_wconf 89' lang='lat' dir='ltr'>in</span> <span class='ocrx_word' id='word_1_83' title='bbox 1575 481 1765 526; x_wconf 88' lang='lat' dir='ltr'>propinquo</span> <span class='ocrx_word' id='word_1_84' title='bbox 1788 484 1882 513; x_wconf 74' lang='lat' dir='ltr'>erant</span> 
     </span>
     <span class='ocr_line' id='line_1_8' title="bbox 110 531 1880 578; baseline -0.002 -10"><span class='ocrx_word' id='word_1_85' title='bbox 110 535 217 575; x_wconf 90' lang='lat' dir='ltr'>urbis,</span> <span class='ocrx_word' id='word_1_86' title='bbox 248 539 347 578; x_wconf 90' lang='lat' dir='ltr'>atque</span> <span class='ocrx_word' id='word_1_87' title='bbox 373 534 502 567; x_wconf 84' lang='lat' dir='ltr'>assidue</span> <span class='ocrx_word' id='word_1_88' title='bbox 528 534 680 567; x_wconf 87' lang='lat' dir='ltr'>homines</span> <span class='ocrx_word' id='word_1_89' title='bbox 705 535 962 575; x_wconf 81' lang='lat' dir='ltr'>rusticabantur,</span> <span class='ocrx_word' id='word_1_90' title='bbox 990 533 1137 567; x_wconf 87' lang='lat' dir='ltr'>crebrior</span> <span class='ocrx_word' id='word_1_91' title='bbox 1158 543 1262 577; x_wconf 90' lang='lat' dir='ltr'>opera</span> <span class='ocrx_word' id='word_1_92' title='bbox 1281 544 1398 566; x_wconf 89' lang='lat' dir='ltr'>eorum</span> <span class='ocrx_word' id='word_1_93' title='bbox 1420 537 1490 566; x_wconf 90' lang='lat' dir='ltr'>erat</span> <span class='ocrx_word' id='word_1_94' title='bbox 1511 533 1544 566; x_wconf 89' lang='lat' dir='ltr'>in</span> <span class='ocrx_word' id='word_1_95' title='bbox 1565 533 1635 573; x_wconf 89' lang='lat' dir='ltr'>via,</span> <span class='ocrx_word' id='word_1_96' title='bbox 1662 543 1764 576; x_wconf 83' lang='lat' dir='ltr'>quarn</span> <span class='ocrx_word' id='word_1_97' title='bbox 1785 531 1880 572; x_wconf 90' lang='lat' dir='ltr'>urbe,</span> 
     </span>
     <span class='ocr_line' id='line_1_9' title="bbox 110 582 1880 630; baseline -0.003 -11"><span class='ocrx_word' id='word_1_98' title='bbox 110 587 201 630; x_wconf 88' lang='lat' dir='ltr'>quod</span> <span class='ocrx_word' id='word_1_99' title='bbox 232 597 272 619; x_wconf 88' lang='lat' dir='ltr'>ex</span> <span class='ocrx_word' id='word_1_100' title='bbox 298 585 385 630; x_wconf 84' lang='lat' dir='ltr'>agris</span> <span class='ocrx_word' id='word_1_101' title='bbox 417 586 614 630; x_wconf 90' lang='lat' dir='ltr'>plerumque</span> <span class='ocrx_word' id='word_1_102' title='bbox 646 586 799 619; x_wconf 88' lang='lat' dir='ltr'>homines</span> <span class='ocrx_word' id='word_1_103' title='bbox 832 586 1034 619; x_wconf 90' lang='lat' dir='ltr'>vocabantur</span> <span class='ocrx_word' id='word_1_104' title='bbox 1061 596 1080 617; x_wconf 89' lang='lat' dir='ltr'>a</span> <span class='ocrx_word' id='word_1_105' title='bbox 1107 584 1359 629; x_wconf 69' lang='lat' dir='ltr'>magistratibus</span> <span class='ocrx_word' id='word_1_106' title='bbox 1416 584 1679 625; x_wconf 89' lang='lat' dir='ltr'>Verticulas,</span> <span class='ocrx_word' id='word_1_107' title='bbox 1725 594 1801 617; x_wconf 90' lang='lat' dir='ltr'>cum</span> <span class='ocrx_word' id='word_1_108' title='bbox 1834 582 1880 615; x_wconf 81' lang='lat' dir='ltr'>ait</span> 
     </span>
     <span class='ocr_line' id='line_1_10' title="bbox 110 633 1879 682; baseline -0.002 -12"><span class='ocrx_word' id='word_1_109' title='bbox 110 638 276 679; x_wconf 79' lang='lat' dir='ltr'>Lucilius,</span> <span class='ocrx_word' id='word_1_110' title='bbox 312 638 357 670; x_wconf 87' lang='lat' dir='ltr'>ita</span> <span class='ocrx_word' id='word_1_111' title='bbox 384 637 567 682; x_wconf 84' lang='lat' dir='ltr'>appellavit</span> <span class='ocrx_word' id='word_1_112' title='bbox 592 639 769 673; x_wconf 78' lang='lat' dir='ltr'>vertebras,</span> <span class='ocrx_word' id='word_1_113' title='bbox 822 637 1006 679; x_wconf 84' lang='lat' dir='ltr'>Vernae,</span> <span class='ocrx_word' id='word_1_114' title='bbox 1041 636 1098 679; x_wconf 91' lang='lat' dir='ltr'>qui</span> <span class='ocrx_word' id='word_1_115' title='bbox 1123 636 1156 668; x_wconf 88' lang='lat' dir='ltr'>in</span> <span class='ocrx_word' id='word_1_116' title='bbox 1183 636 1268 668; x_wconf 90' lang='lat' dir='ltr'>villis</span> <span class='ocrx_word' id='word_1_117' title='bbox 1293 647 1371 669; x_wconf 91' lang='lat' dir='ltr'>vere</span> <span class='ocrx_word' id='word_1_118' title='bbox 1397 636 1479 676; x_wconf 91' lang='lat' dir='ltr'>nati,</span> <span class='ocrx_word' id='word_1_119' title='bbox 1515 636 1608 679; x_wconf 92' lang='lat' dir='ltr'>quod</span> <span class='ocrx_word' id='word_1_120' title='bbox 1634 640 1766 679; x_wconf 87' lang='lat' dir='ltr'>tempus</span> <span class='ocrx_word' id='word_1_121' title='bbox 1792 633 1879 667; x_wconf 87' lang='lat' dir='ltr'>duce</span> 
     </span>
     <span class='ocr_line' id='line_1_11' title="bbox 110 687 1879 732; baseline -0.002 -11"><span class='ocrx_word' id='word_1_122' title='bbox 110 693 226 722; x_wconf 87' lang='lat' dir='ltr'>natura</span> <span class='ocrx_word' id='word_1_123' title='bbox 259 688 388 722; x_wconf 85' lang='lat' dir='ltr'>feturae</span> <span class='ocrx_word' id='word_1_124' title='bbox 422 693 484 721; x_wconf 88' lang='lat' dir='ltr'>est:</span> <span class='ocrx_word' id='word_1_125' title='bbox 529 694 561 721; x_wconf 89' lang='lat' dir='ltr'>et</span> <span class='ocrx_word' id='word_1_126' title='bbox 586 694 665 723; x_wconf 85' lang='lat' dir='ltr'>tunc</span> <span class='ocrx_word' id='word_1_127' title='bbox 691 701 761 722; x_wconf 89' lang='lat' dir='ltr'>rem</span> <span class='ocrx_word' id='word_1_128' title='bbox 789 689 932 722; x_wconf 87' lang='lat' dir='ltr'>divinam</span> <span class='ocrx_word' id='word_1_129' title='bbox 959 687 1128 721; x_wconf 88' lang='lat' dir='ltr'>instituerit</span> <span class='ocrx_word' id='word_1_130' title='bbox 1150 687 1254 720; x_wconf 83' lang='lat' dir='ltr'>Marti</span> <span class='ocrx_word' id='word_1_131' title='bbox 1272 688 1382 721; x_wconf 85' lang='lat' dir='ltr'>Numa</span> <span class='ocrx_word' id='word_1_132' title='bbox 1403 687 1589 732; x_wconf 84' lang='lat' dir='ltr'>Pompilius</span> <span class='ocrx_word' id='word_1_133' title='bbox 1614 687 1709 732; x_wconf 86' lang='lat' dir='ltr'>pacis</span> <span class='ocrx_word' id='word_1_134' title='bbox 1736 695 1879 720; x_wconf 89' lang='lat' dir='ltr'>concor-</span> 
     </span>
     <span class='ocr_line' id='line_1_12' title="bbox 111 738 1878 785; baseline -0.001 -13"><span class='ocrx_word' id='word_1_135' title='bbox 111 740 228 773; x_wconf 88' lang='lat' dir='ltr'>diaeve</span> <span class='ocrx_word' id='word_1_136' title='bbox 254 739 457 773; x_wconf 88' lang='lat' dir='ltr'>obtinendae</span> <span class='ocrx_word' id='word_1_137' title='bbox 483 740 608 785; x_wconf 87' lang='lat' dir='ltr'>gratia,</span> <span class='ocrx_word' id='word_1_138' title='bbox 653 741 737 774; x_wconf 85' lang='lat' dir='ltr'>inter</span> <span class='ocrx_word' id='word_1_139' title='bbox 760 741 900 774; x_wconf 87' lang='lat' dir='ltr'>Sabinos</span> <span class='ocrx_word' id='word_1_140' title='bbox 921 741 1176 783; x_wconf 89' lang='lat' dir='ltr'>Romanosque,</span> <span class='ocrx_word' id='word_1_141' title='bbox 1220 744 1256 772; x_wconf 92' lang='lat' dir='ltr'>ut</span> <span class='ocrx_word' id='word_1_142' title='bbox 1282 750 1402 772; x_wconf 86' lang='lat' dir='ltr'>vernae</span> <span class='ocrx_word' id='word_1_143' title='bbox 1427 739 1590 780; x_wconf 84' lang='lat' dir='ltr'>viverent,</span> <span class='ocrx_word' id='word_1_144' title='bbox 1633 750 1675 772; x_wconf 90' lang='lat' dir='ltr'>ne</span> <span class='ocrx_word' id='word_1_145' title='bbox 1700 738 1878 772; x_wconf 87' lang='lat' dir='ltr'>vincerent.</span> 
     </span>
     <span class='ocr_line' id='line_1_13' title="bbox 110 787 1880 836; baseline -0.003 -11"><span class='ocrx_word' id='word_1_146' title='bbox 110 792 282 825; x_wconf 82' lang='lat' dir='ltr'>Romanos</span> <span class='ocrx_word' id='word_1_147' title='bbox 308 792 396 824; x_wconf 90' lang='lat' dir='ltr'>enim</span> <span class='ocrx_word' id='word_1_148' title='bbox 422 802 537 825; x_wconf 83' lang='lat' dir='ltr'>vernas</span> <span class='ocrx_word' id='word_1_149' title='bbox 564 793 800 836; x_wconf 76' lang='lat' dir='ltr'>appellabant,</span> <span class='ocrx_word' id='word_1_150' title='bbox 843 792 878 824; x_wconf 90' lang='lat' dir='ltr'>id</span> <span class='ocrx_word' id='word_1_151' title='bbox 905 796 954 825; x_wconf 89' lang='lat' dir='ltr'>est</span> <span class='ocrx_word' id='word_1_152' title='bbox 978 791 1103 824; x_wconf 90' lang='lat' dir='ltr'>ibidem</span> <span class='ocrx_word' id='word_1_153' title='bbox 1128 795 1241 834; x_wconf 87' lang='lat' dir='ltr'>natos,</span> <span class='ocrx_word' id='word_1_154' title='bbox 1277 801 1362 834; x_wconf 92' lang='lat' dir='ltr'>quos</span> <span class='ocrx_word' id='word_1_155' title='bbox 1387 791 1520 825; x_wconf 88' lang='lat' dir='ltr'>vincere</span> <span class='ocrx_word' id='word_1_156' title='bbox 1545 790 1764 835; x_wconf 89' lang='lat' dir='ltr'>perniciosum</span> <span class='ocrx_word' id='word_1_157' title='bbox 1789 787 1880 821; x_wconf 88' lang='lat' dir='ltr'>arbi—</span> 
     </span>
     <span class='ocr_line' id='line_1_14' title="bbox 110 841 1880 887; baseline -0.002 -12"><span class='ocrx_word' id='word_1_158' title='bbox 110 844 208 876; x_wconf 87' lang='lat' dir='ltr'>trium</span> <span class='ocrx_word' id='word_1_159' title='bbox 232 843 378 883; x_wconf 82' lang='lat' dir='ltr'>Sabinis,</span> <span class='ocrx_word' id='word_1_160' title='bbox 407 843 464 886; x_wconf 93' lang='lat' dir='ltr'>qui</span> <span class='ocrx_word' id='word_1_161' title='bbox 491 844 658 878; x_wconf 87' lang='lat' dir='ltr'>coniuncti</span> <span class='ocrx_word' id='word_1_162' title='bbox 685 849 777 877; x_wconf 90' lang='lat' dir='ltr'>erant</span> <span class='ocrx_word' id='word_1_163' title='bbox 803 855 879 877; x_wconf 90' lang='lat' dir='ltr'>cum</span> <span class='ocrx_word' id='word_1_164' title='bbox 902 844 939 877; x_wconf 87' lang='lat' dir='ltr'>P.</span> <span class='ocrx_word' id='word_1_165' title='bbox 958 844 1002 876; x_wconf 85' lang='lat' dir='ltr'>R.</span> <span class='ocrx_word' id='word_1_166' title='bbox 1055 842 1278 887; x_wconf 87' lang='lat' dir='ltr'>Vergiliae</span> <span class='ocrx_word' id='word_1_167' title='bbox 1304 842 1430 884; x_wconf 88' lang='lat' dir='ltr'>dictae,</span> <span class='ocrx_word' id='word_1_168' title='bbox 1462 841 1555 885; x_wconf 82' lang='lat' dir='ltr'>quod</span> <span class='ocrx_word' id='word_1_169' title='bbox 1583 852 1696 874; x_wconf 89' lang='lat' dir='ltr'>eorum</span> <span class='ocrx_word' id='word_1_170' title='bbox 1723 846 1798 873; x_wconf 88' lang='lat' dir='ltr'>ortu</span> <span class='ocrx_word' id='word_1_171' title='bbox 1823 850 1880 872; x_wconf 88' lang='lat' dir='ltr'>ver</span> 
     </span>
     <span class='ocr_line' id='line_1_15' title="bbox 110 893 1802 940; baseline -0.002 -13"><span class='ocrx_word' id='word_1_172' title='bbox 110 895 236 935; x_wconf 85' lang='lat' dir='ltr'>finitur,</span> <span class='ocrx_word' id='word_1_173' title='bbox 264 900 368 927; x_wconf 88' lang='lat' dir='ltr'>aestas</span> <span class='ocrx_word' id='word_1_174' title='bbox 387 894 512 938; x_wconf 87' lang='lat' dir='ltr'>incipit.</span> <span class='ocrx_word' id='word_1_175' title='bbox 565 895 735 929; x_wconf 83' lang='lat' dir='ltr'>vastum</span> <span class='ocrx_word' id='word_1_176' title='bbox 749 894 782 916; x_wconf 84' lang='lat'>¹⁰</span> <span class='ocrx_word' id='word_1_177' title='bbox 803 906 866 939; x_wconf 93' lang='lat' dir='ltr'>pro</span> <span class='ocrx_word' id='word_1_178' title='bbox 889 906 1058 940; x_wconf 87' lang='lat' dir='ltr'>magnum.</span> <span class='ocrx_word' id='word_1_179' title='bbox 1086 894 1221 939; x_wconf 87' lang='lat' dir='ltr'>ponitur</span> <span class='ocrx_word' id='word_1_180' title='bbox 1241 898 1352 927; x_wconf 87' lang='lat' dir='ltr'>tamen</span> <span class='ocrx_word' id='word_1_181' title='bbox 1376 899 1409 927; x_wconf 87' lang='lat' dir='ltr'>et</span> <span class='ocrx_word' id='word_1_182' title='bbox 1429 905 1492 938; x_wconf 91' lang='lat' dir='ltr'>pro</span> <span class='ocrx_word' id='word_1_183' title='bbox 1514 893 1610 926; x_wconf 84' lang='lat' dir='ltr'>inani.</span> <span class='ocrx_word' id='word_1_184' title='bbox 1663 893 1802 926; x_wconf 83' lang='lat' dir='ltr'>Accius:</span> 
     </span>
    </p>

    <p class='ocr_par' dir='ltr' id='par_1_3' title="bbox 111 945 1270 1046">
     <span class='ocr_line' id='line_1_16' title="bbox 212 945 1270 981; baseline 0.001 -4"><span class='ocrx_word' id='word_1_185' title='bbox 212 946 294 978; x_wconf 89' lang='lat' dir='ltr'>lam</span> <span class='ocrx_word' id='word_1_186' title='bbox 321 945 430 980; x_wconf 89' lang='lat' dir='ltr'>hanc</span> <span class='ocrx_word' id='word_1_187' title='bbox 456 946 600 979; x_wconf 91' lang='lat' dir='ltr'>urbem</span> <span class='ocrx_word' id='word_1_188' title='bbox 626 947 739 980; x_wconf 84' lang='lat' dir='ltr'>ferro</span> <span class='ocrx_word' id='word_1_189' title='bbox 766 952 925 979; x_wconf 84' lang='lat' dir='ltr'>vastam</span> <span class='ocrx_word' id='word_1_190' title='bbox 951 946 1085 981; x_wconf 88' lang='lat' dir='ltr'>faciet</span> <span class='ocrx_word' id='word_1_191' title='bbox 1110 946 1270 979; x_wconf 83' lang='lat' dir='ltr'>Peleus.</span> 
     </span>
     <span class='ocr_line' id='line_1_17' title="bbox 111 993 387 1046; baseline -0.004 -16"><span class='ocrx_word' id='word_1_192' title='bbox 111 1003 143 1030; x_wconf 91' lang='lat' dir='ltr'>et</span> <span class='ocrx_word' id='word_1_193' title='bbox 165 996 343 1030; x_wconf 81' lang='lat' dir='ltr'>Pacuvius:</span> <span class='ocrx_word' id='word_1_194' title='bbox 366 993 387 1046; x_wconf 78' lang='grc' dir='ltr'>Η</span> 
     </span>
    </p>

    <p class='ocr_par' dir='ltr' id='par_1_4' title="bbox 110 1048 1882 1492">
     <span class='ocr_line' id='line_1_18' title="bbox 212 1048 1237 1092; baseline -0.001 -11"><span class='ocrx_word' id='word_1_195' title='bbox 212 1048 388 1091; x_wconf 83' lang='lat' dir='ltr'>Quales,</span> <span class='ocrx_word' id='word_1_196' title='bbox 415 1049 585 1082; x_wconf 87' lang='lat' dir='ltr'>scabres</span> <span class='ocrx_word' id='word_1_197' title='bbox 612 1048 749 1092; x_wconf 74' lang='lat' dir='ltr'>quod*</span> <span class='ocrx_word' id='word_1_198' title='bbox 776 1049 940 1083; x_wconf 83' lang='lat' dir='ltr'>inculta</span> <span class='ocrx_word' id='word_1_199' title='bbox 968 1048 1237 1082; x_wconf 79' lang='lat' dir='ltr'>vastitudine.</span> 
     </span>
     <span class='ocr_line' id='line_1_19' title="bbox 111 1092 1882 1144; baseline -0.003 -12"><span class='ocrx_word' id='word_1_200' title='bbox 111 1099 170 1133; x_wconf 91' lang='lat' dir='ltr'>Ve</span> <span class='ocrx_word' id='word_1_201' title='bbox 202 1097 389 1142; x_wconf 78' lang='lat' dir='ltr'>victisll,</span> <span class='ocrx_word' id='word_1_202' title='bbox 431 1100 464 1133; x_wconf 90' lang='lat' dir='ltr'>in</span> <span class='ocrx_word' id='word_1_203' title='bbox 496 1101 712 1144; x_wconf 91' lang='lat' dir='ltr'>proverbium</span> <span class='ocrx_word' id='word_1_204' title='bbox 745 1102 872 1133; x_wconf 76' lang='lat' dir='ltr'>venisse</span> <span class='ocrx_word' id='word_1_205' title='bbox 905 1101 1124 1141; x_wconf 83' lang='lat' dir='ltr'>existimatur,</span> <span class='ocrx_word' id='word_1_206' title='bbox 1168 1110 1244 1134; x_wconf 76' lang='lat' dir='ltr'>cuin</span> <span class='ocrx_word' id='word_1_207' title='bbox 1266 1099 1377 1131; x_wconf 87' lang='lat' dir='ltr'>Roma</span> <span class='ocrx_word' id='word_1_208' title='bbox 1404 1101 1503 1142; x_wconf 88' lang='lat' dir='ltr'>capta</span> <span class='ocrx_word' id='word_1_209' title='bbox 1523 1107 1543 1129; x_wconf 85' lang='lat' dir='ltr'>a</span> <span class='ocrx_word' id='word_1_210' title='bbox 1565 1095 1750 1129; x_wconf 88' lang='lat' dir='ltr'>Senonibus</span> <span class='ocrx_word' id='word_1_211' title='bbox 1771 1092 1882 1129; x_wconf 85' lang='lat' dir='ltr'>Gallis</span> 
     </span>
     <span class='ocr_line' id='line_1_20' title="bbox 111 1146 1882 1196; baseline -0.003 -13"><span class='ocrx_word' id='word_1_212' title='bbox 111 1162 225 1184; x_wconf 88' lang='lat' dir='ltr'>aurum</span> <span class='ocrx_word' id='word_1_213' title='bbox 261 1162 299 1184; x_wconf 87' lang='lat' dir='ltr'>ex</span> <span class='ocrx_word' id='word_1_214' title='bbox 332 1151 549 1185; x_wconf 89' lang='lat' dir='ltr'>conventione</span> <span class='ocrx_word' id='word_1_215' title='bbox 583 1157 614 1185; x_wconf 90' lang='lat' dir='ltr'>et</span> <span class='ocrx_word' id='word_1_216' title='bbox 645 1157 747 1196; x_wconf 86' lang='lat' dir='ltr'>pacto</span> <span class='ocrx_word' id='word_1_217' title='bbox 782 1152 1046 1196; x_wconf 86' lang='lat' dir='ltr'>adpenderetur,</span> <span class='ocrx_word' id='word_1_218' title='bbox 1091 1157 1126 1185; x_wconf 87' lang='lat' dir='ltr'>ut</span> <span class='ocrx_word' id='word_1_219' title='bbox 1158 1151 1371 1192; x_wconf 85' lang='lat' dir='ltr'>recederent,</span> <span class='ocrx_word' id='word_1_220' title='bbox 1415 1148 1509 1193; x_wconf 89' lang='lat' dir='ltr'>quod</span> <span class='ocrx_word' id='word_1_221' title='bbox 1533 1147 1652 1191; x_wconf 87' lang='lat' dir='ltr'>iniquis</span> <span class='ocrx_word' id='word_1_222' title='bbox 1678 1146 1882 1192; x_wconf 86' lang='lat' dir='ltr'>ponderibus</span> 
     </span>
     <span class='ocr_line' id='line_1_21' title="bbox 112 1197 1882 1247; baseline -0.003 -12"><span class='ocrx_word' id='word_1_223' title='bbox 112 1203 199 1247; x_wconf 84' lang='lat' dir='ltr'>exigi</span> <span class='ocrx_word' id='word_1_224' title='bbox 226 1215 244 1235; x_wconf 90' lang='lat' dir='ltr'>a</span> <span class='ocrx_word' id='word_1_225' title='bbox 270 1203 418 1236; x_wconf 82' lang='lat' dir='ltr'>barbaris</span> <span class='ocrx_word' id='word_1_226' title='bbox 452 1208 609 1246; x_wconf 90' lang='lat' dir='ltr'>querente</span> <span class='ocrx_word' id='word_1_227' title='bbox 639 1204 707 1237; x_wconf 87' lang='grc' dir='ltr'>ΔΡ.</span> <span class='ocrx_word' id='word_1_228' title='bbox 730 1203 893 1245; x_wconf 87' lang='lat' dir='ltr'>Claudio,</span> <span class='ocrx_word' id='word_1_229' title='bbox 935 1204 1086 1237; x_wconf 88' lang='lat' dir='ltr'>Brennus</span> <span class='ocrx_word' id='word_1_230' title='bbox 1116 1215 1173 1236; x_wconf 85' lang='lat' dir='ltr'>rex</span> <span class='ocrx_word' id='word_1_231' title='bbox 1201 1202 1378 1236; x_wconf 85' lang='lat' dir='ltr'>Gallorum</span> <span class='ocrx_word' id='word_1_232' title='bbox 1411 1201 1456 1234; x_wconf 88' lang='lat' dir='ltr'>ad</span> <span class='ocrx_word' id='word_1_233' title='bbox 1481 1199 1634 1245; x_wconf 88' lang='lat' dir='ltr'>pondera</span> <span class='ocrx_word' id='word_1_234' title='bbox 1659 1198 1781 1231; x_wconf 89' lang='lat' dir='ltr'>adiecit</span> <span class='ocrx_word' id='word_1_235' title='bbox 1806 1197 1882 1242; x_wconf 84' lang='lat' dir='ltr'>gla-</span> 
     </span>
     <span class='ocr_line' id='line_1_22' title="bbox 112 1249 1881 1300; baseline -0.003 -14"><span class='ocrx_word' id='word_1_236' title='bbox 112 1254 222 1294; x_wconf 85' lang='lat' dir='ltr'>dium,</span> <span class='ocrx_word' id='word_1_237' title='bbox 260 1258 293 1286; x_wconf 87' lang='lat' dir='ltr'>et</span> <span class='ocrx_word' id='word_1_238' title='bbox 319 1254 417 1287; x_wconf 84' lang='lat' dir='ltr'>dixit:</span> <span class='ocrx_word' id='word_1_239' title='bbox 451 1266 492 1288; x_wconf 90' lang='lat' dir='ltr'>ve</span> <span class='ocrx_word' id='word_1_240' title='bbox 518 1255 620 1289; x_wconf 88' lang='lat' dir='ltr'>victis.</span> <span class='ocrx_word' id='word_1_241' title='bbox 648 1266 748 1298; x_wconf 90' lang='lat' dir='ltr'>quem</span> <span class='ocrx_word' id='word_1_242' title='bbox 775 1260 894 1300; x_wconf 86' lang='lat' dir='ltr'>postea</span> <span class='ocrx_word' id='word_1_243' title='bbox 919 1261 1112 1299; x_wconf 83' lang='lat' dir='ltr'>persecutus</span> <span class='ocrx_word' id='word_1_244' title='bbox 1135 1255 1255 1287; x_wconf 86' lang='lat' dir='ltr'>Furius</span> <span class='ocrx_word' id='word_1_245' title='bbox 1277 1253 1455 1294; x_wconf 89' lang='lat' dir='ltr'>Camillus,</span> <span class='ocrx_word' id='word_1_246' title='bbox 1496 1262 1571 1285; x_wconf 90' lang='lat' dir='ltr'>cum</span> <span class='ocrx_word' id='word_1_247' title='bbox 1594 1250 1714 1284; x_wconf 88' lang='lat' dir='ltr'>insidiis</span> <span class='ocrx_word' id='word_1_248' title='bbox 1738 1249 1881 1283; x_wconf 90' lang='lat' dir='ltr'>circum-</span> 
     </span>
     <span class='ocr_line' id='line_1_23' title="bbox 111 1300 1877 1349; baseline -0.003 -11"><span class='ocrx_word' id='word_1_249' title='bbox 111 1311 243 1338; x_wconf 75' lang='lat' dir='ltr'>ventum</span> <span class='ocrx_word' id='word_1_250' title='bbox 272 1305 481 1347; x_wconf 86' lang='lat' dir='ltr'>concideret,</span> <span class='ocrx_word' id='word_1_251' title='bbox 525 1312 557 1340; x_wconf 88' lang='lat' dir='ltr'>et</span> <span class='ocrx_word' id='word_1_252' title='bbox 583 1311 777 1349; x_wconf 86' lang='lat' dir='ltr'>quereretur</span> <span class='ocrx_word' id='word_1_253' title='bbox 803 1312 918 1340; x_wconf 86' lang='lat' dir='ltr'>contra</span> <span class='ocrx_word' id='word_1_254' title='bbox 945 1307 1064 1340; x_wconf 88' lang='lat' dir='ltr'>foedus</span> <span class='ocrx_word' id='word_1_255' title='bbox 1091 1307 1180 1347; x_wconf 88' lang='lat' dir='ltr'>fieri,</span> <span class='ocrx_word' id='word_1_256' title='bbox 1226 1305 1346 1339; x_wconf 87' lang='lat' dir='ltr'>eadem</span> <span class='ocrx_word' id='word_1_257' title='bbox 1378 1316 1461 1339; x_wconf 89' lang='lat' dir='ltr'>voce</span> <span class='ocrx_word' id='word_1_258' title='bbox 1493 1313 1718 1336; x_wconf 86' lang='lat' dir='ltr'>remunerasse</span> <span class='ocrx_word' id='word_1_259' title='bbox 1749 1300 1877 1333; x_wconf 87' lang='lat' dir='ltr'>dicitur.</span> 
     </span>
     <span class='ocr_line' id='line_1_24' title="bbox 111 1352 1879 1403; baseline -0.003 -14"><span class='ocrx_word' id='word_1_260' title='bbox 111 1356 338 1401; x_wconf 83' lang='lat' dir='ltr'>Vegrande</span> <span class='ocrx_word' id='word_1_261' title='bbox 363 1357 552 1402; x_wconf 84' lang='lat' dir='ltr'>significare</span> <span class='ocrx_word' id='word_1_262' title='bbox 577 1358 631 1390; x_wconf 92' lang='lat' dir='ltr'>alii</span> <span class='ocrx_word' id='word_1_263' title='bbox 657 1358 747 1391; x_wconf 90' lang='lat' dir='ltr'>aiunt</span> <span class='ocrx_word' id='word_1_264' title='bbox 773 1359 861 1391; x_wconf 89' lang='lat' dir='ltr'>male</span> <span class='ocrx_word' id='word_1_265' title='bbox 888 1358 1035 1403; x_wconf 86' lang='lat' dir='ltr'>grande3</span> <span class='ocrx_word' id='word_1_266' title='bbox 1062 1363 1098 1391; x_wconf 89' lang='lat' dir='ltr'>ut</span> <span class='ocrx_word' id='word_1_267' title='bbox 1123 1369 1258 1399; x_wconf 90' lang='lat' dir='ltr'>vecors,</span> <span class='ocrx_word' id='word_1_268' title='bbox 1285 1369 1439 1398; x_wconf 87' lang='lat' dir='ltr'>vesanus,</span> <span class='ocrx_word' id='word_1_269' title='bbox 1467 1355 1544 1388; x_wconf 87' lang='lat' dir='ltr'>mali</span> <span class='ocrx_word' id='word_1_270' title='bbox 1567 1353 1696 1394; x_wconf 88' lang='lat' dir='ltr'>cordis,</span> <span class='ocrx_word' id='word_1_271' title='bbox 1724 1352 1879 1395; x_wconf 89' lang='lat' dir='ltr'>maleque</span> 
     </span>
     <span class='ocr_line' id='line_1_25' title="bbox 110 1402 1881 1455; baseline -0.003 -14"><span class='ocrx_word' id='word_1_272' title='bbox 110 1420 214 1442; x_wconf 84' lang='lat' dir='ltr'>sanus.</span> <span class='ocrx_word' id='word_1_273' title='bbox 242 1408 315 1450; x_wconf 89' lang='lat' dir='ltr'>alii,</span> <span class='ocrx_word' id='word_1_274' title='bbox 342 1419 500 1453; x_wconf 91' lang='lat' dir='ltr'>parvum,</span> <span class='ocrx_word' id='word_1_275' title='bbox 526 1409 705 1452; x_wconf 88' lang='lat' dir='ltr'>minutum,</span> <span class='ocrx_word' id='word_1_276' title='bbox 741 1415 777 1443; x_wconf 89' lang='lat' dir='ltr'>ut</span> <span class='ocrx_word' id='word_1_277' title='bbox 803 1421 905 1454; x_wconf 86' lang='lat' dir='ltr'>quom</span> <span class='ocrx_word' id='word_1_278' title='bbox 933 1410 1090 1451; x_wconf 83' lang='lat' dir='ltr'>dicimus,</span> <span class='ocrx_word' id='word_1_279' title='bbox 1117 1409 1288 1455; x_wconf 86' lang='lat' dir='ltr'>vegrande</span> <span class='ocrx_word' id='word_1_280' title='bbox 1314 1410 1526 1443; x_wconf 84' lang='lat' dir='ltr'>frumentum.</span> <span class='ocrx_word' id='word_1_281' title='bbox 1553 1411 1586 1440; x_wconf 87' lang='lat' dir='ltr'>et</span> <span class='ocrx_word' id='word_1_282' title='bbox 1610 1405 1748 1439; x_wconf 84' lang='lat' dir='ltr'>Plautus</span> <span class='ocrx_word' id='word_1_283' title='bbox 1773 1404 1806 1436; x_wconf 89' lang='lat' dir='ltr'>in</span> <span class='ocrx_word' id='word_1_284' title='bbox 1832 1402 1881 1436; x_wconf 91' lang='lat' dir='ltr'>ci-</span> 
     </span>
     <span class='ocr_line' id='line_1_26' title="bbox 111 1459 271 1492; baseline -0.006 0"><span class='ocrx_word' id='word_1_285' title='bbox 111 1459 271 1492; x_wconf 84' lang='lat' dir='ltr'>stellaria:</span> 
     </span>
    </p>

    <p class='ocr_par' dir='ltr' id='par_1_5' title="bbox 113 1509 1264 1599">
     <span class='ocr_line' id='line_1_27' title="bbox 212 1509 1253 1557; baseline 0 -14"><span class='ocrx_word' id='word_1_286' title='bbox 212 1510 295 1551; x_wconf 76' lang='lat' dir='ltr'>Qui</span> <span class='ocrx_word' id='word_1_287' title='bbox 321 1509 396 1542; x_wconf 87' lang='lat' dir='ltr'>nisi</span> <span class='ocrx_word' id='word_1_288' title='bbox 422 1509 599 1543; x_wconf 81' lang='lat' dir='ltr'>itures¹2</span> <span class='ocrx_word' id='word_1_289' title='bbox 621 1512 792 1545; x_wconf 90' lang='lat' dir='ltr'>nimium</span> <span class='ocrx_word' id='word_1_290' title='bbox 820 1513 852 1545; x_wconf 90' lang='lat' dir='ltr'>is</span> <span class='ocrx_word' id='word_1_291' title='bbox 879 1512 1084 1557; x_wconf 85' lang='lat' dir='ltr'>vegrandi</span> <span class='ocrx_word' id='word_1_292' title='bbox 1109 1511 1253 1556; x_wconf 85' lang='lat' dir='ltr'>gradu.</span> 
     </span>
     <span class='ocr_line' id='line_1_28' title="bbox 113 1559 1264 1599; baseline 0 -4"><span class='ocrx_word' id='word_1_293' title='bbox 113 1559 312 1595; x_wconf 79' lang='lat' dir='ltr'>Vecors13</span> <span class='ocrx_word' id='word_1_294' title='bbox 336 1566 384 1594; x_wconf 80' lang='lat' dir='ltr'>est</span> <span class='ocrx_word' id='word_1_295' title='bbox 409 1562 531 1595; x_wconf 85' lang='lat' dir='ltr'>turbati</span> <span class='ocrx_word' id='word_1_296' title='bbox 557 1568 590 1596; x_wconf 87' lang='lat' dir='ltr'>et</span> <span class='ocrx_word' id='word_1_297' title='bbox 616 1564 692 1596; x_wconf 88' lang='lat' dir='ltr'>mali</span> <span class='ocrx_word' id='word_1_298' title='bbox 720 1563 839 1599; x_wconf 81' lang='lat' dir='ltr'>cordis.</span> <span class='ocrx_word' id='word_1_299' title='bbox 893 1563 1055 1597; x_wconf 87' lang='lat' dir='ltr'>Pacuvius</span> <span class='ocrx_word' id='word_1_300' title='bbox 1082 1564 1114 1596; x_wconf 90' lang='lat' dir='ltr'>in</span> <span class='ocrx_word' id='word_1_301' title='bbox 1140 1563 1264 1596; x_wconf 83' lang='lat' dir='ltr'>Iliona:</span> 
     </span>
    </p>

    <p class='ocr_par' dir='ltr' id='par_1_6' title="bbox 115 1612 1340 1699">
     <span class='ocr_line' id='line_1_29' title="bbox 215 1612 1340 1658; baseline 0.002 -15"><span class='ocrx_word' id='word_1_302' title='bbox 215 1612 294 1653; x_wconf 82' lang='lat' dir='ltr'>Qui</span> <span class='ocrx_word' id='word_1_303' title='bbox 321 1613 461 1646; x_wconf 90' lang='lat' dir='ltr'>veloci</span> <span class='ocrx_word' id='word_1_304' title='bbox 487 1615 798 1658; x_wconf 87' lang='lat' dir='ltr'>superstitione</span> <span class='ocrx_word' id='word_1_305' title='bbox 825 1626 914 1648; x_wconf 91' lang='lat' dir='ltr'>cum</span> <span class='ocrx_word' id='word_1_306' title='bbox 942 1614 1120 1648; x_wconf 87' lang='lat' dir='ltr'>vecordi</span> <span class='ocrx_word' id='word_1_307' title='bbox 1147 1614 1340 1657; x_wconf 87' lang='lat' dir='ltr'>coniuge.</span> 
     </span>
     <span class='ocr_line' id='line_1_30' title="bbox 115 1663 531 1699; baseline -0.01 -3"><span class='ocrx_word' id='word_1_308' title='bbox 115 1669 146 1696; x_wconf 83' lang='lat' dir='ltr'>et</span> <span class='ocrx_word' id='word_1_309' title='bbox 165 1663 290 1696; x_wconf 71' lang='lat' dir='ltr'>Novius</span> <span class='ocrx_word' id='word_1_310' title='bbox 317 1663 349 1694; x_wconf 94' lang='lat' dir='ltr'>in</span> <span class='ocrx_word' id='word_1_311' title='bbox 523 1691 531 1699; x_wconf 85' lang='grc'><em>,</em></span> 
     </span>
    </p>

    <p class='ocr_par' dir='ltr' id='par_1_7' title="bbox 114 1711 1882 1813">
     <span class='ocr_line' id='line_1_31' title="bbox 216 1711 1574 1750; baseline 0 -4"><span class='ocrx_word' id='word_1_312' title='bbox 216 1713 398 1747; x_wconf 86' lang='lat' dir='ltr'>Coactus</span> <span class='ocrx_word' id='word_1_313' title='bbox 424 1715 705 1748; x_wconf 81' lang='lat' dir='ltr'>testimoniam</span> <span class='ocrx_word' id='word_1_314' title='bbox 720 1713 755 1736; x_wconf 77' lang='lat'>14</span> <span class='ocrx_word' id='word_1_315' title='bbox 779 1728 823 1749; x_wconf 83' lang='lat' dir='ltr'>ex</span> <span class='ocrx_word' id='word_1_316' title='bbox 851 1717 985 1750; x_wconf 91' lang='lat' dir='ltr'>animo</span> <span class='ocrx_word' id='word_1_317' title='bbox 1013 1717 1214 1750; x_wconf 87' lang='lat' dir='ltr'>deturbat</span> <span class='ocrx_word' id='word_1_318' title='bbox 1241 1720 1279 1749; x_wconf 91' lang='lat' dir='ltr'>et</span> <span class='ocrx_word' id='word_1_319' title='bbox 1307 1711 1574 1747; x_wconf 89' lang='lat' dir='ltr'>Vecordiam.</span> 
     </span>
     <span class='ocr_line' id='line_1_32' title="bbox 114 1758 1882 1813; baseline -0.003 -16"><span class='ocrx_word' id='word_1_320' title='bbox 114 1765 169 1798; x_wconf 89' lang='lat' dir='ltr'>Va</span> <span class='ocrx_word' id='word_1_321' title='bbox 177 1766 275 1810; x_wconf 89' lang='lat' dir='ltr'>pula</span> <span class='ocrx_word' id='word_1_322' title='bbox 299 1765 489 1809; x_wconf 83' lang='lat' dir='ltr'>Papiria,</span> <span class='ocrx_word' id='word_1_323' title='bbox 517 1767 549 1800; x_wconf 92' lang='lat' dir='ltr'>in</span> <span class='ocrx_word' id='word_1_324' title='bbox 572 1767 752 1812; x_wconf 87' lang='lat' dir='ltr'>proverbio</span> <span class='ocrx_word' id='word_1_325' title='bbox 780 1768 841 1801; x_wconf 81' lang='lat' dir='ltr'>fuit</span> <span class='ocrx_word' id='word_1_326' title='bbox 867 1769 1022 1813; x_wconf 87' lang='lat' dir='ltr'>antiquis,</span> <span class='ocrx_word' id='word_1_327' title='bbox 1050 1769 1093 1801; x_wconf 90' lang='lat' dir='ltr'>de</span> <span class='ocrx_word' id='word_1_328' title='bbox 1120 1779 1187 1811; x_wconf 92' lang='lat' dir='ltr'>quo</span> <span class='ocrx_word' id='word_1_329' title='bbox 1209 1766 1338 1800; x_wconf 87' lang='lat' dir='ltr'>Sinnius</span> <span class='ocrx_word' id='word_1_330' title='bbox 1358 1764 1479 1808; x_wconf 87' lang='lat' dir='ltr'>Capito</span> <span class='ocrx_word' id='word_1_331' title='bbox 1506 1763 1551 1797; x_wconf 90' lang='lat' dir='ltr'>sic</span> <span class='ocrx_word' id='word_1_332' title='bbox 1577 1762 1697 1803; x_wconf 88' lang='lat' dir='ltr'>refert,</span> <span class='ocrx_word' id='word_1_333' title='bbox 1724 1765 1792 1793; x_wconf 90' lang='lat' dir='ltr'>tum</span> <span class='ocrx_word' id='word_1_334' title='bbox 1815 1758 1882 1794; x_wconf 84' lang='lat' dir='ltr'>dici</span> 
     </span>
    </p>
   </div>
   <div class='ocr_carea' id='block_1_3' title="bbox 1018 1894 1880 1939">
    <p class='ocr_par' dir='ltr' id='par_1_8' title="bbox 1018 1894 1880 1939">
     <span class='ocr_line' id='line_1_33' title="bbox 1018 1894 1880 1939; baseline -0.013 -7"><span class='ocrx_word' id='word_1_335' title='bbox 1018 1904 1149 1932; x_wconf 84' lang='lat' dir='ltr'>iumenta</span> <span class='ocrx_word' id='word_1_336' title='bbox 1176 1911 1261 1939; x_wconf 85' lang='lat' dir='ltr'>agere</span> <span class='ocrx_word' id='word_1_337' title='bbox 1289 1900 1401 1929; x_wconf 84' lang='lat' dir='ltr'>liceret.</span> <span class='ocrx_word' id='word_1_338' title='bbox 1457 1898 1548 1927; x_wconf 75' lang='lat' dir='ltr'>Extat</span> <span class='ocrx_word' id='word_1_339' title='bbox 1573 1895 1726 1935; x_wconf 81' lang='lat' dir='ltr'>inscriptio</span> <span class='ocrx_word' id='word_1_340' title='bbox 1749 1894 1780 1922; x_wconf 90' lang='lat' dir='ltr'>in</span> <span class='ocrx_word' id='word_1_341' title='bbox 1807 1902 1880 1931; x_wconf 91' lang='lat' dir='ltr'>quo-</span> 
     </span>
    </p>
   </div>
   <div class='ocr_carea' id='block_1_4' title="bbox 1020 1934 1881 2022">
    <p class='ocr_par' dir='ltr' id='par_1_9' title="bbox 1020 1934 1881 2022">
     <span class='ocr_line' id='line_1_34' title="bbox 1020 1934 1881 1980; baseline -0.013 -6"><span class='ocrx_word' id='word_1_342' title='bbox 1020 1947 1087 1975; x_wconf 85' lang='lat' dir='ltr'>dam</span> <span class='ocrx_word' id='word_1_343' title='bbox 1111 1944 1233 1974; x_wconf 77' lang='lat' dir='ltr'>denario</span> <span class='ocrx_word' id='word_1_344' title='bbox 1262 1942 1403 1980; x_wconf 84' lang='lat' dir='ltr'>Augusti:</span> <span class='ocrx_word' id='word_1_345' title='bbox 1435 1941 1567 1979; x_wconf 82' lang='lat' dir='ltr'><em>QVOD.</em></span> <span class='ocrx_word' id='word_1_346' title='bbox 1603 1938 1718 1969; x_wconf 84' lang='lat' dir='ltr'><em>VIAE.</em></span> <span class='ocrx_word' id='word_1_347' title='bbox 1749 1934 1881 1965; x_wconf 85' lang='lat' dir='ltr'><em>MVNI-</em></span> 
     </span>
     <span class='ocr_line' id='line_1_35' title="bbox 1022 1977 1880 2022; baseline -0.014 -5"><span class='ocrx_word' id='word_1_348' title='bbox 1022 1988 1117 2018; x_wconf 84' lang='lat' dir='ltr'><em>TAE.</em></span> <span class='ocrx_word' id='word_1_349' title='bbox 1149 1986 1274 2017; x_wconf 84' lang='lat' dir='ltr'>SVNT.</span> <span class='ocrx_word' id='word_1_350' title='bbox 1316 1986 1391 2014; x_wconf 68' lang='lat' dir='ltr'>Urs.</span> <span class='ocrx_word' id='word_1_351' title='bbox 1419 1999 1461 2006; x_wconf 88' lang='lat'>-—</span> <span class='ocrx_word' id='word_1_352' title='bbox 1486 1986 1528 2022; x_wconf 91' lang='grc'>10)</span> <span class='ocrx_word' id='word_1_353' title='bbox 1556 1982 1707 2019; x_wconf 61' lang='lat' dir='ltr'>Vct-stum]</span> <span class='ocrx_word' id='word_1_354' title='bbox 1728 1977 1880 2008; x_wconf 76' lang='lat' dir='ltr'>videndus</span> 
     </span>
    </p>
   </div>
   <div class='ocr_carea' id='block_1_5' title="bbox 113 1899 977 2017">
    <p class='ocr_par' dir='ltr' id='par_1_10' title="bbox 113 1899 977 2017">
     <span class='ocr_line' id='line_1_36' title="bbox 115 1899 977 1932; baseline 0.006 -5"><span class='ocrx_word' id='word_1_355' title='bbox 115 1899 184 1928; x_wconf 86' lang='lat' dir='ltr'>dum</span> <span class='ocrx_word' id='word_1_356' title='bbox 212 1899 258 1927; x_wconf 84' lang='lat' dir='ltr'>sit.</span> <span class='ocrx_word' id='word_1_357' title='bbox 282 1910 347 1928; x_wconf 89' lang='lat' dir='ltr'>nam</span> <span class='ocrx_word' id='word_1_358' title='bbox 370 1900 461 1930; x_wconf 88' lang='lat' dir='ltr'>boves</span> <span class='ocrx_word' id='word_1_359' title='bbox 484 1902 594 1930; x_wconf 80' lang='lat' dir='ltr'>auratis</span> <span class='ocrx_word' id='word_1_360' title='bbox 617 1902 758 1931; x_wconf 88' lang='lat' dir='ltr'>cornibus</span> <span class='ocrx_word' id='word_1_361' title='bbox 781 1903 864 1931; x_wconf 84' lang='lat' dir='ltr'>vittis</span> <span class='ocrx_word' id='word_1_362' title='bbox 887 1914 977 1932; x_wconf 89' lang='lat' dir='ltr'>orna—</span> 
     </span>
     <span class='ocr_line' id='line_1_37' title="bbox 113 1943 975 1984; baseline 0.006 -15"><span class='ocrx_word' id='word_1_363' title='bbox 113 1943 151 1979; x_wconf 74' lang='lat' dir='ltr'>ti,</span> <span class='ocrx_word' id='word_1_364' title='bbox 177 1946 204 1970; x_wconf 87' lang='lat' dir='ltr'>et</span> <span class='ocrx_word' id='word_1_365' title='bbox 227 1943 312 1971; x_wconf 84' lang='lat' dir='ltr'>sertis</span> <span class='ocrx_word' id='word_1_366' title='bbox 337 1943 373 1971; x_wconf 87' lang='lat' dir='ltr'>ad</span> <span class='ocrx_word' id='word_1_367' title='bbox 396 1954 474 1972; x_wconf 88' lang='lat' dir='ltr'>aram</span> <span class='ocrx_word' id='word_1_368' title='bbox 499 1944 704 1981; x_wconf 80' lang='lat' dir='ltr'>ducebantur,</span> <span class='ocrx_word' id='word_1_369' title='bbox 730 1950 881 1984; x_wconf 80' lang='lat' dir='ltr'>praeterea</span> <span class='ocrx_word' id='word_1_370' title='bbox 904 1948 975 1974; x_wconf 81' lang='lat' dir='ltr'>Ser-</span> 
     </span>
     <span class='ocr_line' id='line_1_38' title="bbox 113 1984 975 2017; baseline 0.006 -6"><span class='ocrx_word' id='word_1_371' title='bbox 113 1985 180 2012; x_wconf 79' lang='lat' dir='ltr'>vius</span> <span class='ocrx_word' id='word_1_372' title='bbox 210 1984 291 2014; x_wconf 77' lang='lat' dir='ltr'>i112.</span> <span class='ocrx_word' id='word_1_373' title='bbox 337 1986 408 2016; x_wconf 83' lang='lat' dir='ltr'>Aen.</span> <span class='ocrx_word' id='word_1_374' title='bbox 440 1987 479 2014; x_wconf 77' lang='lat' dir='ltr'>ita</span> <span class='ocrx_word' id='word_1_375' title='bbox 508 1987 625 2016; x_wconf 83' lang='lat' dir='ltr'>scribit:</span> <span class='ocrx_word' id='word_1_376' title='bbox 671 1989 789 2016; x_wconf 79' lang='lat' dir='ltr'>solutae</span> <span class='ocrx_word' id='word_1_377' title='bbox 821 1993 890 2017; x_wconf 86' lang='lat' dir='ltr'>sunt</span> <span class='ocrx_word' id='word_1_378' title='bbox 919 1988 975 2016; x_wconf 90' lang='lat' dir='ltr'>ho-</span> 
     </span>
    </p>
   </div>
   <div class='ocr_carea' id='block_1_6' title="bbox 1779 1041 1901 1089">
    <p class='ocr_par' dir='ltr' id='par_1_11' title="bbox 1779 1041 1901 1089">
     <span class='ocr_line' id='line_1_39' title="bbox 1779 1041 1901 1089; baseline 0 -14"><span class='ocrx_word' id='word_1_379' title='bbox 1779 1041 1901 1089; x_wconf 80' lang='lat'>[194]&#39;</span> 
     </span>
    </p>
   </div>
   <div class='ocr_carea' id='block_1_7' title="bbox 112 2027 980 2451">
    <p class='ocr_par' dir='ltr' id='par_1_12' title="bbox 112 2027 980 2451">
     <span class='ocr_line' id='line_1_40' title="bbox 114 2027 976 2068; baseline 0.006 -14"><span class='ocrx_word' id='word_1_380' title='bbox 114 2027 204 2060; x_wconf 85' lang='lat' dir='ltr'>stiae,</span> <span class='ocrx_word' id='word_1_381' title='bbox 227 2037 293 2056; x_wconf 89' lang='lat' dir='ltr'>nam</span> <span class='ocrx_word' id='word_1_382' title='bbox 318 2028 466 2066; x_wconf 86' lang='lat' dir='ltr'>piaculum</span> <span class='ocrx_word' id='word_1_383' title='bbox 491 2034 532 2058; x_wconf 85' lang='lat' dir='ltr'>est</span> <span class='ocrx_word' id='word_1_384' title='bbox 555 2030 585 2058; x_wconf 91' lang='lat' dir='ltr'>in</span> <span class='ocrx_word' id='word_1_385' title='bbox 608 2030 753 2059; x_wconf 84' lang='lat' dir='ltr'>sacrificio</span> <span class='ocrx_word' id='word_1_386' title='bbox 778 2031 891 2068; x_wconf 87' lang='lat' dir='ltr'>aliquid</span> <span class='ocrx_word' id='word_1_387' title='bbox 914 2041 976 2059; x_wconf 84' lang='lat' dir='ltr'>esse</span> 
     </span>
     <span class='ocr_line' id='line_1_41' title="bbox 113 2069 976 2108; baseline 0.006 -12"><span class='ocrx_word' id='word_1_388' title='bbox 113 2069 286 2106; x_wconf 74' lang='lat' dir='ltr'>religatum,</span> <span class='ocrx_word' id='word_1_389' title='bbox 315 2075 381 2099; x_wconf 81' lang='lat' dir='ltr'>ante</span> <span class='ocrx_word' id='word_1_390' title='bbox 405 2071 480 2099; x_wconf 88' lang='lat' dir='ltr'>enim</span> <span class='ocrx_word' id='word_1_391' title='bbox 504 2072 678 2108; x_wconf 71' lang='lat' dir='ltr'>ligabantur.</span> <span class='ocrx_word' id='word_1_392' title='bbox 730 2073 786 2101; x_wconf 85' lang='lat' dir='ltr'>Sed</span> <span class='ocrx_word' id='word_1_393' title='bbox 813 2072 886 2101; x_wconf 85' lang='lat' dir='ltr'>nihil</span> <span class='ocrx_word' id='word_1_394' title='bbox 910 2083 976 2101; x_wconf 88' lang='lat' dir='ltr'>mu-</span> 
     </span>
     <span class='ocr_line' id='line_1_42' title="bbox 113 2112 978 2153; baseline 0.006 -15"><span class='ocrx_word' id='word_1_395' title='bbox 113 2112 237 2139; x_wconf 82' lang='lat' dir='ltr'>tandum</span> <span class='ocrx_word' id='word_1_396' title='bbox 262 2122 377 2142; x_wconf 81' lang='lat' dir='ltr'>censeo.</span> <span class='ocrx_word' id='word_1_397' title='bbox 408 2114 484 2143; x_wconf 66' lang='lat' dir='ltr'>Urs.</span> <span class='ocrx_word' id='word_1_398' title='bbox 511 2114 565 2142; x_wconf 87' lang='lat' dir='ltr'>Pro</span> <span class='ocrx_word' id='word_1_399' title='bbox 589 2114 632 2143; x_wconf 78' lang='lat' dir='ltr'>ad</span> <span class='ocrx_word' id='word_1_400' title='bbox 652 2116 748 2143; x_wconf 69' lang='lat' dir='ltr'>hostis</span> <span class='ocrx_word' id='word_1_401' title='bbox 770 2116 866 2142; x_wconf 69' lang='lat' dir='ltr'>victor</span> <span class='ocrx_word' id='word_1_402' title='bbox 888 2125 978 2153; x_wconf 87' lang='lat' dir='ltr'>marg.</span> 
     </span>
     <span class='ocr_line' id='line_1_43' title="bbox 113 2153 980 2196; baseline 0.003 -14"><span class='ocrx_word' id='word_1_403' title='bbox 113 2153 185 2183; x_wconf 89' lang='lat' dir='ltr'>Ven.</span> <span class='ocrx_word' id='word_1_404' title='bbox 211 2159 239 2182; x_wconf 85' lang='lat' dir='ltr'>et</span> <span class='ocrx_word' id='word_1_405' title='bbox 262 2156 339 2184; x_wconf 80' lang='lat' dir='ltr'>Scal.</span> <span class='ocrx_word' id='word_1_406' title='bbox 366 2156 505 2184; x_wconf 63' lang='lat' dir='ltr'>lto-stibus</span> <span class='ocrx_word' id='word_1_407' title='bbox 527 2158 633 2193; x_wconf 60' lang='lat' dir='ltr'>victis,</span> <span class='ocrx_word' id='word_1_408' title='bbox 657 2167 731 2196; x_wconf 80' lang='lat' dir='ltr'>quae</span> <span class='ocrx_word' id='word_1_409' title='bbox 754 2157 912 2194; x_wconf 82' lang='lat' dir='ltr'>Augustini</span> <span class='ocrx_word' id='word_1_410' title='bbox 936 2163 980 2186; x_wconf 88' lang='lat' dir='ltr'>est</span> 
     </span>
     <span class='ocr_line' id='line_1_44' title="bbox 113 2196 979 2238; baseline 0.005 -15"><span class='ocrx_word' id='word_1_411' title='bbox 113 2196 299 2233; x_wconf 86' lang='lat' dir='ltr'>coniectura,</span> <span class='ocrx_word' id='word_1_412' title='bbox 331 2208 416 2236; x_wconf 89' lang='lat' dir='ltr'>quam</span> <span class='ocrx_word' id='word_1_413' title='bbox 440 2199 504 2227; x_wconf 83' lang='lat' dir='ltr'>Urs.</span> <span class='ocrx_word' id='word_1_414' title='bbox 528 2199 609 2228; x_wconf 89' lang='lat' dir='ltr'>dicit.</span> <span class='ocrx_word' id='word_1_415' title='bbox 638 2216 678 2221; x_wconf 93' lang='lat'>--</span> <span class='ocrx_word' id='word_1_416' title='bbox 717 2201 745 2238; x_wconf 83' lang='lat'>9)</span> <span class='ocrx_word' id='word_1_417' title='bbox 773 2199 874 2238; x_wconf 53' lang='lat' dir='ltr'>Viae]</span> <span class='ocrx_word' id='word_1_418' title='bbox 900 2200 979 2227; x_wconf 82' lang='lat' dir='ltr'>Desi-</span> 
     </span>
     <span class='ocr_line' id='line_1_45' title="bbox 113 2238 977 2272; baseline 0.005 -6"><span class='ocrx_word' id='word_1_419' title='bbox 113 2238 234 2267; x_wconf 84' lang='lat' dir='ltr'>deratur</span> <span class='ocrx_word' id='word_1_420' title='bbox 256 2238 330 2267; x_wconf 81' lang='lat' dir='ltr'>haec</span> <span class='ocrx_word' id='word_1_421' title='bbox 351 2250 412 2269; x_wconf 85' lang='lat' dir='ltr'>vox</span> <span class='ocrx_word' id='word_1_422' title='bbox 434 2240 463 2269; x_wconf 92' lang='lat' dir='ltr'>in</span> <span class='ocrx_word' id='word_1_423' title='bbox 487 2241 551 2270; x_wconf 85' lang='lat' dir='ltr'>aliis</span> <span class='ocrx_word' id='word_1_424' title='bbox 575 2242 764 2272; x_wconf 82' lang='lat' dir='ltr'>editionibus.</span> <span class='ocrx_word' id='word_1_425' title='bbox 796 2242 825 2270; x_wconf 92' lang='lat' dir='ltr'>in</span> <span class='ocrx_word' id='word_1_426' title='bbox 848 2252 879 2270; x_wconf 90' lang='lat' dir='ltr'>ea</span> <span class='ocrx_word' id='word_1_427' title='bbox 905 2252 977 2271; x_wconf 78' lang='lat' dir='ltr'>vero</span> 
     </span>
     <span class='ocr_line' id='line_1_46' title="bbox 113 2280 976 2323; baseline 0.005 -14"><span class='ocrx_word' id='word_1_428' title='bbox 113 2280 217 2309; x_wconf 79' lang='lat' dir='ltr'>Festus</span> <span class='ocrx_word' id='word_1_429' title='bbox 240 2282 358 2319; x_wconf 81' lang='lat' dir='ltr'>agebat,</span> <span class='ocrx_word' id='word_1_430' title='bbox 398 2288 431 2312; x_wconf 89' lang='lat' dir='ltr'>ut</span> <span class='ocrx_word' id='word_1_431' title='bbox 454 2293 490 2311; x_wconf 83' lang='lat' dir='ltr'>ex</span> <span class='ocrx_word' id='word_1_432' title='bbox 519 2284 652 2322; x_wconf 84' lang='lat' dir='ltr'>reliquiis</span> <span class='ocrx_word' id='word_1_433' title='bbox 676 2284 738 2312; x_wconf 86' lang='lat' dir='ltr'>eius</span> <span class='ocrx_word' id='word_1_434' title='bbox 761 2289 900 2323; x_wconf 80' lang='lat' dir='ltr'>apparet,</span> <span class='ocrx_word' id='word_1_435' title='bbox 939 2285 976 2314; x_wconf 88' lang='lat' dir='ltr'>de</span> 
     </span>
     <span class='ocr_line' id='line_1_47' title="bbox 112 2323 974 2365; baseline 0.005 -14"><span class='ocrx_word' id='word_1_436' title='bbox 112 2323 170 2351; x_wconf 84' lang='lat' dir='ltr'>viis</span> <span class='ocrx_word' id='word_1_437' title='bbox 192 2323 338 2362; x_wconf 84' lang='lat' dir='ltr'>puhlicis,</span> <span class='ocrx_word' id='word_1_438' title='bbox 368 2330 396 2354; x_wconf 87' lang='lat' dir='ltr'>et</span> <span class='ocrx_word' id='word_1_439' title='bbox 425 2326 556 2363; x_wconf 83' lang='lat' dir='ltr'>privatis.</span> <span class='ocrx_word' id='word_1_440' title='bbox 583 2331 611 2355; x_wconf 91' lang='lat' dir='ltr'>et</span> <span class='ocrx_word' id='word_1_441' title='bbox 639 2327 789 2365; x_wconf 87' lang='lat' dir='ltr'>antiquam</span> <span class='ocrx_word' id='word_1_442' title='bbox 814 2328 906 2364; x_wconf 84' lang='lat' dir='ltr'>legem</span> <span class='ocrx_word' id='word_1_443' title='bbox 929 2337 974 2355; x_wconf 87' lang='lat' dir='ltr'>re-</span> 
     </span>
     <span class='ocr_line' id='line_1_48' title="bbox 114 2365 975 2409; baseline 0.005 -15"><span class='ocrx_word' id='word_1_444' title='bbox 114 2365 227 2395; x_wconf 81' lang='lat' dir='ltr'>ferebat</span> <span class='ocrx_word' id='word_1_445' title='bbox 249 2366 285 2396; x_wconf 86' lang='lat' dir='ltr'>de</span> <span class='ocrx_word' id='word_1_446' title='bbox 308 2367 365 2396; x_wconf 80' lang='lat' dir='ltr'>viis</span> <span class='ocrx_word' id='word_1_447' title='bbox 387 2369 572 2406; x_wconf 85' lang='lat' dir='ltr'>muniendis,</span> <span class='ocrx_word' id='word_1_448' title='bbox 595 2369 757 2407; x_wconf 82' lang='lat' dir='ltr'>iisdemque</span> <span class='ocrx_word' id='word_1_449' title='bbox 780 2370 878 2409; x_wconf 80' lang='lat' dir='ltr'>lapide</span> <span class='ocrx_word' id='word_1_450' title='bbox 901 2374 975 2398; x_wconf 84' lang='lat' dir='ltr'>ster—</span> 
     </span>
     <span class='ocr_line' id='line_1_49' title="bbox 114 2408 974 2451; baseline 0.006 -15"><span class='ocrx_word' id='word_1_451' title='bbox 114 2408 234 2446; x_wconf 86' lang='lat' dir='ltr'>nendis,</span> <span class='ocrx_word' id='word_1_452' title='bbox 255 2414 290 2438; x_wconf 79' lang='lat' dir='ltr'>ut</span> <span class='ocrx_word' id='word_1_453' title='bbox 313 2420 385 2448; x_wconf 82' lang='lat' dir='ltr'>quae</span> <span class='ocrx_word' id='word_1_454' title='bbox 409 2415 516 2441; x_wconf 84' lang='lat' dir='ltr'>stratae</span> <span class='ocrx_word' id='word_1_455' title='bbox 538 2412 686 2451; x_wconf 77' lang='lat' dir='ltr'>lapidibus</span> <span class='ocrx_word' id='word_1_456' title='bbox 709 2416 820 2450; x_wconf 83' lang='lat' dir='ltr'>essent,</span> <span class='ocrx_word' id='word_1_457' title='bbox 852 2422 904 2451; x_wconf 87' lang='lat' dir='ltr'>per</span> <span class='ocrx_word' id='word_1_458' title='bbox 927 2422 974 2441; x_wconf 82' lang='lat' dir='ltr'>eas</span> 
     </span>
    </p>
   </div>
   <div class='ocr_carea' id='block_1_8' title="bbox 1015 2026 1882 2447">
    <p class='ocr_par' dir='ltr' id='par_1_13' title="bbox 1015 2026 1882 2447">
     <span class='ocr_line' id='line_1_50' title="bbox 1019 2026 1882 2066; baseline -0.013 -7"><span class='ocrx_word' id='word_1_459' title='bbox 1019 2031 1130 2059; x_wconf 89' lang='lat' dir='ltr'>Nonius</span> <span class='ocrx_word' id='word_1_460' title='bbox 1152 2031 1183 2058; x_wconf 92' lang='lat' dir='ltr'>in</span> <span class='ocrx_word' id='word_1_461' title='bbox 1216 2027 1421 2058; x_wconf 72' lang='lat' dir='ltr'>Vastitadme.</span> <span class='ocrx_word' id='word_1_462' title='bbox 1454 2026 1534 2066; x_wconf 84' lang='lat' dir='ltr'>apud</span> <span class='ocrx_word' id='word_1_463' title='bbox 1565 2035 1651 2064; x_wconf 88' lang='lat' dir='ltr'>quem</span> <span class='ocrx_word' id='word_1_464' title='bbox 1674 2026 1756 2054; x_wconf 75' lang='lat' dir='ltr'>extat</span> <span class='ocrx_word' id='word_1_465' title='bbox 1777 2030 1882 2050; x_wconf 82' lang='lat' dir='ltr'>versus</span> 
     </span>
     <span class='ocr_line' id='line_1_51' title="bbox 1021 2064 1882 2107; baseline -0.012 -6"><span class='ocrx_word' id='word_1_466' title='bbox 1021 2071 1143 2101; x_wconf 84' lang='lat' dir='ltr'>Pacuvii</span> <span class='ocrx_word' id='word_1_467' title='bbox 1167 2081 1205 2100; x_wconf 85' lang='lat' dir='ltr'>ex</span> <span class='ocrx_word' id='word_1_468' title='bbox 1227 2071 1359 2107; x_wconf 84' lang='lat' dir='ltr'>Teucro,</span> <span class='ocrx_word' id='word_1_469' title='bbox 1394 2079 1481 2107; x_wconf 87' lang='lat' dir='ltr'>quem</span> <span class='ocrx_word' id='word_1_470' title='bbox 1513 2067 1562 2097; x_wconf 83' lang='lat' dir='ltr'>hic</span> <span class='ocrx_word' id='word_1_471' title='bbox 1592 2068 1697 2097; x_wconf 84' lang='lat' dir='ltr'>Festus</span> <span class='ocrx_word' id='word_1_472' title='bbox 1724 2064 1812 2100; x_wconf 82' lang='lat' dir='ltr'>citat,</span> <span class='ocrx_word' id='word_1_473' title='bbox 1848 2067 1882 2091; x_wconf 87' lang='lat' dir='ltr'>ut</span> 
     </span>
     <span class='ocr_line' id='line_1_52' title="bbox 1020 2105 1881 2153; baseline -0.014 -9"><span class='ocrx_word' id='word_1_474' title='bbox 1020 2126 1075 2144; x_wconf 86' lang='lat' dir='ltr'>nos</span> <span class='ocrx_word' id='word_1_475' title='bbox 1099 2113 1330 2144; x_wconf 84' lang='lat' dir='ltr'>emendavimus.</span> <span class='ocrx_word' id='word_1_476' title='bbox 1377 2113 1459 2141; x_wconf 72' lang='lat' dir='ltr'>Urs.</span> <span class='ocrx_word' id='word_1_477' title='bbox 1489 2127 1529 2132; x_wconf 90' lang='lat'>—</span> <span class='ocrx_word' id='word_1_478' title='bbox 1562 2109 1607 2150; x_wconf 88' lang='lat'>11)</span> <span class='ocrx_word' id='word_1_479' title='bbox 1639 2109 1681 2138; x_wconf 85' lang='lat' dir='ltr'>Ve</span> <span class='ocrx_word' id='word_1_480' title='bbox 1706 2107 1816 2141; x_wconf 53' lang='lat' dir='ltr'>victim]</span> <span class='ocrx_word' id='word_1_481' title='bbox 1836 2105 1881 2153; x_wconf 31' lang='lat' dir='ltr'>‘ln</span> 
     </span>
     <span class='ocr_line' id='line_1_53' title="bbox 1022 2151 1882 2192; baseline -0.013 -5"><span class='ocrx_word' id='word_1_482' title='bbox 1022 2157 1138 2187; x_wconf 84' lang='lat' dir='ltr'>schedis</span> <span class='ocrx_word' id='word_1_483' title='bbox 1169 2161 1212 2185; x_wconf 73' lang='lat' dir='ltr'>est</span> <span class='ocrx_word' id='word_1_484' title='bbox 1234 2158 1376 2184; x_wconf 66' lang='lat' dir='ltr'>Brennus</span> <span class='ocrx_word' id='word_1_485' title='bbox 1408 2165 1472 2192; x_wconf 84' lang='lat' dir='ltr'>rex,</span> <span class='ocrx_word' id='word_1_486' title='bbox 1512 2163 1567 2192; x_wconf 89' lang='lat' dir='ltr'>pro</span> <span class='ocrx_word' id='word_1_487' title='bbox 1597 2160 1656 2190; x_wconf 91' lang='lat' dir='ltr'>quo</span> <span class='ocrx_word' id='word_1_488' title='bbox 1688 2151 1719 2178; x_wconf 89' lang='lat' dir='ltr'>in</span> <span class='ocrx_word' id='word_1_489' title='bbox 1752 2157 1882 2186; x_wconf 71' lang='lat' dir='ltr'>margine</span> 
     </span>
     <span class='ocr_line' id='line_1_54' title="bbox 1023 2192 1881 2236; baseline -0.013 -7"><span class='ocrx_word' id='word_1_490' title='bbox 1023 2201 1078 2230; x_wconf 84' lang='lat' dir='ltr'>alia</span> <span class='ocrx_word' id='word_1_491' title='bbox 1102 2209 1208 2236; x_wconf 88' lang='lat' dir='ltr'>manu,</span> <span class='ocrx_word' id='word_1_492' title='bbox 1232 2199 1294 2227; x_wconf 84' lang='lat' dir='ltr'>eius</span> <span class='ocrx_word' id='word_1_493' title='bbox 1317 2198 1459 2233; x_wconf 84' lang='lat' dir='ltr'>sortasse,</span> <span class='ocrx_word' id='word_1_494' title='bbox 1493 2195 1544 2235; x_wconf 87' lang='lat' dir='ltr'>qui</span> <span class='ocrx_word' id='word_1_495' title='bbox 1566 2194 1690 2223; x_wconf 83' lang='lat' dir='ltr'>schedas</span> <span class='ocrx_word' id='word_1_496' title='bbox 1720 2192 1786 2221; x_wconf 86' lang='lat' dir='ltr'>illas</span> <span class='ocrx_word' id='word_1_497' title='bbox 1814 2200 1881 2219; x_wconf 90' lang='lat' dir='ltr'>cum</span> 
     </span>
     <span class='ocr_line' id='line_1_55' title="bbox 1021 2238 1882 2281; baseline -0.012 -10"><span class='ocrx_word' id='word_1_498' title='bbox 1021 2242 1183 2281; x_wconf 83' lang='lat' dir='ltr'>exemplari</span> <span class='ocrx_word' id='word_1_499' title='bbox 1207 2241 1328 2279; x_wconf 87' lang='lat' dir='ltr'>antiquo</span> <span class='ocrx_word' id='word_1_500' title='bbox 1351 2240 1493 2276; x_wconf 83' lang='lat' dir='ltr'>contulit,</span> <span class='ocrx_word' id='word_1_501' title='bbox 1515 2238 1577 2266; x_wconf 85' lang='lat' dir='ltr'>dux</span> <span class='ocrx_word' id='word_1_502' title='bbox 1600 2247 1655 2276; x_wconf 89' lang='lat' dir='ltr'>pro</span> <span class='ocrx_word' id='word_1_503' title='bbox 1675 2245 1728 2265; x_wconf 87' lang='lat' dir='ltr'>rex</span> <span class='ocrx_word' id='word_1_504' title='bbox 1747 2238 1882 2263; x_wconf 86' lang='lat' dir='ltr'>notatum</span> 
     </span>
     <span class='ocr_line' id='line_1_56' title="bbox 1019 2277 1882 2323; baseline -0.013 -9"><span class='ocrx_word' id='word_1_505' title='bbox 1019 2291 1073 2315; x_wconf 86' lang='lat' dir='ltr'>est.</span> <span class='ocrx_word' id='word_1_506' title='bbox 1110 2290 1138 2314; x_wconf 85' lang='lat' dir='ltr'>et</span> <span class='ocrx_word' id='word_1_507' title='bbox 1169 2294 1314 2323; x_wconf 71' lang='lat' dir='ltr'>pensum,</span> <span class='ocrx_word' id='word_1_508' title='bbox 1357 2293 1413 2322; x_wconf 86' lang='lat' dir='ltr'>pro</span> <span class='ocrx_word' id='word_1_509' title='bbox 1447 2279 1676 2320; x_wconf 80' lang='lat' dir='ltr'>appenderetur.</span> <span class='ocrx_word' id='word_1_510' title='bbox 1727 2277 1809 2307; x_wconf 74' lang='lat' dir='ltr'>Urs.</span> <span class='ocrx_word' id='word_1_511' title='bbox 1840 2291 1882 2323; x_wconf 48' lang='grc' dir='ltr'>Ἰ-</span> 
     </span>
     <span class='ocr_line' id='line_1_57' title="bbox 1021 2321 1882 2368; baseline -0.013 -12"><span class='ocrx_word' id='word_1_512' title='bbox 1021 2328 1063 2368; x_wconf 71' lang='grc'>12)</span> <span class='ocrx_word' id='word_1_513' title='bbox 1074 2327 1348 2356; x_wconf 70' lang='lat' dir='ltr'>itereSVen.Sc.--</span> <span class='ocrx_word' id='word_1_514' title='bbox 1372 2326 1415 2362; x_wconf 83' lang='lat'>13)</span> <span class='ocrx_word' id='word_1_515' title='bbox 1435 2323 1563 2361; x_wconf 57' lang='lat' dir='ltr'>onr-m]</span> <span class='ocrx_word' id='word_1_516' title='bbox 1584 2322 1725 2361; x_wconf 84' lang='lat' dir='ltr'>Exempla</span> <span class='ocrx_word' id='word_1_517' title='bbox 1748 2321 1882 2354; x_wconf 84' lang='lat' dir='ltr'>Pacuvn,</span> 
     </span>
     <span class='ocr_line' id='line_1_58' title="bbox 1019 2361 1879 2399; baseline -0.012 0"><span class='ocrx_word' id='word_1_518' title='bbox 1019 2376 1047 2399; x_wconf 88' lang='lat' dir='ltr'>et</span> <span class='ocrx_word' id='word_1_519' title='bbox 1077 2370 1165 2399; x_wconf 85' lang='lat' dir='ltr'>Nonii</span> <span class='ocrx_word' id='word_1_520' title='bbox 1195 2369 1350 2398; x_wconf 76' lang='lat' dir='ltr'>desiderari</span> <span class='ocrx_word' id='word_1_521' title='bbox 1365 2378 1400 2396; x_wconf 89' lang='lat' dir='ltr'>ur</span> <span class='ocrx_word' id='word_1_522' title='bbox 1431 2367 1461 2396; x_wconf 87' lang='lat' dir='ltr'>in</span> <span class='ocrx_word' id='word_1_523' title='bbox 1491 2366 1556 2395; x_wconf 86' lang='lat' dir='ltr'>aliis</span> <span class='ocrx_word' id='word_1_524' title='bbox 1579 2364 1768 2394; x_wconf 85' lang='lat' dir='ltr'>editionibus.</span> <span class='ocrx_word' id='word_1_525' title='bbox 1809 2361 1879 2389; x_wconf 74' lang='lat' dir='ltr'>Urs.</span> 
     </span>
     <span class='ocr_line' id='line_1_59' title="bbox 1015 2410 1433 2447; baseline -0.007 -5"><span class='ocrx_word' id='word_1_526' title='bbox 1015 2428 1056 2435; x_wconf 91' lang='lat'>—</span> <span class='ocrx_word' id='word_1_527' title='bbox 1079 2414 1122 2447; x_wconf 81' lang='lat'>14)</span> <span class='ocrx_word' id='word_1_528' title='bbox 1146 2412 1363 2440; x_wconf 71' lang='lat' dir='ltr'>tristimoniam</span> <span class='ocrx_word' id='word_1_529' title='bbox 1387 2410 1433 2440; x_wconf 85' lang='lat' dir='ltr'>Pr.</span> 
     </span>
    </p>
   </div>
   <div class='ocr_carea' id='block_1_9' title="bbox 1929 224 2015 250">
    <p class='ocr_par' dir='ltr' id='par_1_14' title="bbox 1929 224 2015 250">
     <span class='ocr_line' id='line_1_60' title="bbox 1929 224 2015 250; baseline 0 0"><span class='ocrx_word' id='word_1_530' title='bbox 1929 225 1964 250; x_wconf 73' lang='grc' dir='ltr'>Ἰ.</span> <span class='ocrx_word' id='word_1_531' title='bbox 1982 224 2015 250; x_wconf 90' lang='lat' dir='ltr'>ob</span> 
     </span>
    </p>
   </div>
   <div class='ocr_carea' id='block_1_10' title="bbox 1892 326 2054 361">
    <p class='ocr_par' dir='ltr' id='par_1_15' title="bbox 1892 326 2054 361">
     <span class='ocr_line' id='line_1_61' title="bbox 1892 326 2054 361; baseline 0.006 -9"><span class='ocrx_word' id='word_1_532' title='bbox 1892 326 1952 353; x_wconf 68' lang='lat' dir='ltr'>⁸f.A.</span> <span class='ocrx_word' id='word_1_533' title='bbox 1960 335 2024 361; x_wconf 77' lang='lat' dir='ltr'>quas</span> <span class='ocrx_word' id='word_1_534' title='bbox 2032 327 2054 353; x_wconf 84' lang='lat' dir='ltr'>ir</span> 
     </span>
    </p>
   </div>
   <div class='ocr_carea' id='block_1_11' title="bbox 1901 1041 2054 1144">
    <p class='ocr_par' dir='ltr' id='par_1_16' title="bbox 1901 1041 2054 1144">
     <span class='ocr_line' id='line_1_62' title="bbox 1914 1041 2054 1074; baseline 0 -8"><span class='ocrx_word' id='word_1_535' title='bbox 1914 1042 1932 1066; x_wconf 79' lang='lat' dir='ltr'>f.</span> <span class='ocrx_word' id='word_1_536' title='bbox 1957 1041 2054 1074; x_wconf 83' lang='lat' dir='ltr'>squale‚</span> 
     </span>
     <span class='ocr_line' id='line_1_63' title="bbox 1901 1075 2045 1101; baseline 0 0"><span class='ocrx_word' id='word_1_537' title='bbox 1901 1075 1992 1101; x_wconf 82' lang='lat' dir='ltr'>scabre</span> <span class='ocrx_word' id='word_1_538' title='bbox 2004 1079 2045 1101; x_wconf 78' lang='lat' dir='ltr'>at-</span> 
     </span>
     <span class='ocr_line' id='line_1_64' title="bbox 1947 1118 1999 1144; baseline 0 -8"><span class='ocrx_word' id='word_1_539' title='bbox 1947 1118 1999 1144; x_wconf 79' lang='lat' dir='ltr'>que</span> 
     </span>
    </p>
   </div>
  </div>
 </body>
</html>
