2263 2668
526 145 591 180 DE
615 140 1005 180 SIGNIFICATIONE
1036 140 1321 180 VERBORUM.
1373 143 1520 178 LIBER
1546 142 1621 178 XII.
1971 143 2047 180 541

95 243 224 281 cap.13.
259 238 351 276 Quasi
374 238 456 278 quod
478 237 532 267 hic
550 239 581 267 in
597 237 686 268 Festo
708 237 915 272 desideratur,
934 235 976 263 ita
993 235 1175 274 explendum
1189 236 1236 267 sit.
1270 236 1370 275 Nani,
1392 235 1498 266 humili
1519 243 1545 265 et
1569 235 1646 265 brevi
1668 242 1782 265 statura
1804 234 1951 275 homine„
1973 237 2049 268 uncle

94 284 135 314 ad
163 283 353 313 imitationem
384 286 438 311 etc.
471 280 572 311 scal.
618 281 737 310 Nanum
761 291 776 309 a
799 289 905 318 graeco
935 279 1035 314 νᾶνος.
1080 278 1213 308 Meminit
1236 279 1331 308 Varro
1360 280 1410 310 lib.
1424 280 1475 310 VI.
1498 279 1536 308 de
1558 279 1589 308 L.
1607 279 1639 309 L.
1666 277 1752 318 (pag.
1767 278 1836 309 124.
1859 277 1946 319 Sp.):
1983 279 2047 310 Vas

94 327 250 367 aquarium
272 331 379 354 vocant
396 323 497 364 futum
520 335 577 364 quo
600 324 630 352 in
653 322 784 352 triclinio
815 321 941 351 allatam
970 331 1079 360 aquam
1108 320 1321 360 infundebant,
1361 333 1418 363 quo
1444 330 1547 363 postea
1576 322 1700 351 accessit
1729 331 1821 350 nanus
1848 331 1915 350 cum
1940 332 2048 361 graeco

95 370 226 405 nomine,
249 375 276 396 et
297 378 362 396 cum
386 365 480 396 latino
503 367 618 395 nomine
637 376 747 404 graeca
759 366 864 405 figura
888 361 1036 392 barbatus.
1071 363 1113 391 Ab
1137 373 1169 392 eo
1193 365 1370 403 pumiliones
1393 367 1465 394 nani
1487 365 1572 401 dicti,
1597 368 1631 392 ut
1654 363 1694 392 ait
1714 363 1833 392 Paulus.
1865 364 1923 393 Sed
1945 369 2050 393 contra

95 416 153 449 est,
185 421 251 440 nam
274 420 290 437 a
314 409 412 446 nanis,
443 409 473 437 id
498 414 542 438 est
564 408 796 448 pumilionibus,
828 417 880 436 vas
902 407 1060 444 aquarium
1082 406 1154 434 nani
1174 417 1283 436 nomen
1307 408 1431 446 accepit.
1476 408 1510 436 Id
1533 407 1645 436 indicat
1666 406 1743 435 insra
1766 406 1879 436 Festus.
1920 406 2050 436 Pumilio

94 463 233 493 graecum
257 461 375 491 quoque
398 456 441 480 est
463 452 657 491 πυγμαλίων,
680 451 758 480 idem
782 450 860 479 enim
883 459 917 477 ac
939 451 1105 489 πυγμαῖος,
1136 454 1169 477 ut
1190 460 1206 477 a
1229 450 1305 478 simo
1329 451 1473 489 σιμαλίων
1496 454 1524 478 et
1547 449 1664 478 similia.
1687 448 1773 478 Dac.
1820 471 1962 479 .....
1986 450 2051 479 iio—

95 508 169 526 nem.
216 496 303 524 Deest
326 494 454 533 spatium
476 493 512 522 ad
536 494 650 531 integra
673 493 750 521 Festi
773 493 864 522 verba
888 491 1030 530 capienda
1055 502 1128 529 quae
1151 491 1237 520 etiam
1260 493 1290 521 in
1316 493 1432 521 schedis
1461 493 1594 521 confusa.
1638 492 1730 528 Lege:
1766 490 1849 519 Nani
1875 490 2052 531 pumiliones

95 537 303 579 appellantur5
326 536 367 565 acl
389 537 580 565 imitationem
604 534 747 565 eiusmodi
769 535 934 571 hominum,
958 544 1067 562 nanum
1085 532 1190 563 Graeci
1211 545 1265 563 vas
1286 536 1441 575 aquarium
1466 534 1567 564 dicunt
1589 532 1697 563 humile
1718 540 1744 561 et
1767 543 1945 570 concavum,
1970 531 2052 574 quod

94 580 183 620 vulgo
205 586 312 610 vocant
334 577 452 608 situlum
476 577 638 607 barbatum.
671 579 783 607 Gloss.:
805 576 971 613 Barbatus,
997 574 1124 614 νάννος,
1148 574 1180 607 τὸ
1205 579 1319 614 σκεῦος.
1344 577 1431 607 Dae.
1463 578 1594 606 Glossis:
1616 573 1808 612 Armanas,
1831 573 1917 616 ἅγιον
1940 575 2052 617 ἱερέως,

96 625 222 660 σκεῦος,
246 619 412 661 κειμήλιον.
448 619 634 652 Pomiliones.
673 621 859 650 Pumiliones.
908 617 1011 648 Goth.

261 663 393 693 Necem
417 664 647 703 suspicatur.
689 663 797 693 Necem
820 662 987 701 suspicatur
1006 659 1129 689 Verrius
1150 671 1169 689 a
1188 672 1296 700 graeco
1321 659 1456 699 ductum,
1480 672 1548 691 nam
1572 659 1620 690 illi
1642 660 1748 698 νέκυν,
1771 667 1917 690 mortuum
1940 658 2053 697 dicum,

95 705 172 736 unde
193 717 247 736 nos
270 707 334 735 neci
355 705 474 742 datum,
496 704 530 734 id
550 713 591 734 est
616 707 712 735 morti.
749 705 829 734 Nihil
852 704 979 743 amplius
1002 703 1094 732 deest.
1139 703 1229 734 Dac.

260 748 399 778 Nivem.
443 748 546 777 Nivem
572 747 693 777 Verrius
716 749 921 788 interpretatur
944 757 1049 776 novum
1072 757 1113 774 ex
1138 744 1252 775 Graeco
1275 746 1326 787 qui
1349 744 1382 774 id
1405 745 1476 776 νέον
1498 744 1600 775 dicunt
1622 743 1657 774 N
1676 766 1816 774 .....
1840 744 1990 783 significat
2012 741 2053 772 da

201 814 207 821 .
238 791 282 820 Ila
304 790 441 821 schedae.
486 790 545 819 Sed
567 790 623 819 ista
646 789 682 819 N
701 813 842 821 .....
866 790 1015 829 significat
1036 787 1076 816 da
1101 809 1108 818 .
1135 811 1142 818 .
1169 811 1176 818 .
1203 811 1210 818 .
1235 793 1295 817 tam
1318 788 1379 817 huc
1401 798 1459 817 non
1483 788 1632 827 pertinere
1654 791 1768 816 certum
1792 791 1851 822 est,
1881 796 1970 823 quam
1993 796 2053 825 quo

95 834 266 874 pertineant
286 833 445 865 incertum.
489 834 565 862 Puto
587 838 686 862 tamen
710 833 826 862 divulsa
850 832 886 861 ab
909 842 942 860 eo
966 831 1064 871 capite
1087 831 1136 860 ubi
1160 831 1197 860 de
1226 829 1384 860 noctiluca.
1430 831 1487 859 Sed
1512 840 1566 858 cur
1583 841 1598 858 a
1615 829 1684 860 νέον
1707 829 1796 866 nivis,
1819 827 1902 858 nix?
1923 830 1968 857 An
1985 828 2055 866 quia

96 882 159 906 tum
181 881 297 905 tantum
319 876 440 906 nix-est
462 876 533 905 dum
556 885 633 905 nova
658 881 716 912 est,
741 886 836 915 neque
858 877 890 904 in
914 874 1059 913 liquorem
1082 874 1238 903 resoluta?
1267 874 1379 911 Nugae.
1417 873 1476 902 Nix
1498 877 1541 901 est
1564 873 1600 901 ab
1624 872 1757 901 obsoleto
1780 871 1853 910 νίψ,
1876 869 1983 909 νιφός;
2006 871 2055 899 vel

96 930 113 948 a
135 920 240 957 ninaei,
264 924 296 948 ut
319 929 335 948 a
359 918 453 955 dumi,
476 917 553 949 dux.
588 919 642 948 Iul.
666 918 797 957 Scaliger
818 917 939 948 volebat
962 927 1023 946 esse
1045 927 1099 956 per
1121 926 1274 956 syncopen
1297 926 1335 945 ex
1358 916 1442 946 nivis.
1474 915 1557 944 Nivis
1581 920 1676 944 autem
1700 926 1716 944 a
1739 914 1856 954 ninguis
1878 923 1938 952 quo
1960 913 2055 943 utitur

95 961 216 991 Luci-et.
238 962 308 999 (VI,
331 964 402 994 736.
426 961 522 999 964).
567 961 659 991 Dac-

260 1003 502 1044 Nequinates.
521 1014 523 1017 ’
548 1003 598 1033 Ait
620 1003 800 1043 Nequinates
822 1003 908 1044 prius
930 1007 1069 1040 vocatos,
1100 1001 1151 1042 qui
1174 1005 1276 1041 postea
1300 1001 1476 1030 Narnienses
1498 1000 1572 1029 dicti
1594 1004 1680 1036 sunt,
1709 999 1841 1038 expulsis
1864 998 1978 1028 colonis
1999 1008 2055 1028 ve·-

94 1046 218 1076 teribus.
263 1047 376 1075 Plinius
400 1046 475 1086 (111,
501 1045 583 1086 14.):
619 1045 812 1075 Narnienses:
842 1044 923 1087 quod
945 1044 1084 1086 oppidum
1108 1053 1195 1074 antea
1218 1044 1384 1084 Nequinum
1406 1050 1544 1073 vocatum
1567 1050 1617 1071 est.
1650 1041 1751 1072 Scal.
1796 1041 1943 1080 Nequini,
1974 1041 2056 1080 quod

95 1093 199 1129 postea
218 1089 348 1126 Nannia‚
372 1089 505 1118 meminit
524 1089 600 1118 Plin.
624 1088 656 1128 (l.
676 1088 729 1127 c.):
752 1088 948 1119 Narnienses.-
971 1087 1111 1127 oppidum
1133 1095 1219 1117 antea
1243 1086 1409 1127 Nequinum
1431 1093 1567 1115 vocatum
1591 1092 1650 1124 σείς
1672 1090 1700 1114 et
1723 1085 1784 1112 Liv.
1808 1084 1857 1112 lib.
1871 1085 1908 1112 X.
1932 1094 1997 1123 cap.
2010 1085 2056 1114 9.:

95 1131 185 1162 Alter
212 1130 317 1161 consul
345 1130 492 1171 Apuleius
520 1132 551 1160 in
585 1130 707 1160 Umbria
739 1131 905 1171 Nequinum
934 1129 1074 1170 oppidum
1103 1127 1298 1160 circumsedit.
1351 1128 1453 1158 Locus
1483 1135 1545 1156 erat
1575 1126 1686 1156 arduus
1715 1134 1801 1167 atque
1826 1127 1857 1155 in
1883 1133 1969 1166 parte
1997 1136 2057 1155 una

92 1185 249 1214 praeceps,
276 1173 327 1203 ubi
349 1181 434 1203 nunc*
448 1173 564 1202 Narnia
587 1174 645 1202 sita
668 1181 717 1203 est.
762 1174 800 1202 Et
820 1173 912 1213 paulo
936 1178 1022 1212 post:
1051 1172 1098 1202 Ita
1121 1172 1288 1213 Nequinum
1308 1172 1339 1201 in
1362 1170 1502 1201 ditionem
1521 1168 1627 1211 populi
1647 1168 1781 1199 Romam·
1801 1169 1885 1200 venit.
1933 1166 2058 1198 Colonia

94 1228 126 1247 eo
150 1215 288 1246 adversus
316 1215 444 1246 Umbras
464 1216 555 1245 missa
578 1217 739 1256 aflumine
760 1215 878 1245 Narnia
900 1214 1059 1255 appellata.
1105 1215 1195 1244 Dae.

259 1257 384 1287 Noven
395 1257 527 1288 diales.
573 1259 674 1287 Livius
702 1256 754 1299 (I,
777 1257 848 1298 31.)
877 1258 983 1288 scribit
1012 1258 1137 1287 devictis
1161 1256 1280 1286 Sabinis
1303 1267 1319 1284 a
1342 1255 1431 1284 Tullo
1462 1254 1590 1284 Hostilio
1621 1264 1706 1293 rege,
1747 1253 1911 1283 nuntiatum
1940 1263 2000 1281 esse
2026 1252 2059 1281 in

94 1309 193 1332 monte
212 1299 339 1331 Albano
364 1299 516 1340 lapidibus
534 1299 662 1340 pluisse5
699 1301 812 1337 missis,
851 1301 903 1340 qui
931 1299 965 1330 id
993 1299 1122 1330 viderent
1152 1300 1355 1329 renuntiarunt
1383 1297 1500 1327 audisse
1520 1308 1618 1327 vocem
1642 1308 1683 1326 ea:
1704 1295 1788 1333 luco,
1826 1303 1857 1324 ut
1877 1295 1976 1335 patrio
2000 1295 2059 1323 ritu

94 1355 183 1374 sacra
204 1342 324 1374 Albam·
347 1342 492 1384 facerent.
537 1342 685 1372 Romanis
718 1341 893 1372 novendiale
921 1354 1038 1373 sacrum
1067 1342 1186 1383 publice
1213 1349 1394 1381 susceptum,
1431 1352 1480 1369 seu
1508 1351 1578 1369 voce
1607 1338 1724 1369 coelesti
1751 1349 1791 1368 ex
1812 1337 1938 1368 Albano
1962 1343 2060 1366 monte

93 1388 201 1424 missa,
231 1386 469 1425 seu‘aruspicum
492 1386 620 1424 monitu3
654 1386 795 1414 mansisse
815 1383 958 1423 solemne,
981 1393 1012 1414 ut
1035 1385 1271 1426 quandocunque
1292 1383 1368 1413 idem
1388 1382 1559 1423 prodigium
1584 1383 1782 1417 nuntiaretur,
1808 1380 1909 1422 seriae
1928 1391 1980 1419 per
2003 1390 2060 1408 no·-

93 1440 155 1459 t‘em
179 1427 240 1458 dies
262 1435 424 1468 agerentur.
469 1428 513 1456 Ex
542 1427 589 1457 his
617 1429 717 1457 verbis
748 1429 876 1456 maxima
900 1439 970 1467 pars
994 1429 1154 1458 verborum
1177 1429 1254 1456 Festi
1276 1427 1402 1466 intelligi
1425 1430 1539 1464 potest3
1577 1425 1721 1464 postremi
1746 1423 1885 1451 versiculi
1910 1422 2059 1460 interpre-

94 1477 153 1502 tem
174 1470 357 1500 desiderant.
403 1470 488 1499 Adde
510 1471 628 1500 Livium
651 1471 701 1500 lib.
714 1471 883 1500 XXXVIII.
908 1470 1028 1509 (XXX,
1051 1470 1129 1510 38.).
1154 1471 1245 1501 Ant.
1264 1469 1357 1509 Aug.
1405 1467 1606 1497 Glossarium:
1637 1464 1852 1501 Novendialia,
1883 1465 1989 1495 ἕννατα
2012 1463 2060 1495 ἐπὶ

93 1516 206 1554 νεκροῦ
229 1511 372 1554 ἀγόμενα.
404 1511 505 1542 Scal.
550 1513 752 1542 Novendiales
783 1513 875 1541 feriae
899 1518 929 1543 et
951 1513 1140 1543 novendialia
1166 1523 1248 1542 sacra
1273 1512 1435 1551 dupliciter
1457 1522 1472 1539 a
1494 1511 1635 1539 Romanis
1660 1514 1723 1538 acta
1747 1509 1837 1538 fuere.
1882 1508 1945 1535 Uno
1967 1506 2058 1535 modo

94 1567 164 1587 cum
187 1556 337 1585 defunctis
359 1565 439 1584 nono
462 1555 511 1584 die
534 1565 623 1594 quam
647 1555 761 1585 mortui
782 1556 920 1592 fuerant,
958 1556 1171 1594 parentabant:
1209 1555 1303 1583 altero
1332 1564 1399 1582 cum
1422 1553 1594 1592 prodigium
1618 1552 1743 1591 aliquod
1766 1550 1937 1585 accidisset,
1977 1548 2060 1588 quod

94 1609 150 1640 per
171 1608 280 1628 novem
304 1598 463 1626 continuos
486 1598 566 1634 dies,
596 1608 698 1633 sacro,
729 1597 810 1635 quod
834 1597 903 1626 inde
925 1598 1102 1628 novendiale
1125 1597 1295 1633 dicebatur,
1319 1597 1455 1625 solebant
1478 1596 1609 1634 expiare.
1657 1596 1696 1624 De
1720 1604 1778 1633 quo
1801 1593 1851 1621 hic
1874 1591 1951 1621 Festi
1973 1592 2060 1621 locus

94 1641 305 1680 accipiendus5
329 1640 416 1668 cuius
438 1640 529 1668 verba
552 1640 648 1668 lucem
672 1640 820 1679 accipient
843 1650 878 1668 ex
902 1641 1002 1669 verbis
1019 1641 1108 1676 Livii,
1133 1640 1185 1679 qui
1209 1640 1272 1668 fuse
1295 1638 1449 1668 historiam
1475 1643 1583 1668 narrat.
1615 1637 1695 1666 Illud
1719 1637 1788 1666 vide
1802 1636 1851 1664 lib.
1866 1635 1896 1672 I,
1921 1640 1992 1665 sect.
2004 1636 2057 1666 31.

94 1684 130 1713 In
151 1683 230 1720 illis,
259 1683 350 1711 missa
373 1689 472 1711 cratea
491 1693 564 1721 pene
581 1681 737 1723 funditus,
763 1682 910 1712 rescribe:
940 1684 1051 1712 amissa
1074 1683 1193 1713 civitate
1214 1693 1251 1711 ac
1272 1693 1344 1721 pene
1359 1679 1501 1723 funditus
1525 1679 1628 1711 deleta.
1654 1679 1743 1709 Dac.
1781 1678 1859 1715 Quid
1884 1677 1974 1714 velit,
1998 1687 2058 1705 non

96 1726 257 1755 obscurum
280 1729 340 1760 est,
364 1734 459 1763 usque
482 1724 520 1753 ad
541 1725 591 1753 illa
614 1725 723 1762 verba,
751 1736 826 1765 quae
847 1725 936 1754 missa
959 1732 1049 1755 crate.
1093 1726 1219 1754 Videtur
1240 1725 1301 1753 illis
1325 1723 1505 1752 novendiale
1529 1733 1647 1752 sacrum
1671 1723 1797 1758 sactum,
1829 1730 1903 1760 quos
1926 1719 2058 1758 Tarqui-

95 1769 162 1798 nius
185 1768 241 1797 sub
263 1771 345 1796 crate
368 1767 546 1803 necavisset,
576 1767 614 1796 de
635 1778 696 1806 quo
719 1768 788 1796 vide
812 1767 939 1796 Livium.
969 1767 1070 1799 Scal.
1114 1767 1148 1797 N
1167 1789 1174 1796 .
1198 1790 1204 1797 .
1228 1789 1234 1796 .
1258 1788 1265 1796 .
1289 1765 1435 1795 dicuntur,
1474 1765 1681 1804 Supplendum
1704 1764 1858 1793 existimo:
1888 1773 1981 1791 novae
2003 1760 2058 1790 di-

95 1818 202 1841 cuntur
221 1815 279 1840 etc.
323 1809 401 1838 Dicit
425 1809 566 1849 quasdam
590 1809 743 1839 machinas
766 1810 904 1839 inventas
928 1821 943 1839 a
967 1811 1125 1847 Marcello,
1164 1815 1196 1839 ut
1220 1811 1386 1848 Syracusae
1409 1808 1528 1836 facilius
1551 1812 1805 1847 expugnarentur.
1835 1805 1924 1835 Dae.
1969 1804 2055 1833 Adde

95 1863 172 1893 quae
194 1853 257 1883 dixi
280 1852 318 1881 da
339 1852 520 1881 Novendiali
542 1863 628 1882 sacro
650 1853 687 1881 ad
711 1853 824 1882 Novell.
843 1854 913 1885 115.
938 1856 1005 1886 c.5.
1031 1858 1058 1883 et
1081 1853 1117 1882 ad
1140 1853 1256 1882 Novell.
1275 1853 1343 1883 133.
1378 1850 1476 1880 IlIore.
1512 1850 1620 1881 Monte.
1668 1848 1772 1879 Goth.

258 1893 429 1924 Navalis.
475 1895 598 1924 Navalis
628 1900 714 1934 porta
745 1896 875 1934 regionis
901 1896 1033 1925 decimae
1057 1901 1178 1935 quartae
1202 1907 1217 1924 a
1241 1894 1391 1924 navalium
1415 1893 1525 1922 vicinia
1549 1893 1706 1932 appellata.
1738 1889 1835 1921 Scal.
1878 1890 1911 1918 In
1933 1887 2054 1926 regione

94 1938 174 1968 XlV.
195 1942 278 1967 trans
301 1937 447 1974 Tiberim,
470 1937 573 1967 eadem
593 1939 767 1977 portuensis.
811 1939 897 1968 Nunc
917 1946 1007 1979 porta
1029 1940 1112 1979 ripae
1133 1939 1181 1968 vel
1203 1938 1335 1974 vinaria,
1367 1936 1450 1976 quod
1474 1940 1561 1965 extra
1583 1945 1648 1965 eam
1670 1935 1740 1964 vina
1762 1938 1882 1964 externa
1890 1930 1905 1970 ‚'
1922 1931 2053 1960 maxime

93 1987 192 2010 tamen
215 1981 365 2019 Compana
388 1985 418 2009 et
440 1981 534 2010 Tusca
555 1981 734 2011 vendantur.
778 1980 868 2011 Dae.

259 2022 456 2052 Nonarum.
500 2023 581 2052 Haeo
610 2028 695 2053 erant
725 2033 764 2052 ex
792 2023 872 2052 libro
888 2023 935 2052 IV.
967 2023 1063 2052 Verrii
1093 2023 1130 2052 de
1161 2022 1323 2052 verborum
1353 2020 1584 2059 significatione,
1624 2025 1659 2049 ut
1681 2017 1795 2048 Gellius
1823 2015 1927 2045 scribit
1949 2015 2000 2044 lib.
2014 2014 2050 2045 V.

94 2075 159 2105 cap.
175 2067 223 2097 13.
258 2065 412 2094 Videndus
435 2065 522 2095 etiam
539 2066 639 2095 Livius
661 2066 712 2096 lib.
727 2066 782 2103 VI,
806 2069 846 2102 (c.
862 2069 902 2101 1.)
925 2066 1014 2095 Ovid.
1028 2066 1050 2095 Ι.
1067 2066 1180 2096 Fastor.
1198 2066 1240 2102 (v.
1255 2066 1306 2096 57.
1320 2066 1402 2103 seq.)‚
1427 2062 1579 2093 Plutarch.
1602 2063 1634 2092 in
1658 2061 1802 2102 problem.
1826 2059 1955 2097 (quaest.
1972 2058 2051 2095 25),

95 2108 225 2138 Maca-ob.
247 2107 299 2136 lib.
315 2108 336 2136 1.
359 2110 478 2137 Saturn.
500 2108 588 2138 Ant.
611 2109 705 2148 Aug.
745 2108 774 2139 L.
794 2119 833 2139 m.
859 2108 949 2137 habet
972 2109 1070 2149 nuptis
1092 2119 1147 2148 pru
1171 2108 1289 2147 nuptiis.
1326 2107 1403 2135 Vide
1426 2106 1557 2136 Macrob.
1579 2105 1630 2134 lib.
1641 2105 1664 2135 l.
1687 2113 1754 2142 cap.
1769 2101 1819 2135 15.
1844 2099 1944 2130 Fulv.
1971 2100 2050 2129 Urs.

95 2151 180 2180 Deest
202 2151 297 2189 prima
319 2150 396 2179 linea
417 2156 446 2180 et
469 2151 565 2190 spatia
588 2153 759 2189 angustiora
782 2151 886 2180 relicta
908 2157 992 2187 sunt,
1017 2161 1106 2189 quam
1130 2155 1275 2190 quantum
1298 2150 1368 2178 satis
1391 2149 1446 2186 sit,
1476 2150 1514 2178 ad
1537 2159 1570 2178 ea
1593 2146 1755 2187 capienda,
1780 2154 1855 2184 quae
1877 2143 2050 2173 desideran-

92 2198 152 2223 tur.
196 2193 240 2222 lta
262 2193 354 2231 igitur
373 2193 528 2233 suppleto:
552 2193 725 2230 Nonarum,
748 2192 872 2230 Iduum,
894 2192 1099 2223 Kalendarum
1120 2191 1279 2234 postridie,
1304 2193 1371 2220 item
1394 2199 1462 2221 ante
1480 2190 1538 2221 IV.
1559 2188 1732 2226 Kalendas,
1754 2187 1876 2224 Nonas,
1899 2185 1972 2215 Idus
1993 2195 2048 2213 no-

92 2247 147 2265 vae
167 2243 276 2275 nuptae
297 2243 409 2275 tempus·
431 2243 528 2265 atrum
555 2235 727 2265 inluciscere
755 2234 939 2264 observatum
969 2243 1027 2271 est,
1061 2237 1201 2277 quoniam
1228 2236 1287 2263 atri
1308 2234 1340 2263 hi
1362 2233 1423 2263 dies
1444 2246 1503 2263 ease
1524 2231 1649 2262 iudicati
1669 2238 1752 2269 sunt,
1787 2228 1902 2259 decreto
1922 2226 2046 2268 pontifi-

93 2289 179 2317 cumg
200 2277 282 2318 quod
304 2279 531 2319 quotiescunque
555 2277 685 2308 Romani
707 2277 795 2307 duces
817 2277 888 2308 belli
906 2277 1028 2318 gerendi
1046 2280 1146 2318 gratia
1167 2277 1212 2307 his
1234 2276 1334 2306 diebus
1356 2275 1592 2316 supplicauerunt
1613 2273 1690 2304 male
1712 2284 1800 2313 remp.
1820 2282 1937 2312 gessere.
1972 2267 2044 2296 Vide

94 2321 225 2350 Gellium
256 2321 306 2351 lib.
322 2319 354 2349 V.
379 2331 443 2360 cap.
457 2323 506 2353 13.
538 2326 566 2349 et
595 2320 725 2351 Macrob.
748 2320 831 2351 lib.I.
854 2322 1001 2350 Saturnal.
1031 2320 1134 2351 Scal.
1178 2320 1307 2349 Macrob.
1330 2320 1382 2348 lib.
1395 2319 1417 2349 l.
1439 2318 1603 2348 SaturnaL:
1640 2317 1687 2346 Ne
1712 2316 1769 2346 Ιιοο
1793 2310 2042 2355 praetermiserim,

92 2362 174 2404 quod
202 2364 312 2401 nuptiis
341 2362 518 2403 copulandis
540 2362 711 2400 Kalendae,
747 2362 867 2400 Nonas,
905 2371 931 2392 et
955 2363 1027 2392 Idus
1056 2363 1226 2403 religiosas,
1262 2361 1294 2390 id
1323 2369 1364 2391 est
1399 2360 1551 2391 evitandas
1582 2366 1761 2390 censuerunt.
1805 2354 1851 2385 Hi
1878 2354 1952 2382 enlm
1981 2350 2042 2380 die-⁹

91 2413 206 2446 praeter
227 2405 334 2435 Nonas
346 2405 456 2447 feriati
476 2413 560 2445 sunt‚-
576 2405 670 2448 seriis
691 2413 788 2435 autem
809 2406 868 2436 vim
890 2407 1029 2447 cuiquam
1040 2407 1116 2447 fieri
1134 2404 1287 2445 piaculare
1309 2412 1367 2443 est,
1395 2402 1461 2434 ideo
1483 2411 1554 2434 tunc
1574 2404 1706 2432 vitantur
1727 2400 1858 2440 nuptiae,
1886 2396 1916 2424 in
1935 2392 2041 2435 quibffl’
