2263 2668
252 123 327 158 324
955 120 1148 155 PHOCAE
1181 119 1496 156 GRAMMATICI

883 214 947 248 De
985 214 1156 248 Genere
1189 218 1230 248 et
1256 214 1581 249 Declinatione
1612 211 1828 250 nominis-¹.

620 213 644 247 S
653 224 674 246 Ε
685 225 705 246 G
716 225 753 246 M.
780 213 824 246 11.
2067 217 2202 266 [1691]

415 287 447 321 l„
501 285 536 319 A
562 286 735 318 terminata
767 287 950 320 masculina
982 291 1056 319 sunt
1090 287 1248 331 propria,
1289 291 1326 319 ut
1351 287 1464 330 Sylla,
1505 287 1652 327 Seneca,
1695 287 1854 328 Catilina,
1893 288 2027 333 Tucca,
2070 287 2203 333 Cotta²,

251 339 424 384 Agrippa,
458 334 594 371 Pansa³.
644 337 760 370 Pauca
786 344 859 370 sunt
883 339 1086 383 appellativa
1112 339 1282 372 masculini
1307 339 1453 382 generiS,
1481 344 1517 371 ut
1536 336 1616 373 hic*
1637 339 1769 380 lanista,
1797 339 1914 380 dama,
1941 341 2050 385 talpa,
2077 339 2202 386 popa⁵,

251 397 366 433 nauta,
399 394 517 433 poeta,
552 388 701 433 collega,
736 400 865 431 scurra,
899 387 998 431 lixa⁶,
1031 388 1187 432 assecla⁷,
1222 391 1348 432 scriba,
1383 388 1560 435 perfugas,
1589 391 1778 435 transfuga,
1805 390 1994 435 homicida,
2020 389 2202 437 paricida⁹,

252 454 339 485 quae
366 441 421 472 alii
449 439 633 474 communis
659 441 789 485 generis
817 453 887 475 esse
914 441 1044 481 dicunt3
1078 446 1110 474 et
1133 442 1208 482 illa,
1243 453 1328 485 quae
1352 452 1371 473 a
1395 442 1504 474 verbis
1531 442 1609 475 colo
1638 447 1670 474 et
1691 443 1798 486 gigno
1826 449 2087 487 componuntur,
2120 456 2202 478 coe-

254 494 371 531 licola,
407 488 626 535 coeligenam,
664 492 830 536 agricola,
866 493 1034 533 silvicola,
1070 493 1253 537 terrigena,
1289 493 1462 536 rurigena,
1498 490 1772 538 serpentigena¹¹.
1825 495 1971 538 Reliqua
1997 496 2202 539 appellativa

254 544 365 577 omnia
392 544 538 576 seminini
565 547 638 575 sunt
664 545 794 588 generis
818 550 850 578 et
871 545 999 589 primae
1020 545 1267 585 declinationis,
1295 550 1329 577 ut
1350 545 1482 577 fortuna
1493 542 1527 585 ¹²,
1555 545 1655 588 sella,
1681 551 1785 586 terra,
1813 557 1911 578 arena
1922 543 1955 587 ¹³,
1983 548 2110 591 carina,
2136 547 2201 580 ha-

253 596 350 630 bena.
403 595 519 628 Neutri
546 595 677 638 generis
705 595 804 628 latina
830 601 903 629 sunt
930 596 1031 630 nulla.
1085 595 1279 629 Communis
1305 596 1435 640 generis
1447 593 1470 613 ¹⁴
1496 595 1582 630 haec
1609 597 1694 629 sota:
1721 597 1849 629 advena
1860 594 1893 638 ¹⁵,
1920 608 2086 638 convena,
2113 598 2202 631 auri-

253 659 316 691 ga,
345 647 498 687 conviva,
525 657 643 687 verna,
677 648 813 680 vernula
824 644 857 680 ¹⁶.
911 648 957 680 Et
980 647 1090 680 omnia
1117 649 1245 691 primae
1272 648 1498 680 declinationis
1526 653 1607 680 sunt.
1660 648 1810 681 Barbara
1835 649 1942 682 neutri
1968 650 2101 695 generis
2131 650 2200 683 duo

254 699 342 733 lecta
369 703 442 731 sunt
470 697 562 742 apud
590 698 782 731 Sallustium
810 699 944 732 nomina
970 699 1162 732 fluviorum:
1195 700 1263 733 hoc
1290 699 1473 740 Molucha,
1500 699 1568 733 hoc
1593 699 1708 732 Turia.

420 765 454 799 2.
506 765 542 798 E
567 766 659 799 finita
692 766 798 800 neutri
829 767 961 813 generis
994 772 1067 800 sunt
1100 768 1210 801 omnia
1244 772 1276 801 et
1302 767 1417 801 tertiae
1445 768 1694 813 declinationis,
1741 772 1777 801 ut
1802 767 1871 802 hoc
1897 767 2021 811 sedile,
2065 768 2199 810 monile,

256 813 390 850 maren.

421 884 455 918 3.
513 885 546 919 O
570 886 743 919 terminata
774 887 892 920 tertiae
925 887 1153 921 declinationis
1187 891 1260 919 sunt
1294 887 1423 929 omnia,
1466 887 1524 920 sed
1552 887 1672 921 diversi
1697 887 1837 932 generis.
1896 888 1982 920 Nam
2009 899 2095 931 quae
2121 888 2153 920 in
2180 899 2200 921 ο

254 946 373 979 puram
401 936 569 979 desinunt,
605 949 624 971 e
648 939 758 971 vocali
786 939 993 982 praeposita,
1028 939 1199 972 masculini
1225 940 1355 983 generis
1381 944 1469 980 sunt,
1505 943 1540 972 ut
1566 951 1676 984 ganeo
1688 936 1721 981 ¹⁸,
1757 939 1849 980 aleo,
1881 938 1997 980 labeo,
2024 950 2110 982 quae
2136 950 2198 972 no-

254 987 445 1021 minativum
473 994 505 1021 et
531 990 717 1022 vocativum
751 991 858 1023 solum
887 990 1020 1024 habent.
1081 990 1177 1031 Quae
1204 990 1216 1022 ἱ
1240 996 1315 1023 ante
1342 1002 1361 1024 o
1388 991 1532 1031 habent,
1573 996 1629 1024 aut
1663 991 1800 1034 propria
1835 990 2006 1024 masculini
2037 996 2109 1023 sunt
2135 1002 2200 1035 ge-

254 1038 358 1079 neris,
386 1045 421 1072 ut
448 1040 568 1081 Curio,
594 1041 728 1085 Scipio;
755 1047 811 1074 aut
837 1053 960 1086 corpus
986 1042 1122 1084 quidem
1149 1042 1367 1086 significantia
1393 1043 1524 1087 generis
1551 1042 1722 1075 masculini
1748 1046 1838 1082 sunt,
1865 1047 1900 1074 ut
1927 1041 2035 1074 stellio
2047 1038 2082 1084 ¹⁹,
2109 1043 2198 1084 unio,

254 1088 388 1132 histrio,
416 1093 583 1133 centurio,
609 1093 769 1137 gurgulio
780 1089 816 1133 ²⁰,
844 1094 1032 1136 quaternio,
1060 1094 1169 1134 senio,
1197 1094 1318 1131 mutim
1345 1099 1378 1126 et
1405 1094 1514 1127 omnia
1539 1105 1558 1126 o
1581 1094 1722 1126 litteram
1747 1094 1779 1125 in
1803 1093 1945 1136 obliquis
1966 1093 2096 1128 casibus
2116 1104 2198 1137 pro-

253 1140 390 1175 ductam
417 1148 561 1182 servant;
588 1150 729 1188 excepto
758 1156 840 1185 uno,
869 1145 954 1177 Anio
983 1145 1123 1188 (flumen
1147 1149 1194 1177 est
1214 1145 1344 1189 ltaliae)
1355 1142 1391 1187 ²¹,
1423 1145 1516 1189 quod
1537 1146 1671 1178 Anienis
1694 1145 1782 1178 facit.
1835 1145 1924 1177 Rem
1951 1150 2061 1178 autem
2087 1145 2198 1179 incor-

255 1194 407 1238 poralem
434 1195 651 1239 significantia
677 1196 839 1240 pleraque
862 1208 880 1228 a
902 1197 1010 1229 verbis
1036 1197 1288 1237 transferuntur,
1316 1203 1349 1229 et
1376 1203 1450 1230 sunt
1475 1198 1606 1241 generis
1633 1197 1798 1237 feminini,
1826 1201 1862 1229 ut
1885 1196 1971 1230 haec
1994 1196 2094 1239 ratio,
2121 1208 2198 1229 ora-

255 1245 303 1276 tio
315 1242 350 1286 ²²,
385 1246 491 1287 actio,
528 1247 640 1289 statio,
677 1248 794 1290 lectio,
831 1252 862 1280 et
889 1247 974 1282 haec
1000 1248 1145 1281 similiter
1171 1249 1304 1281 nomina
1330 1259 1392 1292 per
1418 1260 1531 1282 omnes
1558 1259 1651 1281 casus
1674 1259 1694 1281 ο
1714 1248 1906 1292 producunt
1930 1252 2065 1292 praeter
2089 1248 2197 1282 nomi-

341 1374 370 1410 1)
394 1374 551 1415 Inscriptio
569 1378 613 1405 De
624 1388 728 1415 genere
743 1383 769 1405 et
781 1379 994 1406 Declinatione
1008 1379 1140 1406 nominis
1153 1378 1206 1407 de-

257 1420 299 1444 est
317 1416 347 1444 in
364 1417 435 1446 Cod.
453 1419 508 1447 Gu.
526 1420 596 1448 Ven.
612 1422 678 1448 Asc.
722 1421 753 1448 ln
771 1421 841 1449 Cod.
859 1421 915 1449 Gu.
931 1431 979 1449 vv.
1002 1422 1172 1449 qiu-minata
1188 1432 1207 1449 a

258 1458 340 1487 tituli
362 1460 457 1489 instar
478 1463 679 1501 superscripta
701 1468 770 1491 sunt
792 1468 822 1491 et
838 1464 935 1492 littera
955 1464 1033 1501 picta
1049 1464 1207 1503 incipiunt.

258 1500 332 1529 Tum
350 1513 451 1532 versus
465 1505 514 1542 qui
529 1505 662 1542 sequitur
676 1505 781 1543 incipit
795 1517 810 1533 a
824 1506 922 1534 verbis
938 1507 1111 1534 masculina
1125 1512 1206 1534 sunt.

255 1559 298 1565 —-
320 1544 350 1581 2)
369 1545 471 1573 Tucca
491 1548 593 1584 Quota
611 1548 665 1578 Gu.
699 1548 804 1584 Cotta,
835 1549 934 1576 Tuom
948 1548 1019 1577 Ven.
1039 1550 1102 1578 Asc.
1121 1550 1149 1578 P.
1164 1565 1205 1569 —

254 1589 284 1621 3)
308 1588 415 1615 Pansa
436 1588 517 1617 deest
541 1589 571 1617 in
591 1590 646 1619 Gn.
674 1590 846 1628 absorptum
868 1601 883 1618 a
900 1601 958 1628 seq.
975 1602 1089 1629 pauca.
1113 1608 1154 1612 —
1175 1589 1204 1629 4)

256 1629 319 1656 Jlie
336 1630 454 1658 lani-sm
471 1632 579 1660 omisso
603 1638 637 1659 ιιι
652 1633 707 1660 Gu.
751 1633 833 1660 Idem
850 1633 920 1661 cod.
936 1634 1047 1662 omittit
1068 1634 1118 1661 hic
1138 1638 1205 1661 ante

258 1674 491 1711 unumquodque
510 1684 588 1712 seqq.
604 1674 778 1711 substantt.,
801 1675 851 1703 ubi
874 1680 1015 1714 repetunt
1038 1686 1205 1715 pronomen

259 1712 330 1741 Ven.
346 1715 411 1745 Asc.
426 1716 458 1745 Ρ.
481 1733 522 1738 -
544 1716 573 1757 5)
589 1719 693 1755 Papa
711 1718 766 1746 Gu.
805 1718 939 1746 Ceterum
958 1719 1030 1746 ordo
1047 1719 1205 1747 verborum

259 1753 290 1781 in
301 1756 354 1785 (αὐ,
366 1757 413 1786 hic
427 1763 482 1786 est:
507 1759 637 1795 lanista,
662 1759 771 1797 duma,
795 1761 881 1798 talpa
899 1758 987 1801 (bis),
1000 1772 1101 1799 papa,
1124 1772 1205 1789 ιιαιι-

259 1801 301 1830 m,
320 1805 417 1836 poeta,
441 1801 518 1836 coll.‚
537 1804 685 1840 petsltsga,
709 1804 890 1842 transfuga,
914 1814 1039 1839 scurra,
1058 1804 1132 1841 lixa,
1155 1815 1206 1831 as-

260 1839 353 1875 secla,
377 1842 470 1879 hom„
488 1844 649 1881 pariez'da,
672 1845 780 1875 scriba.
804 1862 845 1867 —
868 1849 894 1879 6)
909 1847 1004 1873 Lissa
1020 1846 1092 1874 Ven.
1113 1863 1154 1868 —
1176 1850 1203 1881 7)

262 1880 366 1908 Asvlla
389 1885 454 1914 Asc.
476 1887 575 1914 (is-sela
597 1887 668 1915 Ven.
697 1904 738 1909 ·—
766 1886 795 1928 8)
818 1890 961 1926 Profuga
983 1889 1057 1918 Ven.
1075 1889 1141 1917 Asc.
1163 1904 1205 1910 ·—-

259 1920 288 1962 9)
314 1924 481 1954 l’artctda
500 1935 578 1957 recte
596 1930 651 1958 Gu.
668 1930 737 1958 Ven.
764 1930 929 1968 parricida
944 1931 1009 1961 Asc.
1024 1932 1055 1962 P.
1100 1931 1204 1959 Statim

259 1969 327 2003 post
348 1977 423 2003 qliae
443 1979 546 2000 comm.
561 1983 628 2008 gen.
646 1984 705 2000 esse
727 1972 874 2001 dicantur
890 1974 960 2002 Cod.
976 1975 1032 2002 Gu.
1048 1973 1126 2002 haud
1143 1974 1205 2001 scio

260 2017 296 2034 an
312 2013 400 2054 recte.
425 2026 464 2031 -—
490 2012 534 2049 10)
558 2014 610 2042 Vv.
625 2020 657 2042 ut
674 2015 724 2042 liic
741 2021 767 2043 et
782 2016 856 2043 llaec
870 2020 936 2044 ante
953 2016 1095 2044 coelicola
1111 2016 1206 2044 inter-

261 2054 358 2097 posita
375 2062 390 2078 a
408 2051 477 2081 Ven.
495 2053 558 2082 Asc.
575 2055 603 2083 Ρ,
626 2057 731 2085 absunt
749 2069 763 2085 a
780 2059 851 2088 Cud.
869 2060 924 2087 Gu.
969 2059 1039 2087 Voc.
1054 2059 1206 2097 coeligena

260 2091 393 2120 additum
416 2103 430 2121 e
453 2095 507 2122 Gu.
536 2112 577 2118 —-
605 2097 648 2134 11)
673 2101 882 2137 Serpmtzgena
903 2101 1036 2129 additum
1054 2112 1069 2129 e
1085 2102 1140 2129 Gu.
1162 2117 1204 2122 --

262 2136 305 2167 12)
321 2135 430 2163 Schola
447 2146 500 2174 pro
517 2139 591 2165 Sella
608 2138 679 2168 Ven.
695 2143 759 2173 Asc,
775 2143 923 2172 exhibent.
944 2160 986 2165 —
1010 2144 1055 2181 13)
1075 2146 1204 2171 Harena

261 2176 417 2223 Paccii-itia
433 2190 525 2206 arena
542 2179 598 2208 hoc
612 2182 675 2210 ord.
690 2184 744 2210 (ἆυ.
767 2201 808 2206 -
835 2188 875 2219 14)
896 2187 1019 2213 Generis
1033 2186 1203 2214 addendum

261 2220 317 2247 fult
333 2229 369 2247 ex
386 2222 440 2248 Gu.
456 2221 528 2251 Ven.
546 2224 613 2251 Asc.
635 2238 677 2245 ·—
702 2224 744 2262 15)
767 2228 851 2254 Ilaec
866 2229 947 2264 sola,
974 2229 1037 2256 liic
1057 2234 1090 2256 et
1112 2228 1203 2256 llaec

253 2260 505 2301 pedissequa,
534 2264 650 2292 advena
671 2266 741 2294 Vt’n.
755 2268 784 2296 P.
829 2270 918 2298 Recte
937 2281 985 2299 vv.
1007 2271 1057 2298 hie
1080 2276 1107 2298 et
1129 2271 1203 2298 haec

253 2303 351 2341 pedis,
371 2316 428 2333 om.
447 2307 509 2334 Asc.
527 2306 580 2334 Gu.
599 2323 640 2328 -—-
664 2310 705 2340 16)
732 2309 949 2339 Deminmivum
974 2314 1099 2341 vernula
1117 2313 1202 2341 addi-

259 2352 321 2374 tum
337 2348 464 2376 th1.—
480 2348 523 2387 17)
540 2348 652 2385 Sectile,
676 2349 794 2387 sedilis,
817 2353 934 2388 monile,
952 2356 1087 2391 monili-v,
1110 2366 1202 2392 mare,

259 2390 353 2417 mari-9
369 2391 399 2419 P.
445 2391 574 2420 Genitivi
595 2391 702 2421 absunt
723 2403 738 2420 a
757 2394 812 2422 (ἆυ.
828 2394 898 2422 ven.
915 2395 977 2422 Asc.
1023 2396 1098 2425 Ante
1120 2408 1202 2425 mare

1249 1377 1358 1415 legitur
1379 1377 1465 1406 etiam
1486 1384 1589 1406 raete
1609 1377 1678 1417 (sic)
1700 1377 1732 1406 in
1751 1377 1824 1407 Ven.
1842 1377 1907 1409 Asc.
1929 1393 1971 1400 —
2000 1378 2046 1416 18)
2076 1378 2113 1406 Ut
2134 1378 2198 1406 liic

1246 1431 1345 1459 ganeo
1369 1421 1439 1449 Ven.
1455 1420 1520 1449 Asc.
1537 1422 1570 1450 P.
1616 1421 1779 1449 Pronomen
1802 1421 1882 1449 abest
1899 1431 1914 1449 a
1932 1421 1990 1450 Gn.
2012 1437 2056 1443 —
2084 1419 2129 1461 19)
2159 1421 2198 1448 Ut

1249 1464 1314 1491 liic
1335 1464 1431 1490 stellio
1457 1463 1529 1493 Vcn.
1556 1465 1623 1492 Asc.
1646 1464 1676 1493 P.
1721 1464 1890 1491 Pronomen
1913 1474 1971 1493 om.
1993 1464 2048 1492 Gu.
2078 1479 2117 1484 —
2145 1464 2196 1499 20)

1252 1506 1406 1543 Gurgzilio
1424 1506 1479 1535 Gu.
1494 1507 1523 1535 P.
1571 1506 1715 1534 Curculio
1730 1506 1800 1535 Ven.
1814 1506 1880 1534 Asc.
1901 1522 1944 1528 —
1964 1509 2009 1541 21)
2032 1507 2114 1534 Anio
2124 1506 2197 1544 flla-

1249 1559 1313 1576 men
1340 1548 1462 1585 ltaliae,
1494 1549 1557 1576 sine
1581 1548 1671 1586 signis
1693 1548 1893 1586 parenthesis,
1925 1548 1956 1577 P.
2000 1549 2058 1576 Est
2082 1548 2197 1577 addunt

1250 1591 1306 1619 Gu.
1323 1591 1394 1620 Ven.
1411 1591 1476 1620 Asc.
1495 1607 1536 1612 -—
1558 1594 1603 1625 22)
1633 1592 1754 1627 Oratio,
1778 1592 1857 1618 ratio
1874 1591 1945 1621 Ven.
1962 1590 2029 1619 Asc.
2046 1591 2076 1619 P.
2120 1591 2196 1619 Tum

1247 1634 1337 1670 actio,
1351 1635 1450 1669 statio,
1465 1635 1610 1671 portatio,
1624 1634 1731 1671 religio
1749 1634 1779 1663 P.
1793 1633 1863 1663 Ven.
1879 1633 1957 1669 Asc„
1973 1633 2031 1661 nisi
2046 1633 2126 1671 quod
2137 1643 2195 1672 pro

1248 1686 1276 1705 v.
1294 1676 1422 1714 portatio
1438 1676 1468 1703 in
1488 1676 1557 1704 Ven.
1576 1678 1702 1712 oruntio,
1727 1676 1757 1704 in
1775 1676 1841 1706 Asc.
1856 1676 1999 1705 hortatio.
2037 1675 2126 1711 Quod
2143 1675 2196 1703 de-

1249 1718 1362 1755 dimus,
1385 1718 1505 1747 exhibet
1521 1719 1576 1748 Gu.
1592 1735 1627 1739 —
1645 1717 1690 1756 23)
1705 1720 1814 1746 I’osita
1829 1718 1845 1746 l)
1859 1719 2000 1746 litteram
2016 1718 2071 1748 Gu.
2087 1717 2195 1746 omisso

1247 1771 1275 1789 v.
1294 1772 1366 1789 vcro.
1389 1777 1430 1783 -—
1454 1762 1501 1799 24)
1531 1762 1574 1788 Ut
1589 1761 1663 1788 haec
1681 1772 1752 1789 caro
1772 1761 1842 1791 Ven.
1862 1763 1928 1790 ASC.
1945 1761 1977 1789 Ρ.
2021 1760 2194 1789 Genitivum

1248 1805 1350 1831 carnis
1364 1814 1421 1831 om.
1434 1804 1489 1831 Gu.
1504 1820 1545 1824 —-
1557 1807 1604 1839 25)
1618 1804 1757 1842 Aerugo,
1780 1805 1881 1841 imago
1897 1804 1928 1833 P.
1956 1802 2090 1841 Aerugo,
2114 1801 2196 1840 quod

1248 1851 1315 1884 post
1329 1845 1441 1874 hirudo
1453 1846 1546 1882 redit,
1576 1846 1668 1874 altero
1693 1850 1809 1874 tantum
1821 1846 1888 1874 loco
1902 1845 2012 1883 legitur
2027 1845 2058 1874 in
2077 1845 2148 1874 Ven.
2165 1849 2195 1873 et

1248 1890 1330 1924 Asc.3
1356 1899 1476 1927 prorsus
1492 1888 1572 1916 deest
1584 1889 1615 1916 in
1631 1889 1688 1917 Gu.
1699 1904 1741 1910 —
1753 1888 1799 1925 26)
1814 1887 1970 1924 Ηίνιιγιᾶο,
1991 1898 2102 1927 aerugo
2117 1887 2192 1918 Ven.

1248 1932 1315 1960 Asc.
1329 1931 1360 1959 P.
1404 1931 1460 1959 Pro
1484 1929 1602 1958 arzmdo
1623 1930 1712 1958 habet
1735 1929 1824 1958 irzcdo
1841 1931 1949 1963 Gu.„et
1967 1935 2063 1959 cetera
2083 1930 2126 1958 sic
2144 1939 2193 1958 se-

1249 1979 1397 2012 quuntur:
1415 1972 1591 2010 fortitudo,
1613 1972 1760 2009 altitudo,
1785 1972 1984 2012 magnitudo,
2006 1972 2124 2001 testudo
2137 1976 2192 2001 cet.

1247 2016 1370 2054 Aerugo
1394 2017 1482 2054 plane
1506 2016 1587 2044 deest
1605 2016 1635 2043 in
1651 2016 1707 2044 Gu.
1750 2015 1876 2044 Htrado
1897 2026 1913 2044 a
1931 2016 2126 2054 praecedente
2141 2014 2192 2042 ln·-

1248 2058 1346 2086 rundo
1371 2059 1428 2086 suit
1453 2058 1640 2096 absorptum3
1680 2069 1792 2097 aerugo
1816 2069 1832 2086 a
1851 2068 1911 2097 seq.
1939 2057 2075 2095 arundo,
2111 2056 2193 2096 quod

1248 2106 1406 2139 utrumque
1422 2101 1567 2129 sublatum
1585 2101 1615 2128 in
1633 2102 1669 2130 G.
1693 2117 1731 2122 —
1759 2101 1806 2139 27)
1831 2099 1973 2129 Formido
1987 2100 2087 2129 addidi
2102 2110 2139 2129 ex
2154 2099 2190 2130 G.

1248 2160 1284 2165 —
1309 2146 1353 2178 28)
1378 2144 1414 2172 In
1430 2149 1557 2182 citroque
1572 2144 1708 2171 elemento
1720 2144 1840 2181 generi-9
1855 2143 2021 2172 masculini
2033 2148 2067 2171 ut
2081 2143 2112 2174 P.
2155 2141 2191 2170 In

1246 2192 1373 2224 utroque
1384 2197 1487 2224 genere
1502 2187 1676 2213 inti-sculina
1692 2186 1762 2214 Ven.
1775 2186 1843 2215 Asc.
1886 2186 1923 2215 1η,
1938 2191 2063 2224 atroque
2072 2185 2190 2223 generis*

1246 2229 1412 2257 masculini
1428 2230 1486 2258 Gu.
1530 2228 1648 2256 Retinui
1661 2229 1818 2257 lectionem
1835 2228 1909 2258 Ven.
1925 2233 1953 2257 et
1966 2228 2030 2256 Asc.
2080 2228 2118 2256 Ut
2132 2236 2187 2255 om.

1247 2272 1302 2299 Gu.
1317 2287 1358 2292 -
1374 2275 1417 2306 29)
1433 2272 1526 2309 lllago
1542 2271 1596 2300 Gu.
1627 2271 1661 2299 In
1676 2276 1801 2299 mentem
1817 2272 1901 2300 venit
1913 2281 2029 2309 margo,
2044 2269 2093 2298 sed
2107 2267 2186 2297 istud

1244 2313 1304 2342 huc
1322 2324 1381 2341 non
1402 2315 1541 2352 pertinet.
1584 2314 1718 2342 Ceterum
1734 2314 1797 2351 hic,
1828 2314 1910 2352 quod
1930 2317 1996 2341 ante
2011 2311 2122 2349 singula
2136 2319 2186 2338 se-

1245 2357 1364 2393 quentia
1382 2356 1474 2386 subst.
1491 2356 1612 2393 legitur,
1643 2357 1738 2394 primo
1756 2361 1871 2384 tantum
1890 2356 1957 2384 loco
1978 2359 2045 2382 ante
2066 2353 2126 2390 ligo
2143 2356 2185 2380 est

1244 2398 1275 2426 in
1292 2399 1347 2427 Gu.
1364 2416 1402 2420 -
1420 2397 1466 2437 30)
1485 2399 1552 2428 Post
1567 2398 1661 2436 spado
1674 2399 1705 2427 in
1721 2399 1776 2427 Gu.
1792 2399 1900 2437 legitur
1915 2397 2005 2432 vaho,
2028 2394 2106 2432 quod
2122 2393 2184 2422 sive
