2263 2668
749 147 982 183 EXEMPLA
1018 146 1114 181 ELO
1120 146 1385 184 CUTIONUM.

1968 147 2041 182 261

195 245 278 279 Aen.
306 243 348 277 l.:
384 241 573 287 Strataque
597 252 704 287 super
730 241 958 276 discumbitur
983 245 1086 275 ostro.
1119 241 1215 275 Idem
1242 242 1324 275 Aen.
1353 242 1411 278 VI.
1422 240 1462 276 ¹²:
1509 243 1661 279 Gemina
1693 254 1800 290 super
1831 242 1960 277 arbore
1991 243 2040 277 si-

197 297 293 330 dunt.
322 296 434 339 Super
459 295 551 327 illam
577 305 658 327 rem.
686 294 782 328 Idem
810 295 894 328 Aen.
921 294 963 326 1.:
986 292 1107 327 Saeva
1132 294 1257 326 sedens
1282 305 1388 339 super
1415 306 1529 330 arma.

93 348 218 383 Subter
242 348 334 381 illam
361 358 432 380 rem
442 343 476 379 ¹³.
509 345 601 390 Virg.
621 346 704 378 Aen.
731 346 808 379 111.:
834 345 1012 391 Alpheum
1025 345 1138 390 sama
1164 349 1214 378 est
1237 345 1306 378 hac
1326 345 1444 379 Elidis
1468 358 1606 380 amnem
1637 346 1806 381 Occultas
1822 347 1938 392 egisse
1963 346 2041 380 vias

195 399 315 433 subter
341 409 449 431 mare.
478 397 573 429 Idem
599 397 682 430 Aen.
710 398 786 431 lx.:
813 397 924 431 Ferre
943 397 1040 430 iuvat
1063 396 1182 429 subter
1208 396 1320 429 densa
1347 398 1517 431 testudine
1543 410 1655 434 casus.

93 452 166 486 Sub
192 451 259 486 hac
285 463 320 484 re
349 461 409 494 pro
436 449 469 481 in
489 448 556 481 hac
583 445 659 481 reu.
687 449 795 494 Wirg.
821 450 905 482 Aen.
933 448 1024 481 V11.:
1063 447 1217 481 Curvam
1244 459 1389 481 servans
1415 449 1477 482 sub
1504 450 1662 495 imagine
1677 449 1818 495 falcem
1846 447 2039 482 Saturnus-

196 514 263 548 que
288 512 402 536 Seue-1⁹.

456 500 526 533 Sub
553 499 642 533 hanc
668 512 738 533 rem
764 512 826 545 pro
854 500 896 533 ad
923 500 1012 533 hanc
1038 511 1118 532 rem.
1163 500 1256 544 Virga
1284 500 1368 532 Aen.
1392 500 1431 532 V.
1445 497 1483 533 l⁵:
1515 501 1711 546 Oeulosque
1732 500 1795 534 sub
1823 504 1925 533 astra
1948 503 2041 533 tene-

197 553 268 587 bat.
297 552 392 585 ldem
420 551 501 584 Aen.
529 551 589 584 11.:
616 551 806 597 Postesque
829 551 893 585 sub
920 552 1014 596 ipsos
1032 551 1188 583 nituntur
1214 551 1402 595 gradibus.
1436 552 1530 585 Idem
1556 554 1639 586 Aen.
1666 548 1792 586 llll.¹⁵:
1825 551 1876 584 Tu
1903 554 2041 584 secreta

190 616 322 651 pyram
349 607 438 636 tecto
465 603 628 636 interiore
653 603 717 636 snb
744 614 854 636 auras
879 603 1005 647 Erige.

1058 602 1130 635 Sub
1156 602 1246 636 hanc
1271 615 1357 641 rem,
1379 614 1487 647 prope
1514 604 1601 638 lianc
1626 615 1706 638 rem.
1734 602 1830 636 Idem
1858 598 1971 635 Aen¹⁷.
1998 602 2042 634 L:

196 656 245 689 Et
270 654 334 689 sub
359 658 493 687 noctem
521 665 609 687 cura
635 659 805 688 recursat.
833 654 902 688 Cic.
919 654 962 687 de
976 654 1087 686 Domo
1115 665 1189 686 sua:
1218 654 1444 687 Frumentum
1474 656 1629 688 clausum
1653 653 1888 695 continebant,
1915 656 1951 685 ut
1977 652 2042 686 sub

193 718 319 740 novum
345 707 527 739 mitterent.

580 706 652 738 Sub
686 706 770 748 hac,
810 717 920 751 prope
953 705 1050 738 hanc.

1082 705 1172 750 Virg.
1195 706 1324 750 Georg.
1352 702 1477 739 llum:
1504 707 1773 751 Eurydicenque
1801 716 1902 739 suam
1931 702 2038 750 [544]

193 759 268 793 iam
294 759 371 791 luce
393 757 456 790 sub
482 758 561 802 ipsa
587 758 766 802 Respexit.
800 758 872 791 Sub
898 758 990 791 illam
1024 768 1096 789 rem
1122 757 1244 801 coegit.
1278 757 1373 789 ldem
1401 759 1483 793 Aen.
1511 759 1601 791 vlt:
1632 758 1822 802 Totamque
1846 755 1910 790 sub
1937 766 2043 788 arma

194 813 356 843 coactam
376 809 599 854 Hesperiam.
627 810 697 842 Sub
724 809 816 842 illam
843 821 913 842 rem
939 809 1090 843 removit.
1115 805 1370 843 Sa1.Hist.1.¹⁹:
1397 808 1445 841 Et
1470 811 1634 843 stationes
1659 809 1721 843 sub
1744 810 1864 842 vineas
1888 817 2044 840 remove-

193 860 265 894 bat.
291 861 363 894 Sub
389 861 456 894 hac
481 872 518 893 re
545 861 690 902 subiicit,
717 872 781 905 pro
808 862 867 894 sub
894 861 959 894 hac
986 872 1020 892 re
1046 861 1171 893 crescit.
1195 860 1289 904 Vix-g.
1315 860 1445 904 Georg.
1464 858 1558 893 11.‘-'⁰:
1585 861 1724 894 Laurus
1751 861 1876 894 Parva
1901 858 1965 892 sub
1988 859 2042 891 ἰη-

194 913 295 958 genti
322 912 447 945 matris
472 923 510 945 se
535 911 671 945 subiicit
698 912 834 945 umbra.
862 913 933 945 Sub
959 912 1051 944 illam
1078 923 1148 944 rem
1177 912 1334 946 locatum.
1361 912 1458 945 Nove
1485 912 1553 945 Sal.
1581 913 1665 945 Hist.
1693 909 1800 946 1V.²¹:
1826 911 1937 944 Dolia
1963 920 2043 943 cum

195 964 258 997 sub
285 963 406 997 trabes
433 964 549 996 locata
573 963 698 996 vitibus
725 968 785 996 aut
813 965 927 1009 virgis
952 962 1158 996 vinciebant.

92 1014 296 1060 Suppeditat
323 1015 389 1048 hac
411 1011 488 1048 re²².
522 1014 594 1048 Cic.
631 1015 663 1047 in
690 1015 866 1048 Siciliensi:
906 1015 1035 1054 Curiis.
1071 1014 1210 1055 tunicis,
1234 1012 1486 1059 frumentoque
1520 1014 1781 1059 suppeditabat.
1816 1011 2044 1057 Suppeditare

194 1067 353 1099 sumtibus
375 1061 496 1099 volum.
532 1066 611 1098 Ter.
640 1067 782 1100 Heaum
816 1066 913 1100 Nam
948 1067 977 1100 si
1013 1066 1065 1099 illi
1092 1077 1212 1111 pergo
1238 1066 1469 1110 suppeditare
1495 1065 1695 1110 sumptibus.

1747 1065 1953 1109 Suppeditot
1975 1062 2042 1096 hac

195 1115 275 1152 re²⁴.
303 1118 374 1152 Cic.
400 1118 432 1150 in
458 1116 555 1150 Catil.
576 1117 636 1150 11.:
664 1117 738 1151 Sed
765 1119 812 1159 si,
836 1119 970 1152 omissis
995 1118 1049 1151 his
1076 1117 1196 1159 rebus,
1219 1117 1341 1162 quibus
1367 1128 1429 1150 vos
1455 1118 1734 1162 suppeditatum,
1763 1120 1844 1162 eget
1870 1116 1938 1149 ille.

91 1185 191 1220 Satur
217 1186 312 1219 illius.
344 1186 479 1221 Terent.
507 1185 654 1230 Adelph.
664 1182 707 1219 ²⁵:
735 1185 927 1231 Postquam
953 1187 1045 1220 intus
1069 1197 1145 1219 sum
1167 1186 1318 1218 omnium
1342 1197 1460 1219 rerum
1487 1189 1597 1220 satur.
1623 1186 1792 1220 Saturatus
1815 1185 1907 1217 illam
1929 1178 2042 1216 rem²⁶.

195 1238 290 1282 Virg.
311 1238 386 1270 Aen
417 1237 476 1270 V.:
509 1236 673 1270 Necdum
709 1238 889 1283 antiquum
921 1241 1086 1272 saturata
1119 1237 1289 1274 dolorem.
1330 1238 1502 1272 Setun-atus
1528 1238 1584 1270 illa
1611 1234 1688 1273 1·e²⁷,
1714 1238 1809 1271 Idem
1835 1237 1917 1270 Aen.
1944 1234 2042 1268 VIL:

196 1288 299 1323 Odiis
323 1293 387 1323 aut
413 1292 621 1322 cussum-ata
647 1289 770 1334 quievi.

91 1432 189 1460 multa
208 1432 316 1462 desunt
337 1434 368 1461 in
385 1432 460 1463 eod.
484 1433 540 1462 Gu.
564 1450 606 1455 —
630 1435 673 1471 10)
695 1432 776 1462 Idem
800 1434 852 1464 Ge.
870 1434 948 1463 IIII.
972 1434 1044 1465 559.

89 1475 124 1504 A.
147 1475 185 1503 M.
207 1475 319 1505 Verba:
344 1487 547 1515 pecorumque
568 1493 610 1497 —
630 1476 790 1504 arboribus
816 1482 844 1505 et
867 1476 1045 1514 interposita

90 1523 280 1546 accesserunt
309 1528 324 1547 e
350 1519 420 1547 Cod.
447 1520 503 1549 Gu.
534 1519 617 1554 Quae
652 1519 709 1547 iam
738 1519 865 1548 recurrit
897 1519 1042 1547 formula:

90 1569 180 1598 super
197 1560 256 1589 lzac
279 1572 310 1588 re
324 1572 382 1599 pro
406 1560 442 1589 de
458 1562 518 1589 ltac
538 1573 568 1589 re
584 1572 599 1590 e
615 1562 687 1590 cod.
714 1562 772 1591 Gu.
797 1567 854 1596 est,
879 1561 929 1589 sed
952 1561 1043 1589 omit-

88 1603 179 1630 tenda
198 1604 334 1639 videtur,
360 1604 415 1631 nisi
439 1605 515 1633 sorte
535 1604 709 1641 legendum:
733 1615 788 1644 pro
808 1604 851 1632 (ul
873 1604 953 1632 Ιιιιιιε
973 1615 1042 1634 rem.

89 1644 185 1673 Locus
202 1651 246 1674 est
268 1647 340 1674 Aen.
357 1646 404 1682 lv,
427 1649 497 1678 273.
522 1647 571 1676 nbi
594 1647 717 1683 legitur:
740 1653 828 1676 tuum
850 1648 978 1678 moliris,
1001 1663 1043 1668 --

89 1690 133 1721 11)
165 1689 258 1726 Super
277 1689 334 1716 illu
351 1699 407 1726 pro
429 1690 461 1716 in
484 1690 541 1717 illa
562 1691 594 1719 A.
618 1689 656 1718 M.
681 1691 777 1728 Super
798 1691 886 1718 illam
905 1700 966 1717 rem
984 1700 1043 1727 pro

89 1730 121 1757 in
135 1730 225 1758 illam
240 1742 301 1759 rem
319 1732 391 1759 Cod.
417 1732 474 1760 Gu.
499 1732 580 1769 quod
603 1742 638 1760 ex
662 1733 807 1761 sententia
823 1734 954 1760 Graium.
973 1742 1043 1760 cor-

88 1771 245 1809 rigendum
273 1778 346 1806 erut,
376 1773 459 1802 Idem
473 1775 540 1803 Eel.
563 1773 587 1804 I.
613 1777 662 1806 81.
686 1776 720 1804 A.
743 1776 779 1805 M.
806 1775 888 1803 lde-m.
908 1775 983 1802 Aen.
1016 1774 1042 1803 I.

88 1816 161 1845 700.
185 1816 220 1845 A.
237 1817 275 1844 M.
296 1833 337 1838 —
362 1817 412 1854 12)
425 1817 489 1845 Hoc
514 1817 682 1855 exemplum
705 1818 828 1846 accessit
852 1828 867 1846 e
888 1817 959 1845 Cod.
983 1817 1040 1844 Gu.

88 1856 184 1885 Locus
200 1863 243 1886 est
256 1859 327 1887 Aen.
345 1859 397 1895 VI,
421 1862 491 1891 203.
515 1860 654 1888 Formula
676 1871 749 1898 quae
770 1860 905 1898 sequitur
919 1860 1042 1887 accessit

89 1908 104 1927 e
121 1899 194 1928 Cod.
220 1901 276 1931 Gu.
302 1901 384 1930 Idem
399 1903 430 1930 ιἠ,
445 1902 544 1930 eodem
562 1902 652 1941 (libro
670 1902 705 1940 I.)
726 1905 796 1935 295.
815 1903 848 1931 A.
871 1902 910 1930 M.
929 1918 971 1923 —-
995 1900 1039 1939 13)

88 1941 205 1979 Integer
218 1941 267 1970 hic
281 1945 424 1972 articulus
439 1946 561 1973 accessit
576 1955 590 1972 e
608 1945 679 1974 Cod.
705 1946 759 1976 Gu.
782 1946 868 1974 Prior
891 1944 976 1972 locus
996 1948 1039 1971 est

88 1983 161 2012 Aen·
176 1984 228 2020 ΠΙ,
245 1987 315 2016 694.
336 1986 420 2014 Alter
436 1992 478 2016 est
493 1988 564 2015 Aen.
580 1987 633 2023 lx,
651 1988 722 2019 514.
747 2005 788 2010 —
808 1989 854 2024 14)
877 1986 955 2013 Haec
972 1985 1038 2012 elo-

89 2026 170 2054 cutio
186 2036 254 2054 cum
273 2029 407 2066 exemplo
431 2039 485 2057 suo
503 2030 585 2058 deest
604 2030 635 2057 in
657 2030 728 2059 Cod.
756 2030 789 2058 A.
807 2030 845 2057 M.
870 2029 948 2064 Virg.
966 2028 1036 2054 Aen.

88 2067 152 2103 VH,
178 2072 247 2100 179.
274 2085 316 2091 ·—·
340 2074 382 2104 15)
404 2071 467 2099 Sub
483 2072 543 2100 lzac
554 2083 610 2110 pro
628 2071 671 2099 (ul
682 2072 763 2099 bunc
779 2072 811 2102 Α.
836 2071 872 2099 M.
894 2069 974 2098 Idem
999 2069 1037 2097 l'.

90 2111 161 2142 853.
183 2114 216 2139 A.
238 2111 276 2139 M.
293 2112 469 2150 Exemplum
484 2115 563 2152 quod
585 2115 718 2151 sequitur
739 2114 821 2141 deest
843 2112 922 2151 apud
951 2112 982 2139 A.
999 2111 1035 2138 M.

88 2153 185 2181 Locus
207 2158 250 2181 est
271 2154 342 2182 Aen.
362 2154 400 2191 ΙΙ,
423 2159 494 2187 442.
515 2173 558 2178 -
582 2155 628 2196 16)
651 2155 732 2184 Idem
748 2154 825 2183 IIII.
849 2156 919 2186 494.
946 2155 977 2181 A.
995 2153 1034 2182 M.

86 2197 204 2233 Pryam
226 2196 298 2224 Cod.
321 2198 378 2225 Gu.
408 2198 459 2225 sed
487 2208 564 2227 corr.
590 2199 621 2226 in
649 2198 788 2235 margine.
825 2213 866 2218 —
898 2195 940 2233 17)
973 2195 1035 2223 Sub

86 2238 168 2266 hanc
186 2249 280 2277 prope
296 2238 376 2266 hanc
396 2240 429 2266 A.
446 2239 483 2269 M.
508 2239 590 2268 Idem
606 2240 631 2269 l.
652 2242 725 2271 662.
748 2239 780 2269 Α.
797 2239 836 2267 Μ.
857 2238 1034 2276 Exemplum

86 2290 104 2310 e
120 2280 179 2309 Cic.
201 2286 274 2310 orat.
297 2291 350 2319 pro
371 2281 464 2309 Domo
484 2282 564 2310 deest
584 2283 616 2310 in
642 2282 713 2310 cod.
743 2281 798 2309 Gu.
822 2281 931 2309 Ibidem
954 2281 1034 2309 deest

86 2323 230 2352 formula:
251 2324 308 2351 sub
325 2323 385 2351 hac
395 2334 491 2362 prope
512 2324 601 2353 hanc.
619 2340 661 2346 —
684 2323 745 2352 Cic.
762 2322 797 2350 de
816 2325 916 2351 Domo
932 2333 989 2350 sua
1004 2324 1033 2354 5.

85 2366 121 2396 A.
143 2366 183 2394 M.
214 2382 256 2388 —
287 2364 329 2404 18)
357 2366 443 2405 Virg.
473 2366 524 2394 Ge.
557 2368 632 2395 IIII.
664 2366 734 2397 490.
764 2365 799 2395 A.
822 2365 862 2394 M.
892 2365 1034 2394 Formula

87 2417 163 2446 quae
179 2409 331 2447 sequitur:
355 2409 418 2437 Sub
439 2409 527 2437 illam
547 2418 608 2436 rem
630 2409 726 2448 coegit
746 2408 827 2437 deest
850 2408 881 2436 in
906 2408 977 2439 eod.
997 2408 1032 2437 A.

1088 1433 1127 1462 M.
1152 1432 1233 1463 Idem
1249 1432 1326 1464 Aen.
1356 1431 1431 1463 VII.
1454 1435 1505 1465 43.
1525 1432 1555 1462 A.
1577 1433 1614 1462 M.
1637 1433 1720 1470 Quae
1741 1434 1799 1462 iam
1822 1436 1987 1471 sequuntur
2010 1431 2043 1460 in

1088 1475 1145 1504 hoc
1166 1477 1309 1512 articulo,
1334 1476 1441 1504 desunt
1471 1476 1566 1504 omnia
1591 1477 1621 1504 in
1647 1477 1717 1505 cod.
1742 1477 1775 1505 A.
1793 1477 1830 1505 M.
1850 1493 1885 1496 —
1913 1475 1958 1511 19)
1981 1475 2041 1502 Re-

1090 1529 1158 1547 cens
1173 1519 1287 1548 accedit
1304 1519 1361 1547 hoc
1379 1520 1574 1556 fragmentum
1591 1519 1728 1547 salustio.
1752 1536 1792 1542 —-
1815 1516 1862 1558 ΞΟ)
1886 1517 1967 1555 Virg.
1987 1517 2038 1546 Ge.

1087 1562 1125 1598 Il,
1151 1564 1199 1593 19.
1222 1578 1263 1582 —
1285 1561 1333 1601 21)
1349 1562 1443 1589 Etiam
1463 1560 1512 1588 hic
1528 1561 1611 1589 locus
1627 1562 1657 1589 in
1676 1562 1807 1598 sragnun-
1824 1560 1945 1589 Salustii
1960 1569 2039 1588 non—-

1089 1604 1159 1632 dum
1181 1605 1295 1641 legitur.
1313 1603 1507 1632 Scribendum
1530 1603 1652 1630 fortasse
1677 1605 1791 1640 Delia,
1815 1614 1903 1642 quae.
1926 1619 1962 1623 --
1992 1600 2038 1639 2⁹2)

1089 1647 1270 1685 Suppedilat
1289 1646 1376 1673 rebus
1403 1645 1472 1674 Cod.
1497 1645 1529 1672 A.
1547 1645 1584 1672 M.
1610 1645 1671 1675 Cic.
1695 1647 1726 1673 in
1746 1648 1806 1675 Sic.
1833 1649 1863 1676 2.
1884 1647 1916 1672 A.
1943 1644 1980 1672 M.
2004 1643 2039 1671 In

1089 1689 1171 1718 Verr.
1192 1689 1226 1718 H.
1245 1689 1295 1717 lib.
1320 1688 1354 1723 ll,
1378 1690 1404 1718 2.
1430 1686 1480 1714 ubi
1503 1687 1609 1723 legitur
1626 1688 1828 1726 suppeditato.
1849 1687 1919 1715 Cod.
1942 1686 1976 1714 A.
1998 1685 2037 1714 M.

1087 1731 1270 1769 sappeditat.
1292 1731 1434 1767 Apertum
1455 1734 1507 1765 est,
1522 1731 1752 1758 Grammaticum
1769 1729 1896 1758 voluisse
1910 1728 2035 1756 verbum

1086 1774 1214 1807 finitum,
1225 1782 1282 1800 non
1298 1771 1605 1809 participium3quare
1621 1772 1810 1800 statuendum
1820 1776 1872 1808 est,
1885 1780 1950 1799 eum
1966 1781 2036 1799 cor-

1086 1821 1176 1854 rupto
1192 1814 1328 1851 exemplo
1345 1814 1496 1841 Ciceronis
1513 1814 1614 1842 codice
1632 1815 1723 1843 fuisse
1738 1824 1882 1844 usum.-
1900 1812 1947 1853 23)
1956 1813 2036 1841 Haec

1085 1858 1212 1886 formula
1232 1856 1417 1884 desideratur
1436 1855 1517 1894 apud
1540 1858 1573 1884 A.
1594 1857 1631 1886 M.
1663 1858 1721 1887 Ter.
1750 1858 1858 1885 Heaut.
1882 1858 1911 1888 5.
1937 1859 1964 1886 1.
1979 1858 2030 1887 57.

1083 1901 1116 1929 A.
1140 1900 1177 1927 M.
1210 1899 1277 1927 Illis
1299 1898 1468 1936 sumptzbus
1483 1898 1514 1925 in
1534 1899 1669 1938 exemplo
1694 1900 1825 1928 ediderat
1847 1900 1882 1929 A.
1903 1898 1959 1935 M.‚
1981 1896 2033 1924 sed

1082 1951 1245 1980 pronomen
1272 1951 1368 1979 neque
1397 1942 1427 1969 in
1451 1940 1521 1969 Cod.
1546 1942 1601 1971 Gu.
1630 1952 1725 1980 neque
1754 1942 1835 1981 apud
1859 1939 2030 1969 Terentium

1080 1984 1198 2019 legitur.
1233 2000 1274 2005 —
1305 1985 1349 2017 24)
1382 1983 1565 2022 Suppeditor
1590 1983 1640 2012 his
1673 1985 1744 2013 cod.
1780 1986 1812 2013 A.
1840 1984 1877 2012 M.
1910 1982 1970 2011 Cic.
1997 1983 2030 2009 in

1084 2026 1148 2056 Cat.
1167 2025 1210 2053 ll.
1229 2026 1316 2057 11.A.
1331 2026 1370 2055 M.
1395 2026 1483 2064 Apud
1500 2027 1558 2056 Cic.
1577 2027 1676 2056 editur
1697 2027 1953 2066 suppezlc‘tanzus.
1973 2023 2030 2052 Sed

1080 2067 1241 2107 .‹›·1q)1n·dz'ta
1252 2079 1332 2096 mur
1348 2068 1405 2096 suit
1424 2069 1544 2106 antiqua
1563 2069 1662 2106 lectio,
1688 2080 1762 2108 quae
1778 2067 1944 2097 revocanda
1963 2067 2031 2103 erit,

1080 2112 1166 2139 etiam
1182 2111 1278 2139 iudice
1297 2111 1329 2139 A.
1351 2111 1445 2148 Maio,
1470 2111 1521 2149 qui
1548 2117 1633 2140 notat
1653 2113 1690 2140 ad
1717 2112 1745 2140 h.
1770 2112 1791 2141 1.
1816 2115 1945 2139 veterem
1966 2109 2027 2138 Cic.

1079 2153 1267 2182 scholi-astam
1295 2153 1347 2181 illo
1372 2154 1433 2182 Cat.
1457 2164 1502 2186 or,
1529 2154 1597 2182 loco
1618 2155 1770 2193 passivum
1792 2153 1875 2182 tueri.
1907 2168 1950 2174 —-
1979 2149 2027 2191 25)

1083 2196 1146 2226 Ter.
1161 2195 1249 2224 Adel.
1269 2195 1296 2226 5.
1317 2199 1343 2228 1.
1363 2200 1392 2228 8.
1408 2196 1442 2224 A.
1460 2196 1497 2227 M.
1522 2198 1690 2235 Postquam
1713 2208 1780 2225 sum
1800 2198 1884 2224 intus
1900 2194 1957 2223 hoc
1976 2203 2028 2222 or-

1078 2238 1146 2267 dine
1167 2239 1239 2268 Cod.
1263 2238 1319 2269 Gu.
1345 2253 1388 2259 -—
1415 2241 1460 2272 25)
1492 2239 1567 2267 Rem
1588 2240 1690 2268 addidi
1716 2250 1730 2268 e
1755 2239 1825 2267 cod.
1851 2239 1908 2267 Gu.
1939 2236 2025 2272 Virg-

1076 2280 1151 2309 Aen.
1178 2281 1214 2309 V'.
1236 2283 1308 2312 608.
1325 2280 1356 2310 A.
1381 2280 1420 2310 M.
1439 2281 1563 2309 Nedum
1585 2282 1655 2311 Cod.
1681 2282 1715 2310 A.
1738 2282 1775 2310 M.
1796 2282 1863 2310 Nec
1880 2279 1953 2308 dum
1973 2278 2026 2305 di·-

1076 2324 1162 2352 visim
1180 2323 1252 2353 Cod.
1273 2324 1331 2352 Gu.
1355 2339 1396 2345 —-
1417 2323 1472 2361 27)
1496 2325 1663 2352 Saturatus
1678 2325 1738 2352 hac
1752 2324 1823 2353 cod.
1837 2324 1872 2352 A.
1887 2322 1927 2351 M.
1943 2319 2024 2350 Idem

1080 2365 1152 2398 VII.
1173 2368 1246 2398 298.
1269 2365 1306 2396 A.
1328 2365 1367 2395 M.
1390 2368 1584 2396 Exaturata
1605 2367 1676 2397 Cod.
1697 2368 1752 2396 Gu.
