2263 2668
220 163 294 197 144
724 157 866 194 PROBI
892 156 1278 192 INSTITUTIONUM
1305 156 1744 192 GRAMMATICARUM

225 257 329 290 mines
349 255 563 294 delectantur,
590 258 758 295 tamquam
783 250 826 284 de
849 251 1006 284 industria
1024 251 1073 284 usi
1094 256 1167 285 sunt
1188 256 1350 285 structura
1373 251 1461 292 sorti,
1482 250 1590 296 potius
1611 262 1712 296 quam
1736 250 1931 291 delectanti3
1950 251 2032 285 sicut
2050 263 2164 285 exem-

226 308 290 352 plis
315 308 477 340 Tullianis
500 307 643 351 probare
666 304 808 335 breviter
833 299 1067 347 potuerimus¹.

391 358 493 400 Quod
516 358 548 388 in
569 354 682 399 primis
701 360 748 387 est
769 360 883 386 nostro
904 360 1057 398 tempore
1077 354 1246 393 vitiosum,
1269 353 1401 386 Tullius
1426 349 1504 385 ille²
1526 363 1591 385 non
1614 352 1776 386 dubitavit
1807 352 1909 385 verbo
1930 353 2163 397 monosyllabo

227 411 320 443 finire
343 415 554 447 structuram,
581 411 616 438 ut
640 410 703 438 est:
724 405 782 438 Ab
806 406 902 438 istius
920 406 1118 450 petulantia
1141 415 1348 437 conservare
1368 415 1434 437 non
1458 404 1589 437 licitum
1619 408 1688 444 est‚·
1714 414 1805 449 quae
1828 414 1907 436 cum
1931 401 1980 436 2⁸8³
2012 405 2164 437 civitati-

228 462 291 495 bus
326 461 369 494 G.
419 454 539 491 Γεννὶ4
581 457 837 490 communicata
868 454 972 490 s1mt5.
1031 458 1091 490 Et:
1125 455 1173 489 Id
1205 456 1298 499 quod
1330 456 1484 500 populus
1507 455 1687 488 Romanus
1713 457 1786 488 iam
1804 454 1980 500 flagitat,
2011 456 2165 489 extincta

227 518 331 557 atque
354 511 471 543 deleta
493 509 536 542 sit
545 506 566 542 ⁶.
620 509 696 541 Hae
718 509 973 551 compositiones
996 503 1204 540 demutata&
1226 507 1347 540 facient
1377 507 1476 539 nostri
1501 507 1658 549 temporis
1681 512 1858 540 structuras
1882 506 1944 539 sic:
1970 517 2010 539 ex
2043 507 2165 539 tribra-

227 562 313 607 chy⁸
337 568 370 596 et
394 561 610 594 ditrochaeo:
662 559 719 592 Ab
751 560 847 592 istius
867 560 1067 604 petulantia
1098 569 1164 591 non
1191 562 1240 590 est
1269 554 1409 591 licitum
1441 554 1672 597 ςόηεένυᾶνω
1698 569 1738 591 ex
1765 557 1926 590 trochaeo
1953 562 1986 590 et
2015 557 2164 602 dactylo,

231 615 333 661 Quae
358 617 436 646 sunt
464 608 528 645 G⁰.
571 611 672 643 Verri
699 622 777 643 cum
802 607 862 644 is¹⁰
887 610 1082 644 civitatibus
1113 610 1389 653 commzmicuta5
1416 620 1456 641 ex
1479 608 1674 641 ditrochaeo
1698 614 1730 642 et
1753 609 1896 642 bacchio
1921 620 1940 641 a
1963 609 2083 654 longa:
2116 609 2165 642 1cl

226 667 320 712 quod
347 665 497 710 populus
532 663 714 695 Romanus
737 663 807 695 iam
839 662 900 694 dia
921 661 1120 707 efflagitat,
1147 661 1300 693 extincta
1327 661 1370 693 sit
1403 664 1508 704 atque
1536 657 1695 692 deletass.
1748 656 1955 704 Disyllaba¹²
1992 665 2165 702 structura,

227 730 313 761 quae
344 728 410 750 non
441 714 539 747 valde
570 713 765 757 quibusdam
788 713 917 758 placet,
953 714 1105 755 antiquos
1137 712 1223 744 viros
1253 712 1537 744 vehementissime
1568 711 1767 744 delectabat.
1825 713 1886 744 Est
1914 712 2002 744 enim
2035 711 2164 758 [1490]

226 771 321 803 fortis
354 767 554 804 admodum,
588 766 758 808 vitansque
791 765 890 797 etiam
925 764 1026 796 nostri
1052 764 1210 807 temporis
1239 759 1514 805 barbarismosm,
1547 763 1572 795 si
1602 774 1669 795 non
1705 763 1803 795 fuerit
1829 763 1980 806 spondeo
2014 763 2069 796 vel
2096 769 2166 796 tro-

228 821 335 855 chaeo
356 823 431 863 post
450 816 620 860 dactylum
645 817 746 856 finita,
771 821 822 848 ut:
857 811 1005 849 Ρνῑηηῖε
1031 811 1079 847 Ab
1101 811 1230 852 6ris¹⁴;
1251 820 1298 847 et:
1331 814 1374 847 1η
1399 825 1465 859 quo
1488 825 1604 846 meam
1624 814 1836 846 voluntatem
1855 815 2009 859 populus
2028 814 2165 848 Roma-

227 883 292 905 nus
310 870 513 916 perspicere
530 869 641 912 possit
651 864 683 899 ¹⁵.
723 868 780 900 Sic
800 867 885 899 enim
909 878 1036 899 versum
1064 866 1191 899 heroici
1215 867 1310 898 metri
1332 866 1469 904 facient3
1496 877 1582 909 quae
1604 865 1674 897 sola
1696 865 1892 897 versificatio
1914 870 1962 898 est
1981 867 2165 899 oratoribus

229 922 415 956 devitanda.
468 920 553 953 Nam
580 920 606 952 si
631 930 764 952 omnem
787 919 905 963 fugere
927 918 1108 959 voluerint,
1135 918 1310 960 tacebunt,
1337 918 1495 961 quoniam
1522 917 1613 949 nulla
1638 917 1743 949 oratio
1769 916 1837 948 sine
1858 922 1964 948 metro
1990 922 2127 950 constat.

391 996 424 1029 3.
477 996 665 1039 Trisyllaba
702 999 864 1027 structura
894 999 1006 1026 nostro
1039 998 1194 1037 tempore
1221 998 1315 1027 caute
1343 993 1501 1038 ponenda
1531 997 1595 1033 est,
1631 1005 1673 1025 ne
1703 997 1760 1025 aut
1789 1003 1938 1031 versum,
1977 990 2165 1036 stichumffl,

228 1050 328 1084 faeiat
355 1060 396 1082 ex
425 1048 587 1082 trochaeo
619 1047 803 1090 composita
828 1053 859 1078 et
880 1045 1023 1079 bacchio
1054 1058 1073 1078 a
1099 1046 1210 1085 brevi,
1245 1051 1294 1078 ut:
1323 1049 1431 1090 capta
1451 1044 1627 1090 sitissent3
1654 1049 1727 1087 aut,
1755 1049 1791 1076 ut
1820 1044 2018 1086 quibusdam
2042 1045 2166 1089 placet,

226 1100 483 1139 barbarismum,
510 1099 536 1131 si
558 1109 598 1131 ex
622 1099 773 1142 spondeo
796 1097 850 1129 vel
874 1097 1001 1138 iambo‚
1027 1097 1080 1129 vel
1104 1097 1219 1140 quovis
1241 1096 1346 1140 pede,
1374 1096 1464 1129 cuius
1492 1096 1531 1128 sit
1561 1095 1734 1128 novissima
1757 1095 1884 1138 syllaba
1907 1100 2023 1128 natura
2050 1096 2166 1141 longa,

227 1158 448 1196 componatur
471 1161 510 1183 ex
537 1151 648 1192 aliquo
670 1150 772 1182 verbo
796 1149 985 1192 trisyllabo‚
1011 1148 1069 1191 qui
1091 1149 1217 1192 positus
1241 1149 1324 1181 bene
1345 1152 1448 1180 sonet.
1491 1148 1577 1180 Nam
1601 1147 1626 1179 si
1647 1147 1829 1191 plausibilis
1857 1158 1923 1179 non
1944 1147 2060 1188 fuerit,
2086 1149 2167 1181 bar-

227 1206 406 1238 barismum
430 1202 531 1235 nostri
551 1201 709 1245 temporis
733 1201 856 1241 vitans,
876 1211 946 1233 .nec
973 1204 1170 1232 structuram
1198 1199 1298 1232 faciet
1330 1199 1423 1231 nobis
1450 1198 1657 1242 placentem,
1682 1204 1716 1230 ut
1747 1197 1829 1230 illud
1858 1198 1941 1231 iuter
1969 1199 2074 1244 multa
2101 1199 2166 1233 alia

228 1252 377 1289 similia¹⁷
407 1254 621 1287 Tullianum:
646 1252 815 1285 sententia
841 1263 906 1284 sua
947 1248 1237 1295 liberaverantffi5
1265 1255 1312 1283 et:
1339 1251 1436 1283 cuius
1464 1261 1532 1295 ego
1559 1260 1670 1283 causa
1696 1245 1859 1282 laborum.

389 1330 423 1363 4.
478 1329 644 1370 Quattuor
669 1329 872 1372 syllabarum
894 1332 1055 1360 structura
1079 1327 1125 1360 sic
1149 1327 1264 1359 vitabit
1282 1326 1383 1359 nostri
1415 1326 1574 1371 temporis
1597 1325 1856 1366 barbarismum,
1883 1325 1968 1359 sicut
1991 1325 2164 1371 disyllaba,

228 1382 376 1427 quamvis
399 1377 524 1415 ιιιιιΙῑί20
548 1392 614 1412 uon
638 1381 801 1424 sapienter
823 1385 855 1411 et
874 1380 907 1411 in
932 1379 990 1411 tali
1016 1379 1257 1423 compositione
1278 1378 1499 1411 barbarismos
1524 1389 1593 1411 esse
1619 1377 1780 1417 dixerunt,
1803 1377 1828 1409 si
1847 1377 2067 1420 penultimum
2090 1391 2167 1411 ver-

227 1436 308 1468 bum
335 1433 459 1466 habeat
481 1432 689 1465 novissimam
712 1431 872 1475 syllabam
896 1435 1011 1462 natura
1032 1431 1187 1474 longam,
1214 1434 1264 1462 ut:
1315 1429 1378 1463 Ad
1397 1441 1513 1462 meam
1536 1439 1682 1473 capsam
1711 1425 1937 1468 ad1nisero²¹;
1964 1435 2012 1462 et:
2053 1429 2167 1463 Indu-

227 1486 403 1529 striaeque
428 1495 529 1517 mette
556 1478 842 1516 contendo-emm.
891 1482 985 1526 Ergo
1012 1481 1038 1514 si
1064 1492 1123 1513 nos
1151 1481 1196 1513 ad
1222 1481 1415 1514 huiusmodi
1444 1485 1619 1514 structuras
1653 1480 1764 1523 aliqua
1798 1480 1972 1512 necessitas
1999 1480 2166 1523 detulerit,

228 1537 410 1582 poterimus
436 1534 710 1579 reprehendentis
719 1531 743 1550 ²³
766 1532 1024 1577 imperitissimos
1047 1532 1288 1576 comprobare,
1315 1533 1340 1564 si
1361 1536 1508 1565 nostrum
1536 1536 1665 1564 nosmet
1688 1531 1837 1564 officium
1857 1531 2031 1565 fecerimus
2061 1533 2167 1566 corri-

229 1590 356 1633 pientes
375 1588 517 1631 syllabas
540 1581 687 1619 breves²⁴
716 1589 748 1617 et
769 1583 990 1628 producentes
1015 1584 1150 1628 longas:
1184 1583 1303 1616 Causa
1327 1583 1449 1617 laboro
1457 1595 1469 1621 ;
1488 1595 1529 1617 sa
1551 1582 1788 1627 producentes3
1816 1581 1954 1626 Capsas
1970 1583 2167 1622 admiser03

230 1652 272 1672 as
297 1640 530 1683 producentes
581 1638 621 1670 ln
642 1637 710 1669 istis
737 1636 822 1668 enim
846 1635 1077 1668 tantummodo
1102 1635 1253 1678 syllabis,
1281 1635 1306 1667 si
1328 1640 1502 1679 correptae
1527 1635 1666 1675 fuerint,
1694 1634 1754 1667 erit
1774 1634 2014 1677 barbarismus,
2041 1647 2108 1668 non
2133 1636 2168 1669 in

229 1696 300 1723 tota
322 1689 561 1733 compositione
588 1694 784 1721 structurae:
818 1686 956 1731 Capeus
979 1687 1175 1723 admisero;
1205 1685 1361 1728 quoniam
1382 1687 1603 1719 barbarismus
1623 1698 1688 1719 uua
1709 1689 1803 1730 parte
1828 1685 1982 1718 orationis
2002 1687 2057 1727 fit,
2086 1687 2167 1730 plu-

230 1742 319 1774 ribus
339 1751 516 1782 nunquam.
577 1740 663 1771 Nam
686 1739 712 1770 si
742 1738 810 1771 hoc
835 1738 880 1770 ita
905 1742 1003 1777 esset,
1036 1748 1103 1770 nou
1131 1738 1163 1770 in
1190 1742 1317 1769 tantum
1341 1737 1493 1770 doctriua
1523 1737 1686 1777 latuisset,
1714 1742 1749 1769 ut
1779 1748 1852 1769 eam
1875 1736 2007 1770 Tullius
2033 1736 2164 1783 [1491]

230 1793 414 1837 ignoraret3
436 1790 489 1822 vel
520 1794 645 1821 tantum
669 1790 844 1833 potuisset,
867 1793 902 1821 ut
923 1801 962 1821 ea
985 1794 1062 1832 post
1090 1789 1201 1828 illum,
1225 1794 1258 1820 et
1279 1788 1401 1821 multos
1432 1794 1507 1821 ante
1529 1789 1611 1821 alios
1622 1785 1647 1806 ²⁵
1672 1787 1790 1820 nostris
1818 1788 2024 1831 temporibus
2056 1788 2166 1823 disce-

232 1840 368 1882 retur²⁶;
394 1852 536 1885 quorum
564 1841 739 1873 obscuram
767 1840 920 1884 peritiam
947 1837 1131 1873 devitavo²⁷
1160 1840 1294 1872 illorum
1320 1840 1523 1873 nobilissima
1549 1839 1754 1885 negligentia
1775 1837 1959 1872 decoratus.

318 1949 345 1991 1)
365 1948 512 1979 Tullianis
527 1959 650 1988 procare
670 1945 791 1975 brebiter
808 1948 982 1986 potuerimus
1001 1949 1072 1978 Cod.
1096 1947 1177 1980 Tull.

235 1995 354 2023 breviter
375 1991 499 2032 probare
518 1992 675 2030 poterimus
697 1990 762 2018 Asc.
781 1991 809 2017 P.
831 2005 872 2010 —
915 1992 943 2027 ⁴2)
960 1990 1015 2019 Ille
1038 1991 1139 2020 addidi
1164 2001 1179 2019 e

234 2037 305 2066 cod,
323 2051 362 2058 -—-
406 2033 436 2072 3)
456 2032 526 2062 Cum
551 2034 574 2060 is
593 2033 632 2059 ila
649 2032 719 2060 Cod.
739 2044 803 2061 cum
823 2032 859 2059 iis
879 2031 943 2060 Asc.
960 2034 991 2062 P.
1009 2050 1049 2055 —-
1091 2033 1119 2073 4)
1143 2032 1178 2062 G.

1219 1948 1275 1978 mis
1290 1953 1470 1987 sequuntur,
1493 1959 1508 1978 e
1527 1949 1595 1978 cod.
1613 1953 1691 1979 sunt.
1713 1964 1749 1970 —
1794 1946 1825 1988 9)
1842 1949 1898 1977 Pro
1917 1947 2108 1987 praenomine
2126 1948 2164 1979 G.

1220 1991 1301 2030 quod
1317 1997 1360 2020 est
1378 1991 1408 2019 in
1429 1991 1515 2028 cod„
1541 1992 1572 2020 C.
1590 1991 1677 2019 habet
1700 1991 1764 2020 Asc.
1786 1991 1876 2030 igitur
1892 1991 1922 2019 P.
1941 2006 1984 2014 —-
2027 1990 2073 2030 10)
2094 1990 2167 2021 Cum

1221 2034 1272 2062 iis
1289 2033 1354 2062 Asc.
1370 2034 1402 2063 P.
1415 2051 1457 2056 -—
1486 2034 1532 2070 11)
1549 2033 1689 2062 Extincta
1709 2034 1758 2061 sit
1782 2040 1867 2072 atque
1882 2031 1984 2062 deleta.
2020 2034 2068 2061 Sic
2086 2039 2166 2063 recte

236 2079 323 2108 Verri
339 2076 409 2105 cod.
452 2074 483 2104 C.
506 2074 592 2103 Verri
608 2076 672 2104 Asc.
691 2075 719 2103 P.
734 2090 776 2096 —-
812 2076 838 2107 5)
854 2074 937 2102 Prior
958 2075 1040 2104 locus
1058 2076 1116 2104 Cic.
1133 2076 1179 2104 le-
1222 2076 1292 2104 Cod.
1315 2077 1447 2105 extincta
1468 2076 1544 2104 sint
1566 2077 1632 2104 Asc.
1663 2074 1755 2104 deleta
1778 2076 1826 2103 sit
1844 2075 1874 2104 P.
1895 2091 1937 2096 —
1985 2074 2028 2114 12)
2050 2075 2167 2117 Disyl-

234 2122 312 2157 gitur
325 2121 357 2148 in
373 2120 454 2147 verr.
470 2122 526 2146 act.
544 2117 565 2153 1,
578 2118 608 2148 5.
630 2116 683 2144 ubi
701 2116 813 2145 editur:
837 2127 893 2144 non
911 2115 1021 2145 licitum
1039 2119 1084 2146 sit.
1119 2118 1180 2146 Al-
1221 2116 1292 2147 laba
1311 2118 1438 2157 simplici
1459 2129 1490 2155 s,
1513 2123 1547 2146 ut
1562 2128 1692 2156 semper,
1716 2117 1788 2146 Cod.
1803 2133 1844 2139 -—-
1884 2115 1929 2156 13)
1944 2116 2167 2148 Bar-berismum

233 2152 277 2192 lor
293 2163 353 2190 Cic.
369 2162 432 2189 niv.
444 2160 475 2187 in
492 2160 574 2187 Verr.
597 2169 622 2187 e.
637 2160 665 2190 4.
683 2159 745 2187 ubi:
769 2170 834 2187 cum
859 2158 917 2186 his
941 2159 1115 2189 civitatibus.
1137 2176 1180 2182 -
1222 2161 1288 2189 Asc.
1302 2161 1332 2189 P.
1349 2176 1391 2183 -—
1427 2159 1478 2199 14)
1497 2160 1584 2198 Signa
1599 2160 1754 2198 prosodica
1772 2169 1786 2188 e
1804 2159 1874 2188 cod.
1917 2160 2015 2189 Locus
2030 2164 2072 2188 est
2087 2161 2167 2199 Virg.

232 2206 260 2244 6)
285 2204 370 2233 Cod.:
392 2203 537 2231 extincta
556 2199 637 2240 adq.
660 2199 751 2229 ‹lclera
764 2201 843 2229 sint.
874 2202 955 2230 Ase.:
978 2202 1110 2229 extincta
1127 2209 1179 2229 ‹11-
1221 2203 1294 2231 Aen.
1321 2203 1351 2240 Ι,
1373 2206 1401 2234 1.
1422 2218 1464 2224 ——
1508 2202 1557 2241 15)
1579 2203 1676 2238 Haec,
1708 2202 1732 2230 si
1756 2201 1904 2230 Ciceronis
1923 2206 2009 2238 sunt,
2038 2202 2168 2232 multum

232 2260 286 2288 que
302 2246 394 2275 tlt-Zeta
408 2246 474 2273 sint.
490 2244 536 2271 R:
557 2249 693 2271 extructa
710 2250 796 2282 arque
810 2241 902 2271 delata
918 2243 985 2271 sim.
1010 2243 1046 2270 Et
1062 2244 1099 2271 sit
1115 2244 1179 2281 qui·
1222 2245 1389 2283 quaerendo
1406 2255 1466 2273 non
1483 2245 1608 2284 repperi.
1621 2261 1663 2267 —-
1694 2243 1737 2283 16)
1754 2243 1913 2273 Hernicum
1929 2245 1995 2273 Asc.
2010 2245 2041 2274 P.
2057 2245 2168 2274 fortas-

234 2294 299 2318 ‹lem
321 2288 404 2323 dedi,
430 2286 498 2324 quia
523 2285 599 2312 infra
624 2284 655 2312 in
680 2285 749 2315 Cod,
765 2286 813 2313 sit.
859 2286 952 2313 Locus
974 2284 1082 2322 legitur
1101 2286 1179 2323 apud

234 2333 294 2361 Cic.
310 2331 375 2360 Div.
395 2331 425 2358 in
444 2328 478 2357 V.
503 2338 527 2357 e.
542 2329 571 2358 8.
591 2326 639 2354 ubi
660 2331 768 2355 tamen:
792 2325 1004 2366 exstinguenda
1024 2334 1108 2366 utque
1125 2326 1181 2355 ‹le-

233 2373 319 2403 lenda
341 2375 386 2402 sit.
412 2388 453 2394 ——
495 2368 528 2408 7)
547 2369 719 2397 Demutatae
746 2369 818 2397 Cod.
848 2376 976 2397 mutatae
999 2369 1064 2397 Asc.
1085 2369 1115 2396 P.
1140 2385 1180 2392 —

233 2418 261 2455 8)
284 2413 445 2445 Tribracho
466 2412 530 2442 Asc.
548 2412 577 2441 Ρ.
621 2410 709 2451 Signa
732 2411 907 2450 prosodica,
931 2421 1005 2449 quae
1024 2412 1054 2439 in
1074 2411 1180 2450 proxi-

1222 2288 1261 2315 sis
1282 2292 1370 2316 recte.
1387 2303 1428 2309 —
1472 2289 1514 2324 17)
1541 2286 1659 2316 Similia
1683 2287 1784 2315 addidi
1807 2296 1822 2314 e
1841 2287 1911 2315 Cod.
1928 2302 1970 2308 ——
2013 2287 2060 2323 18)
2077 2288 2166 2316 Hunc

1223 2329 1373 2358 Ciceronis
1388 2330 1486 2358 locum
1503 2339 1584 2358 nunc
1597 2340 1657 2358 non
1672 2339 1793 2369 possum
1811 2328 1973 2359 ostendere.
1983 2345 2025 2351 —-
2049 2329 2095 2367 19)
2105 2329 2165 2360 Cic.

1223 2371 1288 2399 Div.
1304 2371 1333 2399 in
1348 2372 1383 2401 V.
1405 2381 1430 2400 c-
1444 2373 1474 2401 7.
1490 2387 1531 2392 -—
1574 2375 1620 2409 20)
1640 2370 1793 2411 Quamulti
1809 2371 1877 2399 eod.
1913 2371 2047 2399 Fortasse
2062 2371 2167 2409 legen-

1223 2413 1294 2441 dum
1310 2423 1486 2452 quamquam
1500 2412 1593 2443 multi.
1615 2430 1656 2438 —
1698 2414 1746 2450 21)
1763 2414 1823 2443 Cic.
1841 2413 1906 2442 niv.
1923 2412 1955 2440 in
1970 2412 2053 2442 verr.
2073 2423 2098 2442 c.
2117 2418 2165 2448 16.
