2263 2668
420 169 484 203 DE
511 168 785 204 VERBORUM
810 165 1199 204 SlGNlFICATIONE
1225 166 1538 207 FRAGMENTA.
1794 170 1868 205 243

256 263 449 297 Solutum
463 262 480 285 3
514 273 620 309 genus
667 265 775 297 morbi
818 265 960 297 maxime
995 276 1015 297 a
1049 265 1279 298 rusticantibus
1324 265 1462 309 dicitur,
1514 266 1604 300 cuius
1647 264 1794 298 meminit
1832 261 1854 314 ΙΙ

95 320 194 353 etiam
212 315 371 349 Afranius
396 315 431 348 in
1099 322 1238 359 arquato
1265 317 1413 359 mederi,
1458 318 1557 351 cuius
1582 327 1706 350 nomen
1759 314 1867 363 [110]

95 370 143 405 ab
170 367 322 413 autigine
334 370 356 400 *.
411 367 666 413 Solipunga
691 378 807 413 genus
832 367 998 401 bestiolae
1023 365 1216 409 maleficae,
1251 368 1347 412 quod
1373 369 1507 412 acrius,
1536 368 1806 413 concitatiusque
1830 368 2039 406 fit·f.aurigine

93 423 227 456 fervore
261 421 361 461 solis,
407 430 430 452 α
456 430 524 464 quo
557 430 680 452 nomen
711 419 817 453 traxit.
870 420 948 453 Sos
950 428 979 464 p
990 415 1064 452 es4
1089 417 1272 465 significat
1306 419 1406 464 apud
1438 430 1550 454 omnes
1576 421 1689 453 ferre*
1712 423 1867 453 auctores
1903 423 1939 449 ‘t-
1957 424 2012 450 fere

94 474 253 512 salvum;
287 471 443 505 Afranius
469 471 501 502 in
529 471 696 514 epistola:
728 470 786 504 Di
812 474 852 504 te
876 470 1088 516 sospitem
1116 475 1286 503 servent
1312 471 1402 503 tuis.
1436 471 1568 517 Vergil.
1596 471 1653 505 lib.
1676 470 1764 505 vlu.
1791 470 1865 505 Ae·-

94 525 206 559 neid..·
248 523 430 556 Maxime
457 522 730 555 Teucrorum
756 521 933 564 ductor,
975 531 1055 566 quo
1081 522 1249 567 sospite
1273 532 1499 566 numquam.
1552 523 1683 557 Ennius
1707 522 1741 556 in
1794 549 1802 556 .
1857 549 1864 556 .

97 604 105 611 .
159 604 166 611 .
283 601 290 609 .
334 577 554 619 parentem
582 579 622 606 et
648 574 826 618 patriae
851 573 896 606 di
921 576 1101 606 servate
1126 574 1340 618 sospitem.
1393 574 1518 608 Accius
1540 575 1575 607 in
1608 599 1864 609 .....

98 657 104 663 .
157 628 192 661 si
226 626 306 659 rite
341 625 391 657 ad
426 625 614 669 patriam
646 635 801 670 sospes
827 624 1124 670 pervenisset.
1176 625 1302 658 Ennius
1327 626 1466 658 videtur
1490 629 1704 659 servatorem
1728 624 1866 670 signifi-

96 689 191 721 care,
225 688 300 712 cum
329 677 430 709 dixit:
486 675 578 723 Quo
603 678 772 722 sospite
798 677 919 710 liber.
947 680 1114 710 caeterum
1140 677 1322 722 sospitare,
1358 676 1500 710 Verrius
1526 677 1569 710 ait
1596 688 1665 710 esse
1689 676 1780 709 bona
1806 687 1867 721 spe

97 729 264 778 afficere,
293 732 355 762 aut
381 727 508 761 bonam
535 739 630 773 spem
657 740 724 761 non
750 728 880 762 fallere.
935 727 1247 762 Succrotilla5
1274 729 1378 762 tenuis
1404 729 1598 770 dicebatur,
1627 733 1660 762 et
1685 728 1763 761 alta
1787 738 1866 762 vox.

261 780 403 813 Titinius
435 780 469 812 in
903 779 1111 813 Feminea
1147 780 1348 813 fabulare
1389 779 1653 814 succrotilla
1693 779 1867 814 vocula.

96 832 268 879 Afranius
292 832 326 864 in
352 832 520 876 epistola.-
546 830 814 876 loquebatur
839 831 1103 865 succrotilla
1129 842 1234 866 voce
1259 832 1380 865 serio.
1439 831 1590 865 Plautus
1614 831 1649 864 in
1676 830 1869 864 describen-

97 885 148 918 dis
170 884 350 917 mulierum
370 882 531 917 cruribus
551 882 730 928 gracilibus
756 883 790 915 in
811 882 915 927 Syro.-
944 882 1045 917 Cum
1074 884 1261 917 extortis
1286 883 1404 923 talis,
1432 893 1519 917 cum
1546 882 1750 915 sodellis*
1778 885 1914 915 cru-‘fi
1940 886 2041 912 todellis

96 936 254 973 sculis;
292 935 405 968 belle
431 946 538 978 quae
565 946 646 967 non
672 935 858 979 pedibus
884 935 1009 970 irent.
1064 934 1224 969 Sucula
1252 938 1298 968 est
1324 934 1500 969 machinae
1525 944 1639 979 genus
1659 933 1775 967 teretis
1794 944 1868 966 ma-

97 988 220 1027 teriae,
248 992 279 1020 et
302 987 448 1026 foratae,
476 998 521 1019 ac
540 996 702 1027 crassae,
729 997 829 1029 quam
857 992 892 1019 ut
919 987 1001 1020 uber
1028 987 1156 1021 scrofae
1179 988 1283 1032 porci
1309 987 1527 1020 circumstant
1549 986 1611 1027 sic,
1638 989 1870 1029 versantesque

97 1039 262 1072 ductario
288 1038 368 1071 fune
394 1038 509 1070 volunt
521 1042 542 1070 *.
571 1038 693 1071 eodem
720 1039 855 1071 nomine
877 1039 988 1071 stellas
1009 1039 1163 1082 ruintque
1175 1042 1202 1056 **
1226 1039 1364 1079 dicunt,
1391 1047 1480 1083 quas
1503 1031 1642 1085 αῑὶἰΘνΗ
1659 1046 1724 1081 ap—
1764 1034 1915 1083 [lll]j·f.
1934 1038 2043 1078 volvunt

94 1090 277 1135 pellarunt
303 1101 327 1123 α
351 1088 470 1135 pluvia
495 1088 634 1133 hyadas.
687 1089 813 1123 Graeci
833 1087 951 1129 ὑάδας.
985 1091 1110 1132 nostri,
1149 1090 1373 1123 existimantes
1393 1100 1413 1122 a
1432 1089 1532 1123 subus
1559 1087 1649 1129 dici,
1685 1087 1789 1120 modo
1816 1087 1871 1120 la-
1902 1072 2042 1107 f.qumque

98 1142 168 1175 tine
194 1142 359 1185 loquenti,
402 1141 573 1180 dixerint†
600 1152 663 1174 eas
686 1141 839 1175 Suculus
849 1140 875 1174 ⁶.
937 1141 1246 1187 Succingulum
1280 1140 1511 1187 appellabant
1544 1139 1677 1184 antiqui
1709 1138 1868 1173 balteum.
1880 1140 1924 1181 Η·
1936 1139 2044 1181 loquen-

98 1194 249 1227 Plautus:
288 1192 351 1226 Ab
377 1193 630 1238 Hippolyta
654 1191 966 1238 succingulum
993 1194 1189 1227 Herculis
1203 1195 1247 1233 ††
1275 1204 1414 1239 aeque
1439 1201 1601 1237 magno
1627 1174 2044 1242 neutiqnanissssffffgffij

99 1245 281 1278 abstulit
309 1244 525 1290 periculo.
587 1243 843 1278 Succerdae
879 1250 1001 1280 stercus
1031 1246 1168 1279 suillum
1203 1245 1389 1279 dicebatur
1824 1251 1871 1276 us.

98 1297 197 1330 simus
217 1296 420 1330 succerdae.
477 1294 641 1329 Titinius:
670 1296 779 1338 Quid
807 1295 960 1338 habes,
987 1297 1065 1330 nisi
1093 1307 1219 1330 unam
1245 1307 1399 1331 arcam
1424 1296 1517 1330 sine
1539 1293 1678 1335 clavi,
1707 1302 1754 1325 eo
1778 1303 1873 1327 con-

98 1348 161 1381 dis
182 1348 436 1383 succerdas.
464 1347 537 1381 alio
557 1348 695 1381 nomine
717 1348 878 1382 succerda
900 1348 1029 1381 dicitur
1049 1349 1220 1394 opicerda
1579 1345 1686 1378 homo
1708 1343 1875 1389 opicerda

467 1399 657 1443 hominem,
685 1410 785 1443 quem
806 1400 868 1434 Sol
889 1400 923 1433 in
947 1401 1123 1445 opicerdis
1142 1401 1275 1446 aspicit.
1329 1395 1626 1433 Suburanam⁷
1654 1395 1782 1430 tribum
1809 1406 1874 1428 an—

98 1455 157 1485 tea
185 1451 416 1485 succisanam*
438 1462 508 1497 per
534 1462 553 1485 c
580 1451 813 1497 appellabant
839 1463 879 1485 ex
904 1452 1038 1485 nomine
1064 1453 1239 1498 regionis,·
1269 1463 1354 1486 nam
1375 1454 1516 1497 partem
1542 1449 1644 1482 imam
1669 1447 1761 1480 illam
1788 1447 1926 1490 quo-'¹3
1950 1447 2048 1472 Succu-

97 1515 164 1547 que
191 1503 337 1536 tradunt
352 1502 472 1549 fuisse
496 1514 713 1537 succusanam
740 1503 874 1538 dictam.
935 1503 1078 1538 Verrius
1104 1508 1221 1538 autem
1249 1504 1300 1538 ait
1322 1514 1360 1538 se
1383 1502 1538 1536 miratum
1561 1511 1646 1543 esse,
1679 1509 1743 1533 cur
1762 1509 1829 1532 uon
1851 1509 1875 1531 a
1926 1489 2012 1507 sanam

97 1555 234 1589 nominc
257 1554 338 1600 pagi
359 1554 560 1596 Succusam’,
596 1555 630 1587 in
658 1565 725 1600 quo
751 1554 878 1588 milites
903 1560 1143 1590 exercerentur.

266 1604 586 1639 Succidaneass
612 1606 726 1640 hostitz
759 1607 966 1652 appellatur,
1004 1617 1092 1651 quae
1118 1606 1271 1641 secundo
1298 1606 1372 1640 loco
1399 1602 1628 1643 caedebatur,
1661 1601 1753 1645 quod
1781 1599 1875 1645 quasi

99 1657 355 1698 succideretur,
389 1657 498 1690 dicta.
523 1656 661 1701 quidam
685 1670 704 1690 a
725 1658 961 1700 succedendo,
1001 1668 1069 1692 non
1095 1670 1118 1692 α
1144 1657 1353 1692 succidendo
1380 1656 1504 1690 dictam
1528 1657 1666 1700 putant.
1721 1653 1778 1687 Su
1786 1650 1873 1698 git-

102 1708 114 1740 1
123 1712 242 1740 atum
268 1708 335 1742 dici
362 1709 549 1742 existimant
575 1719 619 1741 ex
645 1708 786 1743 Graeco
810 1709 1000 1754 vocabulo,
1048 1710 1140 1754 quod
1173 1721 1212 1743 ea
1238 1721 1315 1754 pars
1341 1718 1428 1751 quae
1456 1710 1505 1740 est
1529 1705 1593 1739 sub
1621 1704 1726 1745 collo,
1769 1700 1877 1738 κύλον

102 1759 145 1792 ab
167 1759 204 1791 iis
228 1759 357 1794 dicitur.
411 1760 721 1805 Sycophantas
746 1761 883 1807 quidam
912 1773 951 1794 ex
977 1761 1044 1795 hac
1073 1773 1173 1795 causa
1200 1761 1312 1794 dictos
1333 1762 1471 1805 putant.
1526 1757 1654 1790 Atticos
1680 1753 2051 1799 quondam*‘f·qu⁰⁸d³¹¹¹

102 1811 241 1844 iuvenes
266 1812 379 1844 solitos
407 1813 495 1844 aiunt
520 1812 554 1844 in
580 1811 696 1845 hortos
722 1813 943 1857 quorumdam
970 1813 1174 1858 irrumpere,
1207 1813 1358 1856 ficosque
1384 1809 1564 1854 deligere,
1598 1818 1698 1852 quam
1726 1807 1770 1840 ob
1797 1816 1877 1840 cau-

103 1873 173 1895 sam
201 1862 278 1907 lege
306 1860 562 1911 factun1*{}qui
589 1863 623 1896 id
651 1864 799 1906 fecisset,
827 1864 938 1911 capite
950 1868 978 1883 **
1002 1870 1086 1898 esset
1113 1865 1153 1899 ei.
1179 1875 1278 1908 quam
1301 1873 1447 1908 poenam
1467 1861 1524 1904 qui
1545 1869 1727 1904 pei-seque·
1772 1855 2051 1915 [112]f0·r31¹t¹.¹¹¹¹·¹

102 1918 215 1947 rentur
241 1914 286 1946 ob
314 1915 452 1958 parvola
479 1915 692 1956 detrimenta,
723 1916 948 1962 sycophantas
968 1916 1167 1962 appellatos.
1221 1912 1369 1949 Sulci⁹
1392 1912 1620 1958 appellantur,
1647 1921 1714 1955 qua
1736 1914 1878 1943 aratrum
1918 1892 1936 1917 f.
1955 1894 2042 1924 “apua

483 339 1048 350 ··········

1939 1243 1985 1269 les.

104 2051 192 2078 culis.
226 2051 305 2078 Urs.
327 2066 369 2072 —
398 2050 428 2088 6)
444 2050 600 2088 saculos]
624 2050 679 2079 liic
704 2060 822 2088 quoque
839 2050 923 2078 locus
946 2049 975 2077 in

107 2093 239 2121 editione
260 2092 476 2130 Augustiniana
500 2094 574 2121 male
590 2093 677 2121 nimis
691 2098 735 2121 est
750 2097 899 2132 acceptus.
923 2102 977 2120 nos

106 2135 143 2164 ad
158 2135 246 2164 fidem
265 2133 444 2174 exemplaris
464 2134 623 2172 edidimus,
649 2140 678 2164 et
694 2145 730 2163 ex
746 2139 886 2173 corrupta
902 2144 976 2163 voce

104 2179 265 2216 ruintque,
288 2177 412 2206 fecimus
427 2179 568 2216 quinque.
589 2183 617 2206 et
633 2188 687 2216 pro
705 2177 849 2215 loquenti,
872 2186 975 2205 emen-

107 2221 248 2249 davimus
272 2220 424 2259 loquendi.
449 2230 524 2258 quae
548 2220 696 2248 scribendi
720 2219 905 2248 consuetudo
928 2219 975 2246 in-

104 2263 227 2292 venitur
258 2273 323 2291 cum
353 2263 384 2291 in
414 2262 568 2291 veteribus
597 2263 814 2297 monumentis,
854 2266 917 2289 tum
947 2262 977 2290 in

106 2305 165 2334 hoc
197 2306 262 2345 ipso
287 2306 452 2343 fragmento
483 2315 643 2344 persaepe3
688 2304 718 2332 in
754 2314 813 2342 quo
843 2308 888 2332 set
922 2313 977 2342 pro

106 2348 175 2377 sed.-
201 2349 302 2386 adque
332 2358 388 2387 pro
410 2354 517 2386 atque,
540 2347 713 2386 quodannis
735 2357 790 2385 pro
807 2348 978 2385 quotannis,

831 2389 913 2420 Urs.
938 2406 976 2411 —

827 2432 906 2460 Urs.
938 2449 975 2454 --

109 2396 140 2420 et
161 2391 217 2420 alia
244 2391 418 2419 huiusmodi
447 2391 638 2429 reperiuntur
660 2389 785 2418 infinita.

107 2431 137 2473 7)
176 2433 403 2472 Suburanam]
442 2432 516 2462 Vide
551 2433 581 2461 in
611 2433 774 2462 Suburam.

1018 2050 1048 2088 8)
1074 2047 1293 2086 διιεείιίαηεα.]
1324 2047 1456 2085 Agellius
1478 2045 1528 2074 lib.
1554 2047 1583 2076 4.
1617 2054 1678 2082 cap.
1700 2045 1730 2074 7.
1773 2041 1880 2070 Succi-

1019 2094 1130 2121 daneae
1162 2091 1296 2126 hostiae,
1344 2090 1428 2127 quasi
1469 2088 1669 2117 succedaneae
1703 2084 1879 2124 appellatae,

1020 2134 1160 2173 quoniam
1182 2134 1206 2162 ei
1227 2132 1333 2172 primis
1354 2131 1461 2161 hostiis
1482 2130 1598 2159 litatum
1621 2138 1680 2158 non
1702 2131 1783 2164 erat,
1806 2127 1880 2155 aliae

1018 2180 1086 2216 post
1117 2176 1235 2205 easdem
1266 2174 1373 2203 ductae
1402 2172 1515 2203 hostiae
1545 2170 1760 2206 caedebantur,
1803 2177 1881 2208 quae

1020 2218 1170 2258 prioribus
1193 2219 1248 2247 iam
1275 2218 1384 2254 caesis,
1407 2216 1506 2245 luendi
1530 2214 1640 2254 piaculi
1654 2213 1749 2251 gratia
1771 2211 1880 2241 subde-

1020 2262 1147 2298 bantur,
1171 2266 1201 2290 et
1220 2260 1459 2290 succidebantur.
1493 2258 1530 2288 ob
1551 2257 1584 2287 id
1606 2255 1801 2286 succidaneam
1823 2264 1881 2282 no-

1021 2305 1172 2340 minatae,
1211 2303 1309 2333 littera
1339 2303 1350 2331 i
1380 2302 1493 2332 scilicet
1526 2299 1647 2331 tractim
1680 2298 1882 2338 pronuntiata.

1020 2347 1126 2376 Festus
1147 2346 1248 2388 priore
1276 2346 1344 2376 loco
1373 2344 1479 2383 Agellii
1505 2343 1676 2382 opinionem
1701 2340 1796 2380 ponit.
1823 2349 1883 2379 po·-

1020 2390 1144 2418 steriore
1165 2389 1289 2419 aliorum
1312 2388 1403 2418 refert
1425 2385 1611 2418 sententiam.
1662 2384 1741 2414 Uro.
1773 2398 1811 2405 -
1851 2382 1881 2416 9)

1019 2431 1137 2471 Sulch]
1166 2431 1239 2462 Vide
1268 2441 1340 2461 num
1372 2431 1479 2459 melius
1507 2430 1547 2459 sit
1580 2428 1713 2463 dictum,
1763 2434 1818 2464 pro
1845 2431 1882 2451 eo

1528 2479 1642 2513 Hh*
