2263 2668
337 639 807 684 PHOGAE
900 640 1717 686 GRAMMATICI
1868 646 1999 696 [1688]

541 743 661 777 Ans
707 743 785 778 DE
831 743 1092 778 NOMINE
1139 743 1222 777 ET
1270 742 1521 779 VER1301.
1953 708 1957 712 ”

1015 881 1042 915 Ι.

813 966 1250 1001 Prooemium.

468 1025 556 1078 Ars
583 1055 658 1076 mea
684 1043 864 1076 multorum
893 1055 945 1084 es,
998 1054 1082 1087 quos
1109 1043 1241 1076 saecula
1262 1042 1374 1086 prisca
1399 1037 1581 1081 tulerunt²;

591 1095 660 1128 Sed
687 1106 774 1127 nova
800 1100 832 1128 te
858 1094 1000 1128 brevitas
1027 1094 1139 1128 asserit
1166 1106 1235 1127 esse
1262 1105 1381 1126 meam.

468 1146 592 1180 Omnia
619 1158 695 1180 cum
721 1151 870 1179 veterum
898 1147 960 1179 sint
987 1147 1160 1190 explorata
1186 1145 1316 1187 libellis,

590 1197 702 1230 Multa
729 1198 822 1241 loqui
848 1198 992 1231 breviter
1017 1199 1056 1231 sit
1082 1197 1235 1230 novitatis
1258 1208 1353 1241 opus.

466 1248 520 1282 Te
544 1250 676 1294 relegat
701 1249 843 1291 iuvenis,
895 1261 996 1293 quem
1023 1250 1158 1295 garrula
1184 1249 1310 1294 pagina
1335 1242 1464 1290 lassat³‚

585 1301 654 1334 Aut
680 1301 705 1333 si
726 1313 826 1344 quem
853 1301 968 1346 paucis
995 1302 1078 1334 seria
1104 1313 1200 1334 nosse
1225 1301 1322 1333 iuvat.

466 1351 520 1385 Te
546 1352 732 1396 longinqua
759 1358 875 1397 petens
901 1354 1058 1387 comitem
1087 1354 1148 1386 sibi
1174 1348 1282 1385 ferre⁴
1308 1351 1415 1384 viator

587 1405 638 1437 Ne
665 1404 808 1442 dubitet;
859 1416 965 1449 parvo
998 1405 1149 1450 pondere
1182 1405 1284 1437 multa
1315 1402 1421 1435 vehis.

466 1455 520 1488 Te
546 1454 572 1488 si
598 1455 670 1499 quis
697 1456 860 1500 scripsisse
887 1456 996 1497 volet,
1033 1468 1100 1489 non
1126 1456 1196 1489 ulla
1223 1449 1401 1499 queretur⁵

586 1507 734 1548 Damna,
788 1519 850 1542 nec
876 1507 998 1553 ingrati
1023 1509 1114 1541 triste
1140 1508 1265 1540 laboris
1292 1517 1386 1538 onus,

464 1554 545 1591 Est⁶
571 1559 665 1602 quod
695 1559 833 1603 quisque
859 1565 970 1603 petat3
1021 1571 1190 1603 nunquam
1216 1569 1352 1592 censura
1380 1552 1490 1588 diserti

590 1611 670 1645 Hoc
696 1608 906 1645 contemnaffl
929 1622 1031 1656 opus,
1067 1611 1094 1644 si
1119 1610 1224 1644 modo
1250 1610 1336 1642 livor
1362 1607 1464 1640 abest.

715 1714 1342 1767 Praefatio?

216 1795 328 1829 Credo
362 1797 537 1830 nonnullos
570 1796 640 1831 hoc
673 1810 786 1831 meum
821 1799 996 1832 miraturos
1030 1796 1248 1842 opusculum,
1301 1791 1393 1836 quod
1420 1790 1452 1822 in
1478 1792 1568 1822 tanta
1594 1787 1859 1821 doctissimorum
1885 1787 1998 1822 homi-

54 1842 151 1878 numn
178 1848 295 1891 copia,
347 1849 403 1891 qui
433 1849 522 1881 varie
556 1848 801 1894 diligenterque
831 1849 999 1883 emendati
1028 1847 1185 1881 sermonis
1212 1848 1395 1889 praecepta
1421 1840 1645 1881 tradiderunt,
1699 1850 1765 1884 ego
1791 1840 1999 1884 potissimum

54 1908 151 1930 ausus
178 1898 237 1930 sim
263 1900 438 1933 temerario
466 1911 505 1934 ac
532 1912 640 1945 paene
667 1902 832 1946 sacrilego
859 1906 979 1935 conatu
1007 1900 1159 1932 libellum
1187 1897 1230 1929 de
1257 1901 1326 1929 arte
1336 1892 1360 1912 ¹⁰
1382 1892 1596 1928 comminisci.
1648 1890 1701 1923 De
1728 1902 1795 1934 quo
1821 1892 1913 1936 prius
1940 1905 2000 1926 ex-

54 1947 238 1982 cusandum
264 1954 362 1993 puto,
399 1963 500 1994 quam
527 1952 571 1985 de
597 1953 693 1985 titulo
722 1954 833 1998 operis
861 1953 1036 1989 disseram,
1079 1961 1155 1984 cum
1179 1949 1298 1988 sciam,
1332 1945 1494 1991 plurimos
1521 1942 1658 1987 quidem
1684 1943 1818 1987 regulas
1845 1945 1964 1977 artium
1975 1941 1999 1962 ¹¹

53 2010 118 2044 per
150 1999 303 2033 ordinem
336 2001 527 2047 digessisse,
571 2004 689 2048 quibus
722 2001 800 2037 ad¹²
826 2003 1098 2049 praerogativam
1130 2000 1297 2033 solertiam
1331 1997 1505 2041 antiquitas
1539 1995 1612 2040 ipsa
1645 1993 1828 2040 suffragata
1864 1994 1997 2042 [1689]

140 2121 169 2153 1)
205 2118 362 2157 Inscriptio
387 2120 467 2150 deest
488 2121 519 2150 in
540 2122 611 2151 Cod.
632 2123 688 2151 Gu.
738 2121 947 2151 Vetustissimi
969 2130 1006 2147 ac
1050 2124 1168 2148 temnet
1188 2118 1254 2147 Asc.
1284 2133 1326 2139 —
1355 2115 1382 2156 8)
1406 2116 1476 2144 Post
1496 2114 1600 2144 verba:
1639 2113 1733 2144 Credo
1757 2114 1921 2143 nonnullos
1940 2115 1997 2143 lzoc

49 2161 308 2199 perspicacissimi
324 2160 440 2191 Plzocae
456 2164 659 2192 Grammctiici
677 2164 712 2192 de
730 2165 858 2192 Nomine
872 2168 897 2190 et
912 2162 1006 2190 Verbo
1051 2173 1148 2190 meum
1168 2161 1199 2189 in
1222 2160 1293 2190 cod.
1315 2160 1372 2188 Gu.
1394 2159 1425 2187 in
1445 2157 1542 2187 medio
1566 2162 1711 2186 contextu
1733 2167 1827 2196 usque
1850 2157 1887 2185 ad
1908 2157 1995 2186 finem

55 2203 129 2231 liber
143 2204 259 2242 incipit.
276 2204 344 2232 Asc.
365 2221 408 2226 —-
429 2206 458 2243 2)
478 2206 586 2235 Tulere
599 2209 700 2235 Ascen.
722 2223 757 2227 —
778 2206 808 2243 3)
831 2207 926 2233 Terret
941 2205 1007 2233 Asc.
1050 2205 1145 2233 lineae
1160 2203 1334 2242 interposita
1350 2202 1460 2240 legitur
1476 2199 1597 2229 rubrica
1611 2201 1746 2239 Explicit
1756 2200 1919 2239 prologus,
1946 2201 1996 2227 in-

54 2246 176 2276 l‘utsch.
195 2246 266 2275 Ven.
311 2247 414 2275 Paullo
437 2253 505 2276 ante
524 2250 659 2286 relegant
683 2251 818 2283 ιἰιιέηεπς,
848 2259 924 2286 quos
940 2247 1008 2277 Asc.
1052 2249 1125 2286 cipit
1141 2246 1306 2287 praefatis).
1333 2261 1375 2266 —
1403 2242 1431 2282 9)
1453 2244 1625 2271 fluminum
1647 2243 1729 2271 deest
1749 2243 1781 2271 in
1799 2243 1854 2271 Gu—
1882 2257 1924 2264 -
1953 2245 1994 2275 10)

58 2290 185 2318 Gamla
202 2299 256 2327 pro
268 2290 400 2326 garrula
419 2290 490 2318 Cod.
501 2292 556 2319 Gu.
573 2309 610 2313 ——
626 2292 653 2329 4)
668 2293 742 2320 Esus-e
758 2291 829 2318 Cod.
846 2292 902 2319 Gu.
936 2291 1008 2319 Pro-
1051 2290 1108 2319 Vv.
1124 2290 1158 2317 de
1173 2295 1237 2317 arte
1252 2289 1360 2317 desunt
1380 2287 1410 2315 in
1425 2287 1482 2316 Gu.
1505 2302 1547 2308 —-
1571 2286 1617 2324 11)
1642 2286 1724 2314 Ordo
1739 2285 1770 2313 in
1788 2285 1844 2313 Gu.
1860 2289 1918 2313 est:
1942 2293 1995 2321 per

56 2333 138 2361 ximo
154 2342 243 2360 versu
260 2332 333 2359 Nec
348 2331 417 2361 dub.
432 2342 487 2371 pro
507 2334 558 2361 Ne
574 2333 642 2363 (lab.
662 2335 716 2361 Gu.
731 2349 772 2354 ·—
789 2334 815 2369 5)
839 2333 919 2361 Velct
936 2343 1009 2360 non-
1052 2332 1186 2361 ordinem
1203 2332 1328 2371 regulas
1349 2330 1458 2358 omisso
1480 2328 1610 2367 genitivo
1631 2329 1753 2356 artium.
1774 2342 1816 2348 —
1842 2329 1885 2360 12)
1908 2326 1995 2354 Prae-

57 2376 146 2403 nulla
160 2379 321 2413 querentur
338 2376 394 2403 Gu.
416 2390 458 2396 —
479 2374 510 2415 6)
529 2377 573 2403 Es
589 2386 643 2415 pro
658 2377 715 2404 Est
730 2375 796 2404 Asc.
819 2391 861 2398 —
883 2379 913 2411 7)
931 2376 1010 2405 Con·
1054 2375 1164 2415 positio
1178 2375 1210 2404 in
1224 2375 1291 2404 Asc.
1304 2374 1400 2410 deest,
1423 2372 1474 2401 sed
1488 2370 1629 2401 exhibent
1637 2371 1710 2400 Ven.
1725 2374 1754 2398 et
1767 2368 1841 2397 cod.
1852 2368 1909 2397 Gu.
1938 2366 1993 2394 No-

109 2436 274 2463 Gnnmxr.
301 2445 364 2462 ι,Λτ.
386 2434 408 2462 l.
1535 2422 1560 2455 S
1580 2434 1594 2454 S
