2263 2668
552 150 617 184 DE
642 147 1029 185 SIGNIFICATIONE
1056 146 1340 182 VERBORUM.
1391 146 1537 181 LIBER
1562 147 1588 181 Ι.
1979 145 2055 179 317

102 250 135 274 ut
158 244 253 273 Paulli
276 244 367 273 verba
390 244 433 272 sic
455 243 646 282 intelligenda
669 248 697 273 et
720 243 927 282 distinguenda
950 243 1024 272 siut:
1047 240 1184 278 Ariusia,
1207 241 1269 270 ovis
1286 239 1402 275 vetula,
1426 242 1546 270 recentis
1565 248 1679 281 partus.
1724 239 1758 268 ld
1780 244 1825 268 est
1844 240 2052 279 primogenita,

103 288 134 316 id
158 292 217 321 est,
240 297 327 325 quam
348 286 476 321 recenti,
505 286 568 315 sive
592 287 686 325 primo
710 292 798 325 partu
819 291 914 315 mater
938 284 1056 325 peperit
1084 289 1112 313 et
1139 284 1207 313 inde
1228 288 1323 322 patet,
1357 293 1411 312 cur
1434 284 1569 312 Isidorus
1600 283 1729 319 dixerit,
1770 283 1831 312 ovis
1853 283 1949 311 maior
1972 290 2054 311 natu.

101 331 151 358 Sic
174 330 251 358 infra
274 328 399 366 ovillas,
429 340 522 368 agnas
545 330 665 358 recentis
691 337 804 369 partus.
847 330 919 358 Nam
949 326 1057 357 avillae
1083 337 1173 364 agnae
1207 327 1333 355 vetulae.
1377 326 1466 356 Dae.
1511 326 1582 355 Mihi
1605 326 1724 355 videtur
1747 324 1852 354 adasia
1875 325 2054 353 adiectivum

100 372 222 411 proprie
246 382 324 408 esse,
348 372 516 401 derivatum
539 382 555 399 a
572 372 722 400 Sanscrita
746 382 818 400 voce
841 370 964 401 adhas
987 380 1062 409 quae
1086 369 1231 408 significat
1254 368 1317 402 sub.
1341 368 1447 398 subter.
1493 370 1533 397 Ut
1557 369 1633 398 enim
1657 368 1692 397 ab
1709 375 1797 396 amar
1819 367 1987 397 derivatum
2008 368 2056 395 in-

101 416 221 443 venitur
246 415 426 443 adiectivuin
449 414 655 452 pronominale
680 422 822 452 amaras,-
857 419 891 443 ut
914 413 993 452 apud
1016 413 1133 440 Latinos
1164 413 1253 446 inter,
1284 412 1420 449 inlerior3
1451 412 1493 440 sic
1517 411 1553 440 ab
1582 410 1675 440 adhas
1705 410 1804 450 potuit
1831 410 1897 440 fieri
1923 408 2054 446 adasius,

101 457 282 494 submissus,
312 458 362 496 qui
393 457 587 486 submittitur.
634 455 753 486 Adasia
783 458 875 495 igitur
906 461 981 486 esset
1005 455 1142 491 ovicula,
1181 464 1255 492 quae
1279 454 1366 482 matri
1389 454 1587 491 submittitur,
1615 465 1694 494 agna
1724 464 1834 492 sugens.
1887 452 1949 481 Nisi
1977 453 2056 481 sorte

101 498 208 528 adasia
229 510 265 528 ex
287 498 327 528 ad
350 505 378 528 et
401 499 464 528 avis
486 500 505 529 i.
530 509 552 528 e.
577 501 653 536 ovis,
685 500 891 539 compositum.
923 499 958 528 cf.
987 498 1064 526 ini'ra
1088 495 1262 527 Avillas.

269 541 489 581 Abrogare‚
519 541 735 581 infirmare.
781 542 901 581 Optime
922 542 1014 580 igitur
1037 541 1150 569 Gloss.:
1180 538 1291 578 abrogo
1315 535 1477 579 οἷποκυρῶ,
1515 538 1631 569 {kanni
1682 538 1806 576 Saepius
1838 541 1937 565 tamen
1960 535 2051 565 abro-

99 595 171 623 gare
193 595 250 623 pro
274 585 393 613 onmino
417 584 539 621 tollere,
564 585 692 623 eripere,
721 589 754 614 ut
776 584 918 624 abrogare
935 582 1031 626 fidem
1055 582 1165 618 alicui5
1208 586 1242 610 ut
1270 579 1414 620 abrogare
1443 580 1532 620 legem
1565 586 1608 610 est
1637 581 1730 618 legem
1754 579 1899 618 perlatam
1931 589 2054 617 prorsus

101 627 215 656 tollere.
271 626 363 656 Dae.
415 626 497 655 Adde
521 627 612 665 legem
646 630 713 659 102.
743 627 772 656 ff.
801 627 837 656 de
866 627 945 657 verb.
977 626 1073 664 signif.
1121 623 1228 654 Goth.

264 667 338 698 Ad.
385 670 510 698 Denotat
532 675 646 699 motum
669 670 705 698 ad
727 670 843 707 locum,
871 669 951 710 apud
981 670 1093 698 sactum
1120 668 1152 696 in
1185 668 1260 695 Ιοοο.
1312 665 1367 696 Ad
1396 666 1494 695 verbis
1524 671 1622 695 motus
1653 664 1858 701 coniungitur,
1893 661 1974 703 apud
1994 673 2054 691 non

101 712 180 740 item.
226 711 296 740 Inde
320 712 413 740 Lucil.
437 717 490 741 sat.
514 712 585 742 IX.:

521 754 573 784 Sic
598 764 623 784 et
645 754 726 795 apud
748 763 774 784 ie
798 754 885 794 longe
907 753 991 783 aliud
1013 761 1072 792 est,
1101 763 1169 782 nam
1196 750 1272 780 idem
1295 750 1371 780 valet
1394 749 1435 779 ad
1456 759 1499 788 te,-

517 795 600 827 Iniro
623 810 676 827 nos
697 805 782 828 vocat
806 796 846 826 ad
868 809 941 833 εἰπε,-
966 804 1039 826 tenet
1060 798 1138 826 intus
1161 793 1241 834 apud
1262 806 1299 823 se.

101 837 256 866 Interdum
282 842 381 867 tamen
405 838 446 868 acl
471 841 600 868 sumitur
622 851 676 879 pro
701 839 797 880 apud,
822 845 854 869 ut
877 839 958 880 opud
980 851 1035 871 pro
1058 838 1108 869 ad.
1153 838 1209 866 Da
1224 849 1248 866 c.
1295 836 1338 865 Cs.
1363 836 1482 865 Sallust.
1512 835 1590 874 apud
1614 835 1785 873 Pompeium
1812 835 1843 862 in
1867 833 1978 860 Comm.
2001 836 2056 861 art.

101 880 176 909 Dor¹·
199 891 265 919 Pag-
288 883 360 914 395.
404 882 458 913 Ed.
484 893 581 920 meae,
611 884 713 922 ibique
743 883 926 923 Pompeium.
971 876 1108 911 Ceterum
1138 881 1296 918 legendum
1322 879 1446 908 videtur
1473 879 1553 917 apud
1584 878 1734 907 Paullum:
1778 874 1832 904 Ad
1861 882 1911 903 aut
1938 884 2057 913 prope

98 934 269 962 personam,
294 929 383 963 atque
408 925 448 954 ita
472 925 592 960 exhibet
616 927 688 956 cod.
715 927 793 965 Lips.
818 926 900 964 quod
926 930 1027 954 notare
1051 924 1213 954 omisimus.
2012 958 2016 962 Ι

266 966 390 1006 Apud.
436 968 510 997 Vide
540 968 595 999 ad.
633 969 723 998 Dac.
769 969 810 996 Cf.
842 969 938 998 Plaut.
974 968 1060 998 Milit.
1082 968 1127 1004 II,
1157 967 1194 1003 5,
1227 968 1277 997 70.
1321 964 1423 1005 Atque
1451 962 1532 1003 apud
1561 963 1638 992 hunc
1668 973 1699 991 eo
1728 962 1865 990 vicinum.
1910 958 1966 987 Ubi
1988 957 2057 986 vide

102 1017 179 1046 quae
203 1008 353 1038 adnotavi.

266 1051 326 1080 At.
373 1053 412 1081 De
439 1053 647 1083 coniunctione
674 1061 705 1082 at
727 1053 763 1081 cf.
786 1053 922 1082 Handius
943 1054 974 1082 in
996 1052 1166 1081 Tursellino
1189 1061 1213 1080 s.
1238 1061 1266 1079 v.
1296 1049 1367 1078 Mihi
1398 1047 1592 1087 repetendum
1624 1047 1744 1075 videtur
1772 1054 1810 1073 at
1842 1055 1877 1072 ex
1901 1043 2054 1072 Sanscrito

100 1093 277 1131 pronomine
301 1096 396 1132 ilssra,
432 1095 536 1136 ἕτερος.
580 1097 653 1125 Nam
683 1096 851 1125 terminatio
882 1103 949 1124 tara
973 1095 1046 1124 nihil
1071 1099 1113 1123 est
1136 1094 1234 1130 aliud,
1268 1093 1324 1121 nisi
1351 1092 1490 1120 suffixum
1523 1089 1728 1129 comparativi.
1779 1087 1861 1115 Unde
1891 1086 2058 1115 ostenditur

100 1142 147 1163 ost
170 1146 207 1164 ex
230 1137 331 1165 eadem
356 1138 467 1176 origine
492 1149 554 1167 esse
577 1139 791 1176 derivandum,
816 1139 919 1168 addito
943 1138 1129 1178 pronominis
1154 1136 1241 1175 stirpi
1266 1135 1373 1164 suffixo
1398 1133 1574 1173 superlativi
1599 1132 1710 1167 ischia,
1735 1135 1768 1159 ut
1791 1138 1821 1158 at
1845 1130 1879 1157 ab
1903 1130 1990 1165 ilara,
2012 1135 2058 1156 ast

101 1177 137 1205 ab
160 1178 254 1207 ischia
278 1180 329 1219 (ita
362 1181 437 1208 enim
467 1191 522 1220 pro
552 1181 658 1211 iischta
687 1182 876 1210 formandum
906 1184 993 1219 esset)
1024 1181 1153 1209 dicatur.
1195 1180 1238 1210 Cf.
1263 1179 1446 1207 Graecorum
1470 1174 1550 1212 a'ta'p.
1597 1176 1646 1203 Sic
1672 1175 1884 1202 Germanorum
1907 1170 1996 1200 aber
2021 1180 2057 1199 ex

100 1221 252 1250 Sanscrito
274 1223 452 1261 pronomine
475 1235 586 1263 apat-a,
611 1224 703 1260 alius,
729 1230 780 1252 aut
804 1225 838 1252 ab
864 1236 973 1257 avara,
1001 1224 1166 1262 posterior3
1199 1221 1357 1251 eorundem
1388 1218 1482 1249 oder
1512 1229 1548 1247 ex
1571 1217 1720 1246 Samson-ito
1744 1215 1918 1254 pronomine
1941 1220 2057 1260 amaru,

101 1263 192 1301 alius,
217 1268 266 1292 aut
290 1265 325 1292 ab
348 1264 482 1302 adhara,
506 1266 644 1304 inferior,
669 1267 830 1296 eorundem
860 1265 977 1295 werlet-
1002 1278 1037 1295 ex
1062 1266 1191 1294 eiusdem
1215 1265 1359 1293 sermonis
1387 1262 1563 1301 pronomine
1587 1268 1706 1296 catara,
1738 1264 1819 1292 uter,
1843 1254 1980 1296 κότερος,
2004 1268 2058 1285 πο·

100 1316 199 1345 τερος,
223 1307 303 1344 quod
330 1307 456 1336 Gothice
480 1313 566 1336 sonat
588 1307 739 1345 lwacllzar,
764 1310 909 1338 Saxonice
940 1308 1063 1345 hveder,
1097 1308 1337 1346 Anglosaxonice
1367 1304 1511 1341 hviidlzeffi
1537 1303 1619 1343 apud
1653 1303 1912 1338 Priscogermanos
1937 1297 2057 1327 huedar.

99 1348 157 1376 Pro
182 1348 309 1378 Gothico
332 1348 466 1388 andlan,
500 1351 588 1388 alter,
621 1352 787 1389 secundus,
817 1353 927 1381 dicitur
957 1353 1101 1380 Saxonice
1125 1351 1227 1387 oilzar,
1263 1347 1501 1387 Anglosaxonice
1524 1346 1631 1382 otllzer,
1662 1345 1741 1373 unde
1763 1349 1861 1372 nostra
1885 1340 2058 1370 coniunctio

100 1389 185 1427 oder,
209 1401 285 1429 quae
311 1392 407 1421 omnia
432 1393 468 1421 ab
492 1404 509 1422 ο
534 1394 706 1433 incipientia
731 1405 790 1423 non
814 1406 828 1423 a
853 1395 1003 1423 Sanscrito
1035 1402 1158 1430 antara,
1195 1393 1248 1422 sed
1279 1393 1314 1421 ab
1340 1391 1472 1421 eiusdem
1504 1390 1621 1427 linguae
1652 1387 1767 1417 adhara
1797 1384 1959 1415 derivanda
1994 1392 2057 1411 esse

99 1433 248 1463 videntur.
291 1434 344 1463 His
366 1435 406 1464 ita
428 1436 602 1475 comparatis
627 1447 687 1465 non
710 1437 833 1466 dubium
861 1437 935 1466 mihi
957 1437 1076 1466 videtur
1100 1437 1273 1465 Latinorum
1296 1443 1327 1464 at
1351 1439 1379 1463 et
1402 1440 1448 1462 asi
1471 1443 1525 1471 per
1553 1441 1706 1470 apocopen
1736 1434 1801 1458 orta
1824 1438 1885 1457 esse
1910 1437 1948 1456 ex
1971 1427 2058 1455 Sans-

101 1476 182 1504 critis
205 1477 435 1516 pronominibus
459 1480 536 1507 itura
563 1485 592 1508 et
613 1479 725 1518 ischia,
759 1491 888 1520 quorum
919 1486 1017 1509 tamen
1047 1480 1196 1519 posterius
1224 1490 1260 1508 ex
1290 1477 1423 1516 anologia
1453 1475 1613 1504 confictum
1643 1473 1845 1512 supponimus.
1897 1469 1957 1499 Nisi
1979 1469 2057 1497 forte

100 1525 138 1547 at
163 1529 200 1547 ex
224 1520 374 1549 Saiiscrito
398 1520 505 1558 atha,
530 1526 603 1560 quot
626 1530 682 1560 ai,
708 1530 786 1560 tum,
807 1531 874 1563 post
897 1523 1064 1562 significat,
1088 1522 1254 1551 descendit.

264 1561 436 1592 Addicer
446 1575 468 1593 e.
514 1564 706 1604 Approbare,
732 1576 823 1604 quare
845 1566 877 1593 in
901 1566 1092 1603 auguralibus
1115 1576 1183 1594 aves
1207 1565 1348 1593 dicuntur
1370 1559 1524 1597 addicere,
1549 1570 1615 1588 cum
1639 1556 1775 1592 suadent,
1799 1555 1935 1594 probant,
1959 1557 2056 1582 ratum

100 1602 226 1633 faciunt.
267 1603 361 1633 Alias
385 1603 521 1634 addicere
545 1606 696 1638 damnare.
742 1608 891 1637 Addicere
914 1609 1037 1647 proprie
1062 1613 1106 1636 est
1134 1608 1299 1637 debitorem
1323 1606 1372 1644 qui
1396 1615 1455 1632 non
1481 1608 1525 1632 est
1548 1601 1710 1637 solvendo,
1735 1599 1765 1626 in
1789 1602 1967 1636 potestatem
1991 1605 2057 1624 cre-

101 1644 206 1673 ditoris
228 1646 361 1684 tradere,
387 1648 466 1677 uude
488 1647 626 1679 addictus
648 1650 821 1687 damnatus,
845 1651 987 1680 creditori
1010 1651 1146 1681 traditus,
1190 1651 1284 1679 Plaut.
1307 1647 1446 1677 Bacchid.
1471 1646 1506 1674 V.
1530 1647 1575 1674 Sc.
1600 1644 1652 1673 uli.
1677 1642 1718 1679 (v.
1742 1642 1807 1678 87.)

679 1692 797 1730 Ducite,
821 1705 877 1733 quo
901 1692 997 1731 lubet,
1020 1698 1162 1734 tunquam
1194 1691 1309 1733 quidem
1331 1688 1476 1719 addictos.

101 1728 175 1757 [nde
198 1728 429 1760 Achaemenides
452 1733 533 1772 apud
556 1733 660 1773 Virgil.
682 1735 732 1764 III.
756 1735 829 1765 Aen.
854 1739 893 1771 (v.
917 1737 1000 1772 652.)

682 1794 724 1800 —
751 1795 784 1799 -
814 1795 852 1800 —-
884 1778 967 1808 Huic
990 1790 1046 1816 me,
1071 1790 1268 1819 quaecumque
1293 1775 1415 1819 fuisset,

681 1819 816 1851 Aclclizri.
2028 1847 2033 1852 .

100 1855 230 1893 Addixi,
255 1856 378 1895 devovi,
408 1860 437 1887 in
461 1861 632 1890 servitutem
656 1863 775 1891 tradidi.
821 1864 908 1893 Dae.
953 1862 1119 1899 Addicere‚
1148 1861 1296 1891 damnare.
1340 1860 1412 1889 Inde
1435 1855 1582 1892 Addicti,
1616 1854 1759 1894 pecuniae
1783 1851 1915 1882 damnati
1936 1848 2054 1878 Valerio

100 1901 130 1935 6,
156 1902 181 1929 1.
227 1899 413 1935 Quintiliano
436 1903 472 1939 5,
495 1906 523 1934 7.
563 1902 672 1933 Goth„

264 1942 370 1974 Aulis,
414 1944 595 1984 Corruptum
620 1947 709 1976 illud:
733 1947 842 1983 Aedis,
867 1947 1049 1977 domicilium
1074 1950 1103 1976 in
1127 1945 1204 1974 edito
1226 1946 1363 1984 positum.
1410 1943 1472 1971 Imo
1497 1946 1602 1970 contra
1626 1940 1736 1974 Varro,
1769 1946 1843 1975 quae
1866 1935 1955 1974 plano
1978 1930 2054 1971 pede

101 1983 217 2019 aditur,
240 1985 304 2013 vult
327 1984 422 2014 oeclim
447 1987 563 2017 dictum.
610 1991 685 2027 Lego
710 1990 817 2027 igitur:
841 1990 936 2019 Aedis
960 1989 1142 2019 domicilium
1167 1990 1194 2016 in
1218 1986 1300 2016 adim
1322 1987 1467 2026 positum,
1490 1983 1634 2022 simplem,
1658 1989 1745 2021 arque
1767 1979 1853 2007 unius
1876 1975 1984 2005 “dl-11¹⁵·
2015 1975 2053 2002 Et

101 2035 170 2054 sane
193 2025 278 2055 aedes
300 2030 382 2065 prius
406 2040 420 2056 a
445 2031 594 2060 veteribus
617 2033 755 2061 Romanis
780 2034 877 2061 dictae
901 2034 1036 2067 suerunt,
1062 2042 1136 2070 quae
1153 2030 1301 2059 aGraesiS
1325 2025 1482 2064 Οῖκόπέὅᾱ,
1507 2026 1564 2054 hoc
1589 2031 1632 2054 ‘³⁵1
1655 2023 1797 2057 aedffiCia’
1820 2030 1895 2058 quae
1911 2018 2052 2066 dePImw

101 2068 264 2105 adeuntur,
290 2072 351 2105 vel,
377 2076 410 2099 ut
432 2071 635 2103 Tertullianus
658 2075 688 2103 in
712 2075 788 2103 libro
813 2076 849 2103 de
872 2076 963 2114 pallio
978 2097 985 2107 ,
1008 2075 1140 2113 planilus
1164 2074 1321 2101 adeuntur.
1368 2069 1466 2100 Scal.
1512 2069 1606 2097 Vari-0
1628 2067 1680 2096 lib.
1703 2065 1751 2094 IV.
1775 2063 1812 2091 de
1835 2063 1906 2091 L.L.
1930 2060 1994 2097 (hb.
2018 2059 2051 2095 V,

101 2113 151 2141 33.
177 2122 241 2150 pag-
271 2115 336 2143 160.
360 2114 445 2151 Sp.):
467 2114 566 2145 Aedes
589 2116 626 2145 ab
648 2116 743 2154 aditu,
766 2117 847 2157 quorl
866 2117 959 2156 plano
980 2116 1052 2155 pede
1074 2115 1207 2145 adibant.
1244 2113 1346 2154 Itaque
1362 2125 1401 2142 es·
1417 2111 1536 2141 aedibus
1553 2110 1652 2152 tffirri
1666 2106 1930 2142 indiciivofunere
1944 2113 2051 2152 praeco

100 2155 185 2181 eliam
203 2164 250 2182 eos
265 2153 347 2191 dicit,
372 2157 423 2195 qui
437 2167 452 2184 e
466 2157 592 2187 tabernis
606 2159 783 2200 effirunlur;
808 2167 834 2188 et
851 2171 948 2189 omnes
961 2161 990 2188 in
1008 2171 1092 2188 censu
1111 2157 1199 2187 villas
1216 2156 1284 2185 inde
1302 2155 1426 2185 dicimus
1441 2153 1534 2183 aedes.
1579 2153 1668 2181 Dac.
1715 2148 1784 2178 Sive
1799 2147 1864 2176 ideo
1884 2144 1973 2176 aedis.
2005 2145 2051 2172 In-

99 2200 200 2234 eptum
218 2201 345 2234 etymon.
392 2198 493 2228 Potius
511 2211 526 2228 a
543 2201 659 2230 Graeco
676 2200 772 2237 αἶπος,
798 2202 878 2239 quod
894 2202 1096 2237 domicilium,
1128 2200 1340 2229 habitationem
1363 2199 1576 2237 interpretatur
1598 2193 1780 2223 Eustathius.
1823 2188 1940 2218 Iclem.
1986 2186 2050 2234 1ῗο-

99 2239 177 2266 ηίιω-
200 2246 304 2267 tamen.
350 2240 479 2270 Abusive
494 2247 523 2271 et
538 2254 593 2282 per
611 2244 835 2273 translationem
855 2244 1012 2273 aedificare
1029 2245 1065 2272 de
1085 2254 1116 2272 re
1134 2243 1284 2281 qualibet,
1308 2252 1383 2280 quae
1409 2248 1588 2280 quacunque
1607 2247 1699 2277 opera
1719 2234 1891 2265 fabricatur.
1915 2231 1953 2260 Ut
1969 2229 2048 2265 virg.

98 2280 135 2310 de
149 2290 225 2319 equo
249 2281 335 2320 (Aen.
351 2283 388 2320 11,
406 2284 491 2323 15.):

674 2327 773 2357 Instar
794 2330 900 2358 montis
922 2341 1024 2368 equum
1048 2327 1149 2356 divina
1171 2325 1308 2357 Palladis
1331 2334 1394 2356 arla

678 2370 862 2410 Aedificant.
1831 2400 1836 2406 ¹

100 2405 187 2437 Dae.
211 2407 286 2437 Hinc
309 2420 414 2440 navem
432 2411 588 2442 aedificare
611 2412 737 2442 dicimus
760 2414 779 2442 l.
796 2414 845 2445 46.
869 2412 974 2453 §.2113
999 2413 1034 2442 de
1047 2414 1108 2442 iure
1119 2412 1197 2450 fisci3
1224 2417 1252 2441 et
1264 2411 1390 2440 insulam
1404 2410 1423 2440 l.
1440 2412 1489 2442 27,
1507 2408 1535 2449 ξ.
1550 2408 1578 2440 5.
1588 2407 1618 2436 ff.
1642 2406 1679 2436 de
1692 2405 1736 2434 rei
1753 2401 1865 2432 vindic.
1888 2392 2042 2432 1.11.§.9.
