2263 2668
497 143 561 176 DE
587 139 975 176 SIGNIFICATIONE
1011 140 1294 177 VERBORUM.
1348 143 1492 178 LIBER
1519 143 1609 177 XVI.
1955 148 2029 182 653

242 233 445 273 Religioni
469 242 522 263 est
545 233 779 275 quibusdam.
803 233 860 273 (Ad
883 232 1011 271 p.233.)
1037 233 1123 262 Ovid.
1148 234 1422 275 Fast.11,(201.):

618 275 779 306 Carmentis
799 283 902 315 portae
925 274 1033 304 dextro
1057 284 1097 304 est
1119 279 1166 305 via
1188 280 1330 317 proxima
1354 278 1447 317 Iano,-

659 319 705 348 Ire
725 331 776 357 per
798 318 875 347 lianc
897 317 975 352 noli,
1007 320 1138 358 quisquis
1160 332 1203 357 es,
1235 332 1315 349 omen
1337 321 1430 350 habet.

616 360 676 390 Illa
695 361 783 402 fama
806 360 894 401 refert
916 359 1025 389 Fabios
1048 363 1144 390 exisse
1166 370 1306 392 trecentos

657 403 751 432 Porta
774 410 860 432 vacat
883 401 988 441 culpa,
1021 402 1071 431 sed
1092 412 1186 433 tamen
1209 416 1291 434 omen
1315 405 1408 434 habet.

80 447 154 476 Vide
179 446 329 477 Scelerata
351 453 447 485 porta.
492 444 528 473 Et
558 446 589 473 in
617 445 686 474 aede
708 445 777 474 Iani
805 446 855 486 qui
882 452 923 473 est
950 452 1037 473 extra
1067 457 1137 475 eam.
1182 447 1228 475 Ad
1258 448 1392 476 dextram
1422 448 1508 476 fuisse
1532 447 1633 476 aedem
1657 448 1719 475 tani
1743 453 1827 487 porta
1852 450 2030 478 Carmentali

79 489 297 528 egredientibus
321 488 408 516 fidem
432 487 501 516 facit
523 487 644 525 insignis
668 489 750 517 locus
769 488 859 524 Livii,
882 487 931 516 lib.
945 487 981 516 Il·
997 492 1067 516 secl·
1082 490 1150 520 49.:
1175 489 1295 530 Infelici
1315 492 1380 527 via,
1404 489 1511 519 dextro
1530 488 1601 519 Iano
1622 497 1725 528 portae
1743 488 1937 520 Carmentalis
1957 503 2031 531 pro-

76 532 156 573 fecti
178 532 289 571 (Fabii)
312 530 354 559 ad
378 529 538 560 Cremeram
562 541 674 559 amnem
696 532 873 570 perveniunt.
915 530 1006 559 Dac.

248 572 432 602 Retiario.
477 573 601 601 Retiarii
630 574 808 611 gladiatores
834 577 916 602 erant
939 573 1065 601 inermes
1088 573 1118 602 in
1141 574 1202 602 sola
1227 574 1345 611 tunica,
1383 579 1445 603 rete
1468 575 1565 603 iaculo
1587 579 1702 603 tautum
1727 580 1755 603 et
1778 576 1892 603 fuscina
1915 578 2029 613 armati,

78 617 256 656 plerumque
287 626 354 644 cum
385 615 589 653 secutoribus,
626 617 775 645 interdum
806 616 892 645 etiam
923 625 989 644 cum
1012 615 1252 654 Myrmillonibus
1282 618 1543 655 componebantur.
1589 617 1792 655 Myrmillones
1817 618 1870 646 toti
1895 623 1978 646 erant
2000 619 2029 646 in

79 660 186 696 armis,
211 659 288 687 Galli
313 659 403 694 dicti,
428 658 506 696 quod
531 659 644 686 Gallica
669 665 746 688 esset
768 669 870 687 eorum
893 664 1050 687 armatura.
1095 659 1192 688 Schol.
1213 660 1345 688 luvenal.
1366 661 1425 689 Sat.
1443 662 1489 691 8.:
1514 658 1770 698 Myrmillonicum
1793 667 1960 688 armaturae
1979 672 2030 699 ge-

78 707 132 731 nus
158 700 307 731 Gallicum
331 709 388 737 est,
419 702 530 740 ipsique
553 701 762 739 Myrmillones
783 709 867 730 antea
890 699 1129 740 appellabantur,
1163 703 1191 730 in
1216 714 1337 742 quorum
1358 701 1452 741 galeis
1472 703 1562 741 piscis
1584 701 1693 743 effigies
1715 702 1816 731 inerat.
1859 702 2030 741 Myrmillo-

78 755 132 774 nes
155 744 274 782 quidam
299 743 395 772 dictos
418 744 524 771 volunt
540 754 555 772 a
574 743 822 783 Myrmidonibus.
853 744 912 772 Alii
934 754 950 771 a
973 743 1053 782 pisce
1076 743 1229 774 mor-mulo.
1263 745 1296 774 A
1312 744 1447 782 Pittaco,
1471 756 1527 774 uno
1550 755 1589 772 ex
1611 752 1715 783 septem
1739 743 1925 783 sapientibus.
1956 746 2031 774 Sane

78 788 118 816 ita
142 788 286 816 Pittacum
310 786 453 814 adversus
475 785 665 825 Phrynonem
689 797 835 825 pugnasse
859 788 946 815 docet
969 786 1092 820 Strabo,
1116 787 1164 815 lib.
1179 788 1257 815 Xlll.
1283 790 1324 827 (p.
1337 787 1436 826 600.):
1461 784 1605 825 ‘'Zl‘otsoov
1630 786 1660 816 ὁὲ
1683 787 1715 817 ἐκ
1738 788 1922 825 μονομαχίας
1940 799 2030 828 προς-

77 829 281 868 καλεσαμένου
305 831 359 859 τοῦ
385 831 551 867 Φρυνῶνος
573 826 743 868 ἇλιευτικήν
772 827 933 871 ἀναλαβών
962 826 1072 867 σκευὴν
1103 829 1282 868 συνέδραμε,
1321 829 1372 859 καὶ
1399 829 1441 867 τῷ
1468 829 1521 866 μὲν
1551 826 1766 868 ἅμφιβλήστρῳ
1789 829 1959 869 περιέβαλε,
1995 833 2033 871 τῇ

78 872 200 911 τριαίνῃ
223 872 253 902 ὑὲ
274 871 325 901 καὶ
347 875 390 912 τῷ
411 872 531 912 ξιφιδίῳ
554 872 649 911 ἔπειρε
672 872 722 902 καὶ
743 869 851 902 ἀνεῖλε.
895 872 975 900 tnsra
1004 872 1034 900 in
1062 872 1161 900 verbis
1184 872 1262 901 Festi
1286 873 1368 909 lego:
1402 871 1476 900 Rete
1498 870 1610 900 occulte
1632 870 1737 900 allato.
1765 870 1852 900 Dae.
1896 870 2031 901 Retiario

77 915 231 954 pugnanti.
279 914 318 942 De
341 912 476 943 Retiario
500 914 576 943 adde
600 916 720 943 Sueton.
744 915 773 943 in
798 914 922 943 Claudio
945 915 1049 951 c.34.‚
1073 919 1102 942 et
1124 915 1155 942 in
1179 915 1269 953 Calig.
1293 916 1377 951 (30).
1422 914 1545 942 Tertull.
1569 913 1603 941 de
1627 913 1805 952 spectaculis
1830 916 1918 945 e.10.
1945 914 2031 942 Vale-

79 957 142 985 rius
162 956 309 986 Maximus
325 956 348 985 Ι.
372 957 461 985 Titul.
485 957 521 985 de
544 958 666 985 somniis
691 957 920 986 Artemidorum.
958 956 1026 985 Non
1050 964 1076 985 te
1094 964 1176 996 peto,
1204 959 1312 996 piscem
1333 963 1409 996 peto.
1455 956 1674 992 Quinctilianus
1698 956 1822 994 loquens
1846 956 1882 984 de
1904 957 2031 986 mirmil-

79 1000 166 1036 lone,
191 1000 292 1028 vivum
317 1009 422 1038 capere
446 1000 521 1028 vult.
553 1000 588 1029 A
609 999 765 1040 Pyttlzaco.
799 1001 941 1038 Diogenes
963 999 1014 1028 lib.
1028 999 1049 1028 I.
1099 998 1203 1028 Goth.

77 1067 79 1072 Α
243 1040 506 1081 Resignatum.
552 1042 604 1071 llla
627 1043 717 1072 verba
742 1042 789 1081 (ne
811 1041 984 1081 stipendium
1007 1042 1033 1070 ei
1055 1040 1168 1082 detur),
1192 1042 1221 1070 in
1237 1041 1320 1070 Pauli
1344 1040 1427 1070 libris
1448 1046 1580 1077 exstant,
1603 1051 1662 1069 non
1680 1042 1708 1069 in
1724 1041 1810 1069 Festi.
1829 1041 1916 1071 Ant.
1934 1041 2029 1080 Aug.

77 1082 273 1122 Resignotum
297 1095 354 1113 aes.
397 1085 471 1121 Aes,
503 1085 581 1123 quod
604 1086 633 1113 iu
657 1085 765 1114 tabulis
788 1086 930 1124 scriptum
954 1085 1068 1119 fuerat,
1096 1089 1130 1112 ut
1152 1084 1296 1113 militubus
1320 1083 1442 1112 daretur
1465 1083 1495 1112 in
1519 1083 1714 1122 stipendIum,
1738 1084 1761 1111 si
1785 1083 1903 1122 quando
1926 1085 2031 1112 rescri-

77 1126 200 1156 beretur
224 1131 252 1155 et
275 1132 511 1164 expungeretur,
536 1128 657 1166 proprie
679 1129 858 1166 resignatum
881 1138 929 1156 aes
952 1127 1123 1163 dicebatur,
1147 1132 1175 1155 et
1198 1127 1307 1155 milites
1329 1126 1390 1163 illi,
1415 1126 1465 1165 qui
1488 1126 1566 1154 illud
1589 1126 1763 1161 amiserant,
1785 1136 1849 1154 aere
1871 1124 1962 1154 diruti
1985 1126 2031 1154 di-

80 1168 234 1198 cebantur·
266 1169 338 1197 Vide
355 1169 477 1198 Dirutus
493 1180 566 1200 uere.
585 1171 678 1200 Dac.
711 1169 748 1199 In
771 1169 888 1200 tabulas
911 1169 1042 1211 refertur.
1074 1171 1115 1198 Eo
1138 1169 1195 1198 fine
1218 1170 1247 1198 in
1271 1169 1404 1198 exercitu
1426 1169 1541 1197 librarii
1564 1169 1755 1197 caducorum.
1778 1170 1808 1196 in
1830 1168 1893 1205 lege
1916 1168 2030 1205 ultima,

79 1211 109 1242 ff.
134 1211 170 1240 de
190 1211 255 1240 iure
278 1211 423 1241 immunit.
470 1210 574 1243 Goth.

244 1252 432 1283 Rituales.
475 1255 669 1283 Etruscorum
700 1254 785 1291 libri,
826 1255 895 1293 quia
923 1254 959 1282 ab
983 1254 1117 1283 Etruscis
1147 1254 1191 1283 illi
1220 1254 1296 1283 ritus
1324 1253 1421 1283 acciti.
1466 1252 1556 1282 Ritus
1585 1258 1682 1282 autem
1713 1254 1834 1292 proprie
1858 1253 2030 1292 religionem

79 1300 213 1335 spectat,
238 1301 266 1324 et
289 1296 359 1325 inde
383 1296 456 1325 dicti
479 1296 613 1333 rituales,
643 1297 722 1335 quod
748 1297 788 1325 ibi
811 1297 848 1325 de
871 1297 959 1326 rebus
982 1296 1018 1325 ad
1042 1307 1125 1325 sacra
1149 1302 1178 1325 et
1200 1297 1369 1334 religionem
1393 1296 1609 1334 pertinentibus
1632 1301 1776 1334 ageretur.
1820 1295 1904 1324 Hanc
1927 1306 2031 1325 vocem

78 1339 203 1368 retinuit
225 1339 356 1367 Ecclesia
380 1340 521 1370 Romana,
559 1339 624 1377 Qua
647 1339 802 1367 sanctitate
824 1346 891 1368 sunt
913 1340 1004 1375 muri,
1028 1351 1085 1379 quo
1109 1340 1170 1367 iure
1189 1347 1300 1378 portae.
1335 1339 1440 1367 Portae
1464 1339 1583 1377 quidem
1607 1344 1724 1367 sanctae
1747 1342 1781 1367 ut
1804 1343 1833 1366 et
1854 1338 1941 1369 muri.
1974 1338 2030 1367 Sed

80 1381 149 1420 quia
176 1391 333 1410 murorum
362 1382 505 1410 sanctitas
528 1383 624 1410 maior
647 1386 676 1410 et
699 1381 868 1420 antiquior,
903 1382 971 1411 ideo
993 1382 1024 1409 in
1047 1382 1206 1411 ritualibus
1229 1381 1313 1411 libris
1337 1392 1490 1410 murorum
1514 1382 1668 1418 sanctitas,
1706 1382 1751 1409 ius
1772 1391 1843 1409 vero
1866 1386 2029 1420 portarum,

79 1429 132 1453 etc.
176 1423 264 1453 Dae.

243 1464 402 1495 Rutilae
425 1477 546 1496 canes.
571 1466 628 1506 (Ad
651 1479 679 1507 p.
692 1467 776 1507 234.)
801 1468 888 1497 Hunc
910 1478 1022 1497 morem
1046 1469 1140 1507 tangit
1162 1469 1250 1498 ovid.
1274 1468 1425 1505 Fast.1V‚
1450 1469 1560 1505 (939·)2

657 1509 710 1539 Est
734 1511 833 1547 canis,
859 1509 989 1540 Icarium
1013 1510 1131 1547 dicunt,
1158 1523 1215 1551 quo
1238 1510 1331 1539 sidere
1353 1518 1432 1540 moto

706 1553 796 1581 Testa
818 1553 880 1581 sitit
903 1551 1004 1589 tellus,
1028 1554 1261 1593 praeripiturque
1281 1564 1368 1593 seges.

656 1593 717 1623 Pro
743 1593 821 1624 Cane
844 1593 955 1623 sidereo
981 1596 1064 1624 canis
1087 1594 1135 1623 hic
1157 1596 1318 1635 imponitur
1338 1595 1407 1625 aris.

79 1636 154 1666 Vide
179 1635 334 1666 Catularia
353 1643 448 1675 porta.
472 1635 561 1665 Dac.
603 1634 726 1665 Rutilae
748 1647 834 1666 canes
857 1648 914 1666 non
934 1635 1042 1675 procul
1063 1648 1080 1664 a
1104 1636 1199 1666 rubro.
1240 1637 1327 1665 Adde
1349 1634 1507 1666 Rutilium.
1554 1634 1659 1664 Goth.

243 1677 479 1717 Religionis.
503 1678 562 1717 (Ad
586 1689 614 1717 p.
628 1678 713 1717 234.)
738 1678 794 1707 Hic
817 1680 908 1708 multa
932 1680 1055 1707 suerunt
1078 1690 1094 1707 a
1116 1680 1202 1708 Festo
1226 1679 1351 1717 scripta,
1384 1689 1458 1716 quae
1482 1678 1616 1706 divinare
1639 1687 1698 1706 non
1722 1676 1882 1715 potuimus.
1923 1676 2030 1704 Viden-

79 1726 129 1749 tur
151 1725 249 1749 tamen
273 1722 369 1749 omnia
394 1721 571 1758 pertinuisse
595 1721 631 1749 ad
656 1731 802 1751 censores.
846 1722 880 1750 In
905 1721 1011 1759 quibus
1034 1732 1125 1750 unum
1150 1727 1209 1758 est,
1238 1721 1320 1760 quod
1343 1721 1433 1750 tradit
1457 1720 1529 1748 Plin.
1552 1720 1602 1748 lib.
1617 1720 1709 1748 XVII.
1734 1729 1797 1758 cap.
1811 1721 1877 1750 25.:
1907 1717 2030 1752 Romae,

77 1763 191 1802 iuquit,
224 1764 252 1792 in
276 1761 425 1802 Capitolio
449 1764 478 1792 ἰη
501 1764 596 1803 capite
619 1763 663 1792 his
685 1762 764 1792 Iovis
788 1763 864 1794 bello
887 1763 982 1793 Persei
1004 1772 1088 1792 enata
1109 1763 1210 1803 palma
1234 1764 1388 1793 victoriam
1412 1762 1628 1803 triumphosque
1648 1760 1813 1801 portendit3
1843 1760 1901 1790 hac
1923 1767 2030 1799 tempe-

78 1805 203 1835 statibus
223 1813 390 1845 prostrata,
414 1804 512 1834 eodem
537 1805 604 1835 Ioco
617 1807 700 1845 ficus
723 1814 807 1835 enata
831 1815 871 1835 est
893 1806 941 1835 M.
965 1804 1129 1842 Messalae,
1161 1805 1191 1836 C.
1216 1805 1312 1835 Cassii
1336 1804 1491 1835 Censorum
1515 1804 1616 1834 lustro.
1659 1803 1694 1832 A
1717 1815 1774 1844 quo
1796 1811 1921 1843 tempore
1940 1800 2030 1842 pudi-

79 1849 180 1878 citiam
204 1847 368 1877 suhversam
391 1846 460 1877 Piso
479 1849 581 1887 gravis
603 1855 708 1877 auctor
726 1847 871 1888 prodidit.
896 1849 943 1886 (In
966 1849 1093 1886 vulgatis
1109 1849 1185 1880 Ptin,
1204 1849 1286 1879 editt.
1306 1848 1466 1887 scriptum:
1492 1846 1526 1876 Ῑη
1545 1845 1692 1886 Capitolio
1714 1847 1742 1874 in
1767 1847 1861 1885 capite
1882 1845 1926 1874 bis
1942 1843 2029 1873 Iovis.

78 1890 259 1920 Emendavit
280 1890 366 1919 Fulv.
389 1890 529 1919 Ursinus:
564 1891 594 1920 in
618 1901 673 1920 ara
695 1889 788 1928 Iovis,
823 1902 860 1920 ex
882 1891 958 1921 libro
982 1902 1050 1920 cum
1073 1892 1281 1920 vetustissimis
1306 1889 1524 1929 exemplaribus
1548 1889 1675 1926 collato,
1708 1889 1774 1917 ubi:
1810 1888 1841 1917 in
1863 1899 1916 1916 ara
1938 1885 2029 1917 Iobis.

79 1934 163 1969 Quae
187 1933 351 1962 emendatio
374 1933 466 1962 hocce
488 1933 566 1962 Festi
589 1934 657 1961 loco
680 1933 803 1963 mirifice
826 1934 1046 1974 comprobatur.
1071 1933 1181 1972 Dua).
1217 1935 1255 1963 M.
1273 1933 1407 1963 Valerius
1431 1933 1570 1968 Messala,
1596 1932 1626 1962 C.
1643 1932 1760 1960 Cassius
1782 1931 1931 1968 Longinus
1954 1929 2028 1956 Cen-

79 1985 160 2005 sores
188 1975 310 2004 fuerunt
338 1986 417 2004 anno
446 1981 515 2015 post
539 1977 571 2004 R.
596 1977 626 2004 C.
649 1976 710 2004 fere
733 1979 965 2013 sexcentesimo,
1002 1977 1189 2014 lustrumque
1218 1978 1356 2006 fecerunt
1376 1975 1451 2013 LV„
1489 1980 1522 2004 ut
1544 1985 1582 2004 ex
1605 1974 1779 2014 Capitolinis
1800 1973 1883 2002 fastis
1905 1975 2028 2000 constat.

78 2018 170 2048 Ant.
189 2018 280 2056 Aug.
310 2016 477 2058 Religionis
497 2018 672 2057 praecipuae
694 2018 816 2048 habetur
841 2018 954 2050 Censor.
996 2019 1051 2048 Hic
1074 2019 1219 2048 Censores
1241 2019 1433 2048 nominantur
1456 2017 1637 2047 continuatis
1661 2015 1870 2055 quinquenniis
1893 2014 1928 2043 ab
1951 2024 2028 2042 anno

80 2061 113 2089 U.
134 2061 164 2089 C.
191 2061 348 2090 DLXXlV..
373 2062 410 2090 ad
441 2071 550 2090 annum
575 2061 721 2090 DCXXH.
768 2062 866 2091 Piima
892 2063 1021 2091 Censura
1049 2063 1177 2091 refertur
1200 2062 1238 2091 M.
1260 2061 1376 2090 Aemilii
1399 2059 1505 2099 Lepidi
1533 2066 1560 2090 et
1581 2060 1619 2091 M.
1639 2059 1739 2098 *Fulvii
1763 2057 1940 2091 Nobffioris,
1978 2056 2028 2095 qui

77 2104 203 2132 lustrum
227 2105 503 2142 quinquagesimum
527 2103 741 2140 condiderunt,
772 2115 851 2133 anno
874 2104 1032 2134 DLXXIV.
1076 2105 1116 2133 De
1139 2104 1185 2133 his
1208 2105 1306 2134 Valer.
1329 2104 1408 2133 Max.
1431 2103 1483 2132 lib.
1495 2102 1544 2132 IV.
1567 2113 1631 2142 cap.
1644 2105 1692 2134 2.:
1729 2099 1779 2130 M.
1798 2098 1946 2129 Aemilius
1968 2098 2029 2127 Le-

76 2144 166 2186 pidus
189 2144 232 2174 bis
256 2144 367 2174 Consul
388 2145 518 2175 diutinas
540 2157 577 2175 ac
599 2146 772 2176 vehementes
794 2147 966 2177 inimicitias
989 2158 1054 2176 cum
1077 2146 1125 2176 M.
1151 2146 1254 2177 Fulvio
1278 2145 1433 2176 Nobiliore
1455 2146 1558 2185 gessit,
1595 2155 1683 2184 quas,
1721 2149 1752 2172 ut
1780 2141 1871 2171 simul
1894 2140 2027 2171 Censores

79 2188 242 2217 renunciati
263 2195 330 2216 sunt
351 2189 381 2216 in
407 2186 533 2227 Campo,
572 2187 718 2226 deposuit,
754 2190 945 2226 existimans,
983 2200 1042 2218 non
1065 2197 1195 2228 oportere
1215 2201 1263 2219 eos
1282 2190 1400 2230 privato
1423 2187 1492 2218 odio
1515 2186 1669 2223 dissidere,
1706 2185 1757 2226 qui
1777 2183 1894 2224 publice
1915 2192 2026 2228 sumnia

77 2231 170 2259 vincti
190 2237 280 2258 essent
299 2237 449 2269 potestate.
495 2229 533 2259 Id
555 2230 697 2260 iudicium
720 2232 813 2260 animi
834 2233 894 2260 eius
916 2239 942 2260 et
967 2242 1104 2270 praesens
1131 2240 1213 2261 aetas
1241 2230 1456 2270 comprobavit,
1494 2237 1520 2258 et
1542 2228 1627 2259 nobis
1647 2235 1753 2257 veteres
1774 2225 1924 2256 annalium
1946 2234 2024 2269 sen:

76 2280 174 2311 ptores
196 2271 380 2301 laudandum
406 2271 598 2304 tradiderunt.
629 2290 670 2295 —
698 2272 799 2302 Aulus
821 2273 1023 2310 Postliumius,
1064 2273 1099 2312 Q.
1122 2273 1243 2304 Fulvius
1267 2273 1403 2304 Censores
1421 2272 1510 2312 facti.
1556 2271 1691 2300 Secunda
1716 2271 1846 2299 Censura
1871 2269 1905 2303 Q.
1928 2265 2024 2311 Fulvii

78 2315 178 2343 Flacci
200 2320 229 2343 et
252 2315 285 2343 A.
304 2315 448 2344 Postumii
470 2315 587 2353 Albini,
610 2316 660 2354 qui
683 2316 813 2345 lustrum
837 2316 1036 2346 condiderunt
1059 2317 1334 2355 quinquagesimum
1357 2315 1487 2355 primum
1510 2324 1588 2343 anno
1613 2314 1645 2343 U.
1666 2314 1697 2342 C.
1716 2311 1876 2341 DLXXIX.
1899 2308 1936 2336 de
1959 2317 2025 2356 qul-

78 2358 135 2386 bus
157 2358 220 2386 Liv.
243 2357 409 2388 lib.XLIll.
433 2359 468 2392 (c.
482 2360 512 2389 3.
536 2363 565 2388 et
587 2360 664 2396 28.):
692 2357 798 2388 Censor
820 2357 941 2388 Fulvius
962 2370 1003 2388 ex
1025 2357 1146 2388 Iunonis
1168 2358 1314 2389 Laciniae
1336 2356 1442 2397 templo
1464 2367 1643 2386 marmoreas
1665 2354 1777 2395 tegulas
1800 2347 2024 2399 cum-abstulis-

79 2407 134 2437 set,
170 2398 274 2439 quibus
303 2399 402 2429 aedem
428 2399 573 2430 Fortunae
593 2402 748 2440 equestris,
784 2412 873 2441 quam
895 2399 1010 2431 Romae
1028 2399 1157 2443 fecerat,
1190 2409 1306 2442 tegeret,
1343 2408 1369 2430 et
1390 2407 1482 2429 mente
1505 2407 1608 2439 captus
1631 2406 1687 2433 est,
1725 2404 1750 2425 et
1772 2394 1886 2422 amis-‘1¹1⁵
1910 2389 2024 2420 duobus
