2263 2668
494 125 559 158 DE
585 121 974 159 SIGNIFICATIONE
1003 121 1286 160 VERBORUM.
1342 123 1490 158 LIBER
1515 122 1624 156 XVII.
1962 123 2038 158 695

83 230 135 250 cos
157 216 228 248 olim
252 222 307 246 etc.
352 216 462 246 Verum
487 222 530 247 est
552 217 734 255 Megalenses
759 217 845 250 ludos
867 215 1001 245 scenicos
1025 215 1125 247 fuisse.
1169 216 1231 246 Liv.
1255 216 1305 247 lib.
1318 216 1456 246 XXXVI.
1480 221 1552 248 sect.
1565 217 1633 246 36.:
1670 211 1825 253 Luciique,
1856 214 1968 253 inquit,
2001 215 2038 253 ab

83 260 298 291 dedicationem
321 260 381 288 eius
397 260 445 297 (de
468 261 540 293 aede
562 261 667 290 Idaeae
684 261 785 289 Matris
807 259 951 297 loquitur)
966 257 1067 299 facti,
1092 269 1164 298 quos
1184 260 1296 296 primos
1317 260 1448 290 scenicos
1459 258 1560 298 fuisse
1577 255 1714 290 Valerius
1728 257 1842 294 Antias
1864 264 1905 294 est
1925 266 2038 296 auctor,

83 302 252 343 Megalesia
273 301 446 342 appellatos.
490 303 564 332 Inde
588 303 677 334 Ovid.
701 304 737 332 de
759 303 863 334 iisdem
885 311 972 330 scena
995 308 1093 338 sonat,
1131 300 1252 342 ludique
1273 309 1394 339 vocant,
1430 301 1543 331 lib.lV.
1568 300 1645 330 Fast.
1668 299 1774 336 (187.).
1820 299 1928 332 Verum
1952 300 2039 332 etiam

83 348 179 376 multo
209 351 277 374 aute
305 346 393 376 ludos
416 346 593 384 Megalenses
617 347 727 378 Romae
756 346 845 377 fuisse
874 343 1007 374 scenicos
1037 342 1085 371 hic
1115 349 1216 382 aperte
1238 344 1342 373 Festus
1366 350 1394 374 et
1417 345 1479 374 Liv.
1502 344 1552 374 lib.
1569 343 1629 372 Vll.
1653 346 1723 372 sect.
1740 345 1785 373 2.:
1822 341 1904 378 Ludi
1926 354 2040 384 quoquc

83 388 210 424 scenici,
235 388 347 426 inquit,
372 399 446 417 nova
471 400 514 419 res
538 387 677 418 bellicoso
696 387 823 428 populo,
849 398 915 416 nam
942 384 1021 415 Circi
1043 385 1131 415 moclo
1153 385 1351 426 spectaculum
1365 387 1487 427 fuerat,
1515 387 1589 414 inter
1611 383 1674 413 alia
1699 382 1830 413 caelestis
1852 385 1912 420 irae
1932 384 2040 425 placa-

83 431 165 460 mina
188 431 314 459 instituti
337 429 483 463 dicuntur,
522 431 634 459 Locum
659 432 806 469 integrum
830 431 894 466 adi,
925 433 957 456 ut
981 438 1081 457 eorum
1106 429 1288 468 principium
1314 429 1413 458 videas
1437 435 1465 458 et
1487 430 1709 457 incrementum.
1748 426 1825 454 Ludi
1847 427 1958 462 scenici
1979 429 2039 466 Ro-

84 483 150 502 mae
171 473 303 512 primum
327 474 385 503 acti
409 484 485 501 anno
510 473 546 501 ab
567 474 642 502 urbe
666 475 695 504 C.
722 473 884 502 CCCXCII.
928 471 965 504 At
988 471 1049 499 ludi
1073 472 1182 500 scenici
1204 472 1383 510 Megalenses
1407 483 1473 501 ann.
1495 473 1527 502 U.
1551 471 1581 498 C.
1603 469 1733 500 DXLIX.
1764 467 1875 506 Idem,
1917 468 1942 500 G
1964 492 1971 500 .
1997 492 2006 507 5
2031 492 2038 505 .

83 517 161 551 ium,
186 514 233 544 M.
256 514 405 554 Popilium
429 515 476 544 M.
499 515 532 546 F.
571 517 683 554 Supple
709 515 739 546 G.
762 515 892 548 Atilium
916 519 972 545 etc.
1007 514 1124 545 Aediles
1148 515 1272 549 Curules
1296 519 1448 543 curatores
1470 518 1554 547 erant
1576 512 1718 545 ludorum
1741 511 1924 549 solennium,
1947 517 1980 541 ut
2002 522 2040 541 ex

85 558 227 586 Cicerone
251 563 279 585 et
303 558 368 585 aliis
392 563 492 586 notum
518 563 570 587 est.
613 559 670 592 Sed
695 559 766 588 mihi
789 559 911 597 Popilii,
935 566 1021 595 quem
1045 556 1094 585 hic
1117 558 1243 591 aedilem
1266 557 1397 591 nominat
1420 558 1540 593 Festus,
1563 565 1671 588 nomen
1694 559 1865 592 suspectum
1889 560 1948 591 est,
1972 565 2040 583 cum

83 599 193 629 nullibi
216 609 282 628 eum
306 610 374 628 cum
398 601 428 629 C.
452 600 541 630 Atilio
566 602 758 631 coniunctum
782 602 871 639 legas.
915 599 1149 633 Rescribendum
1178 600 1268 636 igitur
1297 605 1371 638 puto
1396 600 1427 630 C.
1451 600 1588 635 Atilium,
1626 598 1655 631 L.
1680 596 1867 625 Scribonium
1890 597 2040 626 Libonem.

83 643 157 671 Nam
186 647 215 671 et
243 641 297 670 hos
325 642 438 680 primos
462 644 617 681 Megalesia
641 644 729 673 ludos
752 646 885 673 scenicos
908 642 1012 674 fecisse
1036 653 1105 670 ann.
1132 643 1165 672 U.
1186 644 1216 672 C.
1238 643 1324 673 DLX.
1349 643 1440 671 tradit
1463 643 1524 671 Liv.
1546 641 1597 670 lib.
1610 639 1751 668 XXXIV.
1774 644 1845 669 sect.
1860 639 1928 670 54.:
1964 639 2040 668 Me-

82 683 213 725 galesia,
237 685 351 723 inquit,
375 683 461 715 ludos
483 687 613 715 scenicos
638 685 667 716 C.
686 686 801 717 Atilius
825 686 985 721 Serranus,
1009 683 1047 714 L.
1066 684 1238 716 Scribonius
1260 684 1338 715 Libo
1356 683 1479 714 Aediles
1503 682 1621 714 Cur-ales
1642 682 1732 722 primi
1745 680 1894 722 fecerunt.
1930 681 2040 716 Quam-

84 737 172 765 quam
195 732 225 756 εἰ
246 727 287 755 ibi
311 727 398 756 etiam
421 729 466 755 sui
490 728 616 760 oblitum
640 729 730 758 suisse
752 729 866 758 Livium
890 732 978 767 puto:
1007 728 1064 756 iam
1090 727 1166 755 enim
1190 727 1326 756 undecim
1351 728 1434 756 annis
1458 732 1523 756 ante
1546 725 1727 755 aedilitatem
1742 723 1823 757 Atilii
1846 728 1874 752 et
1893 723 2041 755 Scribonii

83 770 223 806 Libonis,
247 769 401 807 Megalesia
421 771 530 799 Romae
553 776 616 800 acta
641 772 773 808 fuerant,
797 782 865 800 cum
888 771 1000 800 scilicet
1023 770 1106 798 Idaea
1131 775 1224 801 mater
1247 770 1277 798 in
1302 770 1444 800 Palatium
1467 770 1523 798 fuit
1546 769 1674 807 perlata,
1701 766 1851 799 Aedilibus
1870 765 2040 803 Curulibus,

83 812 115 845 ni
136 813 210 841 bene
232 812 337 848 sanor,
362 813 416 841 Cn.
440 818 468 842 et
490 814 522 842 L.
546 815 690 843 corneliis
714 815 856 844 Lentulis.
893 813 965 843 vide
987 812 1071 840 inum
1095 812 1144 840 lib.
1158 814 1269 842 xxix.
1293 818 1362 842 sect.
1380 816 1428 843 11.
1455 814 1503 844 13.
1529 816 1557 841 et
1583 812 1630 843 14.
1676 808 1788 843 Idem.

249 853 368 884 Salva
397 867 458 885 res.
491 855 551 897 (Ad
575 868 604 896 p.
619 855 704 894 254.)
736 856 830 886 Salva
858 868 901 885 res
930 862 985 892 est,
1023 866 1087 884 cum
1111 853 1202 883 saliat
1224 866 1314 883 senex
1337 855 1528 883 scribendum
1553 858 1598 882 est
1620 863 1655 882 ex
1678 851 1783 881 Servio
1798 851 1850 881 111.
1874 849 2040 888 (pag.289.

85 896 131 926 ed.
153 894 238 936 Dan.)
263 902 292 925 et
314 897 391 926 VlII.
417 898 489 928 Aen.
514 898 556 938 (p.
571 901 642 931 510.
667 899 712 929 ed.
736 898 834 938 l)an.).
867 899 906 927 De
929 898 1011 926 initio
1035 897 1176 926 ludorum
1200 897 1417 936 Apollinarium
1440 899 1514 936 App.
1534 895 1658 924 Claudio
1682 894 1719 930 Q.
1738 894 1843 923 Fulvio
1867 893 1973 921 Flacco
1988 891 2040 921 HI.

85 940 167 969 Coss.
191 939 253 968 Liv.
276 940 327 970 lib.
343 940 464 969 XXVII.
490 942 612 979 (c.23.)
637 946 665 970 et
688 942 819 972 Macrob.
841 941 893 971 lib.
908 941 928 970 1.
952 942 1010 969 Sat.
1040 941 1083 977 (c.
1099 943 1147 972 17.
1173 941 1234 969 fere
1263 940 1357 978 med.)
1388 950 1455 968 cum
1479 939 1623 978 Capitone
1652 942 1681 966 et
1704 936 1809 965 Verrio
1840 934 2039 963 consentiunt.

84 981 175 1018 Quod
198 991 270 1010 vero
294 982 406 1011 dicitur
428 983 537 1012 factum
562 985 593 1012 C.
607 984 741 1023 Sulpicio
767 990 796 1013 et
819 985 849 1013 C.
873 983 977 1013 Fulvio
1002 983 1098 1019 Coss.,
1123 992 1189 1011 cum
1214 982 1250 1011 h't
1267 983 1402 1011 consules
1426 992 1572 1020 nusquam
1595 979 1798 1019 reperiantur,
1824 977 2041 1006 emendandum

83 1029 142 1061 est,
165 1029 199 1053 ut
220 1025 373 1061 existimo,
405 1026 435 1054 P.
459 1027 611 1065 Sulpicio,
642 1027 694 1055 Cn.
718 1027 839 1063 Fulvio,
868 1027 918 1065 qui
942 1026 1078 1054 consules
1100 1026 1230 1063 proximi
1252 1025 1373 1054 suerunt
1397 1030 1466 1063 post
1488 1034 1579 1063 supra
1602 1023 1730 1061 scriptos
1753 1026 1781 1050 et
1802 1021 1906 1049 iisdem
1929 1020 2041 1048 Consu-

82 1067 163 1099 libus
187 1067 369 1104 Calpurnius
393 1068 460 1096 Piso
483 1074 604 1108 praetor
627 1069 764 1098 Urbanus
787 1070 861 1106 suit,
891 1079 977 1107 quem
1000 1068 1103 1096 Livius
1126 1068 1229 1096 Caium
1252 1069 1460 1106 praenomine,
1491 1067 1613 1095 Verrius
1636 1065 1767 1099 Marcum
1791 1063 1931 1102 appellat.
1952 1062 2010 1092 An
2020 1069 2041 1098 t.

81 1109 180 1149 Aug.
222 1110 376 1140 Piaculum
406 1111 484 1140 enim
513 1118 576 1141 erat
603 1122 664 1140 non
687 1113 799 1149 solum,
839 1112 864 1140 si
886 1111 998 1150 incepti
1021 1110 1085 1139 ludi
1109 1110 1235 1139 alicuius
1258 1111 1300 1139 rei
1322 1110 1495 1140 interventu
1517 1108 1795 1147 interpellarentur:
1833 1105 1886 1134 sed
1908 1104 1995 1133 etiam
2017 1104 2042 1136 si

83 1152 182 1181 subito
205 1152 304 1181 ludius
330 1154 518 1182 constitisset.
564 1155 730 1184 Arnobius:
765 1153 957 1185 Commissum
980 1154 1079 1182 statim
1102 1164 1200 1186 omnes
1222 1154 1252 1181 in
1277 1151 1429 1192 religiones
1452 1151 1588 1181 clamatis
1610 1161 1728 1186 sacraS,
1757 1149 1782 1180 si
1805 1146 1903 1178 ludius
1925 1147 2042 1182 consti-

83 1195 135 1231 tit,
165 1195 192 1223 si
214 1194 319 1224 tibicen
343 1204 455 1235 repente
477 1198 628 1229 conticuit.
674 1199 716 1226 De
738 1197 879 1227 Parasitis
904 1196 1050 1236 Apollinis
1081 1195 1211 1227 diximus
1238 1195 1269 1223 in
1293 1195 1471 1225 Ausonianis
1501 1193 1691 1223 lectionibus.
1735 1192 1844 1221 Verum
1868 1194 1912 1219 est
1934 1194 2041 1228 autem,

84 1236 166 1275 quod
188 1236 237 1266 hic
261 1237 391 1275 dicitur,
427 1239 457 1267 in
481 1240 577 1268 mimis
600 1241 662 1269 fere
685 1240 883 1269 secundarum
906 1239 1034 1279 partium
1058 1238 1206 1278 parasitos
1229 1248 1300 1267 esse.
1346 1240 1456 1266 Seneca
1486 1237 1522 1266 de
1546 1237 1588 1265 ira
1612 1235 1688 1265 libro
1707 1234 1756 1264 [ll.
1778 1234 1856 1272 (cap.
1869 1233 1925 1270 8.):
1961 1230 2041 1262 Cae,-

83 1278 157 1309 lium
180 1287 325 1309 oratorem
338 1280 442 1322 fuisse
462 1281 720 1312 iracundissimum
744 1291 876 1317 constat,
907 1294 972 1311 cum
995 1293 1067 1322 quo,
1090 1289 1121 1310 ut
1144 1282 1243 1317 aiunt,
1268 1280 1413 1310 coenabat
1435 1282 1465 1309 in
1489 1277 1625 1309 cubiculo
1649 1277 1741 1307 lectae
1759 1275 1920 1316 patientiae
1942 1269 2042 1310 cliens,

83 1321 134 1350 sed
157 1321 281 1363 difficile
302 1330 363 1352 erat
386 1322 434 1352 illi
457 1325 486 1354 in
511 1324 665 1364 crapulam
689 1326 819 1354 coniecto
843 1326 943 1354 rimam
967 1325 1042 1357 eius,
1079 1335 1145 1353 cum
1168 1334 1225 1363 quo
1249 1322 1367 1360 edebat,
1401 1323 1536 1363 ffugere.
1584 1320 1733 1360 Optimum
1755 1317 1914 1354 iudicavit,
1950 1316 2041 1356 quic-,-

82 1363 156 1404 quid
178 1366 321 1402 dixisset,
350 1367 446 1405 sequi,
478 1374 504 1394 et
526 1366 670 1395 secundas
692 1378 785 1406 agere.
829 1366 899 1395 Non
921 1365 989 1395 tulit
1013 1365 1129 1395 Caelius
1151 1365 1369 1402 assentientem,
1402 1364 1453 1394 sed
1475 1363 1675 1393 eoeclamavit:
1710 1361 1768 1391 Dic
1790 1358 1906 1400 aliquid
1929 1365 2042 1395 contra,

82 1413 114 1434 ut
136 1405 194 1436 duo
217 1407 316 1436 simus.
360 1407 417 1436 Hic
440 1407 583 1438 secundas
602 1421 687 1448 agere
708 1410 794 1448 plane
817 1414 862 1438 est
885 1409 1041 1445 assentari,
1078 1408 1292 1447 supparasitari
1315 1412 1418 1446 atque,
1452 1407 1531 1445 quod
1555 1407 1605 1434 ille
1627 1404 1800 1444 profitetur,
1831 1399 1955 1436 Aiunt?
1983 1400 2042 1438 aio.

81 1447 224 1488 Negant?
246 1460 327 1488 nego.
357 1450 459 1490 Neque
483 1451 566 1479 aliud
588 1451 736 1481 intellexit
760 1452 901 1480 Horatius
925 1451 1035 1490 (Ep.1,
1062 1453 1114 1488 18,
1142 1449 1217 1489 10.):
1243 1467 1279 1472 —
1302 1457 1355 1482 aut
1378 1450 1497 1478 mimum
1518 1456 1618 1489 partes
1640 1454 1767 1476 tractare
1788 1442 1940 1478 secundas.
1977 1443 2042 1473 Cla,-

82 1491 157 1520 mosi
180 1492 257 1520 enim
279 1492 464 1522 inducuntur
486 1494 618 1533 parasiti.
652 1494 852 1523 Glossarium:
877 1492 1094 1529 secundarius,
1118 1492 1270 1532 Subdiga‚
1294 1489 1469 1532 ὑποκριτής.
1494 1489 1595 1520 Scal.
1633 1490 1724 1519 Paulo
1749 1488 1835 1523 aliter
1857 1486 1976 1515 Servius
1991 1485 2041 1520 III.

81 1534 154 1563 Aen.
176 1534 256 1574 (pag.
268 1537 341 1569 289.
367 1536 413 1565 ed.
436 1536 538 1575 Dan.):
571 1535 659 1572 Cum,
682 1537 795 1575 inquit,
819 1535 976 1565 iracundia
1001 1536 1104 1563 matris
1127 1535 1220 1563 Deum
1243 1533 1378 1563 Romani
1400 1534 1567 1568 laborarent
1589 1540 1615 1561 et
1638 1543 1699 1562 eam
1723 1542 1774 1560 nec
1796 1529 1967 1569 sacrificiis,
1991 1538 2043 1564 nec

81 1574 162 1607 ludis
177 1575 302 1617 placare
321 1585 457 1616 possent,
479 1577 603 1618 quidam
624 1590 715 1610 senex
736 1579 855 1607 statutis
877 1577 957 1607 luslis
979 1576 1161 1607 Circensibus
1183 1575 1322 1612 saltavit,
1352 1588 1428 1617 quae
1448 1575 1513 1606 sola
1525 1575 1595 1616 fuit
1617 1585 1707 1605 causa
1725 1572 1914 1612 placationis.
1959 1567 2042 1604 Unde

81 1626 109 1649 et
132 1626 233 1649 natum
252 1619 439 1658 properbium
462 1627 518 1657 est,
542 1621 642 1652 omnia
663 1620 813 1654 secunda:
842 1619 936 1650 saltat
959 1630 1058 1649 senex.
1106 1618 1248 1657 Quamvis
1270 1618 1342 1648 baec
1365 1618 1425 1648 alio
1448 1629 1489 1647 ear:
1510 1617 1613 1647 ordine
1634 1624 1659 1645 et
1682 1615 1743 1645 alia
1765 1626 1806 1644 ea:
1827 1625 1917 1643 causa
1939 1623 2042 1642 narre-

81 1668 131 1693 tur
151 1661 284 1691 historia.
318 1662 403 1692 Unde
426 1667 509 1701 patet.
531 1663 668 1696 Serrium
690 1673 749 1697 non
773 1663 943 1701 ignorasse,
968 1661 1050 1701 quod
1072 1661 1121 1697 hic
1145 1666 1247 1696 narrat
1269 1661 1383 1693 Festus.
1408 1660 1494 1695 Dac.
1531 1659 1590 1695 Eos
1613 1658 1699 1688 ludos
1721 1655 1859 1698 Apollin.
1891 1655 1945 1684 His
1961 1655 2040 1692 Coss,

81 1703 148 1737 ludi
171 1703 357 1743 Apollinares
386 1705 514 1743 primum
537 1706 609 1735 sacti
635 1711 716 1740 §unt-
760 1706 823 1738 Liv.
847 1706 898 1739 lib.
913 1705 1038 1739 XXVII.
1059 1709 1130 1739 sect.
1144 1706 1209 1740 23,:
1247 1702 1330 1739 Ludi
1350 1701 1546 1742 Apollinares
1568 1701 1605 1740 Q.
1628 1700 1752 1736 Fulvio,
1786 1698 1890 1739 Appio
1912 1695 2042 1734 Claudio

84 1744 164 1781 Coss,-
184 1757 207 1781 ,α
228 1745 261 1781 ,P-
279 1745 417 1782 ,Cornelio
441 1747 529 1782 Sulla
550 1756 684 1788 praetore
706 1747 787 1781 urbis
806 1741 934 1788 primum
948 1747 1037 1789 facti
1059 1754 1135 1781 sunt.
1170 1747 1211 1781 De
1234 1746 1313 1781 ludis
1336 1745 1561 1785 Apollinaribus
1583 1745 1616 1780 in
1636 1742 1831 1783 Apollinares
1853 1740 1968 1776 dictum
1989 1743 2042 1777 est,

81 1787 196 1824 Idem·
228 1788 364 1824 furanti
383 1789 549 1830 Apollinis.
586 1790 659 1825 Vide
683 1790 867 1825 Athenaeum
890 1791 942 1826 lib.
958 1790 1004 1823 vl.
1051 1788 1157 1827 Goth.-
2022 1812 2039 1830 ‚4

248 1829 388 1865 Salios.
413 1834 471 1872 (Aa
495 1832 621 1872 p.255.)
646 1833 783 1868 mussas:
809 1832 911 1869 Salius
933 1830 1032 1870 ἷξρξῦς
1055 1829 1071 1862 ὅ
1093 1829 1128 1868 τὰ
1152 1832 1275 1869 διοπετῆ
1290 1828 1366 1867 ὅπλα
1380 1826 1578 1867 fiscamnum,
1597 1824 1760 1870 ῥαψῳδός,
1779 1823 1951 1873 ‹stetimus--
1966 1824 2040 1872 5⁴2}ss

83 1878 281 1911 cognomento
305 1876 392 1903 etiam
419 1881 502 1904 erant
526 1876 633 1904 Collini
658 1881 687 1905 et
710 1877 891 1913 Agonenses.
935 1876 1026 1910 Item,
1060 1874 1140 1913 quod
1170 1874 1295 1911 vulgare
1322 1883 1382 1901 non
1405 1877 1465 1909 est,
1505 1871 1624 1900 Pallorii
1648 1875 1677 1899 et
1697 1869 1823 1899 Pavorii.
1866 1869 1989 1905 Servius
2008 1877 2040 1902 w

82 1915 205 1945 Schedia
228 1914 392 1956 (pag-521.
418 1918 464 1947 ed.
484 1918 584 1959 Dan.):
608 1918 677 1947 Duo
698 1926 767 1951 sunt
786 1929 893 1958 genera
915 1916 1089 1953 Saliorum,
1113 1924 1143 1945 ut
1166 1917 1196 1945 in
1217 1914 1385 1946 Saliaribus
1407 1913 1588 1946 carminibus
1609 1913 1769 1943 invenitur:
1790 1909 1900 1941 collini
1921 1917 1947 1938 et
1966 1908 2041 1956 Qui-

82 1957 192 1988 rinales
213 1969 233 1987 a
255 1959 355 1988 Numa
377 1961 523 1999 institu1i‚·
546 1960 584 1989 ab
602 1960 736 1990 Hostilio
759 1971 825 1989 vero
844 1960 966 1990 Pavor-ii
987 1967 1013 1988 et
1038 1958 1176 1988 Pallor-ii.
1211 1958 1292 1993 Haec
1312 1958 1374 1990 ille.
1409 1958 1493 1993 Quos
1512 1956 1683 1993 Quirinales
1705 1955 1754 1983 hic
1774 1958 1879 1990 vocat,
1902 1957 1972 1980 sunt
1989 1961 2040 1990 qui

82 2001 169 2030 aliter
192 2003 372 2040 Agonenses.
411 2003 484 2032 Nam
508 2008 538 2032 et
560 2014 644 2032 mons
669 2004 833 2039 Quirinalis
857 2003 1012 2031 dicebatur
1035 2001 1186 2040 AgonaliS.
1211 1999 1311 2029 Scal.
1357 2000 1429 2028 Salii
1452 2004 1522 2028 sunt
1545 1996 1696 2038 ὀρχησταί.
1730 1997 1757 2030 Α,
1777 1996 1852 2031 salio
1872 1995 1983 2031 salinsi,
2006 1999 2040 2029 μί

82 2054 98 2072 a
121 2044 221 2073 condo
244 2045 373 2075 condus:
397 2057 411 2074 a
435 2056 537 2084 mergo
559 2056 688 2083 mergus.
725 2046 799 2076 Inde
822 2044 954 2074 Saliares
975 2043 1089 2077 insulae
1112 2044 1208 2078 Plinio
1232 2040 1437 2081 ὄρχηῦτρίδες,
1459 2043 1622 2081 χυρητίόες.
1650 2040 1770 2069 Salmas.
1787 2039 1932 2067 Saliorum
1956 2036 2039 2074 origo

80 2087 206 2121 incerta.
249 2088 273 2116 Δ
293 2088 377 2123 §.alio
404 2089 534 2125 Arcade3
569 2088 620 2121 alii
642 2099 658 2122 a
682 2089 777 2122 Numa
805 2088 959 2121 institutos
986 2087 1096 2117 serunt.
1143 2087 1183 2115 De
1212 2086 1308 2117 Aenea
1335 2084 1425 2114 habet
1451 2085 1593 2116 Polemon
1622 2088 1709 2116 vetus
1737 2091 1839 2113 rerum
1868 2080 2037 2111 Italicarum

80 2129 227 2169 scriptor,
249 2135 280 2163 et
301 2131 339 2164 ab
361 2142 395 2161 eo
418 2131 541 2164 Serwius
564 2130 595 2170 (l.
616 2130 672 2170 c,);
701 2130 788 2166 Alii,
811 2131 924 2169 inquit,
947 2128 1051 2159 dicunt
1073 2127 1189 2162 Salium
1213 2126 1359 2168 quendam
1382 2126 1535 2158 Arcadem
1550 2126 1664 2166 fuisse,
1688 2125 1740 2165 qui
1764 2123 1903 2155 Troianis
1924 2123 2037 2168 ium-2¹³¹!

79 2171 159 2204 hunc
179 2171 283 2204 ludum
305 2173 335 2206 in
354 2174 450 2207 ,sacris
471 2174 636 2207 instituerit,
665 2173 708 2206 vDe
731 2173 827 2206 Numa
848 2174 1012 2212 scriptores
1035 2173 1107 2201 bene
1129 2171 1225 2202 multi.
1262 2171 1357 2202 Fuere
1378 2170 1484 2206 etiam,
1509 2170 1560 2209 qui
1581 2181 1597 2198 a
1622 2167 1757 2202 Dardano
1778 2165 1931 2199 institutos
1954 2163 2035 2209 doee‘.

80 2219 158 2244 rent·
200 2215 273 2246 nem
294 2216 346 2253 qui
370 2227 385 2248 a
410 2217 521 2246 Morrio
545 2216 675 2254 quodam
698 2216 930 2247 Veientanorum
952 2225 1028 2252 rege.
1075 2215 1149 2243 Utut
1171 2214 1225 2250 sit,
1260 2212 1392 2246 instituti
1414 2213 1498 2245 suere
1521 2212 1559 2246 ad
1578 2210 1775 2244 imitationem
1798 2210 1952 2244 Curetum,
1983 2213 2035 2242 qul

80 2257 171 2296 primi
194 2255 334 2289 ἐνόπλιον
357 2257 481 2297 ὄρχησιν
503 2259 652 2289 satiarunt
674 2259 705 2288 in
728 2263 828 2291 monte
850 2258 912 2289 Ida.
946 2259 988 2289 De
1009 2267 1071 2295 quo
1089 2255 1260 2287 Callimach.
1279 2255 1382 2294 hymn.
1401 2256 1432 2288 in
1455 2254 1758 2291 Iov..(v.51.seqq.).
1779 2251 1869 2282 Dac.
1884 2247 2035 2296 'Sa-onem·

80 2300 170 2330 Forte
194 2298 343 2334 Salonem.
368 2300 478 2334 Idem.
521 2300 634 2339 Quibus
653 2313 706 2341 ptr
728 2312 826 2331 omnes
849 2299 910 2332 dies
930 2300 1105 2340 uhicumque
1124 2306 1253 2333 manent.
1291 2298 1373 2333 ‚Haec
1396 2298 1579 2337 praeclaram
1598 2296 1757 2330 continent
1777 2293 1960 2329 antiqussfltlss
1983 2298 2034 2336 0¹?-

80 2344 254 2382 gnitionem.
299 2344 383 2379 Quae
405 2348 440 2375 ut
461 2343 680 2382 intelligantur,
710 2343 865 2377 sciendum
889 2348 949 2379 est,
970 2343 1044 2375 olim
1063 2353 1103 2377 ep(
1126 2342 1264 2375 institam
1286 2341 1401 2375 Numae
1423 2340 1530 2373 ancilia
1550 2339 1677 2377 singulis
1701 2338 1784 2367 annis
1806 2342 1904 2381 meuse
1925 2331 2034 2378 Mati-³0

81 2397 98 2418 e
119 2387 251 2418 sacrario
278 2386 382 2421 Martie
408 2388 524 2418 moveri
551 2387 655 2424 solita,
692 2396 804 2425 perque
833 2385 896 2417 dies
924 2385 1072 2425 plurimos
1102 2383 1299 2419 circumferri.
1342 2383 1474 2422 Ideoque
1501 2393 1556 2422 per
1588 2381 1692 2413 urbem
1720 2379 1864 2416 dispostta
1889 2383 2034 2410 ,δῦαὸὶῖλῶ
