2263 2668
230 188 304 222 744
660 172 1007 208 COMMENTARII
1031 171 1080 204 ΙΝ
1105 170 1248 205 PAULI
1273 169 1470 205 DIACONI
1495 170 1750 207 EXCERPTA

231 280 344 310 munita
365 276 448 309 escit,
478 279 535 310 qua
557 264 631 296 volet
654 266 809 294 iumentum
832 265 921 304 agito.
964 264 1018 293 Illa
1041 263 1117 294 enim
1142 261 1279 293 donicum
1302 262 1417 304 lapides
1439 270 1534 302 esunt,
1564 264 1643 294 idem
1667 265 1850 303 significant,
1883 265 1964 305 quod
1987 265 2057 295 ista:
2085 267 2111 296 n·
2131 269 2179 298 via

233 320 385 352 immunita
408 314 488 343 escit.
534 310 622 338 Dac-

397 355 588 384 Viatores.
634 351 770 379 Glossae:
797 348 905 378 Viator
928 345 1107 388 ὅδοιπόρος,
1131 344 1345 387 ἅμφοᾶἆρχης,
1369 345 1598 388 ἅρχϊυπηρέτης.
1644 349 1768 379 Videtur
1791 351 1934 379 viatorem
1958 361 2013 389 pro
2037 350 2096 379 vici
2120 361 2180 380 ma-

234 407 324 444 gistro
347 397 511 436 accepisse,
536 404 602 422 cum
624 398 713 422 vocat
735 389 944 431 ἄμφοὸάρχην.
981 392 1117 420 Eundem
1140 396 1242 429 postea
1268 388 1428 418 Vinculum
1452 396 1544 419 vocat.
1580 390 1742 429 Viaculus,
1768 390 1845 423 ὁδῶν
1869 390 2051 433 ἐπιμελητής.
2078 391 2180 422 Scal,

235 446 293 482 Qui
316 454 331 471 e
353 441 432 471 villis
455 439 484 466 in
509 438 625 466 Curiam
650 436 839 473 magistratus
862 434 1058 462 arcessebant.
1104 434 1206 461 Cicero
1229 433 1258 461 in
1283 433 1393 460 Catone
1417 433 1528 461 Maiore
1551 433 1585 470 (c.
1601 437 1649 465 16.
1675 436 1727 464 ubi
1750 436 1809 464 vid.
1835 435 1975 473 Cel-11h,);
1999 435 2033 465 A
2054 433 2129 464 villa
2149 435 2182 463 in

233 493 363 518 senatum
386 479 604 511 arcessebantur
629 477 731 507 Curius
754 485 779 505 et
803 478 887 505 ceteri
909 488 1003 513 senes,
1043 487 1083 505 ex
1105 486 1161 516 quo
1191 476 1242 515 qui
1270 486 1316 503 eos
1344 474 1541 512 arcessebant,
1576 477 1701 506 viatores
1730 479 1874 507 nominati
1900 485 1975 506 sunt.
2020 477 2183 506 Columella

234 528 360 560 praefat.
380 524 479 554 hb.1.:
504 521 570 550 Illis
593 519 768 560 temporibus
787 529 920 558 proceres
942 519 1069 547 civitatis
1091 519 1121 546 in
1144 519 1223 557 agris
1246 516 1453 554 morabantur,
1475 525 1501 546 et
1524 529 1589 546 cum
1613 519 1768 549 consilium
1789 520 1940 560 publicum
1964 519 2182 556 desideraretur,

233 585 251 602 α
273 569 353 600 „illis
376 564 595 596 arcessebantur
616 565 646 592 in
669 570 818 598 senatum,
847 572 887 590 ex
909 572 966 601 quo
990 561 1040 601 qui
1062 571 1109 589 eos
1131 559 1305 597 evocabant,
1336 559 1461 589 viatores
1484 561 1627 590 nominati
1648 570 1723 591 sunt.
1748 563 1836 592 Dac.

234 616 265 643 in
289 611 379 642 verbo
402 609 538 638 Lictores
560 616 661 645 supra.
710 603 815 633 Goth.

401 647 634 680 Verticulas.
679 646 810 675 schedae
834 646 934 674 aliter:
976 643 1146 674 Verticulas
1175 656 1241 674 cum
1268 644 1310 672 ait
1333 643 1470 674 Lucilius
1491 645 1534 673 ita
1557 645 1716 686 appellavit
1739 647 1892 677 vertebras.

235 695 373 734 intelligit
396 704 410 722 e
432 693 481 721 IV.
505 691 609 720 Annal.
633 691 721 728 (Sat.)
745 688 841 728 (apud
864 688 937 716 Non.
961 697 1027 726 pag.
1041 690 1113 718 207.
1138 697 1166 715 v.
1190 685 1310 721 Genu.):

812 729 925 759 Haeret
946 728 1095 758 verticulis
1117 728 1254 768 adfixum
1278 730 1307 757 in
1328 730 1487 768 posteriore

812 771 911 808 Parte,
933 779 1020 812 atque
1041 771 1175 800 articulis
1198 779 1228 800 ut
1251 771 1334 800 nobis
1357 770 1430 799 talu’
1451 783 1605 812 genusque.

238 823 365 854 Turneb.
390 821 437 850 lib.
451 819 589 848 XXVIII.
613 827 676 854 cap.
690 819 720 848 9.
745 814 848 844 scribit
871 815 1015 842 Lucilium
1038 813 1194 843 verticulas
1217 824 1325 842 vocare
1351 813 1514 852 spondylos
1543 815 1654 853 spinae.
1695 815 1755 843 Etsi
1788 820 1815 843 et
1844 817 1961 845 articuli
1990 817 2077 845 etiam
2105 819 2186 844 recte

237 863 393 896 verticulae
410 863 467 891 dici
485 862 608 900 possint.
641 857 809 888 Verticulae
825 868 840 885 a
856 858 1017 893 vertendo,
1042 856 1122 895 quod
1145 857 1175 885 in
1198 857 1232 884 iis
1250 866 1280 884 se
1298 861 1416 885 vertant
1433 857 1571 885 membra.
1596 857 1683 886 Dac.
1716 857 1843 886 Glossis:
1871 857 2070 895 Ver-ticulum,
2095 867 2185 888 σπον-

238 907 352 940 ὁύλιον.
398 904 505 934 Goth·

406 945 515 977 Vola.
561 945 670 973 Closs:
696 942 775 973 Vola
798 942 900 983 θέναρ.
943 941 1039 981 Θὲναρ
1063 947 1160 970 autem
1185 940 1332 980 Hesychio
1356 946 1384 970 et
1405 939 1437 972 τό
1461 944 1565 971 κοῖλον
1588 943 1639 980 τῆς
1660 938 1758 980 χειρὸς
1779 941 1908 973 ualui?
1929 940 2032 978 ποδός,
2068 941 2155 971 Dac.

406 987 529 1018 Volon
541 1000 583 1017 es.
629 986 758 1016 Macrob.
782 985 831 1017 lib,
849 986 868 1013 l.
891 986 950 1014 Sat.
963 987 1010 1016 2.:
1033 983 1119 1013 Bello
1138 984 1248 1013 Punico
1272 995 1336 1013 cum
1361 983 1486 1013 deessent
1509 985 1560 1023 qui
1581 983 1787 1021 scriberentur,
1812 986 1886 1014 servi
1904 996 1959 1025 pro
1983 984 2109 1014 dominis
2128 995 2187 1023 pu-

237 1042 381 1074 gnaturos
404 1043 432 1061 se
452 1029 598 1070 polliciti,
636 1030 665 1058 in
696 1029 840 1057 civitatem
868 1029 972 1067 recepti
992 1034 1073 1063 sunt,
1112 1034 1138 1056 et
1159 1026 1293 1064 volones,
1333 1028 1403 1067 quia
1425 1033 1527 1066 sponte
1548 1026 1603 1056 hoc
1625 1025 1792 1064 voluerunt,
1830 1027 1978 1068 appellati.
2023 1027 2098 1056 Vide
2124 1027 2186 1056 Liv.

240 1077 291 1106 lib.
305 1075 420 1105 XXIV.
445 1075 534 1110 (14).
558 1072 645 1100 Dac.
686 1069 813 1099 Cladem.
846 1071 971 1108 Plagam.
1021 1068 1125 1098 Goth.

408 1116 570 1144 fers-uti.
617 1114 719 1142 Cicero
738 1112 784 1141 ΙΙΙ.
809 1112 844 1140 de
868 1113 901 1141 N.
926 1113 959 1142 D.
983 1114 1113 1147 (e.10.):
1147 1110 1286 1140 Versutos
1308 1122 1356 1140 eos
1376 1110 1508 1151 appello,
1534 1122 1655 1152 quorum
1680 1110 1807 1141 celeriter
1828 1124 1907 1141 mens
1929 1119 2066 1141 versatur.
2112 1109 2189 1140 Cal-

241 1160 320 1191 lidos
342 1167 435 1188 autem
459 1168 581 1198 quorum
606 1164 744 1195 tanquam
768 1166 871 1183 manus
894 1166 992 1194 opere,
1029 1155 1071 1183 sic
1093 1155 1208 1182 animus
1231 1166 1284 1183 usu
1307 1153 1478 1183 concalluit.
1504 1154 1593 1183 Dae.
1640 1154 1723 1183 Adde
1746 1155 1875 1183 Nonium
1899 1154 1980 1196 (pag.
1991 1156 2063 1186 454.
2086 1153 2190 1192 Mero.)

241 1205 271 1232 in
300 1202 440 1231 Versutos
464 1205 492 1228 et
519 1197 741 1237 l‘ersutiloquos
764 1197 841 1236 (pag.
859 1199 926 1228 189.
951 1197 1064 1236 Mero),
1113 1195 1219 1225 Goth,

410 1242 560 1271 Vernae.
606 1241 710 1269 Primis
741 1239 939 1278 temporibus,
978 1244 1010 1267 ut
1038 1240 1148 1277 optime
1176 1243 1261 1267 notat
1282 1239 1384 1267 Festus
1414 1249 1521 1267 vernae
1550 1238 1723 1267 dicebantur
1750 1239 1806 1277 ipsi
1830 1239 1955 1268 Romani
1984 1238 2067 1278 quasi
2089 1237 2190 1266 eodem

243 1290 309 1316 loco
334 1286 404 1314 uati.
447 1285 547 1320 Quare
570 1284 600 1311 in
624 1283 721 1311 sacris
745 1282 936 1316 Tiburtibus.
961 1291 1086 1320 quorum
1111 1292 1228 1309 carmen
1253 1281 1338 1309 ass'ert
1361 1281 1482 1310 Servius
1507 1281 1557 1319 (ad
1577 1281 1653 1319 Virg.
1675 1282 1746 1310 Aen.
1763 1282 1790 1316 l,
1815 1285 1869 1319 21,
1893 1282 1972 1319 (17.)
1996 1292 2011 1310 e
2030 1281 2101 1310 Cod.
2120 1280 2192 1308 Ful-

244 1330 336 1359 densi.
382 1328 424 1357 Cf.
452 1326 594 1355 Addenda
618 1325 654 1354 ad
679 1325 732 1353 Ed.
757 1325 826 1353 Dan.
850 1327 981 1363 pag.22.
1006 1330 1034 1352 et
1058 1326 1139 1354 Serv.
1164 1324 1210 1352 ed.
1233 1324 1314 1354 Lion.
1338 1324 1442 1351 tom.l.
1467 1333 1533 1362 pag.
1547 1323 1624 1360 10),
1655 1324 1745 1352 Curio
1769 1324 1910 1353 lunonem
1933 1323 1976 1352 sic
1998 1323 2191 1363 precabatur:

245 1372 319 1401 Iuno
345 1369 452 1400 Curitis
476 1377 524 1397 tuo
548 1380 633 1397 curru
657 1366 812 1407 clypeoque
835 1374 911 1395 tuere
932 1377 1009 1395 meos
1032 1368 1130 1395 curiae
1150 1365 1293 1394 vernulas.
1339 1366 1449 1404 Nempe
1479 1376 1535 1403 pro
1558 1366 1698 1393 Romanis
1723 1367 1888 1396 Curialibus
1913 1366 1973 1395 suis
1996 1376 2098 1405 preces
2122 1375 2193 1393 con-

245 1414 384 1454 cipiebat.
415 1411 472 1440 sed
495 1415 597 1450 postea
622 1410 658 1438 de
680 1410 773 1438 servis
797 1409 877 1437 domi
901 1410 976 1436 natis
998 1419 1087 1436 verna
1111 1408 1169 1436 dici
1193 1413 1333 1446 coeptum
1357 1414 1409 1436 est.
1444 1409 1527 1443 Quae
1549 1413 1715 1445 sequuntur
1738 1408 1809 1436 mihi
1827 1414 1963 1446 suspecta
1981 1413 2061 1437 sunt.
2091 1409 2193 1445 Neque

245 1458 322 1487 enim
347 1465 478 1493 unquam
502 1455 580 1491 legas
603 1453 728 1481 Numam
752 1452 839 1480 Marti
865 1462 926 1480 rem
958 1461 1071 1479 sacram
1099 1451 1275 1487 instituisse,
1314 1455 1348 1478 ut
1370 1451 1493 1478 Romani
1518 1449 1640 1478 Sabinos
1670 1451 1832 1481 vincerent.
1876 1451 1940 1479 Hoc
1967 1451 2108 1487 sentient,
2142 1449 2194 1487 qui

243 1498 397 1529 historiam
422 1498 581 1525 Romanam
606 1499 726 1525 norunt.
765 1494 875 1522 Ultima
899 1493 986 1521 etiam
1010 1494 1075 1522 illa:
1107 1492 1187 1530 Quos
1208 1493 1320 1522 vincere
1340 1493 1534 1529 perniciosum
1557 1491 1710 1520 arbitrium
1735 1492 1854 1522 Sabinis
1876 1497 1930 1521 etc.
1953 1503 2011 1521 non
2034 1502 2094 1521 esse
2117 1492 2194 1520 Festi

245 1543 380 1571 fortunas
403 1549 482 1568 meas
506 1549 606 1566 omnes
627 1542 746 1575 paratus
770 1547 833 1564 sum
854 1546 965 1575 ponere
988 1540 1017 1564 et
1040 1535 1158 1574 pacisci.
1197 1535 1277 1563 Mera
1302 1534 1458 1562 balbuties.
1498 1535 1571 1573 Lege
1593 1535 1692 1563 modo.
1726 1534 1811 1565 Dac.

244 1584 437 1625 perniciosum
461 1579 682 1609 arbitrabantur
706 1578 818 1607 Sabini.

414 1622 622 1662 Vergiliae.
675 1621 765 1656 Quod
795 1626 925 1649 exn-emo
955 1629 1023 1648 vere
1053 1619 1194 1648 oriantur.
1240 1619 1297 1646 Alii
1324 1617 1475 1657 virgiliae,
1513 1618 1593 1656 quod
1621 1618 1652 1647 in
1683 1619 1802 1647 modum
1832 1619 1968 1656 virgulae
1998 1619 2195 1657 porrigantur.

247 1670 321 1698 Nam
345 1672 374 1696 et
396 1665 497 1694 eodem
520 1665 610 1693 modo
634 1674 649 1692 a
674 1664 768 1701 ligura
790 1660 901 1703 βότρυς
917 1673 933 1690 a
951 1662 1072 1691 Graecis
1096 1662 1305 1701 appellantur,
1329 1661 1409 1699 quod
1432 1661 1602 1690 racematim
1624 1661 1739 1700 positae
1761 1662 1828 1691 sint.
1847 1661 1936 1691 Dae.
1969 1661 2098 1690 Glossis:
2123 1660 2197 1689 Vir-

245 1710 336 1751 giliae
362 1705 515 1742 Πλειάδες.
563 1705 670 1735 Goth.

417 1749 662 1778 Verruncent.
707 1747 854 1776 Pacuvius
878 1747 908 1775 in
929 1746 1042 1785 Chryse
1066 1757 1101 1775 ex
1125 1746 1219 1774 Nonio
1244 1743 1324 1784 (pag.
1339 1746 1410 1776 507.
1435 1743 1556 1786 Merc.):
1587 1745 1630 1774 Di
1650 1745 1793 1775 mouerint
1814 1744 1955 1782 meliora,
1984 1753 2071 1786 atque
2091 1755 2198 1773 amen-

252 1796 322 1823 tiam
346 1792 582 1821 averruncassint
605 1798 693 1821 tuam.
731 1790 805 1819 Vide
830 1790 993 1818 Varronem
1016 1789 1066 1819 lib.
1081 1789 1128 1817 VI.
1152 1788 1235 1828 (Vll,
1258 1790 1331 1820 378.
1355 1786 1427 1826 Sp.).
1449 1787 1535 1817 Ant.
1559 1789 1652 1827 Aug.
1690 1789 1765 1826 Lege
1790 1787 1985 1825 Verminam,
2007 1793 2041 1817 ut
2062 1788 2093 1817 in
2117 1787 2197 1816 MSS.

256 1836 404 1865 Verrunco
428 1834 548 1873 quidam
571 1833 606 1862 ab
630 1829 743 1872 ἐρύκω,
768 1831 924 1871 prohibeo.
961 1832 1053 1860 Varro
1076 1842 1143 1859 cum
1167 1831 1253 1859 Festo
1275 1842 1291 1858 a
1313 1830 1469 1860 vertendo.
1507 1830 1593 1870 Apud
1618 1831 1756 1860 Accium:

711 1876 765 1911 Te,
792 1882 908 1911 sancte,
936 1885 1074 1902 venerans
1093 1872 1243 1912 precibus,
1271 1873 1377 1901 invicte
1398 1873 1502 1902 invoco

707 1915 846 1945 Portenta
868 1924 900 1945 ut
919 1915 1029 1955 populo
1050 1917 1166 1955 patriae
1187 1923 1356 1944 verruncent
1378 1914 1454 1943 bene.

257 1960 293 1988 Id
315 1966 372 1995 est,
394 1967 507 1989 vertant
530 1959 605 1988 bene.
650 1960 673 1988 A
695 1970 834 1988 verrunco
857 1964 901 1988 est
923 1969 1098 1990 aver-runco,
1129 1958 1210 1996 quod
1232 1962 1261 1986 et
1283 1968 1429 1994 aurunco,
1459 1965 1576 1987 averto.-
1604 1968 1796 1994 averruncus,
1820 1956 1872 1996 qui
1894 1962 1923 1986 et
1945 1966 2090 1985 auruncus
2113 1955 2200 1992 Deus,

257 2000 475 2040 ὖποτρόπαιος,
504 2002 556 2041 qui
579 2002 654 2031 mala
677 2001 793 2031 avertit.
822 2001 909 2031 Dac.
953 2001 995 2029 Di
1016 2002 1179 2029 monuerint
1201 1999 1331 2029 meliora.
1371 2000 1492 2029 Pacuvii
1516 2009 1618 2029 versus
1641 2000 1684 2028 sic
1707 2010 1743 2028 ex
1768 2000 1900 2029 Varrone
1923 1999 1974 2028 lib.
1985 1999 2036 2028 Vl.
2059 1998 2148 2028 dessL.
2168 1998 2199 2026 L.
2242 2019 2243 2022 η

258 2043 343 2083 (Vll,
365 2045 435 2075 378.
460 2044 522 2084 Sp.)
546 2049 575 2073 et
597 2045 693 2073 Nonio
717 2043 879 2082 (pag-507.
901 2042 1022 2080 Merc.):

708 2086 763 2115 Dii
785 2086 926 2115 monerint
948 2084 1070 2114 meliora
1094 2092 1180 2125 atque
1201 2085 1359 2113 amentiam
1383 2085 1618 2113 averruncassint
1640 2091 1729 2112 tuam.

261 2126 411 2157 Monet-int
437 2136 489 2163 pro
511 2128 681 2158 monuerint.
724 2128 837 2157 Nonius
860 2129 946 2156 etiam
970 2128 1100 2167 priorem
1124 2131 1238 2165 partem
1259 2127 1300 2155 sic
1322 2127 1444 2155 adducit
1466 2127 1495 2155 in
1517 2128 1660 2156 moneris:
1697 2126 1751 2154 Dii
1771 2126 1914 2156 monerint
1935 2123 2071 2162 meliora,
2103 2126 2203 2163 aitque

262 2179 325 2245 pgse
340 2167 524 2249 {2303313'843
551 2169 681 2200 Pacuvii.
724 2171 806 2199 Idem
836 2169 930 2209 (Non.
953 2180 1018 2209 pag.
1033 2172 1083 2201 74.
1108 2168 1217 2208 Mero.)
1246 2169 1277 2197 in
1307 2180 1498 2199 averruncare
1526 2169 1651 2198 eundem
1676 2169 1789 2197 Lucilio
1818 2168 1926 2197 tribuit
1953 2177 1968 2196 e
1997 2167 2075 2196 libro
2100 2167 2203 2196 Annal-

286 2214 335 2241 ‘ar
476 2220 496 2238 ,z

1883 562 1955 591 Vide
1979 573 2053 602 quae
2075 562 2181 601 scripsi

1938 647 2042 676 Lucilii
2065 656 2183 676 versum

1858 1536 1947 1573 Lege:
1980 1534 2060 1573 Quos
2082 1536 2195 1563 vincere

714 2253 766 2282 Dii
787 2255 930 2284 mouerint
952 2252 1075 2282 meliora
1097 2261 1184 2294 atque
1205 2254 1362 2282 amentiam
1385 2254 1617 2282 averruncassint
1640 2260 1729 2283 tuam.

265 2297 363 2331 Quare
386 2304 400 2322 e
424 2292 551 2321 Pacuvio
574 2295 733 2330 sumpserit
753 2296 892 2325 Lucilius.
929 2297 1001 2325 Nam
1026 2297 1158 2324 Pacuvio
1182 2306 1247 2324 eum
1271 2296 1413 2324 adscribit
1435 2297 1523 2324 etiam
1548 2296 1650 2325 varro.
1697 2295 1787 2325 Dac.

432 2333 597 2363 Vastum.
641 2334 786 2364 Pacuvius
808 2339 840 2365 in
854 2338 968 2367 Teucro
992 2339 1071 2377 apud
1092 2338 1236 2367 Nonium:
1263 2338 1346 2376 Quae
1367 2337 1511 2366 desideria
1532 2336 1708 2367 alumnum?
1728 2334 1945 2377 poenitudines,
1971 2334 2094 2374 Quales,
2121 2332 2202 2362 Sen-

267 2378 385 2417 bresque
409 2375 522 2406 inculta
543 2374 727 2405 vastitudine.
749 2377 838 2408 Ant.
861 2379 955 2419 Aug.
993 2381 1100 2409 Versus
1121 2381 1244 2409 Pacuvii
1266 2381 1296 2409 in
1319 2381 1433 2409 Teucro
1456 2382 1496 2408 ita
1520 2380 1577 2418 legi
1600 2380 1722 2409 debent:

888 2420 969 2457 Quae
990 2421 1132 2451 desiderio
1154 2422 1321 2457 alumnum,
1348 2422 1545 2461 poenitudine,

885 2461 1024 2500 Squales,
1053 2463 1238 2502 scabrasque,
1268 2464 1381 2492 inculta
1400 2462 1584 2492 vastitudine.
