<?xml version="1.0" encoding="UTF-8"?>
<!DOCTYPE html PUBLIC "-//W3C//DTD XHTML 1.0 Transitional//EN"
    "http://www.w3.org/TR/xhtml1/DTD/xhtml1-transitional.dtd">
<html xmlns="http://www.w3.org/1999/xhtml" xml:lang="en" lang="en">
 <head>
  <title>
</title>
<meta http-equiv="Content-Type" content="text/html;charset=utf-8" />
  <meta name='ocr-system' content='tesseract 3.04.00' />
  <meta name='ocr-capabilities' content='ocr_page ocr_carea ocr_par ocr_line ocrx_word'/>
</head>
<body>
  <div class='ocr_page' id='page_1' title='image "./corpusgrammatico01linduoft_0103.png"; bbox 0 0 2263 2668; ppageno 0'>
   <div class='ocr_carea' id='block_1_1' title="bbox 807 164 1242 203">
    <p class='ocr_par' dir='ltr' id='par_1_1' title="bbox 807 164 1242 203">
     <span class='ocr_line' id='line_1_1' title="bbox 807 164 1242 203; baseline 0.009 -5"><span class='ocrx_word' id='word_1_1' title='bbox 807 165 896 199; x_wconf 87' lang='lat' dir='ltr'><em>LIB.</em></span> <span class='ocrx_word' id='word_1_2' title='bbox 919 164 945 200; x_wconf 89' lang='grc' dir='ltr'><em>Ι.</em></span> <span class='ocrx_word' id='word_1_3' title='bbox 991 165 1136 200; x_wconf 84' lang='lat' dir='ltr'><em>SEGM.</em></span> <span class='ocrx_word' id='word_1_4' title='bbox 1163 166 1242 203; x_wconf 86' lang='lat' dir='ltr'><em>XII.</em></span> 
     </span>
    </p>
   </div>
   <div class='ocr_carea' id='block_1_2' title="bbox 1949 171 1997 205">
    <p class='ocr_par' dir='ltr' id='par_1_2' title="bbox 1949 171 1997 205">
     <span class='ocr_line' id='line_1_2' title="bbox 1949 171 1997 205; baseline -0.021 0"><span class='ocrx_word' id='word_1_5' title='bbox 1949 171 1997 205; x_wconf 71' lang='lat'><em>87</em></span> 
     </span>
    </p>
   </div>
   <div class='ocr_carea' id='block_1_3' title="bbox 61 255 1214 355">
    <p class='ocr_par' dir='ltr' id='par_1_3' title="bbox 61 255 1214 355">
     <span class='ocr_line' id='line_1_3' title="bbox 290 255 1119 304; baseline 0.004 -14"><span class='ocrx_word' id='word_1_6' title='bbox 290 255 451 302; x_wconf 80' lang='lat' dir='ltr'><em>Corpora</em></span> <span class='ocrx_word' id='word_1_7' title='bbox 476 256 590 289; x_wconf 83' lang='lat' dir='ltr'><em>multa</em></span> <span class='ocrx_word' id='word_1_8' title='bbox 615 257 729 291; x_wconf 73' lang='lat' dir='ltr'><em>virum</em></span> <span class='ocrx_word' id='word_1_9' title='bbox 756 258 870 300; x_wconf 76' lang='lat' dir='ltr'><em>circa,</em></span> <span class='ocrx_word' id='word_1_10' title='bbox 896 256 1119 304; x_wconf 66' lang='lat' dir='ltr'><em>seniorqueffi.</em></span> 
     </span>
     <span class='ocr_line' id='line_1_4' title="bbox 61 304 1214 355; baseline 0.003 -13"><span class='ocrx_word' id='word_1_11' title='bbox 61 308 193 343; x_wconf 80' lang='lat' dir='ltr'><em>Contra</em></span> <span class='ocrx_word' id='word_1_12' title='bbox 220 309 339 341; x_wconf 87' lang='lat' dir='ltr'><em>eadem</em></span> <span class='ocrx_word' id='word_1_13' title='bbox 367 304 497 341; x_wconf 69' lang='lat' dir='ltr'><em>etiarn¹⁷</em></span> <span class='ocrx_word' id='word_1_14' title='bbox 522 308 639 342; x_wconf 86' lang='lat' dir='ltr'><em>ultima</em></span> <span class='ocrx_word' id='word_1_15' title='bbox 665 311 792 353; x_wconf 74' lang='lat' dir='ltr'><em>syllaba</em></span> <span class='ocrx_word' id='word_1_16' title='bbox 818 311 922 355; x_wconf 85' lang='lat' dir='ltr'><em>longa</em></span> <span class='ocrx_word' id='word_1_17' title='bbox 949 311 1134 354; x_wconf 84' lang='lat' dir='ltr'>clauditur,</span> <span class='ocrx_word' id='word_1_18' title='bbox 1160 316 1214 345; x_wconf 88' lang='lat' dir='ltr'><em>ut:</em></span> 
     </span>
    </p>
   </div>
   <div class='ocr_carea' id='block_1_4' title="bbox 55 359 938 507">
    <p class='ocr_par' dir='ltr' id='par_1_4' title="bbox 55 359 938 507">
     <span class='ocr_line' id='line_1_5' title="bbox 291 359 938 395; baseline 0.002 -2"><span class='ocrx_word' id='word_1_19' title='bbox 291 359 422 393; x_wconf 80' lang='lat' dir='ltr'><em>Contra</em></span> <span class='ocrx_word' id='word_1_20' title='bbox 447 359 546 392; x_wconf 83' lang='lat' dir='ltr'><em>nulla</em></span> <span class='ocrx_word' id='word_1_21' title='bbox 574 364 623 393; x_wconf 88' lang='lat' dir='ltr'><em>est</em></span> <span class='ocrx_word' id='word_1_22' title='bbox 649 362 733 394; x_wconf 83' lang='lat' dir='ltr'><em>oleis</em></span> <span class='ocrx_word' id='word_1_23' title='bbox 759 359 938 395; x_wconf 70' lang='lat' dir='ltr'><em>cultui-(1¹⁸.</em></span> 
     </span>
     <span class='ocr_line' id='line_1_6' title="bbox 55 411 803 458; baseline 0.004 -13"><span class='ocrx_word' id='word_1_24' title='bbox 55 411 167 458; x_wconf 85' lang='lat' dir='ltr'><em>Erga</em></span> <span class='ocrx_word' id='word_1_25' title='bbox 192 411 396 457; x_wconf 78' lang='lat' dir='ltr'><em>praepositio</em></span> <span class='ocrx_word' id='word_1_26' title='bbox 422 411 584 454; x_wconf 84' lang='lat' dir='ltr'><em>superiori</em></span> <span class='ocrx_word' id='word_1_27' title='bbox 608 413 719 445; x_wconf 90' lang='lat' dir='ltr'><em>similis</em></span> <span class='ocrx_word' id='word_1_28' title='bbox 746 418 803 449; x_wconf 84' lang='lat' dir='ltr'><em>est.</em></span> 
     </span>
     <span class='ocr_line' id='line_1_7' title="bbox 281 461 747 507; baseline 0.009 -13"><span class='ocrx_word' id='word_1_29' title='bbox 281 462 429 507; x_wconf 83' lang='lat' dir='ltr'><em>Iamque</em></span> <span class='ocrx_word' id='word_1_30' title='bbox 455 463 549 494; x_wconf 78' lang='lat' dir='ltr'><em>intra</em></span> <span class='ocrx_word' id='word_1_31' title='bbox 576 461 747 499; x_wconf 58' lang='lat' dir='ltr'><em>iacturam.</em></span> 
     </span>
    </p>
   </div>
   <div class='ocr_carea' id='block_1_5' title="bbox 855 411 1538 458">
    <p class='ocr_par' dir='ltr' id='par_1_5' title="bbox 855 411 1538 458">
     <span class='ocr_line' id='line_1_8' title="bbox 855 411 1538 458; baseline 0.004 -12"><span class='ocrx_word' id='word_1_32' title='bbox 855 413 959 446; x_wconf 83' lang='lat' dir='ltr'><em>Intra</em></span> <span class='ocrx_word' id='word_1_33' title='bbox 987 411 1138 447; x_wconf 80' lang='lat' dir='ltr'><em>eadem¹⁹</em></span> <span class='ocrx_word' id='word_1_34' title='bbox 1166 425 1302 458; x_wconf 90' lang='lat' dir='ltr'><em>quoque</em></span> <span class='ocrx_word' id='word_1_35' title='bbox 1328 414 1457 457; x_wconf 87' lang='lat' dir='ltr'><em>similis,</em></span> <span class='ocrx_word' id='word_1_36' title='bbox 1486 420 1538 449; x_wconf 86' lang='lat' dir='ltr'><em>ut:</em></span> 
     </span>
    </p>
   </div>
   <div class='ocr_carea' id='block_1_6' title="bbox 55 512 1997 563">
    <p class='ocr_par' dir='ltr' id='par_1_6' title="bbox 55 512 1997 563">
     <span class='ocr_line' id='line_1_9' title="bbox 55 512 1997 563; baseline 0.001 -14"><span class='ocrx_word' id='word_1_37' title='bbox 55 515 135 549; x_wconf 91' lang='lat' dir='ltr'><em>Hoc</em></span> <span class='ocrx_word' id='word_1_38' title='bbox 160 525 243 559; x_wconf 85' lang='lat' dir='ltr'><em>ergo</em></span> <span class='ocrx_word' id='word_1_39' title='bbox 268 513 363 546; x_wconf 78' lang='lat' dir='ltr'><em>nobis</em></span> <span class='ocrx_word' id='word_1_40' title='bbox 390 514 633 547; x_wconf 84' lang='lat' dir='ltr'><em>observandum</em></span> <span class='ocrx_word' id='word_1_41' title='bbox 661 520 724 556; x_wconf 83' lang='lat' dir='ltr'><em>est,</em></span> <span class='ocrx_word' id='word_1_42' title='bbox 750 519 787 548; x_wconf 92' lang='lat' dir='ltr'><em>ut</em></span> <span class='ocrx_word' id='word_1_43' title='bbox 814 512 958 549; x_wconf 84' lang='lat' dir='ltr'><em>omnes²¹</em></span> <span class='ocrx_word' id='word_1_44' title='bbox 985 516 1247 561; x_wconf 72' lang='lat' dir='ltr'><em>praepositiones</em></span> <span class='ocrx_word' id='word_1_45' title='bbox 1273 528 1297 550; x_wconf 86' lang='lat' dir='ltr'><em>a</em></span> <span class='ocrx_word' id='word_1_46' title='bbox 1322 517 1430 550; x_wconf 86' lang='lat' dir='ltr'><em>littera</em></span> <span class='ocrx_word' id='word_1_47' title='bbox 1455 518 1562 551; x_wconf 84' lang='lat' dir='ltr'><em>finitas</em></span> <span class='ocrx_word' id='word_1_48' title='bbox 1588 518 1670 551; x_wconf 88' lang='lat' dir='ltr'><em>scias</em></span> <span class='ocrx_word' id='word_1_49' title='bbox 1696 517 1827 552; x_wconf 87' lang='lat' dir='ltr'><em>ultimas</em></span> <span class='ocrx_word' id='word_1_50' title='bbox 1854 518 1997 563; x_wconf 75' lang='lat' dir='ltr'>syllabas</span> 
     </span>
    </p>
   </div>
   <div class='ocr_carea' id='block_1_7' title="bbox 54 566 901 654">
    <p class='ocr_par' dir='ltr' id='par_1_7' title="bbox 54 566 901 654">
     <span class='ocr_line' id='line_1_10' title="bbox 54 566 335 612; baseline -0.014 -12"><span class='ocrx_word' id='word_1_51' title='bbox 54 567 174 612; x_wconf 84' lang='lat' dir='ltr'><em>longas</em></span> <span class='ocrx_word' id='word_1_52' title='bbox 199 566 335 598; x_wconf 81' lang='lat' dir='ltr'><em>habere.</em></span> 
     </span>
     <span class='ocr_line' id='line_1_11' title="bbox 280 615 901 654; baseline 0.008 -6"><span class='ocrx_word' id='word_1_53' title='bbox 280 615 379 649; x_wconf 82' lang='lat' dir='ltr'><em>Inter</em></span> <span class='ocrx_word' id='word_1_54' title='bbox 405 616 592 649; x_wconf 83' lang='lat' dir='ltr'><em>odoratum</em></span> <span class='ocrx_word' id='word_1_55' title='bbox 620 618 714 651; x_wconf 79' lang='lat' dir='ltr'><em>lauri</em></span> <span class='ocrx_word' id='word_1_56' title='bbox 739 616 901 654; x_wconf 72' lang='lat' dir='ltr'><em>⁷1emus²².</em></span> 
     </span>
    </p>
   </div>
   <div class='ocr_carea' id='block_1_8' title="bbox 55 667 1058 715">
    <p class='ocr_par' dir='ltr' id='par_1_8' title="bbox 55 667 1058 715">
     <span class='ocr_line' id='line_1_12' title="bbox 55 667 1058 715; baseline 0.002 -13"><span class='ocrx_word' id='word_1_57' title='bbox 55 668 162 715; x_wconf 82' lang='lat' dir='ltr'><em>Infra</em></span> <span class='ocrx_word' id='word_1_58' title='bbox 186 668 337 701; x_wconf 78' lang='lat' dir='ltr'><em>ultimam</em></span> <span class='ocrx_word' id='word_1_59' title='bbox 362 667 502 712; x_wconf 85' lang='lat' dir='ltr'><em>longam</em></span> <span class='ocrx_word' id='word_1_60' title='bbox 529 668 653 710; x_wconf 81' lang='lat' dir='ltr'><em>habet,</em></span> <span class='ocrx_word' id='word_1_61' title='bbox 680 674 716 702; x_wconf 89' lang='lat' dir='ltr'><em>ut</em></span> <span class='ocrx_word' id='word_1_62' title='bbox 741 682 841 715; x_wconf 84' lang='lat' dir='ltr'><em>supra</em></span> <span class='ocrx_word' id='word_1_63' title='bbox 867 671 1058 705; x_wconf 83' lang='lat' dir='ltr'><em>memoravi.</em></span> 
     </span>
    </p>
   </div>
   <div class='ocr_carea' id='block_1_9' title="bbox 53 717 749 969">
    <p class='ocr_par' dir='ltr' id='par_1_9' title="bbox 58 717 700 811">
     <span class='ocr_line' id='line_1_13' title="bbox 279 717 700 763; baseline 0.007 -12"><span class='ocrx_word' id='word_1_64' title='bbox 279 718 457 763; x_wconf 78' lang='lat' dir='ltr'><em>qutaque</em></span> <span class='ocrx_word' id='word_1_65' title='bbox 487 720 657 753; x_wconf 78' lang='lat' dir='ltr'><em>Creusam</em></span> <span class='ocrx_word' id='word_1_66' title='bbox 665 717 700 754; x_wconf 78' lang='lat'><em>²³.</em></span> 
     </span>
     <span class='ocr_line' id='line_1_14' title="bbox 58 770 421 811; baseline -0.011 -5"><span class='ocrx_word' id='word_1_67' title='bbox 58 770 113 806; x_wconf 84' lang='lat' dir='ltr'><em>Ob</em></span> <span class='ocrx_word' id='word_1_68' title='bbox 138 771 246 804; x_wconf 80' lang='lat' dir='ltr'><em>brevis</em></span> <span class='ocrx_word' id='word_1_69' title='bbox 273 775 340 811; x_wconf 79' lang='lat' dir='ltr'><em>est,</em></span> <span class='ocrx_word' id='word_1_70' title='bbox 368 776 421 803; x_wconf 86' lang='lat' dir='ltr'><em>ut:</em></span> 
     </span>
    </p>

    <p class='ocr_par' dir='ltr' id='par_1_10' title="bbox 53 819 749 916">
     <span class='ocr_line' id='line_1_15' title="bbox 279 819 749 867; baseline 0.004 -13"><span class='ocrx_word' id='word_1_71' title='bbox 279 820 336 854; x_wconf 88' lang='lat' dir='ltr'><em>Ne</em></span> <span class='ocrx_word' id='word_1_72' title='bbox 362 822 438 866; x_wconf 83' lang='lat' dir='ltr'><em>quis</em></span> <span class='ocrx_word' id='word_1_73' title='bbox 464 820 506 854; x_wconf 89' lang='lat' dir='ltr'><em>ob</em></span> <span class='ocrx_word' id='word_1_74' title='bbox 533 819 749 867; x_wconf 78' lang='lat' dir='ltr'><em>inceptum-²¹.</em></span> 
     </span>
     <span class='ocr_line' id='line_1_16' title="bbox 53 873 738 916; baseline -0.003 -8"><span class='ocrx_word' id='word_1_75' title='bbox 53 874 126 909; x_wconf 81' lang='lat' dir='ltr'><em>Per</em></span> <span class='ocrx_word' id='word_1_76' title='bbox 151 873 271 907; x_wconf 86' lang='lat' dir='ltr'><em>eadem</em></span> <span class='ocrx_word' id='word_1_77' title='bbox 298 884 434 916; x_wconf 89' lang='lat' dir='ltr'><em>quoque</em></span> <span class='ocrx_word' id='word_1_78' title='bbox 460 873 568 906; x_wconf 85' lang='lat' dir='ltr'><em>brevis</em></span> <span class='ocrx_word' id='word_1_79' title='bbox 592 879 658 913; x_wconf 66' lang='lat' dir='ltr'><em>est,</em></span> <span class='ocrx_word' id='word_1_80' title='bbox 685 878 738 906; x_wconf 88' lang='lat' dir='ltr'><em>ut:</em></span> 
     </span>
    </p>

    <p class='ocr_par' dir='ltr' id='par_1_11' title="bbox 280 922 731 969">
     <span class='ocr_line' id='line_1_17' title="bbox 280 922 731 969; baseline 0 -12"><span class='ocrx_word' id='word_1_81' title='bbox 280 925 398 969; x_wconf 80' lang='lat' dir='ltr'><em>Atque</em></span> <span class='ocrx_word' id='word_1_82' title='bbox 418 936 488 969; x_wconf 81' lang='lat' dir='ltr'><em>per</em></span> <span class='ocrx_word' id='word_1_83' title='bbox 515 922 731 969; x_wconf 79' lang='lat' dir='ltr'><em>ambages²⁵.</em></span> 
     </span>
    </p>
   </div>
   <div class='ocr_carea' id='block_1_10' title="bbox 387 564 1120 613">
    <p class='ocr_par' dir='ltr' id='par_1_12' title="bbox 387 564 1120 613">
     <span class='ocr_line' id='line_1_18' title="bbox 387 564 1120 613; baseline 0.005 -16"><span class='ocrx_word' id='word_1_84' title='bbox 387 564 487 598; x_wconf 81' lang='lat' dir='ltr'><em>Inter</em></span> <span class='ocrx_word' id='word_1_85' title='bbox 512 571 716 609; x_wconf 78' lang='lat' dir='ltr'><em>postremam</em></span> <span class='ocrx_word' id='word_1_86' title='bbox 742 567 878 600; x_wconf 83' lang='lat' dir='ltr'><em>brevem</em></span> <span class='ocrx_word' id='word_1_87' title='bbox 905 570 1042 613; x_wconf 83' lang='lat' dir='ltr'><em>recipit,</em></span> <span class='ocrx_word' id='word_1_88' title='bbox 1069 574 1120 601; x_wconf 91' lang='lat' dir='ltr'><em>ut:</em></span> 
     </span>
    </p>
   </div>
   <div class='ocr_carea' id='block_1_11' title="bbox 1112 669 1832 716">
    <p class='ocr_par' dir='ltr' id='par_1_13' title="bbox 1112 669 1832 716">
     <span class='ocr_line' id='line_1_19' title="bbox 1112 669 1832 716; baseline 0 -13"><span class='ocrx_word' id='word_1_89' title='bbox 1112 670 1221 703; x_wconf 73' lang='lat' dir='ltr'><em>quta</em></span> <span class='ocrx_word' id='word_1_90' title='bbox 1248 669 1367 703; x_wconf 87' lang='lat' dir='ltr'><em>eadem</em></span> <span class='ocrx_word' id='word_1_91' title='bbox 1393 671 1554 715; x_wconf 85' lang='lat' dir='ltr'><em>superiori</em></span> <span class='ocrx_word' id='word_1_92' title='bbox 1581 669 1752 716; x_wconf 83' lang='lat' dir='ltr'><em>congruit,</em></span> <span class='ocrx_word' id='word_1_93' title='bbox 1779 675 1832 704; x_wconf 85' lang='lat' dir='ltr'><em>ut:</em></span> 
     </span>
    </p>
   </div>
   <div class='ocr_carea' id='block_1_12' title="bbox 53 971 1954 1022">
    <p class='ocr_par' dir='ltr' id='par_1_14' title="bbox 53 971 1954 1022">
     <span class='ocr_line' id='line_1_20' title="bbox 53 971 1954 1022; baseline -0.001 -12"><span class='ocrx_word' id='word_1_94' title='bbox 53 971 197 1010; x_wconf 76' lang='lat' dir='ltr'><em>Penes²⁶</em></span> <span class='ocrx_word' id='word_1_95' title='bbox 223 975 351 1008; x_wconf 86' lang='lat' dir='ltr'><em>duabus</em></span> <span class='ocrx_word' id='word_1_96' title='bbox 378 977 533 1009; x_wconf 84' lang='lat' dir='ltr'><em>brevibus</em></span> <span class='ocrx_word' id='word_1_97' title='bbox 560 981 696 1010; x_wconf 86' lang='lat' dir='ltr'><em>constat.</em></span> <span class='ocrx_word' id='word_1_98' title='bbox 749 976 869 1022; x_wconf 88' lang='lat' dir='ltr'><em>Prope</em></span> <span class='ocrx_word' id='word_1_99' title='bbox 896 976 978 1010; x_wconf 88' lang='lat' dir='ltr'><em>duas</em></span> <span class='ocrx_word' id='word_1_100' title='bbox 1003 977 1122 1010; x_wconf 86' lang='lat' dir='ltr'><em>breves</em></span> <span class='ocrx_word' id='word_1_101' title='bbox 1132 974 1156 994; x_wconf 77' lang='lat'><em>²⁷</em></span> <span class='ocrx_word' id='word_1_102' title='bbox 1182 977 1296 1012; x_wconf 87' lang='lat' dir='ltr'><em>habet.</em></span> <span class='ocrx_word' id='word_1_103' title='bbox 1349 977 1505 1022; x_wconf 84' lang='lat' dir='ltr'><em>Propter</em></span> <span class='ocrx_word' id='word_1_104' title='bbox 1530 976 1646 1009; x_wconf 86' lang='lat' dir='ltr'><em>ultima</em></span> <span class='ocrx_word' id='word_1_105' title='bbox 1671 976 1779 1010; x_wconf 88' lang='lat' dir='ltr'><em>brevis</em></span> <span class='ocrx_word' id='word_1_106' title='bbox 1807 980 1874 1017; x_wconf 81' lang='lat' dir='ltr'><em>est,</em></span> <span class='ocrx_word' id='word_1_107' title='bbox 1902 980 1954 1008; x_wconf 87' lang='lat' dir='ltr'><em>ut:</em></span> 
     </span>
    </p>
   </div>
   <div class='ocr_carea' id='block_1_13' title="bbox 53 1024 755 1214">
    <p class='ocr_par' dir='ltr' id='par_1_15' title="bbox 53 1024 755 1124">
     <span class='ocr_line' id='line_1_21' title="bbox 278 1024 755 1072; baseline -0.002 -12"><span class='ocrx_word' id='word_1_108' title='bbox 278 1027 432 1072; x_wconf 76' lang='lat' dir='ltr'><em>Propter</em></span> <span class='ocrx_word' id='word_1_109' title='bbox 457 1038 573 1072; x_wconf 82' lang='lat' dir='ltr'><em>aquae</em></span> <span class='ocrx_word' id='word_1_110' title='bbox 598 1024 755 1064; x_wconf 56' lang='lat' dir='ltr'><em>rivumffi.</em></span> 
     </span>
     <span class='ocr_line' id='line_1_22' title="bbox 53 1077 755 1124; baseline 0 -12"><span class='ocrx_word' id='word_1_111' title='bbox 53 1077 172 1124; x_wconf 83' lang='lat' dir='ltr'><em>Super</em></span> <span class='ocrx_word' id='word_1_112' title='bbox 198 1083 325 1112; x_wconf 84' lang='lat' dir='ltr'><em>constat</em></span> <span class='ocrx_word' id='word_1_113' title='bbox 351 1079 479 1111; x_wconf 84' lang='lat' dir='ltr'><em>duabus</em></span> <span class='ocrx_word' id='word_1_114' title='bbox 507 1079 675 1120; x_wconf 73' lang='lat' dir='ltr'><em>brevibus,</em></span> <span class='ocrx_word' id='word_1_115' title='bbox 702 1084 755 1113; x_wconf 87' lang='lat' dir='ltr'><em>ut:</em></span> 
     </span>
    </p>

    <p class='ocr_par' dir='ltr' id='par_1_16' title="bbox 53 1126 716 1214">
     <span class='ocr_line' id='line_1_23' title="bbox 277 1126 716 1175; baseline 0.002 -13"><span class='ocrx_word' id='word_1_116' title='bbox 277 1130 352 1163; x_wconf 87' lang='lat' dir='ltr'><em>Aut</em></span> <span class='ocrx_word' id='word_1_117' title='bbox 377 1141 485 1175; x_wconf 81' lang='lat' dir='ltr'><em>super</em></span> <span class='ocrx_word' id='word_1_118' title='bbox 511 1126 716 1163; x_wconf 81' lang='lat' dir='ltr'><em>Idalium²⁹.</em></span> 
     </span>
     <span class='ocr_line' id='line_1_24' title="bbox 53 1179 596 1214; baseline -0.002 0"><span class='ocrx_word' id='word_1_119' title='bbox 53 1179 184 1214; x_wconf 76' lang='lat' dir='ltr'><em>subter</em></span> <span class='ocrx_word' id='word_1_120' title='bbox 207 1180 323 1213; x_wconf 91' lang='lat' dir='ltr'><em>ultima</em></span> <span class='ocrx_word' id='word_1_121' title='bbox 348 1182 442 1214; x_wconf 89' lang='lat' dir='ltr'><em>brevi</em></span> <span class='ocrx_word' id='word_1_122' title='bbox 476 1181 596 1214; x_wconf 86' lang='lat' dir='ltr'><em>finitur.</em></span> 
     </span>
    </p>
   </div>
   <div class='ocr_carea' id='block_1_14' title="bbox 654 1180 1175 1215">
    <p class='ocr_par' dir='ltr' id='par_1_17' title="bbox 654 1180 1175 1215">
     <span class='ocr_line' id='line_1_25' title="bbox 654 1180 1175 1215; baseline -0.002 0"><span class='ocrx_word' id='word_1_123' title='bbox 654 1182 810 1215; x_wconf 81' lang='lat' dir='ltr'><em>Praeter</em></span> <span class='ocrx_word' id='word_1_124' title='bbox 840 1180 1003 1215; x_wconf 81' lang='lat' dir='ltr'><em>trochaeo</em></span> <span class='ocrx_word' id='word_1_125' title='bbox 1038 1186 1175 1214; x_wconf 85' lang='lat' dir='ltr'><em>constat.</em></span> 
     </span>
    </p>
   </div>
   <div class='ocr_carea' id='block_1_15' title="bbox 1237 1181 1995 1221">
    <p class='ocr_par' dir='ltr' id='par_1_18' title="bbox 1237 1181 1995 1221">
     <span class='ocr_line' id='line_1_26' title="bbox 1237 1181 1995 1221; baseline -0.004 -6"><span class='ocrx_word' id='word_1_126' title='bbox 1237 1182 1335 1215; x_wconf 84' lang='lat' dir='ltr'><em>Pone</em></span> <span class='ocrx_word' id='word_1_127' title='bbox 1366 1181 1530 1214; x_wconf 81' lang='lat' dir='ltr'><em>trochaeo</em></span> <span class='ocrx_word' id='word_1_128' title='bbox 1563 1184 1708 1221; x_wconf 79' lang='lat' dir='ltr'><em>constat,</em></span> <span class='ocrx_word' id='word_1_129' title='bbox 1740 1191 1815 1213; x_wconf 87' lang='lat' dir='ltr'><em>nam</em></span> <span class='ocrx_word' id='word_1_130' title='bbox 1855 1183 1995 1214; x_wconf 87' lang='lat' dir='ltr'><em>accentu</em></span> 
     </span>
    </p>
   </div>
   <div class='ocr_carea' id='block_1_16' title="bbox 51 1229 1526 1277">
    <p class='ocr_par' dir='ltr' id='par_1_19' title="bbox 51 1229 1526 1277">
     <span class='ocr_line' id='line_1_27' title="bbox 51 1229 1526 1277; baseline 0.001 -12"><span class='ocrx_word' id='word_1_131' title='bbox 51 1233 124 1265; x_wconf 83' lang='lat' dir='ltr'><em>solo</em></span> <span class='ocrx_word' id='word_1_132' title='bbox 150 1233 193 1265; x_wconf 89' lang='lat' dir='ltr'><em>ab</em></span> <span class='ocrx_word' id='word_1_133' title='bbox 220 1229 414 1265; x_wconf 85' lang='lat' dir='ltr'><em>adverbio³⁰</em></span> <span class='ocrx_word' id='word_1_134' title='bbox 440 1232 652 1272; x_wconf 74' lang='lat' dir='ltr'><em>discernitur-3</em></span> <span class='ocrx_word' id='word_1_135' title='bbox 678 1234 836 1277; x_wconf 84' lang='lat' dir='ltr'><em>quoniam</em></span> <span class='ocrx_word' id='word_1_136' title='bbox 862 1233 1029 1267; x_wconf 87' lang='lat' dir='ltr'><em>interdum</em></span> <span class='ocrx_word' id='word_1_137' title='bbox 1054 1234 1088 1266; x_wconf 88' lang='lat' dir='ltr'><em>in</em></span> <span class='ocrx_word' id='word_1_138' title='bbox 1115 1234 1311 1267; x_wconf 82' lang='lat' dir='ltr'><em>adverbium</em></span> <span class='ocrx_word' id='word_1_139' title='bbox 1338 1233 1445 1276; x_wconf 87' lang='lat' dir='ltr'><em>cadit,</em></span> <span class='ocrx_word' id='word_1_140' title='bbox 1471 1239 1526 1267; x_wconf 86' lang='lat' dir='ltr'><em>ut:</em></span> 
     </span>
    </p>
   </div>
   <div class='ocr_carea' id='block_1_17' title="bbox 275 1281 705 1318">
    <p class='ocr_par' dir='ltr' id='par_1_20' title="bbox 275 1281 705 1318">
     <span class='ocr_line' id='line_1_28' title="bbox 275 1281 705 1318; baseline 0 -1"><span class='ocrx_word' id='word_1_141' title='bbox 275 1283 373 1317; x_wconf 79' lang='lat' dir='ltr'><em>Pone</em></span> <span class='ocrx_word' id='word_1_142' title='bbox 398 1284 489 1317; x_wconf 85' lang='lat' dir='ltr'><em>subit</em></span> <span class='ocrx_word' id='word_1_143' title='bbox 516 1285 647 1318; x_wconf 71' lang='lat' dir='ltr'><em>conium.</em></span> <span class='ocrx_word' id='word_1_144' title='bbox 656 1281 705 1318; x_wconf 62' lang='lat'><em>²³¹.</em></span> 
     </span>
    </p>
   </div>
   <div class='ocr_carea' id='block_1_18' title="bbox 51 1322 1320 1434">
    <p class='ocr_par' dir='ltr' id='par_1_21' title="bbox 51 1322 1320 1434">
     <span class='ocr_line' id='line_1_29' title="bbox 51 1322 1320 1380; baseline 0 -11"><span class='ocrx_word' id='word_1_145' title='bbox 51 1334 253 1369; x_wconf 84' lang='lat' dir='ltr'><em>Secundum</em></span> <span class='ocrx_word' id='word_1_146' title='bbox 282 1335 426 1380; x_wconf 84' lang='lat' dir='ltr'><em>primam</em></span> <span class='ocrx_word' id='word_1_147' title='bbox 453 1336 616 1380; x_wconf 74' lang='lat' dir='ltr'><em>syllabam</em></span> <span class='ocrx_word' id='word_1_148' title='bbox 644 1341 677 1369; x_wconf 91' lang='lat' dir='ltr'><em>et</em></span> <span class='ocrx_word' id='word_1_149' title='bbox 702 1337 911 1370; x_wconf 85' lang='lat' dir='ltr'><em>novissimam</em></span> <span class='ocrx_word' id='word_1_150' title='bbox 937 1322 1089 1370; x_wconf 50' lang='lat' dir='ltr'><em>bffevesffl</em></span> <span class='ocrx_word' id='word_1_151' title='bbox 1113 1335 1238 1377; x_wconf 84' lang='lat' dir='ltr'><em>habet,</em></span> <span class='ocrx_word' id='word_1_152' title='bbox 1266 1340 1320 1370; x_wconf 87' lang='lat' dir='ltr'><em>ut:</em></span> 
     </span>
     <span class='ocr_line' id='line_1_30' title="bbox 278 1384 1294 1434; baseline 0 -13"><span class='ocrx_word' id='word_1_153' title='bbox 278 1386 438 1421; x_wconf 80' lang='lat' dir='ltr'><em>Saltibus</em></span> <span class='ocrx_word' id='word_1_154' title='bbox 463 1388 499 1420; x_wconf 80' lang='lat' dir='ltr'><em>in</em></span> <span class='ocrx_word' id='word_1_155' title='bbox 525 1388 647 1421; x_wconf 84' lang='lat' dir='ltr'><em>vacuis</em></span> <span class='ocrx_word' id='word_1_156' title='bbox 667 1392 840 1434; x_wconf 77' lang='lat' dir='ltr'><em>pascunt,</em></span> <span class='ocrx_word' id='word_1_157' title='bbox 868 1392 900 1421; x_wconf 83' lang='lat' dir='ltr'><em>et</em></span> <span class='ocrx_word' id='word_1_158' title='bbox 920 1389 1034 1433; x_wconf 87' lang='lat' dir='ltr'><em>plena</em></span> <span class='ocrx_word' id='word_1_159' title='bbox 1058 1384 1294 1422; x_wconf 59' lang='lat' dir='ltr'><em>secundamffl.</em></span> 
     </span>
    </p>
   </div>
   <div class='ocr_carea' id='block_1_19' title="bbox 55 1437 1054 1485">
    <p class='ocr_par' dir='ltr' id='par_1_22' title="bbox 55 1437 1054 1485">
     <span class='ocr_line' id='line_1_31' title="bbox 55 1437 1054 1485; baseline 0.001 -14"><span class='ocrx_word' id='word_1_160' title='bbox 55 1437 162 1472; x_wconf 84' lang='lat' dir='ltr'><em>Ultra</em></span> <span class='ocrx_word' id='word_1_161' title='bbox 185 1439 391 1484; x_wconf 83' lang='lat' dir='ltr'><em>praepositio</em></span> <span class='ocrx_word' id='word_1_162' title='bbox 417 1439 571 1472; x_wconf 89' lang='lat' dir='ltr'><em>ultimam</em></span> <span class='ocrx_word' id='word_1_163' title='bbox 597 1440 735 1485; x_wconf 86' lang='lat' dir='ltr'><em>longam</em></span> <span class='ocrx_word' id='word_1_164' title='bbox 761 1440 883 1481; x_wconf 82' lang='lat' dir='ltr'><em>habet,</em></span> <span class='ocrx_word' id='word_1_165' title='bbox 910 1445 946 1472; x_wconf 92' lang='lat' dir='ltr'><em>ut</em></span> <span class='ocrx_word' id='word_1_166' title='bbox 977 1440 1054 1473; x_wconf 79' lang='lat' dir='ltr'><em>dixi.</em></span> 
     </span>
    </p>
   </div>
   <div class='ocr_carea' id='block_1_20' title="bbox 1112 1436 1812 1485">
    <p class='ocr_par' dir='ltr' id='par_1_23' title="bbox 1112 1436 1812 1485">
     <span class='ocr_line' id='line_1_32' title="bbox 1112 1436 1812 1485; baseline -0.007 -12"><span class='ocrx_word' id='word_1_167' title='bbox 1112 1439 1229 1485; x_wconf 79' lang='lat' dir='ltr'><em>Usque</em></span> <span class='ocrx_word' id='word_1_168' title='bbox 1253 1439 1405 1472; x_wconf 90' lang='lat' dir='ltr'><em>ultimam</em></span> <span class='ocrx_word' id='word_1_169' title='bbox 1430 1438 1568 1472; x_wconf 88' lang='lat' dir='ltr'><em>brevem</em></span> <span class='ocrx_word' id='word_1_170' title='bbox 1593 1436 1729 1482; x_wconf 85' lang='lat' dir='ltr'><em>recipit,</em></span> <span class='ocrx_word' id='word_1_171' title='bbox 1758 1439 1812 1469; x_wconf 85' lang='lat' dir='ltr'><em>ut:</em></span> 
     </span>
    </p>
   </div>
   <div class='ocr_carea' id='block_1_21' title="bbox 279 1488 1357 1535">
    <p class='ocr_par' dir='ltr' id='par_1_24' title="bbox 279 1488 1357 1535">
     <span class='ocr_line' id='line_1_33' title="bbox 279 1488 1357 1535; baseline 0.001 -12"><span class='ocrx_word' id='word_1_172' title='bbox 279 1491 395 1535; x_wconf 80' lang='lat' dir='ltr'><em>Usque</em></span> <span class='ocrx_word' id='word_1_173' title='bbox 420 1490 483 1524; x_wconf 87' lang='lat' dir='ltr'><em>sub</em></span> <span class='ocrx_word' id='word_1_174' title='bbox 512 1495 706 1525; x_wconf 82' lang='lat' dir='ltr'><em>extremum</em></span> <span class='ocrx_word' id='word_1_175' title='bbox 733 1492 880 1525; x_wconf 79' lang='lat' dir='ltr'><em>brumae</em></span> <span class='ocrx_word' id='word_1_176' title='bbox 906 1491 1142 1526; x_wconf 77' lang='lat' dir='ltr'><em>intractabilis</em></span> <span class='ocrx_word' id='word_1_177' title='bbox 1167 1488 1357 1525; x_wconf 60' lang='lat' dir='ltr'><em>imbremffl.</em></span> 
     </span>
    </p>
   </div>
   <div class='ocr_carea' id='block_1_22' title="bbox 296 1575 536 1612">
    <p class='ocr_par' dir='ltr' id='par_1_25' title="bbox 296 1575 536 1612">
     <span class='ocr_line' id='line_1_34' title="bbox 296 1575 536 1612; baseline 0 -3"><span class='ocrx_word' id='word_1_178' title='bbox 296 1575 321 1609; x_wconf 92' lang='lat' dir='ltr'>S</span> <span class='ocrx_word' id='word_1_179' title='bbox 329 1587 351 1608; x_wconf 85' lang='lat' dir='ltr'>E</span> <span class='ocrx_word' id='word_1_180' title='bbox 363 1587 385 1608; x_wconf 74' lang='lat' dir='ltr'><em>c.</em></span> <span class='ocrx_word' id='word_1_181' title='bbox 395 1587 433 1611; x_wconf 83' lang='lat' dir='ltr'><em>M.</em></span> <span class='ocrx_word' id='word_1_182' title='bbox 459 1576 536 1612; x_wconf 87' lang='lat' dir='ltr'><em>XII.</em></span> 
     </span>
    </p>
   </div>
   <div class='ocr_carea' id='block_1_23' title="bbox 589 1573 1741 1622">
    <p class='ocr_par' dir='ltr' id='par_1_26' title="bbox 589 1573 1741 1622">
     <span class='ocr_line' id='line_1_35' title="bbox 589 1573 1741 1622; baseline -0.005 -12"><span class='ocrx_word' id='word_1_183' title='bbox 589 1576 662 1610; x_wconf 87' lang='lat' dir='ltr'><em>De</em></span> <span class='ocrx_word' id='word_1_184' title='bbox 692 1576 1234 1622; x_wconf 78' lang='lat' dir='ltr'><em>Praepositionibus</em></span> <span class='ocrx_word' id='word_1_185' title='bbox 1273 1573 1533 1610; x_wconf 80' lang='lat' dir='ltr'><em>ablativi</em></span> <span class='ocrx_word' id='word_1_186' title='bbox 1570 1582 1741 1606; x_wconf 86' lang='lat' dir='ltr'><em>casus.</em></span> 
     </span>
    </p>
   </div>
   <div class='ocr_carea' id='block_1_24' title="bbox 47 1641 1992 1793">
    <p class='ocr_par' dir='ltr' id='par_1_27' title="bbox 47 1641 1992 1793">
     <span class='ocr_line' id='line_1_36' title="bbox 213 1641 1062 1689; baseline 0.002 -13"><span class='ocrx_word' id='word_1_187' title='bbox 213 1641 246 1677; x_wconf 82' lang='lat'><em>1.</em></span> <span class='ocrx_word' id='word_1_188' title='bbox 302 1643 356 1676; x_wconf 85' lang='lat' dir='ltr'><em>Ab</em></span> <span class='ocrx_word' id='word_1_189' title='bbox 386 1645 590 1688; x_wconf 78' lang='lat' dir='ltr'><em>praepositio</em></span> <span class='ocrx_word' id='word_1_190' title='bbox 618 1657 751 1689; x_wconf 81' lang='lat' dir='ltr'><em>semper</em></span> <span class='ocrx_word' id='word_1_191' title='bbox 780 1646 890 1678; x_wconf 77' lang='lat' dir='ltr'><em>brevis</em></span> <span class='ocrx_word' id='word_1_192' title='bbox 916 1651 982 1686; x_wconf 84' lang='lat' dir='ltr'><em>est,</em></span> <span class='ocrx_word' id='word_1_193' title='bbox 1010 1650 1062 1679; x_wconf 85' lang='lat' dir='ltr'><em>ut:</em></span> 
     </span>
     <span class='ocr_line' id='line_1_37' title="bbox 274 1691 1286 1742; baseline -0.001 -15"><span class='ocrx_word' id='word_1_194' title='bbox 274 1693 352 1728; x_wconf 82' lang='lat' dir='ltr'><em>Nec</em></span> <span class='ocrx_word' id='word_1_195' title='bbox 377 1706 444 1728; x_wconf 85' lang='lat' dir='ltr'><em>uon</em></span> <span class='ocrx_word' id='word_1_196' title='bbox 471 1700 504 1729; x_wconf 81' lang='lat' dir='ltr'><em>et</em></span> <span class='ocrx_word' id='word_1_197' title='bbox 529 1697 657 1730; x_wconf 81' lang='lat' dir='ltr'><em>sterih‘s</em></span> <span class='ocrx_word' id='word_1_198' title='bbox 684 1708 775 1742; x_wconf 81' lang='lat' dir='ltr'><em>quae</em></span> <span class='ocrx_word' id='word_1_199' title='bbox 800 1696 967 1741; x_wconf 78' lang='lat' dir='ltr'><em>stirpibus</em></span> <span class='ocrx_word' id='word_1_200' title='bbox 994 1698 1066 1730; x_wconf 68' lang='lat' dir='ltr'><em>exit</em></span> <span class='ocrx_word' id='word_1_201' title='bbox 1096 1696 1142 1730; x_wconf 85' lang='lat' dir='ltr'><em>ab</em></span> <span class='ocrx_word' id='word_1_202' title='bbox 1169 1691 1286 1729; x_wconf 68' lang='lat' dir='ltr'><em>imis35.</em></span> 
     </span>
     <span class='ocr_line' id='line_1_38' title="bbox 47 1736 1992 1793; baseline -0.002 -17"><span class='ocrx_word' id='word_1_203' title='bbox 47 1742 84 1776; x_wconf 87' lang='lat' dir='ltr'><em>A</em></span> <span class='ocrx_word' id='word_1_204' title='bbox 107 1743 175 1777; x_wconf 87' lang='lat' dir='ltr'><em>sive</em></span> <span class='ocrx_word' id='word_1_205' title='bbox 194 1743 227 1777; x_wconf 88' lang='grc' dir='ltr'><em>Ε</em></span> <span class='ocrx_word' id='word_1_206' title='bbox 252 1747 514 1790; x_wconf 84' lang='lat' dir='ltr'><em>praepositiones</em></span> <span class='ocrx_word' id='word_1_207' title='bbox 541 1760 674 1793; x_wconf 87' lang='lat' dir='ltr'><em>semper</em></span> <span class='ocrx_word' id='word_1_208' title='bbox 700 1750 823 1793; x_wconf 84' lang='lat' dir='ltr'><em>longae</em></span> <span class='ocrx_word' id='word_1_209' title='bbox 850 1754 932 1788; x_wconf 84' lang='lat' dir='ltr'><em>sunt,</em></span> <span class='ocrx_word' id='word_1_210' title='bbox 960 1749 1026 1782; x_wconf 85' lang='lat' dir='ltr'><em>sive</em></span> <span class='ocrx_word' id='word_1_211' title='bbox 1047 1749 1236 1793; x_wconf 77' lang='lat' dir='ltr'><em>separatim,</em></span> <span class='ocrx_word' id='word_1_212' title='bbox 1264 1757 1321 1778; x_wconf 87' lang='lat' dir='ltr'><em>seu</em></span> <span class='ocrx_word' id='word_1_213' title='bbox 1348 1743 1566 1778; x_wconf 85' lang='lat' dir='ltr'><em>adhaerentes</em></span> <span class='ocrx_word' id='word_1_214' title='bbox 1592 1736 1863 1786; x_wconf 73' lang='lat' dir='ltr'><em>praepositioni³⁶</em></span> <span class='ocrx_word' id='word_1_215' title='bbox 1892 1750 1992 1784; x_wconf 85' lang='lat' dir='ltr'><em>prae-</em></span> 
     </span>
    </p>
   </div>
   <div class='ocr_carea' id='block_1_25' title="bbox 47 1798 978 1842">
    <p class='ocr_par' dir='ltr' id='par_1_28' title="bbox 47 1798 978 1842">
     <span class='ocr_line' id='line_1_39' title="bbox 47 1798 978 1842; baseline 0.004 -14"><span class='ocrx_word' id='word_1_216' title='bbox 47 1800 228 1840; x_wconf 82' lang='lat' dir='ltr'><em>ponantur3</em></span> <span class='ocrx_word' id='word_1_217' title='bbox 253 1798 450 1842; x_wconf 82' lang='lat' dir='ltr'><em>separatim,</em></span> <span class='ocrx_word' id='word_1_218' title='bbox 479 1810 555 1832; x_wconf 90' lang='lat' dir='ltr'><em>cum</em></span> <span class='ocrx_word' id='word_1_219' title='bbox 582 1801 712 1834; x_wconf 80' lang='lat' dir='ltr'><em>casibus</em></span> <span class='ocrx_word' id='word_1_220' title='bbox 739 1801 898 1842; x_wconf 80' lang='lat' dir='ltr'><em>serviunt,</em></span> <span class='ocrx_word' id='word_1_221' title='bbox 926 1805 978 1833; x_wconf 88' lang='lat' dir='ltr'><em>ut:</em></span> 
     </span>
    </p>
   </div>
   <div class='ocr_carea' id='block_1_26' title="bbox 272 1848 1225 1886">
    <p class='ocr_par' dir='ltr' id='par_1_29' title="bbox 272 1848 1225 1886">
     <span class='ocr_line' id='line_1_40' title="bbox 272 1848 1225 1886; baseline -0.002 -4"><span class='ocrx_word' id='word_1_222' title='bbox 272 1849 344 1883; x_wconf 76' lang='lat' dir='ltr'><em>Hic</em></span> <span class='ocrx_word' id='word_1_223' title='bbox 368 1848 536 1884; x_wconf 65' lang='grc' dir='ltr'><em>ἰαηίιιηι37</em></span> <span class='ocrx_word' id='word_1_224' title='bbox 562 1851 597 1884; x_wconf 82' lang='lat' dir='ltr'><em>iu</em></span> <span class='ocrx_word' id='word_1_225' title='bbox 623 1851 774 1885; x_wconf 78' lang='lat' dir='ltr'><em>tenebris</em></span> <span class='ocrx_word' id='word_1_226' title='bbox 799 1862 1001 1885; x_wconf 80' lang='lat' dir='ltr'><em>conversum</em></span> <span class='ocrx_word' id='word_1_227' title='bbox 1029 1862 1052 1883; x_wconf 89' lang='lat' dir='ltr'><em>a</em></span> <span class='ocrx_word' id='word_1_228' title='bbox 1078 1849 1225 1886; x_wconf 77' lang='lat' dir='ltr'><em>lumine,-</em></span> 
     </span>
    </p>
   </div>
   <div class='ocr_carea' id='block_1_27' title="bbox 49 1899 98 1928">
    <p class='ocr_par' dir='ltr' id='par_1_30' title="bbox 49 1899 98 1928">
     <span class='ocr_line' id='line_1_41' title="bbox 49 1899 98 1928; baseline 0 0"><span class='ocrx_word' id='word_1_229' title='bbox 49 1899 98 1928; x_wconf 84' lang='lat' dir='ltr'><em>et:</em></span> 
     </span>
    </p>
   </div>
   <div class='ocr_carea' id='block_1_28' title="bbox 47 1994 1001 2463">
    <p class='ocr_par' dir='ltr' id='par_1_31' title="bbox 47 1994 1001 2463">
     <span class='ocr_line' id='line_1_42' title="bbox 49 1994 999 2040; baseline 0.005 -16"><span class='ocrx_word' id='word_1_230' title='bbox 49 1994 148 2024; x_wconf 71' lang='lat' dir='ltr'><em>eadem</em></span> <span class='ocrx_word' id='word_1_231' title='bbox 170 1998 291 2027; x_wconf 79' lang='lat' dir='ltr'><em>ratione.</em></span> <span class='ocrx_word' id='word_1_232' title='bbox 336 2000 415 2029; x_wconf 81' lang='lat' dir='ltr'><em>Idem</em></span> <span class='ocrx_word' id='word_1_233' title='bbox 431 2012 520 2040; x_wconf 81' lang='lat' dir='ltr'><em>supra</em></span> <span class='ocrx_word' id='word_1_234' title='bbox 536 2003 669 2040; x_wconf 68' lang='lat' dir='ltr'><em>legimus.</em></span> <span class='ocrx_word' id='word_1_235' title='bbox 695 2020 734 2025; x_wconf 98' lang='lat'><strong>—</strong></span> <span class='ocrx_word' id='word_1_236' title='bbox 779 2007 822 2036; x_wconf 73' lang='lat'><em>18)</em></span> <span class='ocrx_word' id='word_1_237' title='bbox 846 2003 893 2031; x_wconf 72' lang='lat' dir='ltr'><em>R:</em></span> <span class='ocrx_word' id='word_1_238' title='bbox 918 1999 999 2030; x_wconf 84' lang='lat' dir='ltr'><em>Con-</em></span> 
     </span>
     <span class='ocr_line' id='line_1_43' title="bbox 49 2039 1001 2081; baseline 0.009 -16"><span class='ocrx_word' id='word_1_239' title='bbox 49 2045 95 2066; x_wconf 78' lang='lat' dir='ltr'><em>tra</em></span> <span class='ocrx_word' id='word_1_240' title='bbox 112 2049 169 2067; x_wconf 84' lang='grc' dir='ltr'><em>ηοη</em></span> <span class='ocrx_word' id='word_1_241' title='bbox 188 2039 269 2068; x_wconf 82' lang='lat' dir='ltr'><em>nulla</em></span> <span class='ocrx_word' id='word_1_242' title='bbox 288 2049 335 2073; x_wconf 74' lang='lat' dir='ltr'><em>est.</em></span> <span class='ocrx_word' id='word_1_243' title='bbox 382 2045 437 2072; x_wconf 86' lang='lat' dir='ltr'><em>Sed</em></span> <span class='ocrx_word' id='word_1_244' title='bbox 460 2056 517 2073; x_wconf 83' lang='lat' dir='ltr'><em>non</em></span> <span class='ocrx_word' id='word_1_245' title='bbox 537 2046 681 2074; x_wconf 80' lang='lat' dir='ltr'><em>omittunt</em></span> <span class='ocrx_word' id='word_1_246' title='bbox 697 2047 768 2074; x_wconf 84' lang='lat' dir='ltr'><em>Cod.</em></span> <span class='ocrx_word' id='word_1_247' title='bbox 786 2050 815 2073; x_wconf 80' lang='lat' dir='ltr'><em>et</em></span> <span class='ocrx_word' id='word_1_248' title='bbox 829 2045 895 2072; x_wconf 73' lang='lat' dir='ltr'><em>Asc.</em></span> <span class='ocrx_word' id='word_1_249' title='bbox 912 2043 1001 2081; x_wconf 80' lang='lat' dir='ltr'><em>Apud</em></span> 
     </span>
     <span class='ocr_line' id='line_1_44' title="bbox 51 2080 996 2124; baseline -0.006 -5"><span class='ocrx_word' id='word_1_250' title='bbox 51 2080 131 2118; x_wconf 61' lang='lat' dir='ltr'>Visg·</span> <span class='ocrx_word' id='word_1_251' title='bbox 159 2082 264 2119; x_wconf 52' lang='lat' dir='ltr'><em>Gfflffs&#39;-</em></span> <span class='ocrx_word' id='word_1_252' title='bbox 287 2084 323 2120; x_wconf 73' lang='lat' dir='ltr'><em>H,</em></span> <span class='ocrx_word' id='word_1_253' title='bbox 345 2085 415 2117; x_wconf 80' lang='lat'><em>420.</em></span> <span class='ocrx_word' id='word_1_254' title='bbox 439 2087 561 2124; x_wconf 64' lang='lat' dir='ltr'><em>legitur:</em></span> <span class='ocrx_word' id='word_1_255' title='bbox 591 2096 693 2117; x_wconf 78' lang='lat' dir='ltr'><em>contra</em></span> <span class='ocrx_word' id='word_1_256' title='bbox 719 2099 776 2116; x_wconf 83' lang='lat' dir='ltr'><em>non</em></span> <span class='ocrx_word' id='word_1_257' title='bbox 799 2085 861 2115; x_wconf 79' lang='lat' dir='ltr'><em>ulla</em></span> <span class='ocrx_word' id='word_1_258' title='bbox 884 2093 933 2114; x_wconf 78' lang='lat' dir='ltr'><em>esi.</em></span> <span class='ocrx_word' id='word_1_259' title='bbox 961 2102 996 2106; x_wconf 86' lang='lat'>—</span> 
     </span>
     <span class='ocr_line' id='line_1_45' title="bbox 49 2121 1000 2164; baseline 0.006 -15"><span class='ocrx_word' id='word_1_260' title='bbox 49 2125 96 2158; x_wconf 78' lang='lat'><em>19)</em></span> <span class='ocrx_word' id='word_1_261' title='bbox 115 2121 224 2151; x_wconf 75' lang='lat' dir='ltr'><em>Eadem</em></span> <span class='ocrx_word' id='word_1_262' title='bbox 242 2125 311 2153; x_wconf 82' lang='lat' dir='ltr'><em>cod.</em></span> <span class='ocrx_word' id='word_1_263' title='bbox 327 2132 354 2155; x_wconf 86' lang='lat' dir='ltr'><em>et</em></span> <span class='ocrx_word' id='word_1_264' title='bbox 371 2130 436 2157; x_wconf 85' lang='lat' dir='ltr'><em>Asc.</em></span> <span class='ocrx_word' id='word_1_265' title='bbox 453 2128 543 2158; x_wconf 80' lang='lat' dir='ltr'><em>eidem</em></span> <span class='ocrx_word' id='word_1_266' title='bbox 559 2131 589 2158; x_wconf 89' lang='lat' dir='ltr'><em>P.</em></span> <span class='ocrx_word' id='word_1_267' title='bbox 625 2131 665 2157; x_wconf 83' lang='lat' dir='ltr'><em>De</em></span> <span class='ocrx_word' id='word_1_268' title='bbox 683 2140 711 2158; x_wconf 85' lang='lat' dir='ltr'><em>v.</em></span> <span class='ocrx_word' id='word_1_269' title='bbox 727 2128 823 2157; x_wconf 71' lang='lat' dir='ltr'><em>coelem</em></span> <span class='ocrx_word' id='word_1_270' title='bbox 840 2128 908 2156; x_wconf 88' lang='lat' dir='ltr'><em>vide</em></span> <span class='ocrx_word' id='word_1_271' title='bbox 926 2137 1000 2164; x_wconf 60' lang='lat' dir='ltr'><em>(suae</em></span> 
     </span>
     <span class='ocr_line' id='line_1_46' title="bbox 48 2166 999 2209; baseline 0.005 -16"><span class='ocrx_word' id='word_1_272' title='bbox 48 2166 151 2204; x_wconf 85' lang='lat' dir='ltr'><em>paullo</em></span> <span class='ocrx_word' id='word_1_273' title='bbox 183 2171 251 2194; x_wconf 82' lang='lat' dir='ltr'><em>ante</em></span> <span class='ocrx_word' id='word_1_274' title='bbox 279 2170 453 2199; x_wconf 78' lang='lat' dir='ltr'><em>notavimus.</em></span> <span class='ocrx_word' id='word_1_275' title='bbox 482 2188 523 2194; x_wconf 89' lang='lat'>—</span> <span class='ocrx_word' id='word_1_276' title='bbox 573 2172 621 2209; x_wconf 77' lang='grc'><em>20)</em></span> <span class='ocrx_word' id='word_1_277' title='bbox 645 2171 758 2200; x_wconf 77' lang='lat' dir='ltr'><em>Iactum</em></span> <span class='ocrx_word' id='word_1_278' title='bbox 788 2170 855 2198; x_wconf 74' lang='lat' dir='ltr'><em>dedi</em></span> <span class='ocrx_word' id='word_1_279' title='bbox 885 2180 900 2198; x_wconf 87' lang='lat' dir='ltr'><em>e</em></span> <span class='ocrx_word' id='word_1_280' title='bbox 928 2170 999 2198; x_wconf 78' lang='lat' dir='ltr'><em>eod.</em></span> 
     </span>
     <span class='ocr_line' id='line_1_47' title="bbox 48 2208 999 2248; baseline 0.005 -13"><span class='ocrx_word' id='word_1_281' title='bbox 48 2212 78 2235; x_wconf 80' lang='lat' dir='ltr'><em>et</em></span> <span class='ocrx_word' id='word_1_282' title='bbox 101 2208 168 2236; x_wconf 84' lang='lat' dir='ltr'><em>Asc.</em></span> <span class='ocrx_word' id='word_1_283' title='bbox 191 2215 295 2237; x_wconf 78' lang='lat' dir='ltr'><em>{ectum</em></span> <span class='ocrx_word' id='word_1_284' title='bbox 320 2211 349 2238; x_wconf 83' lang='lat' dir='ltr'><em>P.</em></span> <span class='ocrx_word' id='word_1_285' title='bbox 393 2213 487 2241; x_wconf 84' lang='lat' dir='ltr'><em>Locus</em></span> <span class='ocrx_word' id='word_1_286' title='bbox 514 2219 557 2242; x_wconf 82' lang='lat' dir='ltr'><em>est</em></span> <span class='ocrx_word' id='word_1_287' title='bbox 580 2215 650 2242; x_wconf 81' lang='lat' dir='ltr'><em>Aen.</em></span> <span class='ocrx_word' id='word_1_288' title='bbox 676 2214 727 2248; x_wconf 68' lang='lat' dir='ltr'><em>XI,</em></span> <span class='ocrx_word' id='word_1_289' title='bbox 752 2214 822 2243; x_wconf 88' lang='lat'>608.</span> <span class='ocrx_word' id='word_1_290' title='bbox 846 2212 897 2240; x_wconf 90' lang='lat' dir='ltr'><em>ubi</em></span> <span class='ocrx_word' id='word_1_291' title='bbox 920 2217 999 2241; x_wconf 86' lang='lat' dir='ltr'><em>recte</em></span> 
     </span>
     <span class='ocr_line' id='line_1_48' title="bbox 48 2250 998 2293; baseline 0.006 -15"><span class='ocrx_word' id='word_1_292' title='bbox 48 2250 167 2280; x_wconf 79' lang='lat' dir='ltr'><em>iactum.</em></span> <span class='ocrx_word' id='word_1_293' title='bbox 189 2266 230 2271; x_wconf 97' lang='lat'><strong>—</strong></span> <span class='ocrx_word' id='word_1_294' title='bbox 264 2250 312 2289; x_wconf 73' lang='lat'><em>21)</em></span> <span class='ocrx_word' id='word_1_295' title='bbox 330 2251 435 2283; x_wconf 81' lang='lat' dir='ltr'><em>Omnes</em></span> <span class='ocrx_word' id='word_1_296' title='bbox 451 2256 520 2284; x_wconf 86' lang='lat' dir='ltr'><em>Cod.</em></span> <span class='ocrx_word' id='word_1_297' title='bbox 539 2256 605 2284; x_wconf 83' lang='lat' dir='ltr'><em>Asc.</em></span> <span class='ocrx_word' id='word_1_298' title='bbox 629 2256 736 2283; x_wconf 78' lang='lat' dir='ltr'><em>omneis</em></span> <span class='ocrx_word' id='word_1_299' title='bbox 752 2255 782 2283; x_wconf 85' lang='lat' dir='ltr'><em>P.</em></span> <span class='ocrx_word' id='word_1_300' title='bbox 798 2271 834 2275; x_wconf 97' lang='lat'><strong>—</strong></span> <span class='ocrx_word' id='word_1_301' title='bbox 858 2258 903 2287; x_wconf 75' lang='lat'><em>22)</em></span> <span class='ocrx_word' id='word_1_302' title='bbox 919 2254 998 2293; x_wconf 83' lang='lat' dir='ltr'><em>Virg.</em></span> 
     </span>
     <span class='ocr_line' id='line_1_49' title="bbox 48 2292 999 2335; baseline 0.004 -12"><span class='ocrx_word' id='word_1_303' title='bbox 48 2294 120 2320; x_wconf 70' lang='lat' dir='ltr'><em>Aen·</em></span> <span class='ocrx_word' id='word_1_304' title='bbox 137 2292 183 2328; x_wconf 73' lang='lat' dir='ltr'><em>Vl,</em></span> <span class='ocrx_word' id='word_1_305' title='bbox 201 2293 272 2324; x_wconf 87' lang='grc'><strong>658.</strong></span> <span class='ocrx_word' id='word_1_306' title='bbox 297 2310 333 2315; x_wconf 80' lang='grc'><strong>-</strong></span> <span class='ocrx_word' id='word_1_307' title='bbox 378 2298 426 2333; x_wconf 74' lang='grc'><em>23)</em></span> <span class='ocrx_word' id='word_1_308' title='bbox 447 2297 523 2335; x_wconf 78' lang='lat' dir='ltr'><em>Virg.</em></span> <span class='ocrx_word' id='word_1_309' title='bbox 537 2299 609 2326; x_wconf 79' lang='lat' dir='ltr'><em>Aen.</em></span> <span class='ocrx_word' id='word_1_310' title='bbox 631 2297 666 2333; x_wconf 81' lang='grc' dir='ltr'><em>ΙΙ,</em></span> <span class='ocrx_word' id='word_1_311' title='bbox 682 2300 752 2328; x_wconf 73' lang='grc'><strong>666.</strong></span> <span class='ocrx_word' id='word_1_312' title='bbox 777 2314 811 2319; x_wconf 80' lang='lat'><strong>-</strong></span> <span class='ocrx_word' id='word_1_313' title='bbox 859 2298 902 2331; x_wconf 74' lang='lat'><em>24)</em></span> <span class='ocrx_word' id='word_1_314' title='bbox 920 2297 999 2334; x_wconf 75' lang='lat' dir='ltr'><em>virg.</em></span> 
     </span>
     <span class='ocr_line' id='line_1_50' title="bbox 47 2334 998 2379; baseline 0.007 -17"><span class='ocrx_word' id='word_1_315' title='bbox 47 2334 120 2363; x_wconf 85' lang='lat' dir='ltr'><em>Aen.</em></span> <span class='ocrx_word' id='word_1_316' title='bbox 141 2335 215 2371; x_wconf 76' lang='lat' dir='ltr'><em>xit,</em></span> <span class='ocrx_word' id='word_1_317' title='bbox 241 2336 312 2367; x_wconf 86' lang='lat'><em>566.</em></span> <span class='ocrx_word' id='word_1_318' title='bbox 334 2337 385 2365; x_wconf 91' lang='lat' dir='ltr'><em>ubi</em></span> <span class='ocrx_word' id='word_1_319' title='bbox 411 2338 534 2375; x_wconf 80' lang='lat' dir='ltr'><em>legitur:</em></span> <span class='ocrx_word' id='word_1_320' title='bbox 564 2339 636 2368; x_wconf 83' lang='lat' dir='ltr'><em>Neu</em></span> <span class='ocrx_word' id='word_1_321' title='bbox 668 2340 741 2379; x_wconf 75' lang='lat' dir='ltr'><em>quis.</em></span> <span class='ocrx_word' id='word_1_322' title='bbox 768 2355 809 2360; x_wconf 95' lang='lat'><em>--</em></span> <span class='ocrx_word' id='word_1_323' title='bbox 851 2341 895 2374; x_wconf 68' lang='lat'><em>25)</em></span> <span class='ocrx_word' id='word_1_324' title='bbox 918 2339 998 2378; x_wconf 86' lang='lat' dir='ltr'><em>Virg.</em></span> 
     </span>
     <span class='ocr_line' id='line_1_51' title="bbox 50 2377 999 2420; baseline 0.004 -13"><span class='ocrx_word' id='word_1_325' title='bbox 50 2378 156 2413; x_wconf 63' lang='lat' dir='ltr'><em>Georg-</em></span> <span class='ocrx_word' id='word_1_326' title='bbox 170 2377 204 2413; x_wconf 82' lang='grc' dir='ltr'><em>Π,</em></span> <span class='ocrx_word' id='word_1_327' title='bbox 218 2378 267 2409; x_wconf 81' lang='grc'><em>46.</em></span> <span class='ocrx_word' id='word_1_328' title='bbox 284 2394 325 2400; x_wconf 93' lang='grc'>-</span> <span class='ocrx_word' id='word_1_329' title='bbox 357 2380 406 2416; x_wconf 75' lang='lat'><em>26)</em></span> <span class='ocrx_word' id='word_1_330' title='bbox 423 2381 498 2410; x_wconf 84' lang='lat' dir='ltr'><em>Male</em></span> <span class='ocrx_word' id='word_1_331' title='bbox 512 2382 657 2420; x_wconf 82' lang='lat' dir='ltr'><em>scriptum</em></span> <span class='ocrx_word' id='word_1_332' title='bbox 673 2383 702 2409; x_wconf 87' lang='lat' dir='ltr'><em>in</em></span> <span class='ocrx_word' id='word_1_333' title='bbox 720 2382 790 2410; x_wconf 85' lang='lat' dir='ltr'><em>Cod.</em></span> <span class='ocrx_word' id='word_1_334' title='bbox 811 2392 939 2420; x_wconf 66' lang='lat' dir='ltr'><em>paones.</em></span> <span class='ocrx_word' id='word_1_335' title='bbox 957 2398 999 2404; x_wconf 89' lang='lat'>—</span> 
     </span>
     <span class='ocr_line' id='line_1_52' title="bbox 49 2418 998 2463; baseline 0.007 -16"><span class='ocrx_word' id='word_1_336' title='bbox 49 2419 96 2457; x_wconf 79' lang='lat'><em>27)</em></span> <span class='ocrx_word' id='word_1_337' title='bbox 117 2418 244 2449; x_wconf 76' lang='lat' dir='ltr'><em>Breveis</em></span> <span class='ocrx_word' id='word_1_338' title='bbox 260 2421 292 2449; x_wconf 88' lang='lat' dir='ltr'><em>P.</em></span> <span class='ocrx_word' id='word_1_339' title='bbox 311 2438 350 2443; x_wconf 89' lang='lat'><em>—-</em></span> <span class='ocrx_word' id='word_1_340' title='bbox 393 2423 441 2461; x_wconf 73' lang='lat'><em>28)</em></span> <span class='ocrx_word' id='word_1_341' title='bbox 460 2423 539 2462; x_wconf 83' lang='lat' dir='ltr'><em>Virg.</em></span> <span class='ocrx_word' id='word_1_342' title='bbox 555 2424 619 2453; x_wconf 84' lang='lat' dir='ltr'><em>Ecl.</em></span> <span class='ocrx_word' id='word_1_343' title='bbox 635 2424 709 2462; x_wconf 84' lang='lat' dir='ltr'><em>Vltl,</em></span> <span class='ocrx_word' id='word_1_344' title='bbox 725 2427 774 2456; x_wconf 83' lang='grc'><em>87.</em></span> <span class='ocrx_word' id='word_1_345' title='bbox 792 2440 832 2445; x_wconf 93' lang='lat'>—</span> <span class='ocrx_word' id='word_1_346' title='bbox 854 2424 905 2460; x_wconf 68' lang='lat'><em>29&gt;</em></span> <span class='ocrx_word' id='word_1_347' title='bbox 917 2424 998 2463; x_wconf 74' lang='lat' dir='ltr'><em>Virg-</em></span> 
     </span>
    </p>
   </div>
   <div class='ocr_carea' id='block_1_29' title="bbox 1039 1993 1991 2377">
    <p class='ocr_par' dir='ltr' id='par_1_32' title="bbox 1039 1993 1991 2377">
     <span class='ocr_line' id='line_1_53' title="bbox 1042 1993 1990 2037; baseline -0.009 -8"><span class='ocrx_word' id='word_1_348' title='bbox 1042 2000 1151 2037; x_wconf 74' lang='lat' dir='ltr'><em>Aen.1,</em></span> <span class='ocrx_word' id='word_1_349' title='bbox 1173 1999 1242 2031; x_wconf 86' lang='lat'><em>685.</em></span> <span class='ocrx_word' id='word_1_350' title='bbox 1263 2014 1304 2020; x_wconf 92' lang='lat'>—</span> <span class='ocrx_word' id='word_1_351' title='bbox 1347 1999 1398 2035; x_wconf 84' lang='lat'><em>30)</em></span> <span class='ocrx_word' id='word_1_352' title='bbox 1422 1998 1452 2028; x_wconf 94' lang='lat' dir='ltr'><em>P.</em></span> <span class='ocrx_word' id='word_1_353' title='bbox 1473 2002 1501 2026; x_wconf 89' lang='lat' dir='ltr'><em>et</em></span> <span class='ocrx_word' id='word_1_354' title='bbox 1523 1996 1590 2025; x_wconf 84' lang='lat' dir='ltr'><em>Asc.</em></span> <span class='ocrx_word' id='word_1_355' title='bbox 1611 2007 1630 2024; x_wconf 90' lang='lat' dir='ltr'><em>a</em></span> <span class='ocrx_word' id='word_1_356' title='bbox 1654 1995 1759 2027; x_wconf 81' lang='lat' dir='ltr'><em>verbo,</em></span> <span class='ocrx_word' id='word_1_357' title='bbox 1783 1993 1863 2033; x_wconf 83' lang='lat' dir='ltr'><em>quod</em></span> <span class='ocrx_word' id='word_1_358' title='bbox 1882 1993 1990 2021; x_wconf 84' lang='lat' dir='ltr'><em>falsum</em></span> 
     </span>
     <span class='ocr_line' id='line_1_54' title="bbox 1042 2034 1991 2080; baseline -0.009 -8"><span class='ocrx_word' id='word_1_359' title='bbox 1042 2054 1117 2079; x_wconf 83' lang='lat' dir='ltr'><em>esse,</em></span> <span class='ocrx_word' id='word_1_360' title='bbox 1140 2041 1292 2080; x_wconf 82' lang='lat' dir='ltr'><em>sequentia</em></span> <span class='ocrx_word' id='word_1_361' title='bbox 1312 2040 1464 2069; x_wconf 85' lang='lat' dir='ltr'><em>evincunt.</em></span> <span class='ocrx_word' id='word_1_362' title='bbox 1508 2040 1598 2068; x_wconf 82' lang='lat' dir='ltr'><em>Recte</em></span> <span class='ocrx_word' id='word_1_363' title='bbox 1619 2039 1707 2067; x_wconf 85' lang='lat' dir='ltr'><em>Cod.:</em></span> <span class='ocrx_word' id='word_1_364' title='bbox 1727 2036 1765 2066; x_wconf 86' lang='lat' dir='ltr'><em>ab</em></span> <span class='ocrx_word' id='word_1_365' title='bbox 1788 2034 1935 2065; x_wconf 76' lang='lat' dir='ltr'><em>adverbio.</em></span> <span class='ocrx_word' id='word_1_366' title='bbox 1949 2051 1991 2056; x_wconf 87' lang='grc'>-</span> 
     </span>
     <span class='ocr_line' id='line_1_55' title="bbox 1042 2078 1990 2125; baseline -0.009 -11"><span class='ocrx_word' id='word_1_367' title='bbox 1042 2085 1087 2125; x_wconf 85' lang='grc'><em>31)</em></span> <span class='ocrx_word' id='word_1_368' title='bbox 1108 2085 1248 2114; x_wconf 72' lang='lat' dir='ltr'><em>Coniunx</em></span> <span class='ocrx_word' id='word_1_369' title='bbox 1266 2084 1336 2112; x_wconf 89' lang='lat' dir='ltr'><em>Cod.</em></span> <span class='ocrx_word' id='word_1_370' title='bbox 1350 2083 1417 2111; x_wconf 87' lang='lat' dir='ltr'><em>Asc.</em></span> <span class='ocrx_word' id='word_1_371' title='bbox 1435 2084 1465 2112; x_wconf 90' lang='lat' dir='ltr'><em>P.</em></span> <span class='ocrx_word' id='word_1_372' title='bbox 1510 2082 1606 2110; x_wconf 85' lang='lat' dir='ltr'><em>Locus</em></span> <span class='ocrx_word' id='word_1_373' title='bbox 1622 2086 1666 2110; x_wconf 82' lang='lat' dir='ltr'><em>est</em></span> <span class='ocrx_word' id='word_1_374' title='bbox 1683 2080 1762 2118; x_wconf 86' lang='lat' dir='ltr'><em>Virg.</em></span> <span class='ocrx_word' id='word_1_375' title='bbox 1779 2079 1850 2109; x_wconf 89' lang='lat' dir='ltr'><em>Aen.</em></span> <span class='ocrx_word' id='word_1_376' title='bbox 1866 2078 1901 2114; x_wconf 86' lang='grc' dir='ltr'><em>ΙΙ,</em></span> <span class='ocrx_word' id='word_1_377' title='bbox 1919 2078 1990 2109; x_wconf 76' lang='grc'><em>725.</em></span> 
     </span>
     <span class='ocr_line' id='line_1_56' title="bbox 1040 2119 1990 2167; baseline -0.011 -10"><span class='ocrx_word' id='word_1_378' title='bbox 1040 2144 1082 2151; x_wconf 93' lang='lat'>—</span> <span class='ocrx_word' id='word_1_379' title='bbox 1111 2127 1159 2167; x_wconf 70' lang='lat'><em>32)</em></span> <span class='ocrx_word' id='word_1_380' title='bbox 1181 2126 1318 2155; x_wconf 78' lang='lat' dir='ltr'><em>Breveis</em></span> <span class='ocrx_word' id='word_1_381' title='bbox 1342 2126 1371 2154; x_wconf 83' lang='lat' dir='ltr'><em>P.</em></span> <span class='ocrx_word' id='word_1_382' title='bbox 1393 2141 1435 2147; x_wconf 88' lang='lat'>—</span> <span class='ocrx_word' id='word_1_383' title='bbox 1477 2123 1524 2164; x_wconf 80' lang='lat'><em>33)</em></span> <span class='ocrx_word' id='word_1_384' title='bbox 1549 2124 1628 2162; x_wconf 83' lang='lat' dir='ltr'><em>Virg.</em></span> <span class='ocrx_word' id='word_1_385' title='bbox 1654 2124 1759 2161; x_wconf 81' lang='lat' dir='ltr'><em>Georg.</em></span> <span class='ocrx_word' id='word_1_386' title='bbox 1775 2122 1825 2158; x_wconf 85' lang='lat' dir='ltr'>Ill,</span> <span class='ocrx_word' id='word_1_387' title='bbox 1850 2121 1918 2152; x_wconf 80' lang='lat'><em>143.</em></span> <span class='ocrx_word' id='word_1_388' title='bbox 1941 2119 1990 2148; x_wconf 90' lang='lat' dir='ltr'><em>ubi</em></span> 
     </span>
     <span class='ocr_line' id='line_1_57' title="bbox 1039 2162 1989 2210; baseline -0.009 -11"><span class='ocrx_word' id='word_1_389' title='bbox 1039 2177 1183 2210; x_wconf 83' lang='lat' dir='ltr'><em>pascant.</em></span> <span class='ocrx_word' id='word_1_390' title='bbox 1206 2181 1249 2191; x_wconf 57' lang='lat' dir='ltr'><em>-a</em></span> <span class='ocrx_word' id='word_1_391' title='bbox 1291 2167 1337 2207; x_wconf 71' lang='lat'><em>34)</em></span> <span class='ocrx_word' id='word_1_392' title='bbox 1361 2168 1441 2205; x_wconf 77' lang='lat' dir='ltr'><em>Virg.</em></span> <span class='ocrx_word' id='word_1_393' title='bbox 1464 2167 1568 2205; x_wconf 74' lang='lat' dir='ltr'><em>Geor-g.</em></span> <span class='ocrx_word' id='word_1_394' title='bbox 1588 2167 1613 2204; x_wconf 84' lang='lat' dir='ltr'><em>l,</em></span> <span class='ocrx_word' id='word_1_395' title='bbox 1630 2169 1701 2198; x_wconf 82' lang='lat'><em>211.</em></span> <span class='ocrx_word' id='word_1_396' title='bbox 1749 2165 1831 2200; x_wconf 84' lang='lat' dir='ltr'><em>Quae</em></span> <span class='ocrx_word' id='word_1_397' title='bbox 1854 2162 1989 2201; x_wconf 86' lang='lat' dir='ltr'><em>sequitur</em></span> 
     </span>
     <span class='ocr_line' id='line_1_58' title="bbox 1044 2203 1988 2251; baseline -0.01 -10"><span class='ocrx_word' id='word_1_398' title='bbox 1044 2212 1212 2251; x_wconf 81' lang='lat' dir='ltr'><em>inscriptio,</em></span> <span class='ocrx_word' id='word_1_399' title='bbox 1230 2211 1342 2249; x_wconf 81' lang='lat' dir='ltr'><em>pariter</em></span> <span class='ocrx_word' id='word_1_400' title='bbox 1361 2215 1405 2238; x_wconf 81' lang='lat' dir='ltr'><em>est</em></span> <span class='ocrx_word' id='word_1_401' title='bbox 1421 2211 1450 2238; x_wconf 90' lang='lat' dir='ltr'><em>in</em></span> <span class='ocrx_word' id='word_1_402' title='bbox 1468 2210 1586 2238; x_wconf 83' lang='lat' dir='ltr'><em>Codice.</em></span> <span class='ocrx_word' id='word_1_403' title='bbox 1601 2225 1643 2231; x_wconf 96' lang='lat'>—</span> <span class='ocrx_word' id='word_1_404' title='bbox 1679 2208 1726 2245; x_wconf 76' lang='lat'><em>35)</em></span> <span class='ocrx_word' id='word_1_405' title='bbox 1742 2207 1822 2245; x_wconf 82' lang='lat' dir='ltr'><em>Virg.</em></span> <span class='ocrx_word' id='word_1_406' title='bbox 1834 2203 1988 2242; x_wconf 71' lang='lat' dir='ltr'><em>Georg-IL</em></span> 
     </span>
     <span class='ocr_line' id='line_1_59' title="bbox 1041 2246 1986 2293; baseline -0.011 -9"><span class='ocrx_word' id='word_1_407' title='bbox 1041 2256 1090 2287; x_wconf 83' lang='lat'><em>53.</em></span> <span class='ocrx_word' id='word_1_408' title='bbox 1112 2271 1154 2277; x_wconf 93' lang='lat'><em>-</em></span> <span class='ocrx_word' id='word_1_409' title='bbox 1203 2254 1249 2293; x_wconf 80' lang='lat'><em>36)</em></span> <span class='ocrx_word' id='word_1_410' title='bbox 1273 2253 1394 2282; x_wconf 82' lang='lat' dir='ltr'><em>Omittit</em></span> <span class='ocrx_word' id='word_1_411' title='bbox 1416 2252 1474 2281; x_wconf 89' lang='lat' dir='ltr'><em>hoc</em></span> <span class='ocrx_word' id='word_1_412' title='bbox 1496 2262 1525 2282; x_wconf 91' lang='lat' dir='ltr'><em>v.</em></span> <span class='ocrx_word' id='word_1_413' title='bbox 1542 2253 1574 2281; x_wconf 90' lang='lat' dir='ltr'><em>P.</em></span> <span class='ocrx_word' id='word_1_414' title='bbox 1598 2255 1677 2280; x_wconf 78' lang='lat' dir='ltr'><em>recte</em></span> <span class='ocrx_word' id='word_1_415' title='bbox 1699 2250 1779 2279; x_wconf 84' lang='lat' dir='ltr'><em>haud</em></span> <span class='ocrx_word' id='word_1_416' title='bbox 1807 2249 1913 2284; x_wconf 84' lang='lat' dir='ltr'><em>dubie,</em></span> <span class='ocrx_word' id='word_1_417' title='bbox 1936 2246 1986 2274; x_wconf 88' lang='lat' dir='ltr'><em>sed</em></span> 
     </span>
     <span class='ocr_line' id='line_1_60' title="bbox 1041 2287 1985 2334; baseline -0.008 -8"><span class='ocrx_word' id='word_1_418' title='bbox 1041 2297 1182 2326; x_wconf 72' lang='lat' dir='ltr'><em>exhibent</em></span> <span class='ocrx_word' id='word_1_419' title='bbox 1204 2296 1275 2326; x_wconf 85' lang='lat' dir='ltr'><em>cod.</em></span> <span class='ocrx_word' id='word_1_420' title='bbox 1306 2300 1335 2324; x_wconf 86' lang='lat' dir='ltr'><em>ct</em></span> <span class='ocrx_word' id='word_1_421' title='bbox 1357 2296 1422 2324; x_wconf 89' lang='lat' dir='ltr'><em>Asc.</em></span> <span class='ocrx_word' id='word_1_422' title='bbox 1446 2311 1488 2317; x_wconf 93' lang='lat'><em>--</em></span> <span class='ocrx_word' id='word_1_423' title='bbox 1537 2292 1584 2334; x_wconf 76' lang='lat'><em>37)</em></span> <span class='ocrx_word' id='word_1_424' title='bbox 1608 2294 1650 2322; x_wconf 82' lang='lat' dir='ltr'><em>lta</em></span> <span class='ocrx_word' id='word_1_425' title='bbox 1673 2293 1744 2322; x_wconf 87' lang='lat' dir='ltr'><em>Cod.</em></span> <span class='ocrx_word' id='word_1_426' title='bbox 1768 2297 1797 2320; x_wconf 83' lang='lat' dir='ltr'><em>et</em></span> <span class='ocrx_word' id='word_1_427' title='bbox 1821 2291 1884 2320; x_wconf 86' lang='lat' dir='ltr'><em>Asc.</em></span> <span class='ocrx_word' id='word_1_428' title='bbox 1929 2287 1985 2315; x_wconf 84' lang='lat' dir='ltr'><em>Sed</em></span> 
     </span>
     <span class='ocr_line' id='line_1_61' title="bbox 1041 2330 1985 2377; baseline -0.011 -8"><span class='ocrx_word' id='word_1_429' title='bbox 1041 2341 1071 2369; x_wconf 87' lang='lat' dir='ltr'><em>P.</em></span> <span class='ocrx_word' id='word_1_430' title='bbox 1093 2341 1229 2369; x_wconf 80' lang='lat' dir='ltr'><em>iuvenem.</em></span> <span class='ocrx_word' id='word_1_431' title='bbox 1275 2339 1318 2367; x_wconf 82' lang='lat' dir='ltr'><em>Cs.</em></span> <span class='ocrx_word' id='word_1_432' title='bbox 1339 2338 1418 2377; x_wconf 86' lang='lat' dir='ltr'><em>Virg.</em></span> <span class='ocrx_word' id='word_1_433' title='bbox 1443 2337 1513 2367; x_wconf 84' lang='lat' dir='ltr'><em>Aen.</em></span> <span class='ocrx_word' id='word_1_434' title='bbox 1536 2336 1615 2374; x_wconf 75' lang='lat' dir='ltr'>VIII,</span> <span class='ocrx_word' id='word_1_435' title='bbox 1638 2337 1708 2368; x_wconf 83' lang='lat'><em>259.</em></span> <span class='ocrx_word' id='word_1_436' title='bbox 1733 2335 1799 2363; x_wconf 91' lang='lat' dir='ltr'><em>ubi:</em></span> <span class='ocrx_word' id='word_1_437' title='bbox 1844 2332 1905 2360; x_wconf 77' lang='lat' dir='ltr'><em>Hic</em></span> <span class='ocrx_word' id='word_1_438' title='bbox 1923 2330 1985 2356; x_wconf 78' lang='lat' dir='ltr'><em>(&#39;a·</em></span> 
     </span>
    </p>
   </div>
   <div class='ocr_carea' id='block_1_30' title="bbox 1040 2380 1389 2413">
    <p class='ocr_par' dir='ltr' id='par_1_33' title="bbox 1040 2380 1389 2413">
     <span class='ocr_line' id='line_1_62' title="bbox 1040 2380 1389 2413; baseline -0.009 0"><span class='ocrx_word' id='word_1_439' title='bbox 1040 2394 1118 2413; x_wconf 86' lang='lat' dir='ltr'><em>cum</em></span> <span class='ocrx_word' id='word_1_440' title='bbox 1141 2383 1171 2411; x_wconf 82' lang='lat' dir='ltr'><em>in</em></span> <span class='ocrx_word' id='word_1_441' title='bbox 1194 2380 1323 2411; x_wconf 73' lang='lat' dir='ltr'><em>tenebris.</em></span> <span class='ocrx_word' id='word_1_442' title='bbox 1347 2397 1389 2403; x_wconf 88' lang='lat'><em>·—·</em></span> 
     </span>
    </p>
   </div>
  </div>
 </body>
</html>
