2263 2668
234 199 310 234 506
659 188 1004 225 COMMENTARH
1031 193 1079 226 IN
1107 192 1250 226 PAULI
1277 191 1472 227 DIACONI
1498 192 1751 227 EXCERPTA

237 293 330 322 Numa
346 299 400 319 rex
415 284 551 316 instituit.
586 282 702 320 Reliqui
723 292 867 320 processu
889 286 1060 321 temporum
1083 284 1131 313 his
1154 285 1264 321 additi,
1286 296 1352 314 nam
1377 284 1414 313 ad
1438 285 1605 323 quindecim
1630 286 1725 314 crevit
1748 295 1851 315 eorum
1875 296 2031 324 numerus,
2055 290 2183 319 minores

240 334 312 363 dicti
334 336 411 361 sunt.
450 329 527 356 Inter
548 325 603 353 hos
629 326 772 353 maximae
795 325 974 362 dignationis
998 331 1061 354 erat
1086 328 1192 364 Dialis,
1215 329 1351 356 minimae
1374 328 1549 356 Pomonalis.
1583 328 1655 357 Vide
1679 328 1831 357 maximae
1853 326 2042 367 dignationis.
2072 331 2160 363 Dae.

400 368 537 399 Millus.
581 368 612 395 In
637 367 769 395 oratione
793 367 947 396 Aemiliani
970 369 1012 396 ita
1035 369 1191 404 legendnm
1214 381 1249 399 ex
1274 371 1291 399 l.
1312 381 1364 400 ni.:
1401 369 1496 398 Nobis
1523 371 1617 409 inquit
1647 370 1741 410 reique
1768 369 1925 408 praesidio.
1969 373 2080 401 Ennius
2103 375 2183 412 apud

237 417 364 447 Nonium
385 413 430 451 (p.
445 413 514 443 111.
530 420 589 448 seq.
611 410 729 449 Mero.):
752 408 797 437 Ea
819 410 874 443 mi,
898 408 1028 449 reliquae
1039 411 1119 450 fidei
1141 424 1227 452 regno
1251 419 1305 442 etc.
1336 412 1407 440 Vide
1429 413 1460 440 in
1483 412 1612 441 dictione
1635 411 1829 442 Fortunatim.
1854 411 1954 442 Fulv.
1982 414 2059 443 Urs.
2089 416 2182 446 Varro

238 463 327 487 vocat
349 453 465 484 melium
487 453 584 483 lib.11.
601 452 638 481 de
662 463 691 481 re
714 457 788 480 rust.
807 453 914 490 (c.9.):
938 452 983 480 Ne
1005 452 1189 484 vulnerentur
1211 467 1230 484 a
1253 455 1348 484 bestiis
1371 455 1559 493 imponuntur
1580 453 1626 483 his
1648 453 1773 483 collaria
1796 466 1870 494 quae
1891 464 2033 484 vocantur
2056 456 2182 496 melium,

239 499 273 529 id
298 506 337 527 est
361 494 507 536 cingulum
531 496 639 524 circum
664 493 772 523 collum
795 504 835 523 εει·
856 495 937 524 corio
956 496 1050 534 firmo
1073 508 1138 526 cum
1162 496 1286 526 clavatis
1309 496 1463 535 capitalis,
1500 508 1574 537 quae
1595 497 1674 525 intra.
1698 497 1795 535 capita
1819 497 1900 534 (lege
1924 499 2003 537 queis
2026 499 2104 527 intra
2127 511 2182 530 ca-

236 542 322 581 pita)
345 539 471 569 insuitur
490 537 576 577 pellis
598 536 697 565 mollis
721 535 831 564 duritia
846 536 936 579 ferri.
976 539 1012 566 Et
1034 539 1074 567 ita
1096 540 1200 568 melius
1224 541 1282 568 dici
1306 544 1389 578 putat
1413 539 1558 577 Scaliger:
1582 550 1648 567 nam
1672 538 1791 579 μηλωτή
1817 539 1902 578 pellis
1926 541 2030 577 ovilla,
2054 542 2132 572 unde
2154 548 2184 572 et:

240 593 327 613 omne
352 586 501 611 scorteum
525 580 669 609 vocabant
690 578 843 615 melinum,
874 585 907 608 ut
930 581 1010 619 apud
1033 581 1168 611 Plautum
1193 581 1297 611 melina
1322 586 1365 610 est
1387 587 1501 610 scortea
1524 583 1667 619 mantica,
1701 581 1862 620 Epidic.1,
1886 585 1920 619 1,
1943 583 2033 620 (21‚);

856 639 897 643 -
940 639 981 644 —
1026 640 1064 645 —
1108 625 1173 653 Aut
1196 626 1221 653 si
1243 625 1271 653 in
1295 623 1401 652 melina
1424 622 1560 652 attulisti.

240 667 298 696 Sed
320 665 397 694 idem
420 669 463 693 est
485 665 583 692 millus
606 669 635 692 et
658 664 792 700 melium,
821 664 934 693 dictum
957 666 1032 694 enim
1056 665 1189 702 melium,
1219 665 1351 702 mellum,
1375 665 1489 694 millum
1513 672 1541 694 et
1563 665 1676 701 millus,
1702 671 1733 693 ut
1755 664 1863 694 collum
1889 671 1916 694 et
1939 666 2041 697 collus.
2085 670 2181 708 Supra

237 710 269 737 in
290 709 389 737 verbis
415 707 577 745 Scipionis,
601 716 676 744 quae
699 707 799 735 laudat
815 707 934 743 Festus,
958 708 1112 746 legendum
1136 720 1171 738 ex
1194 710 1244 738 hb.
1268 709 1365 737 Fulvii
1385 709 1496 738 Ursini:
1521 708 1630 745 Nobis,
1654 708 1762 746 inquit,
1786 710 1881 748 reique
1900 709 2048 748 praesidio
2071 713 2124 740 erit
2147 712 2180 741 is.

240 751 327 780 Dae.
358 749 443 779 Adde
466 759 555 788 supra
582 747 711 779 Catulus.
744 748 843 778 Eritis.
874 749 939 778 Erit
961 752 994 779 is.
1042 749 1148 780 Goth.

401 791 742 833 DIagnificissima.
785 792 977 831 BIagnificior
1000 798 1028 821 et
1050 794 1305 834 magnificissimus
1334 793 1469 822 dicebant
1497 793 1610 832 antiqui
1636 789 1789 833 ἀναλόγως
1810 804 1825 821 a
1849 793 1977 832 positivo
1998 796 2179 834 magnficus.

240 834 298 863 Nos
328 838 423 861 autem
453 834 698 873 mqgnficendor,
734 834 1054 874 magnificentissimu55
1091 846 1156 864 cuni
1181 841 1276 864 tamen
1300 837 1488 875 magnificetis
1511 836 1569 864 dici
1593 846 1650 865 uon
1673 836 1783 875 possit,
1820 836 1898 864 unde
1922 846 1954 864 ea
1978 836 2179 868 deducuntur.

240 876 289 904 Sic
309 875 476 914 munificior
497 887 512 904 a
535 876 674 905 munifico
705 876 782 905 dixit
804 877 890 914 Cato,
924 888 978 906 nos
1000 879 1212 918 munificentior
1233 879 1346 906 etiamsi
1368 879 1537 917 munfficens
1559 889 1620 907 non
1642 879 1680 907 sit
1701 879 1731 906 in
1754 888 1819 907 usu.
1867 878 1940 907 Vide
1963 879 2040 907 infra
2062 880 2180 920 murifi-

239 919 309 948 cior.
352 917 407 946 Da
417 929 441 946 c.

401 959 587 1000 IlIanceps.
622 961 711 997 Quod
735 971 822 990 manu
845 962 995 1000 capiatur,
1019 962 1077 991 imo
1102 963 1209 1001 capiat.
1229 961 1332 992 Scal.
1365 963 1414 991 Est
1438 968 1533 991 autem
1559 963 1644 1001 quasi
1667 973 1881 1002 ηιαηιισερσ,
1905 963 1974 1001 quia
1999 973 2088 991 manu
2111 963 2179 992 sub-

238 1002 297 1030 lata
319 1011 350 1030 se
371 1002 468 1040 pluris
490 1013 551 1032 esse
573 1004 719 1033 licitatum
742 1004 931 1042 significabat.
967 1005 1088 1033 Sublata
1111 1006 1186 1033 enim
1209 1015 1297 1033 manu
1321 1006 1368 1034 vel
1393 1006 1484 1043 digito
1508 1006 1684 1034 licitationes
1707 1006 1826 1034 fiebant.
1857 1005 1950 1037 Cicer.
1966 1005 2016 1035 Ill.
2040 1006 2071 1034 in
2095 1006 2178 1037 verr.

239 1044 280 1082 (I,
305 1044 385 1081 54.):
411 1044 581 1075 Accurrunt
603 1054 698 1075 tamen
721 1054 827 1075 tutores
849 1046 890 1075 ad
913 1055 1037 1087 tempus,
1062 1047 1184 1087 digitum
1207 1046 1286 1076 tollit
1310 1046 1412 1076 Iunius
1431 1056 1563 1087 patruus.
1612 1049 1695 1084 Quae
1718 1049 1747 1076 in
1770 1047 1828 1075 fine
1850 1048 1962 1086 posita,
1988 1048 2032 1076 sic
2055 1048 2178 1086 legenda

239 1091 322 1115 sunt:
352 1085 448 1124 Quam
470 1088 494 1116 is
514 1100 568 1127 pro
590 1100 647 1129 quo
667 1099 752 1128 praes
766 1089 873 1130 factus
894 1097 949 1127 est,
974 1095 1005 1118 ut
1029 1090 1083 1119 viri
1107 1091 1197 1118 docti.
1221 1091 1308 1119 Dae.
1344 1090 1428 1119 Adde
1449 1091 1525 1119 infra
1540 1091 1740 1130 RIancipati03
1765 1101 1854 1129 supra
1877 1089 2074 1129 Emancipati.
2110 1091 2175 1121 Vid.

240 1129 259 1157 l.
272 1131 303 1160 3.
327 1129 400 1157 Cod.
425 1130 532 1167 quibus
554 1131 729 1160 iunhribus.
754 1132 801 1160 lib.
814 1133 849 1160 X.
898 1131 1001 1161 Goth.

402 1171 669 1212 Metaplzoram.
699 1174 756 1209 (Ad
772 1176 894 1213 p.170.)
923 1175 953 1202 Si
975 1175 1040 1212 quis
1059 1175 1235 1210 Quintiliani
1258 1176 1323 1205 c.6.
1349 1175 1384 1204 de
1408 1174 1502 1214 tropis
1526 1176 1577 1207 lib,
1592 1175 1664 1204 Vlll.
1687 1175 1791 1213 legeiit
1812 1175 1968 1213 attentius,
1993 1175 2081 1204 verba
2100 1174 2178 1204 Festi
2199 1197 2201 1205 .

237 1213 322 1241 facile
338 1213 495 1251 intelliget,
518 1221 546 1244 et
564 1227 665 1245 manca
682 1218 824 1245 restituet.
844 1217 927 1247 Ant.
943 1217 1035 1256 Aug.
1068 1218 1140 1254 Lege
1159 1218 1248 1246 inl'ra:
1275 1216 1340 1255 Qua
1363 1218 1484 1253 utimur,
1508 1219 1602 1258 inquit
1619 1217 1740 1246 Verrius
1762 1218 1791 1246 in
1815 1219 1946 1246 oratione
1967 1222 2022 1246 etc.
2053 1217 2177 1256 Reliqua

239 1260 309 1283 sunt
332 1256 519 1293 obscuriora,
544 1269 643 1287 eorum
667 1264 762 1287 tamen
786 1260 809 1287 si
832 1270 890 1288 non
913 1259 1018 1296 verba,
1049 1264 1078 1287 at
1101 1270 1218 1288 sensum
1243 1260 1361 1288 odoraii
1385 1259 1457 1288 mihi
1480 1260 1592 1289 videor.
1637 1261 1679 1288 lta
1703 1260 1779 1288 enin]
1803 1260 1862 1288 sere
1885 1260 2036 1298 scripsisse
2058 1259 2176 1289 Festum

237 1303 329 1336 puto:
355 1296 428 1326 Rem
452 1298 619 1330 indicemus.
660 1300 747 1340 Quod
769 1302 794 1329 si
813 1302 962 1341 proprium
985 1314 1071 1341 quam
1096 1301 1234 1330 tralatum
1258 1303 1352 1341 magis
1372 1301 1493 1338 valeret,
1520 1302 1594 1331 redit
1617 1302 1658 1330 ati
1680 1313 1732 1330 sua
1755 1302 1869 1330 verbum
1893 1301 2050 1338 tralatum,
2073 1314 2176 1331 mane-

241 1339 339 1379 bitque
361 1346 429 1369 tunc
452 1348 563 1370 tantum
588 1354 652 1372 cum
676 1355 732 1384 quo
753 1344 879 1382 pervenit
901 1354 932 1371 eo
953 1345 1103 1383 proprium
1123 1345 1269 1383 pervenire
1291 1355 1346 1372 non
1366 1345 1467 1383 possit.
1500 1344 1672 1373 Praesertim
1696 1343 1776 1383 apud
1796 1352 1897 1383 poetas
1921 1346 1971 1384 qui
1991 1343 2087 1372 alieno
2108 1356 2176 1384 per-

238 1380 307 1410 inde
328 1392 365 1410 ac
387 1393 438 1410 suo
461 1382 625 1416 abutuntur.
672 1387 708 1414 Et
728 1387 769 1414 ita
792 1386 853 1413 sere.
877 1386 1049 1421 Quintilian.
1073 1387 1123 1416 lib.
1137 1387 1214 1414 VIII.
1237 1397 1300 1424 cap.
1314 1388 1359 1417 6.:
1397 1385 1587 1427 Transfertur
1609 1397 1691 1425 ergo,
1724 1388 1832 1423 inquit,
1865 1398 1966 1414 nomen
1988 1393 2039 1414 aut
2060 1387 2175 1415 verbum

239 1434 279 1451 eae
302 1434 333 1452 eo
357 1422 422 1452 loco
443 1425 472 1453 in
496 1438 552 1466 quo
571 1429 722 1467 propr-ium
745 1435 785 1455 est
808 1429 836 1456 in
860 1440 937 1463 eum,
959 1430 987 1456 in
1011 1440 1067 1469 quo
1090 1437 1140 1457 aut
1161 1429 1310 1468 proprium
1335 1427 1425 1463 deest,
1449 1436 1500 1456 aut
1523 1428 1696 1457 translatum
1716 1429 1837 1466 proprio
1860 1427 1961 1456 melius
1983 1436 2041 1465 est,·
2064 1427 2097 1456 id
2107 1427 2176 1469 fa-

241 1466 334 1493 cimus
357 1473 407 1494 aui
429 1468 497 1506 quia
520 1480 628 1498 necesse
649 1477 705 1507 est,
740 1477 790 1498 aut
811 1470 879 1510 quia
902 1471 1115 1511 significantius
1137 1478 1191 1507 est,
1222 1478 1272 1499 aut
1295 1478 1325 1499 ut
1350 1469 1419 1499 dixi
1440 1471 1510 1510 quia.
1533 1469 1692 1505 decentius,
1727 1469 1775 1497 ubi
1797 1468 1873 1497 nilzil
1893 1469 1994 1498 lzorum
2012 1469 2175 1508 praestabit

240 1505 320 1545 quod
342 1508 530 1549 transfertur,
554 1512 743 1551 improprium
766 1513 826 1541 erit.
871 1513 957 1540 Item:
981 1512 1154 1552 Memphora
1176 1514 1249 1541 enim
1272 1520 1321 1541 aut
1343 1519 1492 1541 vacantem
1518 1523 1660 1552 occupare
1682 1511 1779 1541 locum
1803 1511 1899 1549 debet,
1923 1519 1973 1540 aut
1995 1513 2021 1540 si
2043 1513 2071 1540 in
2095 1511 2175 1540 alie-

237 1560 305 1578 num
330 1551 419 1586 venit,
438 1550 506 1590 plus
527 1552 622 1582 valere
643 1565 675 1583 eo
697 1553 775 1594 quod
797 1553 918 1593 expellit
971 1554 1026 1582 Da
1038 1566 1062 1584 c.

397 1591 698 1633 Metaplasticos.
724 1596 781 1632 (Ad
798 1607 826 1634 p.
843 1598 921 1633 170.)
945 1596 1064 1626 Meta..
1080 1597 1210 1625 ..stices.
1249 1595 1491 1633 Metaplirastices
1514 1596 1657 1634 scriptum
1681 1596 1768 1624 fuisse
1790 1595 1923 1632 videtur3
1950 1595 2000 1624 sed
2024 1596 2174 1633 mendose,

236 1643 291 1671 pro
308 1633 543 1673 metaphrastice,
565 1639 613 1666 vel
630 1637 820 1676 metaphrasi,
845 1639 891 1666 vel
914 1649 967 1676 pro
992 1638 1156 1674 metastasi,
1180 1638 1226 1666 vel
1243 1638 1392 1666 metabasi.
1425 1638 1618 1676 Interpretari
1634 1642 1730 1666 auten]
1747 1638 1963 1674 existimamus,
1988 1648 2054 1666 cuni
2071 1644 2175 1677 poetae

237 1681 359 1714 propter
381 1679 583 1707 necessitatem
607 1681 690 1708 metri
714 1680 794 1709 aliud
819 1691 871 1718 pro
888 1681 944 1709 alio
961 1686 1084 1719 ponunt.
1099 1680 1185 1709 Ant.
1203 1680 1297 1720 Aug.
1333 1680 1446 1709 Scribe:
1468 1679 1691 1718 BIetaplasticos
1709 1679 1817 1708 dicitur
1831 1678 1911 1717 apud
1923 1687 2025 1719 poetas
2040 1681 2175 1720 usurpari

237 1715 268 1744 itl
285 1717 363 1757 quod
376 1727 494 1758 propter
510 1723 705 1751 necessitatem
728 1723 811 1751 metri
833 1730 961 1759 mutant,
984 1721 1063 1763 quod
1083 1721 1157 1751 idem
1183 1721 1381 1751 barbarismus
1404 1722 1512 1751 dicitur
1534 1724 1562 1751 in
1579 1721 1675 1751 soluta
1690 1723 1820 1750 oratione
1836 1720 2055 1752 conscribenda.
2073 1721 2175 1752 Scal.

235 1757 442 1797 Metaplasmus
463 1773 478 1790 a
501 1762 688 1800 μεταπλᾶττω
711 1764 907 1806 transforma,
931 1772 1100 1793 transmuto.
1134 1765 1258 1800 Quintil.
1276 1765 1325 1794 lib.
1338 1765 1361 1794 Ι.
1376 1776 1401 1794 c.
1414 1767 1459 1796 8.:
1482 1763 1740 1804 Deprehenclatque
1761 1775 1835 1804 quae
1855 1763 1996 1800 barbara,
2020 1775 2095 1804 quae
2115 1765 2174 1793 im-

235 1804 367 1840 propria,
390 1814 463 1843 quae
484 1813 585 1834 contra
608 1805 696 1846 Iegem
719 1806 856 1847 loquendi
877 1815 943 1836 sunt
963 1808 1075 1847 posita,
1099 1818 1157 1836 non
1172 1814 1203 1835 ut
1221 1818 1261 1836 ex
1275 1807 1320 1836 his
1336 1808 1434 1848 utique
1451 1806 1647 1846 improbentur
1662 1814 1778 1845 poetae,
1802 1805 1906 1846 quibus
1923 1806 1992 1846 quia
2007 1805 2176 1847 plerumque

241 1850 328 1871 metro
350 1847 453 1874 servire
475 1855 634 1886 coguntur,
659 1848 731 1878 adeo
754 1849 915 1888 ignoscitur
938 1857 968 1878 ut
990 1850 1062 1878 vitia.
1086 1851 1149 1889 ipsa
1171 1848 1240 1878 aliis
1262 1850 1292 1878 in
1315 1851 1444 1878 carmine
1465 1848 1712 1889 appellationibus
1734 1849 1924 1877 nominentur.
1962 1847 2174 1888 Bsetaplasmos

240 1884 310 1911 enim
333 1893 357 1913 et
379 1887 610 1927 schematismos,
641 1898 667 1919 et
687 1891 850 1927 schemata,
885 1899 915 1919 ut
939 1890 1021 1928 dia-i,
1048 1903 1203 1929 vocamus,
1234 1899 1259 1919 et
1282 1890 1399 1920 laudem
1420 1892 1536 1920 virtutis
1559 1892 1721 1920 necessitati
1744 1889 1866 1928 damus,
1897 1895 1952 1919 etc.
1985 1890 2068 1920 Dac.
2114 1891 2173 1920 Alii

239 1926 488 1966 metaphrasstcen,
519 1932 568 1960 alii
591 1933 784 1972 metaphrasi,
814 1934 863 1962 alii
885 1934 1051 1970 melasio-si,
1079 1934 1127 1961 alii
1151 1933 1301 1964 metahasi.
1348 1932 1454 1964 Goth.

398 1970 638 2012 Metonymia.
667 1976 724 2011 (Ad
746 1986 776 2015 p.
792 1978 870 2014 170.)
900 1977 976 2013 Lege
999 1976 1039 2004 ita
1062 1986 1180 2005 versum
1203 1976 1308 2006 Ennii:

239 2045 275 2074 Et
299 2046 328 2074 ,ll
685 2016 756 2047 Cum
779 2028 885 2057 magno
907 2019 1028 2058 strepitu
1052 2017 1220 2048 Volcanum
1243 2019 1336 2048 ventu'
1359 2017 1485 2058 vegebat.

297 2056 305 2073 ι
331 2056 393 2077 um:

254 2130 261 2138 Ἰ
286 2129 292 2135 ,
333 2130 339 2136 ‚
374 2131 379 2136 ¹
681 2100 826 2130 Persuasit
849 2112 926 2137 nox,
957 2103 1070 2138 vinum,
1105 2102 1196 2138 Deus,
1226 2103 1277 2143 qui
1298 2101 1390 2132 multo
1413 2109 1453 2131 est
1473 2102 1633 2130 maximus.

239 2129 293 2157 (iun
316 2131 410 2161 simile
432 2133 634 2168 Terentianum
657 2152 694 2171 ex
717 2143 856 2182 Adelphis
880 2144 954 2180 (HI⁷
976 2145 1012 2178 4,
1036 2144 1119 2182 24):

422 2216 438 2221 ..
683 2184 830 2215 Persuasit
853 2197 936 2224 nox,
966 2197 1065 2222 arnor,
1097 2187 1211 2224 vinum,
1241 2185 1458 2217 adolescentia.-
1488 2185 1645 2215 humanum
1668 2193 1717 2214 est.

238 2212 274 2241 Et
297 2213 439 2253 Propertii
462 2217 504 2254 (1,
526 2221 561 2255 3,
586 2223 662 2260 14‚);

683 2265 752 2296 Hac
774 2269 886 2306 Amor,
917 2270 974 2300 hac
995 2270 1101 2307 Liber,
1134 2269 1223 2300 durus
1245 2279 1361 2311 uterque
1384 2270 1470 2300 Deus.

236 2294 364 2334 vegete,
394 2309 448 2337 pro
472 2307 621 2339 vegetare,
652 2306 718 2334 vide
741 2310 866 2339 Nonium
890 2312 967 2351 (pag.
982 2316 1051 2344 183.
1073 2313 1189 2352 Merc.).
1222 2313 1324 2343 Scal.
1368 2312 1565 2351 Metonymia,
1602 2312 1769 2350 μετωνυμία
1792 2321 1807 2339 a
1830 2308 1903 2350 uerti
1925 2315 1954 2339 et
1977 2308 2082 2348 ὄνομα·
2121 2308 2167 2337 Ad

236 2338 357 2384 verbum
379 2347 685 2390 sonat-transnornen,
710 2354 958 2382 transnominatio.
990 2355 1093 2392 Figura
1118 2366 1171 2394 qua
1197 2356 1351 2384 continens
1376 2355 1494 2394 ponitur
1517 2364 1572 2393 pro
1597 2358 1737 2383 contento
1761 2359 1790 2384 et
1813 2358 1989 2383 contentum
2011 2362 2068 2391 pro
2091 2360 2166 2380 con-

234 2383 353 2410 tinente.
397 2384 555 2415 Contmens
578 2397 633 2426 pro
657 2394 794 2418 contento
818 2394 945 2424 Ennius:

677 2430 789 2472 Africa
811 2435 932 2465 terribili
954 2439 1047 2466 tremit
1070 2438 1191 2467 horrida
1213 2447 1288 2468 terra
1311 2437 1446 2468 tumultu.
