2263 2668
245 155 321 189 536
670 144 1013 179 COMMENTARH
1039 144 1086 177 IN
1113 142 1257 177 PAULI
1283 142 1479 177 DIACONI
1505 144 1759 181 EXGERPTA

249 257 318 277 eruo
347 254 475 278 arcesso,
509 245 541 268 ut
569 239 669 277 capio,
705 248 833 276 capesso.
877 237 933 265 Hic
962 246 1032 265 vero
1061 247 1159 265 arcere
1185 237 1249 276 ipse
1272 237 1373 265 Festus
1403 242 1531 276 usurpat
1552 248 1610 277 pro
1633 249 1783 274 coercere,
1822 243 1855 267 nt
1877 239 1939 277 ipse
1962 240 2188 280 interpretatur,

249 270 329 329 quood
359 287 428 315 olim
457 293 515 311 non
545 280 756 309 animadvertit
777 279 941 309 Turnebus.
972 278 1061 308 Dae.
1106 279 1185 308 Infra
1214 279 1294 308 deest
1324 279 1418 317 prima
1449 280 1544 308 linea:
1583 280 1717 310 Nouerca
1748 281 1856 310 dicitur
1885 293 1972 321 quam
2002 285 2065 323 quis
2092 284 2191 314 liberis

249 330 372 361 sublatis
394 336 498 355 novam
521 334 643 352 uxorem
668 321 749 351 ducit
772 321 915 351 arcendae
927 320 1073 363 familiae
1094 323 1209 360 gratia,
1231 322 1264 350 id
1286 327 1329 349 est
1353 323 1543 351 coercendae.
1576 324 1699 362 Reliqua
1724 329 1792 352 sunt
1814 324 2010 361 fragmentum
2032 328 2192 356 novendia-

250 375 319 402 ]ium
343 369 489 398 seriarum.
532 366 571 394 Et
593 365 625 393 in
647 365 718 401 illo,
756 365 934 400 eciem-ania,
968 374 1094 401 agnosco
1118 366 1238 401 vestigia
1263 364 1389 392 nominis
1415 363 1607 401 lectisternia,
1645 367 1724 404 quod
1754 367 1877 395 verbum
1906 369 2128 397 accommodum
2149 375 2192 399 est

250 410 475 444 novendialibus
497 409 585 437 seiiis.
624 408 658 435 In
681 407 737 435 sine
761 406 834 436 haec
857 406 1079 435 desiderantur:
1102 406 1244 436 Novalem
1269 418 1371 445 agrum
1394 405 1501 435 Aelius
1523 418 1541 435 a
1565 419 1640 437 nova
1662 417 1791 438 semente.
1829 409 1888 437 Alii
1911 409 1993 438 aiunt
2016 421 2078 439 esse
2103 411 2192 441 Grae·

250 466 332 490 cum,
354 450 456 488 νειόν,
480 451 517 480 ad
541 449 623 489 quod
646 455 719 478 teste
734 449 862 478 Homero
886 459 1006 487 quoque
1029 454 1167 478 utuntur:
1192 450 1301 487 ἱέμενοι
1324 453 1417 479 νειοῖο
1440 451 1567 488 βαθείης
1589 452 1689 481 τέλσον
1713 452 1838 481 ἱκέσθαι,
1868 452 1963 480 Locus
1986 458 2030 481 est
2049 451 2193 484 Ἰλιάδ.σ’.

249 497 373 535 (XVIII,
399 496 490 532 547.).
521 493 664 532 Superius
688 502 806 530 quoque
829 493 865 520 de
889 492 988 519 novali
1011 502 1080 529 agro
1103 492 1255 527 disseruit,
1279 491 1334 519 nisi
1357 492 1451 520 mavis
1474 493 1653 531 coniungere
1677 504 1743 521 cum
1767 493 1823 523 his.
1856 494 1965 522 Tamen
1990 505 2048 523 non
2070 501 2115 524 est
2138 506 2193 524 no-

248 551 318 570 vum
341 539 427 566 Festo
451 538 574 571 iterum,
598 541 648 564 aut
671 540 715 563 ter
737 535 773 563 de
796 535 896 563 eadem
920 545 951 562 re
975 535 1073 571 loqui,
1099 540 1131 563 ut
1153 535 1189 563 de
1211 536 1347 572 Supparo
1369 539 1431 570 ter,
1460 535 1496 563 de
1517 537 1627 564 Sucula
1651 536 1704 565 bis.
1729 535 1829 565 Scal.
1874 537 1931 565 Pro
1954 538 2005 566 illo
2033 537 2195 567 Vecteran-

249 584 298 612 nia
322 580 404 620 quod
425 584 600 618 corruptum
624 582 683 614 est,
712 587 826 616 repono
848 575 927 616 apud
953 575 1088 606 Verrium
1110 577 1232 613 Annia,
1263 577 1309 605 vet
1333 576 1413 615 apud
1434 583 1538 605 veteres
1559 577 1682 616 Annia3
1705 589 1773 607 nam
1798 579 1892 607 Annia
1915 585 1960 608 est
1983 590 2090 608 nomen
2111 581 2193 610 iltius

249 635 325 664 quae
354 625 448 662 prima
479 631 606 651 noverca
634 625 824 649 memoratur.
868 620 1000 648 lnimane
1027 626 1169 657 quantuni
1198 619 1248 647 hic
1274 620 1386 648 erravit
1409 619 1548 657 Scaliger.
1579 620 1666 649 Dac.
1711 622 1794 650 Adde
1818 631 1894 660 quae
1917 622 1980 650 dixi
2002 622 2038 651 de
2059 622 2194 652 Nouerca

250 668 287 696 ad
310 668 329 696 1,
343 670 372 698 4.
397 667 419 703 §
432 667 461 695 6.
475 665 504 693 ff.
529 665 565 692 de
590 663 748 692 Gradibus.
777 661 949 702 Augendae.
981 663 1147 699 Arcendae,
1172 663 1218 691 vel
1243 661 1444 690 accersendam
1470 662 1502 691 V.
1533 663 1589 691 Alii
1612 664 1823 701 arcessendae,
1847 669 1881 693 ut
1901 664 1932 693 in
1954 665 2038 697 l.39.
2062 667 2086 703 §.
2104 669 2132 697 1.
2156 665 2194 694 de

250 711 303 748 leg,
318 713 347 740 3,
371 709 419 736 vel
442 707 584 735 arcendae
607 707 625 734 i.
645 716 669 735 e.
693 705 855 744 petendae,
880 705 1080 742 quaerendae,
1107 710 1138 733 ut
1159 715 1249 743 supra
1272 706 1301 732 in
1323 703 1463 734 Abarcet.
1512 703 1614 736 Goth.

411 748 586 778 Navibus
609 755 799 787 regnante.
828 746 886 786 (Ad
911 758 937 785 p.
953 745 1037 787 1b3.)
1070 747 1144 776 Vide
1168 749 1341 776 Aventinus.
1385 747 1472 777 Dae.
2052 766 2055 775 .

412 790 467 819 No
478 790 589 820 valis.
635 791 698 820 Duo
722 790 861 819 versiculi
884 790 1029 818 dimidiati
1051 791 1203 828 pertinent
1226 790 1262 818 ad
1285 800 1334 825 ea,
1357 799 1431 828 quae
1454 791 1562 819 Paulus
1583 791 1683 822 refert.
1718 792 1820 820 Cetera
1844 792 1938 820 aliena
1960 802 2023 821 esse
2045 792 2193 829 videntur,

249 846 345 874 neque
368 833 466 862 adhuc
489 834 603 872 reperi,
627 833 699 872 quid
722 833 893 870 significent.
930 832 1018 871 Apud
1038 833 1156 871 llionJS.
1172 833 1222 860 lib.
1238 833 1311 862 Vltt.
1337 832 1377 870 (p.
1392 834 1464 864 535.
1489 832 1589 872 c-67.)
1616 835 1648 862 T.
1666 834 1795 863 Sicinius
1818 846 1877 864 cos.
1900 834 1936 862 de
1950 834 2065 863 Volscis
2087 835 2195 864 trium-

249 879 363 918 phavit.
401 876 581 905 Reserumur
604 881 702 904 autem
727 876 758 903 in
783 875 840 903 fine
863 875 981 903 nomina
1003 876 1188 913 quorundam
1213 875 1373 903 illustrium
1397 877 1531 904 virorum
1555 877 1605 914 qui
1627 877 1704 905 intra
1729 878 1896 915 superiores
1919 876 1983 906 XV.
2006 888 2099 905 annos
2123 887 2194 906 con-

250 922 328 950 sules
352 920 481 948 suerunt.
519 919 626 957 Opiter
649 918 805 955 Verginius
829 918 997 954 Tricostus,
1020 919 1175 946 Postumus
1198 918 1348 946 Cominius
1370 917 1525 954 Amineas,
1557 919 1587 946 P.
1612 919 1749 948 Veturius
1774 920 1929 956 Geminus,
1954 921 1987 951 Δ.
2003 921 2194 958 Sempronius

250 963 420 998 Atratinus,
454 963 521 990 Sex.
544 961 649 990 Fusius
672 962 781 996 Fusus5
819 961 897 989 inter
921 960 975 988 hos
997 961 1142 989 Laevinus
1167 961 1352 997 nominatur,
1384 961 1465 998 quod
1489 971 1651 999 cognomen
1674 967 1717 990 est
1743 963 1942 998 Valeriorum,
1972 963 2043 991 item
2067 984 2193 992 .....

251 1006 320 1035 llius
336 1004 507 1040 Tolerinus,
532 1014 619 1042 quem
644 1004 773 1032 arbitror
796 1003 885 1031 tuisse
908 1004 1038 1032 Manium
1055 1004 1200 1039 Tullium,
1225 1004 1273 1041 qui
1297 1009 1368 1032 tunc
1392 1004 1478 1031 eliani
1504 1014 1562 1032 cos.
1581 1005 1646 1033 fuit.
1684 1005 1722 1033 At
1740 1004 1909 1033 Scaevolam
1932 1012 1958 1033 et
1983 1004 2044 1033 Ver
2063 1019 2102 1033 .¹.
2125 1027 2133 1034 .
2150 1027 2164 1034 2.
2188 1027 2194 1034 .

250 1059 310 1077 non
334 1057 471 1085 agnosco.
518 1046 636 1075 Credidi
659 1045 818 1084 aliquando
844 1046 932 1074 fuisse
953 1045 1026 1074 haec
1049 1047 1166 1074 nomina
1189 1057 1291 1074 eorum
1321 1047 1470 1082 virori-nn,
1509 1049 1559 1085 qui
1587 1047 1662 1075 iutra
1690 1048 1794 1075 urbem
1819 1047 1942 1086 sepulti,
1980 1048 2025 1076 vel
2048 1048 2196 1078 combusti

251 1096 339 1126 sunt,
371 1090 450 1128 quod
472 1089 502 1117 in
525 1089 592 1119 XII.
616 1091 673 1117 tab.
696 1090 727 1118 id
756 1088 906 1127 reperitur
930 1088 1128 1128 probibitun13
1161 1094 1189 1117 et
1212 1088 1243 1117 hi
1268 1094 1334 1117 ante
1355 1089 1422 1117 Xll.
1445 1089 1539 1119 suere.
1578 1090 1679 1118 Cicero
1709 1090 1758 1120 lib.
1772 1090 1808 1120 ΙΙ.
1832 1089 1944 1129 (c.23.)
1970 1090 2006 1118 de
2025 1090 2104 1128 legg.
2128 1100 2196 1119 cum

251 1134 406 1164 recitasset
428 1133 500 1169 legis
523 1132 628 1161 verba:
658 1131 816 1160 ,Hominem
839 1139 984 1160 mortuum
1007 1133 1037 1160 in
1060 1131 1128 1160 urbe
1150 1143 1184 1160 ne
1205 1131 1339 1171 sepelito,
1363 1143 1430 1160 neve
1450 1133 1544 1160 urito:
1574 1131 1668 1170 Quid,
1693 1132 1805 1170 inquit,
1828 1133 1883 1171 quir
1900 1139 1966 1170 post
1989 1131 2196 1162 duodecim-in

252 1176 321 1206 urbe
336 1173 441 1213 sepulti
456 1173 548 1204 sunt?
573 1173 675 1203 Claros
696 1175 774 1202 viros
797 1172 883 1202 cretlo
908 1174 937 1203 Τ.
953 1173 1051 1213 fuisse
1074 1182 1123 1202 aut
1146 1185 1207 1210 eos,
1232 1174 1337 1214 quibus
1358 1173 1414 1203 hoc
1436 1182 1503 1203 ante
1523 1174 1601 1203 lianc
1623 1173 1712 1213 legem
1735 1176 1850 1203 virtutis
1873 1185 1963 1203 causa
1985 1173 2124 1204 tributum
2138 1183 2196 1211 est,

251 1227 283 1247 ut
305 1215 490 1253 Publicolae,
522 1224 553 1245 ut
579 1216 719 1252 Tuberto,
751 1215 830 1256 quod
852 1228 948 1245 eorum
970 1219 1079 1256 posteri
1101 1218 1161 1244 iure
1184 1224 1347 1253 tenuerunt,·
1378 1224 1428 1244 aut
1452 1228 1516 1252 eos,
1544 1218 1570 1245 si
1592 1218 1643 1256 qui
1665 1217 1738 1254 hoc,
1771 1225 1800 1245 ut
1826 1215 1856 1248 C.
1880 1216 2051 1253 Fabricius,
2081 1218 2197 1246 virtutis

252 1272 342 1291 causa
365 1260 512 1289 consecuti
532 1267 606 1288 sunt.
651 1258 801 1289 Plutarch.
825 1259 856 1287 in
878 1259 1021 1288 Probleni.
1046 1262 1171 1297 (quaest.
1192 1262 1254 1295 77.)
1278 1259 1465 1294 Publicolae,
1490 1264 1519 1287 et
1542 1259 1667 1288 Fabricii
1691 1260 1840 1295 meminit;
1866 1259 1919 1287 sed
1941 1259 2197 1289 affirmanti—„ium-

251 1303 390 1342 plialibus
413 1312 601 1338 concessum,
626 1307 658 1330 ut
681 1312 746 1330 ossa
770 1311 869 1330 eorum
893 1302 969 1329 intra
996 1302 1095 1330 urbem
1120 1302 1227 1330 deferri
1252 1306 1379 1339 possent.
1411 1301 1467 1329 Sed
1492 1302 1564 1339 quid
1588 1303 1663 1330 certi
1685 1304 1738 1339 sit,
1761 1303 1895 1330 iudicent
1910 1301 2074 1339 doctiores,
2090 1303 2198 1331 villum-

252 1357 310 1384 que
332 1347 434 1374 locum
458 1349 616 1382 quaerant,
643 1345 777 1381 proxime
799 1345 928 1379 circuni,
955 1345 1005 1381 qui
1027 1345 1064 1374 sit
1087 1344 1185 1383 lapide
1209 1344 1277 1372 albo
1301 1348 1478 1372 constratus.
1501 1344 1589 1372 Ant.
1611 1345 1704 1384 Aug.
1753 1346 1837 1373 lleest
1859 1344 1952 1382 prima
1974 1345 2061 1375 linea,
2096 1344 2196 1374 Noua-

251 1388 308 1418 lem
331 1398 432 1427 agrum
459 1386 583 1425 Quintus
604 1386 728 1416 Mucius
752 1398 814 1415 eum
838 1398 896 1415 esse
917 1386 994 1423 volt,
1032 1388 1082 1427 qui
1111 1386 1151 1414 ati
1179 1397 1283 1415 novam
1304 1393 1453 1414 sementem
1476 1387 1513 1414 sit
1536 1384 1662 1415 relictus.
1707 1387 1790 1422 Quae
1820 1392 1998 1424 sequuntutt,
2035 1388 2197 1424 llragmenta

252 1435 338 1466 sunt,
362 1430 446 1467 quale
471 1430 552 1467 quod
575 1439 665 1468 supra
688 1429 817 1468 positum
841 1434 884 1457 est
907 1434 975 1467 post
996 1429 1181 1457 Nautiorum.
1227 1430 1279 1457 Est
1301 1434 1399 1457 autem
1421 1431 1512 1457 terme
1534 1428 1588 1456 ita:
1620 1427 1780 1457 Consulatu
1807 1429 1842 1458 T.
1866 1427 1975 1464 Sicini,
2003 1427 2109 1458 Volsci
2131 1440 2196 1458 cum

250 1472 394 1513 praelium
418 1472 536 1500 inissent
557 1470 724 1508 adversum,
748 1472 874 1511 victique
896 1479 1002 1507 essent,
1028 1471 1170 1500 combusti
1181 1470 1325 1511 feruntur
1347 1472 1374 1498 in
1398 1470 1559 1508 crepidine,
1583 1481 1657 1510 quae
1676 1479 1717 1499 est
1736 1472 1876 1509 proxime
1898 1471 2022 1506 circum,
2045 1471 2098 1510 qui
2115 1469 2198 1500 locus

251 1514 352 1555 lapide
373 1513 442 1543 albo
467 1521 631 1543 constratus
653 1522 693 1542 est
717 1519 772 1542 etc.
808 1514 896 1548 Quod
918 1514 1114 1550 fragmentum
1139 1515 1261 1542 forsitan
1285 1514 1459 1541 distractum
1484 1518 1525 1541 est
1548 1524 1563 1541 a
1586 1513 1814 1542 novendialibus
1836 1513 1928 1542 seriis.
1951 1512 2054 1542 Scal.
2092 1513 2196 1542 Nova-

254 1557 308 1586 Zem
333 1568 443 1596 agrum.
483 1556 569 1585 Prior
590 1567 658 1595 pars
681 1556 771 1585 liuius
793 1556 916 1584 lacunae
938 1556 1110 1584 adhaeserat
1135 1561 1201 1594 post
1225 1565 1369 1583 novercae
1391 1556 1420 1583 in
1444 1555 1512 1584 edit.
1538 1555 1680 1592 Scaligeri
1702 1561 1730 1584 et
1752 1556 1826 1585 aliis.
1862 1555 1985 1584 Novalis
2007 1565 2075 1593 ager
2095 1556 2147 1593 qui
2169 1560 2199 1584 et

252 1599 357 1629 novale
380 1599 502 1627 Graecis
524 1599 639 1637 νέωμα,
669 1599 785 1634 νέαι-ος,
817 1598 900 1633 νέος,
937 1598 1032 1634 νειὸς,
1068 1605 1096 1628 et
1119 1599 1230 1626 dicitur
1254 1608 1323 1635 ager
1347 1598 1395 1635 qui
1419 1598 1550 1625 aratione
1573 1602 1699 1625 novatus
1722 1598 1849 1626 necdum
1872 1603 1951 1625 satus
1974 1603 2035 1634 est,
2069 1597 2123 1626 sed.
2145 1608 2198 1636 per

253 1653 362 1671 annum
392 1647 497 1670 cessat.
525 1641 580 1669 Da
590 1653 615 1670 c.
650 1640 775 1669 Novalis
805 1652 882 1680 ager.
924 1641 996 1670 Vide
1019 1642 1080 1672 l.3.
1105 1641 1215 1680 §.2111
1240 1641 1276 1669 de
1300 1642 1459 1669 verborum
1487 1640 1643 1677 siguificat-
1664 1640 1698 1668 T.
1723 1639 1827 1669 Sicini.
1860 1640 1916 1668 Hic
1937 1640 2022 1668 locus
2043 1641 2199 1669 restitutus

254 1686 288 1713 ab
314 1685 419 1713 Ursino
442 1684 525 1720 loco,
555 1683 639 1711 cuius
662 1684 780 1711 initium
804 1689 862 1711 est:
892 1682 988 1712 Nauti
1009 1683 1162 1713 consulatu
1185 1690 1211 1711 et
1238 1685 1270 1711 T.
1292 1682 1388 1711 Sicini
1413 1681 1526 1712 Volsci.
1575 1681 1681 1711 Goth.
1910 1699 1912 1702 >
2056 1704 2059 1708 ,
2131 1699 2134 1707 ι

416 1725 537 1755 Nauti
565 1725 778 1755 consulatu.
809 1726 866 1764 (Ad
890 1736 919 1764 p.
936 1725 1014 1764 183.)
1046 1726 1136 1761 Quod
1165 1728 1204 1753 ait
1226 1726 1332 1754 Festus
1352 1724 1447 1754 Nauti
1475 1724 1630 1754 consulatu
1650 1732 1676 1752 et
1703 1724 1738 1754 T.
1761 1723 1873 1761 Sicini,
1896 1724 2094 1753 cave-credas
2116 1725 2200 1753 Nau-

254 1771 327 1798 tium
350 1775 379 1798 et
393 1769 525 1797 Sicinum
548 1768 651 1797 eodem
674 1779 751 1797 anno
773 1779 846 1796 coss.
870 1769 976 1804 fuisse,
1001 1779 1066 1797 nam
1090 1769 1196 1796 falsum
1216 1773 1272 1797 est.
1302 1769 1403 1795 Annos
1427 1767 1502 1795 duos
1524 1767 1572 1795 liic
1585 1767 1690 1796 Festus
1714 1767 1911 1805 amplectitur.
1943 1767 2054 1804 Priori,
2077 1767 2136 1796 hoc
2148 1773 2200 1804 est,

256 1823 332 1840 anno
355 1812 389 1840 ab
413 1812 443 1839 U.
464 1812 494 1840 C.
517 1813 590 1843 266.
626 1812 752 1850 Spurius
777 1811 901 1839 Nautius
924 1812 1042 1839 Rutilus
1075 1811 1180 1839 consul
1210 1811 1264 1838 fuit
1299 1820 1366 1838 cum
1389 1811 1478 1838 Sexto
1502 1810 1591 1838 Furio
1614 1809 1787 1838 Medullino.
1831 1810 1867 1837 Et
1894 1819 1928 1837 eo
1956 1820 2033 1838 anno
2058 1810 2201 1839 adversus

257 1854 379 1882 Volscos
410 1859 572 1892 pugnaturn
604 1859 655 1883 est.
699 1854 806 1882 Verum
832 1864 908 1882 anno
932 1854 1067 1892 sequenti
1089 1855 1120 1882 T.
1146 1854 1273 1881 Sicinius
1295 1853 1421 1881 Sabinus
1445 1863 1512 1881 cuin
1537 1854 1567 1881 C.
1592 1852 1713 1890 Aquilio
1736 1853 1830 1880 'rusco
1854 1853 2038 1880 consulatum
2062 1853 2201 1890 obtinuit,

259 1901 286 1923 et
308 1897 431 1924 Sicinius
446 1897 567 1925 Volscos
591 1896 704 1925 devicit
727 1897 822 1935 deque
845 1897 880 1924 iis
905 1897 1111 1934 triumphavit.
1143 1896 1215 1924 Vide
1238 1896 1300 1924 Liv.
1324 1896 1375 1924 lib.
1388 1895 1424 1923 ΙΙ.
1450 1896 1485 1931 (c.
1497 1897 1560 1932 39.)
1583 1900 1611 1923 et
1634 1894 1756 1932 Dionys.
1776 1894 1830 1923 lib.
1845 1894 1919 1924 vul.
1943 1895 1984 1933 (p.
1998 1895 2070 1925 491.
2089 1905 2114 1924 c.
2128 1894 2201 1934 16).

260 1937 293 1965 In
315 1939 503 1975 sequentibus
525 1939 689 1968 notandum
713 1944 757 1967 est
779 1949 844 1974 eos,
869 1939 919 1977 qui
943 1950 997 1977 pro
1020 1939 1125 1977 repub.
1151 1938 1369 1974 occubuerant,
1391 1937 1471 1966 intra
1494 1938 1597 1966 urbem
1620 1938 1753 1976 sepultos
1776 1936 1858 1974 quod
1881 1942 1908 1965 et
1931 1937 2001 1965 alibi
2022 1937 2202 1968 notavimus.

260 1979 297 2007 Et
326 1981 453 2017 sepultos
482 1983 568 2011 etiam
597 1982 668 2010 alibi
696 1992 783 2020 quam
809 1981 860 2010 ubi
883 1982 1036 2010 combusti.
1066 1981 1154 2011 Dac.
1202 1981 1254 2010 l)ie
1278 1979 1501 2009 Farnesiuische
1523 1980 1699 2008 Handsmist
1721 1979 1808 2018 (Cod.
1831 1979 1932 2016 Festi.)
1956 1979 1996 2009 ist
2015 1980 2069 2008 auf
2088 1980 2203 2014 breiten

261 2022 292 2050 in
315 2023 386 2050 zwei
409 2023 571 2053 Columnen
592 2024 753 2061 getheilten
776 2025 910 2053 Bliittern
938 2023 1148 2062 geschrieben,
1188 2023 1249 2052 und
1279 2028 1354 2051 etwa
1384 2024 1430 2051 ein
1456 2022 1593 2051 Drittheil
1617 2023 1669 2051 der
1692 2023 1790 2051 Breite
1813 2022 1990 2060 verbrannt3
2024 2032 2084 2051 von
2105 2022 2202 2061 jedem

261 2064 343 2092 Blatt
364 2064 427 2091 sind
451 2065 497 2093 die
519 2072 595 2095 erste
619 2068 679 2095 und
703 2067 794 2095 vierte
818 2067 961 2095 columne
984 2066 1177 2102 unversehrt,
1210 2071 1301 2095 etwas
1325 2064 1409 2094 mehr
1432 2065 1505 2093 oder
1527 2065 1655 2103 weniger
1678 2065 1721 2093 als
1744 2065 1791 2093 die
1814 2064 1913 2093 Halfte
1936 2065 1974 2093 ist
1996 2074 2063 2094 vom
2087 2066 2203 2104 Ansang

262 2106 314 2134 der
337 2106 478 2142 zweiten,
513 2108 578 2136 dem
601 2109 737 2147 Ansgang
760 2110 813 2138 der
836 2109 948 2138 dritten
972 2109 1116 2138 erhalten.
1161 2109 1214 2137 Die
1238 2110 1354 2137 Grenze
1383 2108 1433 2136 des
1463 2108 1639 2136 verlorenen
1669 2108 1706 2136 ist
1732 2107 1819 2136 keine
1843 2107 1961 2135 absolut
1982 2108 2091 2144 gerade
2108 2109 2201 2145 Linie,

262 2148 391 2177 sondern
415 2148 470 2175 wie
498 2149 549 2176 dus
568 2150 662 2178 Feuer
687 2155 802 2189 genagt'
820 2151 887 2181 hat:
925 2152 991 2180 hier
1020 2163 1056 2180 an
1085 2152 1180 2180 dieser
1203 2151 1293 2180 Stelle
1322 2151 1417 2188 (Blatt
1436 2150 1490 2186 VI,
1515 2151 1576 2179 Col.
1594 2153 1640 2189 3.)
1669 2150 1785 2187 betriigt
1812 2149 1864 2178 der
1887 2152 2033 2178 zerst'orte
2055 2149 2141 2179 Theil
2163 2151 2203 2179 im

263 2189 478 2219 llurchschnitt
506 2192 648 2227 unges‘ahr
677 2194 724 2222 die
745 2195 845 2223 Il'zilste
872 2194 924 2223 der
947 2195 1026 2223 Zeile
1056 2195 1117 2222 und
1144 2194 1217 2222 hielt
1247 2196 1381 2225 16—19
1402 2193 1608 2229 Buchstaben3
1647 2204 1692 2221 am
1717 2193 1831 2229 Ansang
1861 2191 1957 2221 sehlen
1981 2193 2050 2221 aber
2071 2203 2139 2222 ῐιιιι·4
2154 2193 2201 2229 15,

263 2233 362 2261 indem
392 2232 421 2260 in
451 2232 497 2260 die
529 2238 604 2261 erste
634 2244 701 2262 voni
731 2236 994 2274 vorhergehenden
1016 2237 1131 2266 Artikel
1160 2236 1239 2265 noch
1266 2236 1342 2265 zwei
1373 2235 1513 2273 geb'oi‘en.
1558 2235 1641 2264 Nach
1670 2235 1765 2264 dieser
1788 2234 1976 2272 Darstellung
1996 2234 2061 2273 lege
2082 2235 2131 2263 ich
2154 2234 2201 2263 die

264 2276 356 2305 Stelle
375 2275 428 2303 mit
452 2275 563 2304 meiner
584 2276 759 2315 Erganzung
781 2289 851 2307 vor:

792 2336 834 2342 —
856 2320 966 2350 Novem
990 2320 1152 2350 adversarii
1175 2322 1208 2351 T.
1230 2320 1321 2349 Sicini
1346 2320 1445 2348 Volsci

796 2360 859 2389 Cos.
884 2374 949 2392 cum
972 2365 1200 2392 coniurationem
1223 2364 1347 2392 inissent
1369 2363 1510 2391 adversus

796 2413 857 2431 eum
880 2415 898 2432 a
917 2416 984 2443 pop.
1007 2405 1046 2434 R.
1069 2406 1127 2434 vivi
1148 2407 1179 2434 in
1204 2404 1289 2435 Circo
1314 2405 1461 2434 combusti
1481 2405 1616 2434 feruntur
