2263 2668
393 175 465 208 19,
1015 167 1155 202 SEXTI
1182 168 1383 204 POMPEH
1410 170 1553 205 FESTI

392 269 505 312 fulgur
533 265 670 304 dicitur,
699 274 766 306 quo
790 273 898 302 mors,
930 262 1105 295 exiliumve
1125 263 1303 309 significari
1325 265 1422 299 solet.
1475 263 1726 299 Pisalitem1
1752 268 1903 312 appellat
1922 270 2063 305 Naevius
2086 273 2176 307 Pan-

390 320 588 354 taleontem,
616 315 652 348 id
680 320 727 348 est
749 315 828 347 Pisis
855 314 1033 347 oriundum
1058 319 1250 358 tyrannum,
1280 328 1355 350 cum
1383 317 1508 362 alioqui
1535 317 1614 351 inde
1640 318 1787 363 profecti
1813 331 1900 355 nunc
1922 322 2030 356 Pisani
2058 324 2175 359 dican-

391 378 449 404 tur.
505 368 694 401 Pedibus
722 366 883 405 obsitum,
918 366 953 398 id
982 370 1029 399 est
1055 367 1237 410 pediculis,
1277 369 1417 402 Titinius
1444 370 1698 414 pedicosum
1727 371 1879 416 appellat
1905 373 1973 408 hoc
2000 377 2124 410 modo:

494 421 578 453 Rus
607 418 868 451 detrudetur
894 418 1149 462 pedicosus,
1193 420 1423 463 squalidus.

390 472 526 505 Pedes
555 478 663 503 autem
693 481 755 514 pro
785 469 968 514 pediculis;
1008 470 1054 504 sic
1076 471 1212 504 Plautus
1239 472 1340 504 refert
1365 472 1398 504 in
1420 472 1640 506 Curculione:

217 526 266 549 ‘⁰1-
296 525 321 547 *Μ
342 526 380 547 est
494 524 598 555 Item
626 526 782 567 genus*
805 522 917 554 inter
944 520 1141 555 homines
1169 534 1258 556 meo
1287 524 1456 566 quidem
1484 525 1644 566 anim0,

242 558 355 582 lenonum
495 583 536 608 ut
564 585 749 613 muscae,
781 574 963 615 culices,
1001 574 1192 613 cimices,
1228 575 1468 619 pedesque,
1494 577 1761 621 pulicesque.

391 634 422 660 et
442 627 553 660 Livius
579 626 612 658 in
638 625 811 670 gladiolo:

493 679 665 711 Pulices
692 689 759 719 ne,
796 688 844 709 an
871 676 1062 717 cimices,
1098 689 1146 709 an
1173 677 1326 721 pedes,
1358 679 1574 723 responde
1601 679 1711 712 mihi.

391 738 423 764 et
449 731 612 764 Lucilius:

493 782 575 815 Ubi
602 793 663 814 me
691 780 815 819 vidit,
851 784 978 823 caput
1003 780 1164 820 scabit,
1197 781 1327 825 pedes
1355 782 1472 826 legit.

217 835 267 858 '211-
303 835 587 867 inter-Pesestas
614 833 698 865 iuter
725 832 787 864 alia
815 842 901 874 quae
929 831 986 875 (si)
1014 832 1096 864 inter
1123 833 1349 876 precationem
1378 833 1568 874 dicuntur‘,
1611 844 1686 866 cum
1716 834 1838 867 fundus
1866 836 2038 877 lustratur,
2074 838 2177 882 signi—

216 875 493 933 (fi'ffil'gss'ffisticare
520 886 651 918 videtur
679 883 919 928 pestilentiam,
947 888 982 915 ut
1007 883 1151 928 intelligi
1178 895 1219 917 ex
1246 886 1363 918 ceteris
1390 890 1544 930 possunt,
1577 897 1678 928 quom
1708 886 1847 919 dicitur:

232 943 382 970 precatores
494 939 673 970 Avernas
701 936 905 973 morbum,
940 940 1136 975 mortem,
1172 936 1329 979 labem,
1363 937 1582 977 nebulam,
1610 938 1916 983 impetiginem.

395 989 551 1022 Pedum
579 987 692 1021 baculi
721 998 827 1032 genus
853 987 1043 1024 incurvum,
1081 992 1117 1019 ut
1141 987 1208 1020 Vir.
1230 988 1262 1021 in
1284 989 1367 1022 Buc.
1395 1000 1498 1033 quom
1523 989 1585 1021 ait:

495 1043 543 1074 At
570 1045 610 1072 tu
637 1050 748 1072 sume
774 1038 945 1083 pedum,
992 1038 1105 1082 quod
1133 1051 1193 1072 me
1221 1050 1311 1073 cum
1340 1053 1469 1085 saepe
1495 1046 1676 1085 rogaret.

391 1092 547 1126 Pedem
575 1092 667 1124 struit
693 1091 725 1122 in
751 1091 826 1123 ΧΠ.
853 1090 1017 1135 significat
1045 1091 1151 1134 fugit,
1198 1097 1233 1123 ut
1260 1093 1303 1125 ait
1331 1094 1402 1128 Ser.
1430 1093 1608 1137 Sulpicius.
1670 1093 1827 1125 Pistum
1857 1092 1998 1136 pisendo
2027 1093 2178 1137 perpoli—

217 1143 486 1183 ·‹1l.apisen-1um¹
515 1144 637 1186 antiqui
674 1142 877 1185 frequentius
911 1143 1132 1187 usurpabant,
1179 1155 1280 1186 quam
1312 1156 1398 1178 nunc
1426 1156 1485 1177 nos
1514 1144 1665 1179 dicimus.
1729 1145 1954 1177 Pedarium
1982 1145 2179 1178 Senatorem

217 1178 247 1202 ‘³⁰
269 1177 556 1241 {ssssnp⁰¹¹'siguificat
576 1195 725 1228 Lucilius
752 1205 854 1238 quom
882 1194 940 1226 ait:

496 1248 653 1292 Agipes
680 1257 824 1280 vocem
853 1247 1019 1278 mittere
1047 1247 1199 1290 coepit.

391 1301 448 1343 qui
474 1301 519 1332 ita
546 1298 753 1343 appellatur,
796 1298 873 1341 quia
900 1297 1016 1331 tacitus
1043 1299 1244 1331 transeundo
1273 1298 1316 1330 ad
1346 1310 1439 1341 eum,
1478 1300 1570 1333 cuius
1597 1300 1790 1332 sententiam
1818 1299 1958 1343 probat,
1996 1298 2078 1342 quid
2105 1310 2179 1331 sen-

390 1353 468 1391 tiat,
504 1351 636 1384 indicat.
693 1349 920 1383 Piscatorii
948 1349 1018 1381 ludi
1047 1355 1222 1390 vocantur,
1250 1351 1307 1393 qui
1335 1363 1447 1383 mense
1471 1351 1566 1384 Iunio
1594 1357 1681 1383 trans
1705 1351 1856 1383 Tiberim
1885 1351 1956 1384 fieri
1983 1352 2089 1384 solent
2115 1360 2179 1394 pro

393 1408 529 1447 quaestu
548 1402 755 1447 piscantium.
790 1401 982 1434 Piscinae
1010 1402 1214 1445 publicae
1242 1401 1289 1434 ho
1307 1398 1327 1451 Η
1343 1402 1466 1446 dieque
1486 1415 1608 1435 nomen
1624 1409 1753 1440 manet;
1783 1403 1854 1446 ipsa
1870 1413 1936 1434 non
1953 1407 2051 1435 extat.
2069 1400 2177 1447 [186]

395 1455 559 1498 adquam
590 1459 622 1486 et
649 1458 809 1491 natatum,
836 1458 868 1486 et
895 1453 1134 1486 exercitationis
1160 1454 1287 1496 alioqui
1314 1465 1413 1487 causa
1440 1455 1593 1488 veniebat
1618 1454 1776 1499 populus
1818 1454 1919 1487 Unde
1944 1454 2091 1487 Lucilius
2118 1454 2180 1486 ait:

496 1507 574 1539 Pro
602 1506 755 1538 obtuso
784 1516 854 1537 ore
881 1505 1024 1549 pugil,
1054 1506 1323 1549 pisciniensis
1350 1517 1474 1539 reses.

393 1559 668 1591 Pectenatum
695 1563 819 1590 tectum
846 1556 968 1589 dicitur
994 1568 1014 1588 a
1040 1557 1250 1590 similitudine
1278 1558 1418 1601 pectinis
1444 1558 1476 1590 in
1504 1557 1585 1590 duas
1612 1557 1712 1601 partis
1740 1556 1900 1595 divisum,
1934 1561 1971 1589 ut
1994 1555 2180 1589 testudina-

393 1615 465 1642 tum
491 1610 524 1642 in
551 1615 718 1653 quattuor.
772 1608 843 1641 Pia
853 1608 886 1640 ri
914 1619 971 1641 eos
997 1609 1088 1641 velut
1114 1610 1256 1654 proprio
1282 1610 1405 1650 verbo,
1451 1610 1495 1643 ait
1518 1609 1670 1651 Verrius,
1715 1609 1773 1652 qui
1800 1619 1919 1652 parum
1945 1608 2008 1641 sint
2034 1607 2180 1648 animati,

394 1673 472 1695 cum
499 1662 616 1694 mentis
643 1672 721 1693 suae
748 1671 815 1692 non
841 1665 933 1701 sunt,
967 1671 1029 1704 per
1055 1661 1221 1704 quaedam
1247 1659 1378 1694 verba2
1401 1661 1583 1694 liberantur
1608 1660 1837 1694 incommodo.
1892 1660 2091 1705 Pignosa‚
2125 1658 2180 1703 pi-

223 1719 250 1744 ἰ’
282 1717 502 1759 Ρξηέεὶῐ,ξῃοῐιι
530 1724 571 1745 eo
599 1712 722 1751 modo,
761 1722 829 1755 quo
853 1712 993 1754 Valesii,
1030 1713 1171 1754 Auselii,
1202 1713 1329 1757 pinosi,
1365 1714 1484 1757 palisi*
1506 1713 1713 1746 dicebantur.

251 1755 354 1787 ¹'³1³2³¹¹·
561 1766 811 1798 Pectuscum
838 1763 975 1796 Palati
1002 1765 1092 1797 dicta
1119 1771 1167 1798 est
1194 1777 1233 1798 ea
1259 1765 1355 1809 regio
1378 1765 1498 1803 Urbis,
1541 1776 1644 1807 quam
1667 1764 1832 1797 Romulus
1858 1764 2035 1796 obversam
2060 1762 2180 1807 posuit,

258 1815 286 1837 'f-
304 1822 352 1846 ‘1¹¹³
397 1829 434 1849 ea
461 1823 574 1860 parte,
619 1818 653 1848 in
680 1827 746 1859 qua
773 1815 955 1860 pluriinum
983 1821 1053 1848 erat
1078 1817 1152 1861 agri
1172 1817 1318 1849 Romani
1345 1816 1387 1848 ad
1417 1828 1509 1850 mare
1535 1827 1665 1856 versus,
1709 1821 1741 1849 et
1766 1816 1867 1859 quia*
1888 1814 2082 1847 mollissime
2107 1813 2181 1846 adi-

396 1869 493 1900 batur
520 1869 615 1908 urbs,
661 1879 737 1901 cum
759 1868 977 1900 Etruscorum
1003 1880 1122 1913 agrum
1147 1880 1166 1901 a
1191 1869 1345 1901 Romano
1369 1869 1502 1901 Tiberis
1529 1867 1731 1902 discluderet
1758 1873 1888 1901 ceterae
1914 1866 2040 1900 vicinae
2068 1865 2180 1899 civita-

244 1919 276 1940 ’ῑῖ
293 1919 444 1951 ³¹³⁴1uottes
472 1920 576 1953 colles
603 1920 759 1963 aliquos*
785 1919 950 1952 haberent
976 1921 1159 1964 oppositos.
1212 1920 1442 1953 Peculatus
1469 1926 1519 1953 est
1545 1931 1632 1953 nunc
1652 1919 1790 1963 quidem
1814 1919 2046 1963 qualecunque
2068 1916 2181 1962 publi-

255 1969 373 2025 'sjfssss
400 1981 474 2002 cum
503 1972 646 2008 furtum,
687 1971 746 2003 sed
772 1971 946 2004 inductum
973 1977 1022 2004 est
1049 1984 1068 2004 a
1095 1983 1239 2016 pecore,
1279 1977 1315 2004 ut
1341 1972 1482 2016 pecunia
1511 1983 1646 2015 quoque
1672 1972 1754 2016 ipsa.
1809 1972 1903 2004 lam*
1926 1971 2025 2003 etiam
2053 1969 2141 2002 noxii
2153 1971 2205 2000 **,

340 2022 341 2025 ’
400 2031 523 2063 pecore
548 2023 793 2063 multabantur,
820 2024 899 2066 quia
924 2034 1034 2066 neque
1060 2024 1144 2056 aeris
1172 2023 1302 2065 adhuc,
1334 2035 1444 2067 neque
1469 2025 1601 2068 argenti
1627 2029 1697 2056 erat
1723 2024 1832 2067 copia.
1886 2024 2002 2065 ltaque
2027 2031 2181 2065 suprema

402 2072 502 2104 multa
530 2075 629 2106 etiam
655 2085 744 2108 nuuc
769 2075 972 2119 appellatur.
1026 2076 1150 2109 Piatn'x
1177 2076 1352 2109 dicebatur
1378 2076 1550 2117 sacerdos,
1576 2087 1662 2119 quae
1690 2075 1824 2119 expiare
1851 2080 1922 2107 erat
1942 2074 2054 2111 solita,
2080 2081 2181 2115 quam

403 2121 538 2163 qnidam
564 2126 813 2167 simulatricem,
841 2127 895 2159 alii
921 2138 1055 2172 sagam,
1083 2128 1138 2160 alii
1166 2128 1381 2172 expiatricem
1410 2133 1546 2166 vocant:
1578 2131 1611 2160 et
1636 2127 1823 2170 piamenta,
1851 2126 1970 2169 quibus
1996 2124 2096 2157 utitur
2123 2133 2180 2155 ex—

403 2173 547 2215 piandos
594 2176 648 2207 alli
671 2184 902 2222 purgamenta.
962 2179 1202 2213 Piacularis
1228 2185 1352 2224 porta
1379 2180 1570 2223 appellatur
1596 2184 1738 2223 propter
1761 2178 1874 2221 aliqua
1899 2176 2050 2221 piacula,
2095 2185 2180 2218 quae

404 2224 530 2256 ibidem
552 2225 685 2260 fiebant.
712 2230 781 2269 vel,
810 2234 845 2262 ut
867 2230 911 2262 ait
931 2229 1098 2272 Cloatius,
1126 2241 1202 2264 cum
1231 2242 1271 2264 ex
1296 2228 1442 2264 sacro*³
1464 2242 1526 2276 per
1552 2230 1695 2273 aliquem
1722 2229 1858 2274 piaculo
1885 2228 2037 2267 solvitur,
2062 2230 2099 2259 ut
2117 2224 2178 2257 ali-

406 2272 502 2318 qua4
527 2275 642 2319 piandi
666 2280 937 2325 propitiandique
962 2294 1062 2316 causa
1087 2282 1291 2317 immolatur.
1350 2283 1502 2328 Pigere
1533 2282 1702 2315 interdum
1733 2293 1798 2326 pro
1830 2280 1970 2321 tardari,
2014 2275 2176 2311 interdum

250 2224 254 2228 “
266 2223 281 2246 ’.ἶ
302 2222 378 2249 sacto.

408 2367 529 2416 Graecis
559 2367 670 2416 litteris
700 2367 772 2398 Ven.
795 2372 842 2400 Sc.
873 2389 912 2394 —-
952 2373 979 2412 1)
1003 2373 1201 2416 Pisalitem]
1231 2375 1276 2404 Ita
1317 2374 1404 2416 facto
1419 2386 1454 2414 p.
1475 2375 1516 2404 al.
1533 2375 1660 2413 piaculo
1676 2384 1770 2412 marg.
1784 2373 1915 2403 Ven.Sc.
1938 2386 1979 2393 —
1999 2370 2028 2416 fi)
2042 2366 2176 2413 alicui&

408 2415 497 2440 estin
513 2409 630 2440 schedis
653 2420 709 2450 pro
737 2413 907 2443 Pisatilem.
931 2421 961 2444 et
976 2417 1017 2445 ita
1038 2417 1158 2446 videtur
1171 2419 1275 2456 legen·
1318 2427 1411 2456 marg.
1428 2418 1503 2447 Ven.
1526 2419 1571 2445 Sc.
1594 2435 1630 2439 —
1665 2417 1696 2452 5)
1715 2414 1880 2453 Persica-su]
1911 2413 2007 2443 Plauti
2020 2418 2122 2437 versus
2137 2418 2176 2456 *ln

409 2451 486 2481 dum.
506 2471 543 2476 -
565 2451 595 2494 2)
613 2454 655 2482 Et
667 2465 722 2491 per
738 2454 889 2492 quaedam
903 2468 929 2485 ι’,
947 2458 1022 2487 Ven.
1037 2461 1084 2488 Sc.
1096 2476 1137 2481 ——
1161 2459 1193 2499 3)
1209 2471 1278 2488 cum
1321 2460 1485 2498 exemplari
1507 2459 1598 2488 habet
1618 2458 1775 2497 persibus,
1801 2467 1875 2495 pre,
1908 2453 2053 2492 per-vicu&
2089 2456 2117 2480 θῑ
2134 2456 2176 2480 1ἳὸ
