2263 2668
229 102 303 139 216

1001 94 1226 131 ARUSIANI
1252 98 1394 135 MESSI

231 197 355 232 Anxius
380 194 479 228 huius
505 194 562 229 rei.
589 192 709 226 salust.
737 190 823 224 Hist.
849 184 954 224 1V.¹:
985 188 1118 223 Anxius
1144 192 1252 226 animi
1279 197 1383 239 atque
1409 193 1568 228 incertus.

230 247 373 293 Accepit
397 247 430 279 in
456 247 514 279 illa
538 256 583 277 re.
612 243 682 277 Cic.
711 240 754 274 de
770 239 949 285 Suppliciis
962 236 989 273 ²:
1017 240 1076 274 De
1103 253 1141 275 eo
1168 244 1310 278 vulnere
1335 246 1446 278 malta
1472 245 1571 287 dixit,
1599 245 1693 290 quod
1719 246 1778 280 ille
1804 248 1851 282 ab
1866 250 2013 285 hostium
2030 252 2173 288 ducein

332 298 448 343 capite
473 297 669 340 acceperat·
721 292 864 337 Accepit
887 291 946 324 illa
972 303 1018 325 re·
1046 293 1141 338 Virg.
1170 294 1298 341 Georg.
1326 293 1427 331 IV.³:
1461 296 1675 342 Accepitque
1700 298 1777 332 sinu
1802 305 1902 335 vasto
1928 305 2086 349 misitque
2107 305 2173 340 sub

333 359 471 383 amnem
477 372 483 378 .

228 401 409 444 Adstringo
435 397 495 430 tibi
520 396 598 429 hoc.
650 394 785 428 Terent,
811 389 939 426 Eun.⁴:
977 392 1053 426 Tibi
1078 405 1194 428 meam
1220 396 1382 442 astringo
1404 395 1536 442 fidem.

228 453 419 496 Adquiesco
444 449 478 481 in
503 448 580 482 hoc.
603 446 672 481 Cic.
695 457 758 490 pro
785 440 986 477 Deiotaro⁵z
1018 444 1061 478 In
1088 449 1146 480 tao
1176 458 1236 480 ore
1262 449 1424 492 vultuque
1452 449 1650 493 adquiesco.

2067 455 2171 504 [497]

230 502 398 538 Adiudico
424 499 509 533 illud
535 499 624 533 huic.
677 497 772 531 Idem
797 507 861 541 pro
889 495 1044 529 Cornelio
1071 494 1156 530 11.⁶:
1190 498 1231 533 Si
1264 511 1324 533 vos
1352 499 1453 532 huius
1481 499 1652 545 fortunas
1680 512 1880 546 paucorum
1912 504 1994 540 odio
2027 507 2172 542 adiudi-

332 552 504 586 caveritis.

229 604 384 639 Admittit
409 604 443 636 in
469 614 503 635 se
529 600 662 635 crimen.
686 598 821 633 Terent.
849 596 987 633 Phorm.
1003 593 1031 630 τ;
1062 597 1213 643 Culpam
1239 600 1395 646 Antipho
1421 601 1456 634 in
1481 612 1519 635 se
1544 602 1738 638 admiserit.

228 658 375 692 Aversor
407 655 510 688 illum.
548 652 615 685 Sal.
648 651 733 683 Hist.
767 650 825 683 V.:
851 649 992 694 Regem
1024 649 1257 683 aversabatur
1270 649 1290 684 ε’.

230 707 372 742 Adludit
398 706 440 738 ad
461 705 538 737 hoe.
565 703 700 736 Terent.
728 696 861 736 Eun.⁹:
887 700 1008 733 Habui
1033 705 1183 734 scortum
1192 716 1205 746 ,-

1233 703 1343 747 coepit
1371 703 1422 736 ad
1448 703 1488 736 id
1515 704 1701 739 adludere.

232 761 413 793 Anteverto
439 757 509 790 tibi.
536 755 670 788 Terent.
697 753 782 786 Eun.
792 749 830 784 ¹⁰:
856 751 972 785 Miror
997 751 1056 785 ubi
1082 764 1150 797 ego
1178 753 1257 786 huic
1284 755 1540 791 anteverterhn.

230 809 376 844 Attendo
404 808 557 840 animum.
584 806 719 840 Terent.
747 800 938 838 P110r1n.¹¹:
962 803 1127 836 Animum
1153 805 1330 838 attendite.

231 861 390 895 Ausculto
417 859 476 892 tibi
487 855 518 894 ¹².
546 857 680 891 Terent.
708 855 875 899 Adelph:
916 854 975 887 Vis
1001 858 1037 887 ta
1063 855 1144 888 huic
1165 857 1238 889 seui
1264 854 1495 890 auscultare?

230 911 380 946 Abstinet
406 922 440 943 se
465 910 523 942 illa
547 920 591 942 re.
618 909 755 942 Terent.
788 907 912 949 Hecyr.
925 902 965 938 ¹³:
997 906 1085 939 Plus
1113 910 1237 951 polus,
1259 919 1333 941 sese
1359 908 1425 942 illa
1452 907 1627 941 abstinere
1654 910 1691 940 ut
1711 907 1875 953 potnerit.
1913 908 1984 946 Cic.
2014 910 2057 945 de
2081 912 2171 958 Rep.

330 958 405 995 1.¹⁴:
433 960 509 994 Nec
535 971 617 994 vero
642 959 714 992 iam
741 969 817 991 meo
843 957 979 990 nomine
1004 956 1160 990 abstinet.

228 1014 375 1050 Adulant
409 1013 514 1045 illum.
548 1011 618 1046 Cic.
653 1011 686 1043 in
711 1005 913 1043 Pisonemffi:
948 1008 1163 1042 Adalantem
1194 1019 1318 1044 omnes.
1353 1008 1449 1042 Idem
1479 1009 1580 1044 Tusc.
1608 1005 1698 1043 ILffi:
1732 1009 1900 1044 Nostrum
1926 1012 2055 1047 adulat
2087 1024 2172 1048 san-

329 1064 482 1110 guinem.

229 1116 347 1152 Affluit
372 1116 438 1148 illa.
465 1114 535 1148 Cic.
562 1123 625 1158 pro
649 1107 850 1146 Cluentio¹⁷t
877 1110 1097 1156 Domumque
1124 1112 1221 1145 illam
1247 1112 1380 1144 scelere
1402 1111 1493 1144 omni
1520 1110 1735 1157 affluentem.

228 1170 398 1213 Aspen-nor
423 1167 515 1199 illam
542 1177 561 1197 a
586 1176 650 1199 me.
678 1164 773 1196 Idem
800 1173 862 1207 pro
881 1159 1053 1195 Cluent.¹⁸:
1078 1162 1114 1196 A
1134 1163 1205 1196 suis
1231 1163 1305 1196 aris
1331 1166 1436 1207 atque
1462 1164 1601 1208 templis
1626 1163 1789 1208 nefarias
1809 1173 1937 1209 preces
1963 1168 2170 1210 aspernatos

331 1218 427 1252 Deos
450 1228 522 1250 esse
545 1215 691 1262 covfido.

745 1216 915 1258 Aspernor
945 1214 1046 1246 illum.
1080 1214 1174 1247 Idem
1202 1225 1264 1258 pro
1293 1210 1472 1248 Cluent.¹⁰:
1504 1214 1617 1248 Nemo
1648 1215 1746 1248 illum
1780 1216 1899 1260 adita,
1925 1227 2025 1251 nemo
2053 1217 2169 1252 convi-

330 1270 386 1302 vio
407 1269 557 1314 dignam
578 1265 779 1306 iudicabat3
805 1276 921 1298 omncs
945 1265 1236 1310 aspernabantur.

229 1323 360 1356 Avocat
386 1321 429 1353 ab
454 1320 511 1352 illa
537 1330 581 1353 re.
608 1318 677 1352 Cic.
705 1318 748 1350 (le
772 1318 859 1360 Rep.
887 1316 911 1349 Ι.
921 1313 962 1349 ²⁰:
989 1317 1025 1349 A
1051 1328 1121 1361 qna
1147 1317 1202 1350 isti
1230 1315 1437 1350 avocabant.

228 1373 406 1408 Abalienat
426 1371 519 1404 illum
547 1382 565 1403 a
590 1375 633 1402 te.
662 1369 781 1402 Cicero
806 1364 1016 1402 Siciliensi²¹z
1044 1368 1242 1401 Dlaximum
1268 1379 1449 1401 numeram
1470 1366 1534 1402 abs
1558 1371 1593 1401 te
1617 1366 1839 1403 abalienasti.

229 1424 396 1469 Adrepsit.
423 1422 493 1458 Cic.
520 1416 799 1455 Frumentaria²²z
826 1419 887 1452 Ad
917 1419 1014 1453 istius
1040 1420 1233 1453 amicitiam
1259 1420 1481 1465 adi-eliserat.

314 1557 341 1598 1)
362 1556 446 1586 Idem
468 1558 500 1586 in
523 1555 620 1585 eodem
638 1557 665 1586 1.
685 1553 721 1584 A.
741 1553 778 1584 M.
799 1552 887 1593 Apud
913 1554 1049 1583 Gerlach.
1073 1565 1121 1585 no.
1146 1555 1174 1586 5.

231 1616 273 1623 —
295 1601 375 1637 2)1n
399 1601 482 1629 Verr.
498 1600 562 1628 Act.
581 1599 618 1627 II.
640 1598 692 1626 lib.
716 1597 757 1633 V,
779 1598 806 1627 1.
828 1612 870 1618 —-
892 1594 920 1636 3)
932 1597 1024 1625 Versu
1041 1600 1110 1630 362.
1135 1613 1175 1619 --

233 1642 261 1681 4)
291 1643 353 1671 Ter.
377 1644 458 1671 Eun.
484 1645 511 1673 1·
532 1645 561 1673 2.
585 1644 634 1673 22.
654 1640 687 1670 A.
704 1639 742 1668 M.
770 1655 805 1659 —
831 1636 862 1677 5)
887 1638 954 1676 Cap.
971 1643 999 1671 2.
1018 1639 1090 1668 Tum
1110 1651 1175 1668 ac·—

236 1686 355 1723 ‹Jaiesco
378 1685 458 1713 dedit
479 1684 512 1712 A.
535 1684 573 1713 M.
600 1681 778 1720 adquiesco
803 1681 871 1708 Cod.
903 1681 958 1710 Gu.
994 1698 1034 1703 —
1062 1681 1091 1722 6)
1115 1684 1175 1710 Pro

239 1726 375 1755 Cornelio
392 1728 463 1757 991.
487 1726 520 1754 Α.
543 1726 581 1753 M.
599 1725 703 1752 omissa
724 1723 791 1751 libri
815 1728 893 1751 nota.
918 1723 1005 1761 Apud
1029 1725 1177 1761 Nobb.1{‚

238 1771 285 1800 13.
304 1778 368 1807 pag.
393 1771 482 1799 1127.
504 1783 545 1788 ——
578 1769 605 1799 7)
635 1767 695 1794 Ter.
718 1766 808 1793 ler.
833 1768 859 1796 1.
880 1767 908 1797 5.
926 1767 975 1797 40.
1002 1766 1035 1796 A.
1054 1767 1091 1797 M.
1117 1768 1178 1796 Ca-

234 1811 319 1848 plam
340 1820 438 1838 errore
458 1808 563 1837 calami
580 1808 653 1836 Cod.
675 1808 729 1836 Gu.
751 1822 792 1828 —
814 1804 842 1844 8)
858 1807 1091 1837 Adversabatur
1108 1810 1179 1838 Cod.

238 1853 273 1880 A.
289 1853 324 1880 M.
343 1853 422 1889 quod
447 1852 521 1880 male
545 1850 637 1878 edidit
656 1848 791 1877 Gerlach.
814 1849 957 1886 Fragmm.
975 1850 1009 1886 V,
1033 1855 1062 1883 3.
1086 1869 1127 1874 --
1149 1855 1177 1886 9)

242 1893 307 1922 Ter.
330 1895 411 1923 Ean.
435 1897 461 1925 3.
489 1896 515 1926 1.
535 1895 585 1924 34.
606 1892 641 1921 A.
664 1891 701 1920 M.
721 1891 796 1918 Tum
819 1892 882 1919 Hui
904 1903 958 1930 pro
977 1894 1087 1922 Habui
1109 1894 1179 1923 Cod.

238 1935 274 1964 A.
291 1935 329 1963 M.
349 1936 482 1963 alludere
504 1935 575 1964 cod.
600 1935 656 1962 Gu.
689 1949 730 1955 —
758 1936 801 1967 10)
826 1933 905 1961 Idem
928 1937 1006 1963 Ειιη.
1026 1938 1056 1967 4.
1081 1939 1108 1968 5.
1131 1939 1180 1967 12.

240 1977 276 2006 A.
295 1977 333 2005 M.
349 1978 422 2006 Tum
439 1979 534 2006 M‘iror
549 1978 622 2005 huic
644 1974 758 2004 omissis
776 1984 823 2002 vv.
844 1976 895 2002 aba*
911 1987 962 2014 ego
980 1978 1013 2005 A.
1030 1979 1066 2009 M.
1079 2002 1086 2015 ,
1110 1988 1182 2016 quae

239 2019 340 2048 addidi
361 2030 375 2048 e
393 2020 462 2047 Cod.
478 2021 532 2048 Gu.
555 2036 596 2041 —
621 2018 665 2059 11)
689 2017 769 2046 Idem
787 2017 878 2045 Phor.
902 2020 986 2048 Prol.
1014 2022 1062 2052 25.
1087 2021 1119 2052 A,
1144 2021 1180 2051 Μ,

242 2062 356 2092 Terent.
376 2061 474 2089 Andr.
496 2062 565 2089 (lod.
587 2062 644 2090 Gu.
666 2060 698 2088 In
721 2059 848 2088 Andriae
871 2061 945 2097 prol.
968 2061 1000 2088 V.
1020 2067 1047 2095 8,
1075 2064 1183 2100 legitur

241 2105 377 2132 animam
394 2103 549 2131 miror-lice.
575 2103 623 2131 Est
645 2103 733 2131 Phor.
756 2102 831 2140 prol.
847 2101 880 2132 V.
901 2103 950 2133 24.
972 2118 1014 2125 —
1034 2109 1076 2138 19)
1099 2106 1182 2133 Ab-

241 2147 336 2174 sculto
352 2147 401 2173 illi
415 2146 485 2174 cod.
504 2146 535 2173 A.
554 2145 591 2172 M.
608 2145 756 2173 Ausculto
771 2144 827 2171 tihi
843 2144 913 2171 Cod.
936 2144 991 2174 Gu.
1007 2148 1084 2183 quod
1105 2148 1180 2177 dedi,

242 2188 318 2216 Tum
336 2187 416 2216 Idem
431 2187 517 2216 Adel.
544 2188 571 2217 5.
591 2190 620 2217 7.
636 2189 662 2217 8.
686 2187 718 2214 Α.
733 2186 770 2215 Μ.
794 2186 904 2214 Deinde
923 2185 1030 2215 iterum
1058 2189 1181 2217 alm-ul-

242 2236 306 2258 tare
332 2231 403 2259 cod.
434 2231 467 2259 A.
489 2229 526 2257 M.
558 2245 595 2249 —
629 2231 670 2262 13)
696 2227 776 2255 Mem
803 2229 888 2266 ῘῙεῳ.
912 2231 937 2258 1.
959 2231 986 2259 2.
1009 2232 1058 2260 64.
1090 2233 1122 2259 A.
1145 2232 1182 2260 M.

242 2272 418 2312 Exemplum
438 2273 480 2300 sic
498 2270 655 2299 exhibetur
675 2270 704 2297 in
720 2271 773 2298 Gu.
788 2271 861 2307 plus
880 2271 1016 2308 Ροίιιιῖεκπ
1033 2272 1088 2298 illa
1108 2274 1182 2301 abst.

243 2320 277 2342 ut
295 2325 325 2353 p.
350 2330 390 2336 ——
415 2320 455 2347 14)
484 2314 543 2342 Cic.
563 2312 598 2340 sle
614 2313 685 2349 step.
706 2315 730 2342 1.
749 2314 836 2342 1002.
853 2312 885 2340 A.
901 2313 938 2341 M.
958 2312 997 2340 Dc
1016 2314 1084 2352 Rep.
1104 2315 1131 2350 l,
1154 2318 1181 2346 3.

241 2357 293 2385 fin.
311 2357 354 2386 ed.
369 2357 462 2388 Nobb.
485 2371 526 2378 —
551 2354 594 2393 15)
612 2354 672 2385 Cic,
691 2354 721 2381 in
737 2354 875 2382 Pisonem
897 2356 945 2386 41.
963 2354 995 2382 A.
1013 2355 1051 2384 M.
1078 2372 1112 2378 —
1140 2355 1184 2397 16)

2066 1417 2168 1467 [498]

1218 1555 1299 1584 Idem
1316 1554 1408 1583 thsc.
1427 1553 1465 1583 IL
1485 1555 1532 1585 10.
1547 1552 1578 1581 A.
1600 1551 1639 1581 Μ.
1663 1568 1705 1574 —-
1728 1552 1773 1591 17)
1786 1551 1851 1581 Hoc
1864 1552 1932 1581 loco
1949 1550 2076 1591 Affluit
2088 1557 2170 1582 uter·

1219 1608 1275 1636 que
1292 1597 1362 1627 Cod.
1383 1597 1460 1625 Tum
1477 1595 1557 1624 Idem
1566 1606 1624 1634 pro
1644 1594 1780 1624 Cluentio
1804 1597 1854 1626 66.
1877 1595 1912 1623 A.
1930 1594 1968 1626 M.
1992 1595 2169 1635 Exemplum

1220 1641 1262 1668 sic
1283 1639 1439 1668 exhibetur
1456 1650 1472 1666 a
1498 1638 1569 1667 cod.
1596 1638 1652 1668 Gu.
1671 1639 1865 1676 Domumque
1886 1638 1969 1665 omni
1992 1638 2096 1666 scelere
2115 1639 2169 1674 af-

1223 1684 1374 1719 fluentem.
1397 1697 1438 1703 -·
1464 1683 1505 1716 18)
1526 1680 1609 1708 Idem
1632 1691 1686 1718 pro
1706 1679 1805 1708 eodem
1829 1682 1877 1712 68.
1902 1680 1936 1708 A.
1950 1679 1988 1709 M.
2007 1680 2082 1709 Tum
2101 1690 2168 1710 voc.

1215 1716 1338 1763 ιίεηψῐιϊς
1362 1724 1442 1751 abest
1463 1733 1478 1750 a
1499 1723 1570 1752 cod.
1591 1723 1647 1751 Gu.
1660 1744 1667 1758 ‚
1691 1722 1743 1760 qui
1770 1722 1876 1751 deinde
1895 1728 2090 1760 aspernantes
2114 1733 2169 1761 pro

1220 1778 1248 1797 v.
1272 1772 1456 1805 imperitate&
1479 1782 1521 1787 -
1545 1766 1590 1803 19)
1606 1764 1690 1792 Idem
1707 1775 1765 1803 pro
1789 1763 1887 1792 eodem
1909 1767 1957 1795 14.
1976 1764 2010 1794 A.
2032 1765 2070 1794 M.
2091 1764 2169 1794 Adit

1222 1820 1277 1848 pro
1302 1808 1391 1836 adila
1413 1807 1482 1836 cod.
1506 1808 1563 1835 Gu.
1595 1824 1636 1828 --
1672 1807 1717 1845 20)
1742 1806 1777 1835 A.
1800 1806 1837 1835 M.
1863 1811 1964 1834 notam
1992 1806 2063 1836 libri
2090 1807 2170 1835 omi-

1222 1852 1276 1884 sit3
1300 1851 1437 1888 idemque
1459 1849 1578 1888 scripsit
1597 1854 1738 1877 (evocant.
1760 1848 1840 1876 Inter
1859 1848 2043 1877 incertorum
2061 1849 2166 1880 libror.

1223 1895 1357 1930 fragium.
1373 1892 1553 1931 repositum,
1576 1891 1656 1930 apud
1670 1890 1762 1919 Nobb.
1777 1890 1883 1928 legitur
1899 1890 1953 1918 sub
1977 1901 2028 1923 no.
2055 1894 2082 1923 1.
2103 1901 2169 1931 pag.

1225 1938 1314 1968 1170.
1337 1951 1379 1957 -—
1400 1936 1446 1971 21)
1471 1933 1553 1962 Idem
1569 1936 1601 1961 ιή.
1620 1933 1772 1961 Siciliensi
1786 1935 1836 1964 64.
1853 1933 1885 1961 Α.
1901 1933 1939 1963 Μ.
1957 1933 1991 1961 In
2006 1933 2089 1963 Verr.
2102 1935 2168 1965 Act:

1225 1979 1261 2007 ΙΙ.
1281 1978 1334 2007 lib.
1354 1978 1388 2013 ΙΙ,
1415 1979 1464 2008 64.
1493 1977 1567 2004 Tum
1588 1975 1770 2004 abalienasti
1788 1975 1859 2003 cod.
1880 1976 1950 2010 Gu.,
1973 1980 2007 2004 ut
2029 1981 2072 2005 est
2088 1976 2169 2016 apud

1225 2021 1303 2058 Cic.3
1327 2021 1469 2048 alienas-ti
1491 2018 1561 2046 Cod.
1587 2018 1620 2046 Α.
1637 2017 1676 2046 Μ.
1700 2034 1741 2039 —-
1764 2020 1807 2054 22)
1831 2016 1914 2045 Idem
1937 2019 1970 2046 in
1991 2019 2168 2048 Frumentu-

1225 2065 1273 2091 νὶιι
1291 2066 1338 2095 68.
1362 2063 1396 2091 A.
1414 2062 1449 2090 M.
1466 2063 1528 2089 Act.
1548 2061 1578 2088 in
1596 2060 1677 2089 Verr.
1694 2060 1729 2087 ΙΙ.
1749 2059 1798 2087 lib.
1817 2060 1864 2095 ΙΙΙ,
1880 2063 1930 2092 68.
1956 2077 1997 2083 -
2021 2060 2066 2100 23)
2082 2059 2169 2091 Ideni

1225 2105 1378 2143 de1S'ignis
1395 2105 1443 2136 64.
1465 2104 1494 2131 A.
1518 2103 1553 2132 M.
1569 2102 1600 2130 Iu
1618 2102 1701 2131 Verr.
1719 2102 1784 2130 Act.
1800 2102 1831 2131 ΙΙ.
1850 2102 1896 2131 lib.
1914 2101 1963 2139 IV,
1985 2104 2035 2135 64.
2058 2119 2097 2125 ·-
2121 2101 2167 2142 24)

1231 2149 1316 2186 Virg.
1333 2148 1405 2176 Aen.
1429 2144 1470 2174 Π.
1500 2146 1570 2176 385.
1592 2144 1624 2174 A.
1645 2144 1682 2173 M.
1708 2161 1743 2165 -
1767 2143 1812 2183 25)
1838 2145 1906 2183 Cap.
1930 2147 1958 2177 5.
1981 2146 2056 2174 Tum
2078 2147 2168 2184 aspi-

1226 2201 1294 2218 rare
1314 2191 1382 2218 (lod.
1407 2190 1436 2216 Α.
1457 2188 1495 2216 M.
1519 2186 1604 2225 all-sp.
1630 2187 1698 2215 cod.
1721 2188 1778 2215 Gu.
1802 2204 1842 2208 —
1865 2185 1911 2226 26)
1940 2187 2024 2226 V‘irg.
2047 2188 2122 2216 Aen.
2140 2185 2167 2216 Ῑ.

1226 2236 1297 2264 704.
1319 2235 1352 2263 Α.
1376 2232 1413 2260 M.
1434 2231 1508 2258 Tum
1531 2229 1629 2256 adolet
1652 2229 1682 2258 A.
1703 2229 1739 2257 M.
1771 2229 1827 2257 Sed
1851 2233 1930 2257 recte
1954 2229 2072 2258 adolere
2095 2229 2166 2258 cod.

1228 2276 1284 2302 Gu.
1315 2291 1355 2296 —
1384 2271 1429 2312 27)
1455 2271 1537 2302 Idem
1562 2273 1667 2307 Georg.
1694 2269 1772 2299 ΙῙῙῙ.
1798 2274 1868 2302 379.
1890 2271 1922 2299 A.
1943 2271 1980 2301 M.
2007 2273 2062 2300 Pro
2081 2270 2166 2299 Pan‘-

1227 2318 1328 2344 clines-5·
1344 2317 1373 2344 in
1392 2315 1461 2343 cod.
1484 2315 1539 2342 Gn.
1562 2319 1604 2342 est
1625 2314 1814 2343 l’atzetlzaei-s'.
1836 2316 1880 2349 23)
1910 2313 1968 2342 Cic.
1987 2313 2022 2341 de
2038 2310 2165 2350 Suppli-

1228 2360 1284 2386 ciis
1297 2360 1325 2389 5.
1343 2359 1375 2387 A.
1392 2358 1428 2387 M.
1447 2357 1570 2395 Alligat
1588 2360 1709 2394 uterque
1727 2355 1796 2384 cod.
1814 2354 1869 2383 Ad
1878 2355 1997 2393 pallam
2020 2354 2089 2384 Cod.
2109 2354 2164 2384 Gu.
