2263 2668
817 141 908 175 ARS
936 138 1275 175 GRAMMATICA.
1945 138 2019 174 279

80 238 240 278 activum,
267 238 303 269 ut
328 235 443 280 legor,
469 234 560 279 lego.
613 233 776 267 Neutrum
803 239 868 276 est,
900 233 992 278 quod
1018 244 1038 266 ο
1064 233 1158 266 litera
1185 233 1391 275 terminatur,
1425 238 1456 267 et
1482 244 1548 267 non
1574 238 1685 279 potest
1711 230 1893 278 recipere1⁷
1914 243 1951 274 r,
1982 239 2019 267 ut

79 300 195 329 curro,
229 288 348 332 vigilo,
386 286 526 319 dormio.
584 285 665 318 Eius
698 286 953 331 significationes
987 289 1061 317 sunt
1093 284 1196 327 duae,
1233 290 1289 318 aut
1318 285 1403 318 enim
1439 286 1562 330 agendi
1595 287 1661 319 vim
1694 285 1816 327 habet,
1842 289 1878 318 ut
1904 285 2018 327 sedeo,

79 350 194 379 curro;
222 345 278 371 aut
302 338 468 382 patiendi,
495 341 531 370 ut
550 336 668 381 algeo,
695 337 830 381 vapulo.
859 336 1044 371 Commune
1070 336 1210 369 verbum
1238 340 1302 377 est,
1328 336 1421 379 quod
1441 347 1461 369 r
1480 337 1575 370 litera
1599 338 1806 378 terminatur,
1834 341 1867 369 et
1882 336 2016 381 agendi,

80 396 114 425 et
138 390 287 436 patiendi
314 387 462 433 recipitla
488 388 781 432 significationem,
807 393 842 422 ut
863 388 1017 422 criminor
1037 383 1113 431 te¹⁹,
1144 392 1175 421 et
1198 400 1217 420 a
1244 392 1286 420 te.
1338 387 1517 432 Deponens
1538 394 1594 431 est,
1623 389 1715 433 quod
1742 399 1762 421 r
1783 389 1879 421 litera
1900 388 2017 420 termi-

79 447 191 485 natur,
220 448 252 475 et
277 442 428 485 deposita
450 452 489 472 ea
510 439 665 472 Latinum
693 451 758 473 non
783 445 849 482 est,
881 445 916 473 ut
948 440 1088 483 loquor,
1122 439 1240 473 luctor.
1261 439 1440 482 Deponens
1471 445 1580 474 autem
1607 453 1667 485 per
1677 437 1702 458 ²⁰
1729 440 1934 485 antiphrasin
1961 439 2014 471 di-

80 500 170 528 ctum
192 499 239 526 est
264 498 296 526 et
321 504 383 537 per
407 491 627 532 catachresin,
654 492 748 534 quod
771 502 791 523 r
813 492 940 524 literam
961 487 1060 524 non²¹
1081 490 1239 535 deponat.
1267 490 1373 523 Huius
1394 502 1527 534 quoque
1544 493 1800 538 significationes
1817 496 1889 524 sunt
1911 491 2015 529 duae;

81 551 139 579 aut
161 546 245 578 enim
269 543 392 588 agendi
413 543 477 575 rim
494 542 614 585 habet,
642 548 678 575 ut
707 544 843 586 loquor,
870 548 926 576 aut
953 542 1120 587 patiendi,
1148 548 1184 574 ut
1207 542 1340 574 morior.
1393 543 1529 576 Numeri
1547 545 1724 578 verborum
1748 549 1821 576 sunt
1840 543 1924 575 duo:
1951 543 2017 574 sin-

80 597 220 642 gularis,
242 600 284 632 yut
305 595 405 639 lego;
426 594 580 638 pluralis,
607 599 643 626 ut
668 594 820 639 legimus.
872 595 1019 639 Figurae
1044 594 1192 627 similiter
1221 598 1294 626 sunt
1319 593 1420 626 duae:
1449 595 1602 639 simplex,
1630 601 1665 628 ut
1688 596 1786 639 leg03
1821 594 2017 637 composita,

79 653 116 681 ut
134 649 261 691 relego.
314 645 475 679 Totidem
502 645 612 679 modis
640 657 718 678 vero
749 651 1008 690 componuntur,
1042 651 1124 688 quot
1146 651 1178 678 et
1197 646 1339 680 nomina.
1392 646 1445 678 Ex
1471 646 1600 680 duobus
1619 647 1773 691 integris,
1799 651 1835 678 ut
1856 645 2017 678 describo.

78 700 132 733 Ex
154 700 286 742 integro
310 703 342 731 et
367 702 543 741 corrupto,
576 701 613 729 ut
645 697 774 741 expleo.
828 699 880 730 Ex
910 702 1065 741 corrupto
1096 702 1129 730 et
1155 697 1303 741 integre,
1336 700 1373 729 ut
1403 694 1549 732 efferoffl.
1601 699 1653 731 Ex
1685 697 1816 730 duobus
1844 696 2018 739 corruptis,

78 754 116 783 ut
136 750 289 783 sustineo.
343 749 510 782 Personae
540 749 716 781 verborum
744 753 816 782 sunt
840 753 913 782 tres.
966 749 1094 789 Prima,
1129 760 1215 791 quae
1244 748 1409 791 loquitur,
1443 753 1479 781 ut
1509 749 1598 793 legO.
1651 748 1825 788 Secunda,
1851 747 1895 780 ad
1919 758 2020 790 quam

78 801 247 845 loquitur,
274 804 311 834 ut
329 801 423 845 legis.
477 800 609 842 Tertia,
637 800 680 833 de
702 812 768 843 qua
791 801 955 843 loquitur,
987 805 1022 833 ut
1043 800 1136 845 legit.
1190 799 1449 844 Coniugationes
1474 801 1650 834 verborum
1673 806 1745 834 sunt
1767 805 1844 835 treS.
1895 799 2019 835 Prima,

79 865 165 897 quae
186 852 365 885 indicativo
394 851 517 893 modo,
545 856 697 895 tempore
722 852 903 895 praesenti,
930 863 1071 896 persona
1092 851 1253 891 secunda,
1282 862 1304 883 α
1325 851 1429 884 habet
1454 856 1527 884 ante
1551 863 1585 893 s,
1613 857 1647 884 ut
1677 863 1772 892 amo,
1805 862 1904 883 amas.
1958 850 2020 882 Se-

80 905 190 938 cunda
219 903 428 948 coniugatio,
455 915 540 946 quae
558 900 780 944 indicativo²³‚
807 908 959 947 tempore
981 903 1162 948 praesenti,
1188 914 1331 946 persona
1356 903 1517 939 secunda,
1548 915 1570 935 a
1591 903 1693 936 habet
1718 908 1791 936 ante
1818 914 1851 945 s,
1886 906 1923 934 ut
1945 911 2020 933 mo—

77 967 162 999 neo,
188 966 314 990 mones.
367 955 483 987 Tertia
505 954 714 998 coniugatio,
741 966 827 997 quae
853 955 865 987 i
887 955 990 987 habet
1014 961 1088 988 ante
1108 966 1142 998 S,
1166 960 1201 986 ut
1226 955 1306 998 lego
1332 954 1426 998 legis.
1481 954 1681 999 Coniugatio
1713 955 1821 987 forma
1854 952 2020 996 quaedam

80 1013 146 1050 est,
173 1008 206 1039 in
228 1018 294 1050 qua
313 1006 529 1050 intelligitur,
554 1005 767 1049 promissivus
790 1006 909 1038 modus
933 1007 1105 1049 quomodo
1129 1006 1240 1040 efferri
1265 1006 1396 1038 debeat.
1448 1007 1534 1039 Eam
1559 1007 1743 1049 quaerimus
1765 1006 1797 1037 in
1813 1005 1920 1037 verbis
1937 1004 2020 1037 actim

78 1059 144 1101 vis,
174 1058 397 1098 neutralibus,
429 1068 448 1089 ο
469 1058 563 1089 litera
584 1057 779 1097 terminatis,
806 1058 984 1091 indicativo
1007 1058 1110 1091 modo
1122 1055 1163 1099 ²⁴,
1199 1062 1352 1101 tempore
1381 1057 1560 1101 praesenti,
1588 1069 1728 1101 persona
1753 1056 1916 1095 secunda,
1946 1061 2021 1087 ante

78 1110 289 1143 novissimam
313 1109 451 1141 literam.
504 1109 541 1140 ln
562 1108 692 1152 passivo
714 1114 824 1141 autem
852 1114 884 1142 et
912 1110 1080 1142 communi
1106 1114 1138 1142 et
1163 1109 1361 1153 deponenti,
1397 1121 1483 1152 quae
1508 1120 1528 1141 r
1555 1109 1649 1141 litera
1674 1109 1851 1142 terminan—
1876 1104 2019 1152 [1948]

78 1166 148 1205 tur,
183 1161 304 1194 eodem
334 1159 437 1192 modo
470 1163 502 1192 et
530 1160 650 1192 eodem
683 1165 835 1204 tempore
869 1162 1049 1204 praesenti,
1084 1166 1117 1194 et
1148 1172 1289 1205 persona
1321 1161 1467 1193 secunda
1499 1165 1574 1193 ante
1607 1160 1814 1193 novissimam
1847 1158 2018 1202 syllabam.

78 1213 191 1246 Prima
219 1217 252 1245 et
279 1210 423 1244 secunda
451 1211 644 1255 coniugatio
677 1211 824 1244 futurum
850 1217 997 1256 tempus,
1032 1213 1067 1246 id
1096 1218 1160 1253 est,
1198 1212 1429 1257 promissivum
1453 1212 1592 1244 modum
1625 1212 1754 1244 mittunt
1781 1211 1814 1243 in
1845 1209 1906 1249 bo,
1931 1219 2019 1249 amo,

79 1276 189 1303 amas,
216 1263 353 1301 amab03
379 1273 522 1304 moneo,
557 1273 688 1301 mones,
724 1264 879 1297 monebo.
932 1265 1047 1297 Tertia
1068 1264 1259 1308 coniugatio
1283 1264 1513 1308 promissivum
1536 1263 1675 1296 modum
1698 1264 1731 1295 in
1753 1273 1811 1295 am
1829 1266 1862 1294 et
1891 1260 1932 1293 bo
1954 1260 2021 1303 syl—

77 1315 191 1348 labam
217 1310 365 1352 mittit²⁵;
391 1314 416 1345 si
442 1318 632 1357 'correptam
662 1313 791 1347 literam
815 1315 827 1347 z·
847 1314 1019 1357 habuerit,
1046 1316 1277 1360 promissivum
1313 1311 1486 1348 modum²⁶
1515 1315 1549 1347 in
1573 1326 1633 1348 (tm
1658 1315 1817 1358 syllabam
1843 1312 1955 1353 mittit,
1983 1316 2019 1343 ut

76 1366 177 1412 lego,
204 1366 307 1411 legis,
334 1365 464 1409 legam;
491 1366 617 1406 scribo,
645 1366 775 1407 scribis,
804 1367 955 1400 scribam.
1014 1368 1117 1409 Quod
1140 1368 1165 1400 si
1192 1378 1210 1400 e
1231 1364 1418 1411 correpta²⁷
1441 1366 1558 1407 fuerit,
1596 1367 1628 1399 in
1651 1377 1695 1399 m·
1716 1365 1876 1410 syllabam
1900 1358 2019 1401 ἱεὶοίἱῖθ,

75 1423 113 1451 ut
133 1418 250 1463 legor,
277 1417 419 1461 legeris,
444 1417 549 1461 legar.
604 1416 639 1449 Si
658 1418 823 1461 producta
846 1419 859 1450 ἱ
881 1419 997 1461 suerit,
1024 1419 1258 1466 promissivum
1279 1419 1419 1453 modum
1441 1419 1475 1452 in
1498 1430 1556 1452 am
1579 1423 1611 1452 et
1631 1418 1663 1451 in
1685 1417 1727 1452 bo
1750 1417 1861 1458 iaciet,
1888 1419 1924 1448 ut
1938 1414 2018 1455 scio,

77 1469 158 1512 scis,
183 1469 284 1503 sciam
305 1473 338 1501 et
358 1468 458 1501 scibo.
512 1468 687 1501 Terentius
706 1469 739 1501 in
765 1469 987 1504 Phormione:

302 1518 419 1559 Scies,
446 1519 557 1553 Modo
582 1524 620 1552 ut
646 1523 765 1553 tacere
784 1518 942 1566 110885829.

76 1571 160 1604 ltem
181 1571 213 1604 in
232 1571 629 1604 Heautontimorumeno:

302 1621 386 1655 Iam
410 1623 514 1656 scibis
538 1623 634 1656 cuius
653 1623 701 1656 sis
715 1623 863 1657 coniunx

75 1671 165 1706 Hinc
186 1677 234 1706 est
255 1673 354 1706 etiam
374 1674 458 1706 illud
487 1675 519 1706 in
538 1675 691 1718 Hecyra:

304 1724 438 1758 Matris
457 1725 593 1759 servibo
615 1725 805 1759 commodis
819 1722 853 1758 ³¹.

74 1773 121 1807 Et
142 1774 175 1807 in
196 1774 307 1809 Milite
329 1776 456 1809 Plauti:

300 1827 568 1861 Assentifflzdum
585 1832 651 1871 est,
679 1827 844 1873 quicquid
860 1827 917 1860 hic
932 1820 1172 1860 mentibiturffl.

76 1874 124 1909 Ut
145 1882 254 1910 autem
275 1879 432 1923 sciamus,
459 1880 594 1924 quando
611 1880 643 1912 in
667 1880 812 1914 secunda
836 1890 977 1924 persona
1001 1879 1014 1911 z'
1037 1880 1191 1919 correpta
1215 1876 1270 1906 aut
1290 1871 1457 1917 producta
1483 1872 1539 1915 sit,
1565 1871 1598 1904 in
1618 1871 1817 1916 imperativo
1830 1869 1933 1904 modo
1948 1869 2017 1902 hoc

869 1620 902 1657 30-

1067 2024 1184 2056 reptum
1201 2017 1247 2047 Pe.
1267 2016 1385 2046 Putsch.
1408 2033 1448 2038 —
1471 2015 1519 2053 28)
1543 2016 1613 2045 lecit
1630 2016 1684 2045 Go.
1710 2016 1760 2045 Sic
1786 2015 1942 2055 aliquoties
1961 2024 2014 2043 va-

75 2018 221 2047 Acllvum
241 2025 296 2049 eSl-
314 2037 356 2043 -—-
383 2023 431 2060 17)
453 2023 598 2061 Accipere
618 2023 664 2051 Pe.
682 2022 803 2054 Putsch.
826 2039 867 2044 —
891 2021 935 2057 18)
957 2020 1024 2047 Ae-

1066 2062 1172 2089 riatum
1196 2061 1226 2088 in
1251 2061 1304 2088 Go.
1325 2075 1367 2081 —
1388 2058 1434 2097 29)
1458 2060 1574 2088 Terent.
1596 2058 1714 2087 Phorm.
1736 2059 1759 2095 1,
1783 2062 1812 2095 2,
1838 2062 1866 2090 9.
1887 2068 1947 2096 seq.
1976 2073 2014 2078 —-

75 2063 151 2100 cipit
178 2062 224 2089 Pe.
251 2062 369 2094 l’utsch.
397 2081 439 2087 —
471 2063 515 2105 19)
545 2064 712 2101 Criminor‚
742 2065 902 2093 osculor
927 2068 954 2090 te
975 2063 1022 2093 Pe.

74 2103 196 2132 Putsch.
214 2104 302 2133 Recte
317 2107 455 2135 omissum
471 2108 589 2135 osculor
613 2108 644 2135 in
668 2107 756 2135 Goth.
781 2107 820 2134 De
840 2106 935 2134 activo
957 2106 1024 2132 eri-

75 2148 156 2174 mino
172 2147 208 2175 cf.
226 2147 366 2177 Priscian.
387 2149 470 2185 Vm,
493 2153 521 2185 5,
545 2152 593 2181 25.
617 2149 700 2178 Adde
724 2150 828 2177 Donat.
852 2148 895 2183 11,
923 2149 969 2182 12,
994 2149 1022 2178 5-

73 2203 116 2211 -—
138 2187 186 2227 20)
208 2189 269 2216 Per
284 2190 386 2218 addidi
411 2201 426 2219 e
449 2192 520 2220 cod.
538 2192 590 2220 Go.
626 2208 668 2213 ———
698 2191 746 2228 21)
770 2190 900 2227 Negandi
924 2189 1022 2227 parti-

74 2231 142 2259 cula
166 2231 272 2259 omissa
298 2232 327 2260 in
352 2234 406 2260 Go.
437 2249 480 2255 —
513 2233 559 2271 22)
589 2234 691 2272 Effera
714 2233 819 2271 scripsi
841 2242 855 2260 e
877 2232 930 2259 Go.
963 2232 1021 2267 Os-

68 2274 137 2311 fero
169 2273 215 2303 Pe.
238 2273 357 2303 Pursch.
391 2291 430 2295 ——
459 2278 504 2309 23)
529 2276 563 2303 111
592 2275 761 2303 indicamv
786 2276 839 2302 (ἑο.
862 2274 958 2312 Atque
980 2273 1021 2301 ira

73 2315 176 2355 paullo
195 2321 279 2344 ante:
303 2328 381 2355 qaae
403 2318 442 2344 in
464 2315 631 2345 indicativo
653 2317 750 2345 modo.
773 2332 815 2338 —
847 2319 894 2352 24)
918 2317 953 2344 ln
976 2317 1020 2343 ιἰι-

74 2358 208 2386 dicatis«)
231 2358 318 2387 modo
335 2362 390 2389 Go.
411 2358 498 2387 modo
514 2358 680 2387 indicativo
702 2359 749 2387 Pe.
766 2358 885 2388 Putsch.
907 2375 949 2380 -
967 2361 1018 2395 25)

77 2401 161 2429 Gerit
181 2401 234 2429 Go.
260 2417 298 2423 —
326 2403 374 2440 26)
402 2401 530 2430 Modum
546 2401 648 2430 addidi
669 2411 705 2431 ex
727 2403 780 2430 (ἑο,
804 2418 843 2422 -
872 2401 920 2439 27)
946 2401 1018 2430 Cor-

1065 2119 1107 2124 ——
1134 2101 1192 2140 30)
1215 2103 1281 2131 lam
1311 2102 1404 2130 adieci
1429 2112 1466 2130 ex
1498 2102 1550 2132 Go.
1573 2102 1669 2130 Locus
1697 2102 1818 2131 videtur
1846 2099 2015 2130 memoriter

1067 2146 1184 2174 citatus.
1207 2146 1280 2174 Nam
1301 2145 1379 2183 apud
1402 2145 1466 2173 Ter.
1485 2144 1589 2174 Heaut.
1610 2145 1644 2181 V,
1663 2147 1693 2181 2,
1715 2146 1764 2176 43.
1793 2145 1919 2182 legitur:
1948 2143 2013 2171 Aut

1065 2188 1165 2225 scibis,
1185 2190 1274 2216 cm’ns
1291 2189 1335 2215 sis
1360 2188 1395 2215 de
1421 2191 1512 2226 patre.
1540 2188 1675 2216 Coniux
1698 2187 1745 2217 Pe.
1774 2186 1880 2215 Pusch.
1902 2203 1944 2208 -
1965 2184 2012 2219 31)

1064 2230 1174 2259 Verba:
1193 2231 1279 2258 Illuc
1294 2236 1336 2258 est
1351 2231 1442 2258 eliam
1463 2229 1546 2258 illud
1563 2232 1596 2258 m
1613 2229 1732 2258 exhibet
1749 2230 1802 2258 Go.
1822 2230 1896 2258 Nam
1912 2228 1944 2256 in
1965 2226 2011 2254 Pe.

1062 2273 1184 2310 legitur:
1198 2274 1239 2301 Ec
1255 2275 1288 2301 in
1302 2274 1431 2310 Jquyra.
1443 2272 1474 2300 ln
1484 2272 1605 2301 Putsch.
1622 2274 1662 2300 Et
1671 2273 1801 2309 Heqwu.
1811 2272 1887 2300 Tum
1897 2269 2009 2299 ,Hatris

1062 2315 1162 2344 addidi
1178 2325 1192 2344 e
1205 2316 1260 2345 Go.
1273 2316 1325 2344 ubi
1335 2316 1438 2345 maris.
1457 2315 1552 2344 Locus
1569 2320 1611 2344 est
1625 2315 1691 2343 Ter.
1706 2314 1859 2352 Hecy.11[‚
1870 2314 1898 2348 5,
1907 2312 1956 2343 45-
1966 2324 2010 2353 -ἐ

1060 2357 1105 2398 32)
1116 2360 1155 2387 Et
1171 2360 1202 2386 in
1218 2359 1318 2387 Milite
1327 2357 1467 2387 Plautian·
1481 2357 1668 2386 sentiendum
1679 2357 1731 2385 Go.
1742 2357 1835 2384 Locus
1853 2360 1896 2384 est
1911 2354 2006 2382 Plauti

1060 2400 1121 2430 Mil.
1138 2401 1167 2438 I,
1192 2403 1228 2439 1,
1250 2401 1300 2434 35.
1324 2401 1373 2429 ubi
1396 2400 1509 2430 editur:
1531 2402 1574 2430 Et
1595 2397 1818 2429 assentandum.
