2263 2668
240 85 315 121 354

404 181 436 214 4.
490 180 611 214 Omnia
644 178 776 211 nomina
803 179 936 214 Graeca
970 182 1023 214 vel
1049 181 1183 223 Latina,

938 85 1136 121 PHOCAE
1169 87 1482 123 GRAMMATICI

1229 193 1371 225 quorum
1399 192 1437 214 er
1463 182 1592 225 syllaba
1619 183 1820 228 principium
1847 186 1993 229 obtinet,

2047 187 2182 236 [1723]

241 237 396 276 sequente
422 232 528 264 statim
553 244 579 275 μ
588 257 601 273 ,
636 233 694 262 aut
719 243 758 273 ν,
801 233 857 264 aut
883 243 902 265 c
927 232 1036 266 littera
1046 227 1067 274 ¹,
1101 243 1177 266 cum
1204 233 1402 278 aspiratione
1428 234 1527 268 scribi
1552 235 1746 279 praeposita
1771 239 1937 279 notamus,
1977 242 2012 272 ut
2032 238 2182 287 Ἑρμῆς,

242 284 398 322 Hermes3
432 282 584 328 '‘Epvos,
620 281 769 321 Hernus3
801 280 1019 331 “Ηρακλῆς2,
1055 284 1228 318 Hercules.

404 340 526 375 Omnia
551 341 700 374 similiter
725 352 745 375 ο
770 342 946 385 inchoata,
981 340 1083 376 duas3
1107 350 1322 378 consonantes
1347 354 1388 376 rr
1413 349 1490 388 post
1516 345 1623 390 ipsam
1650 346 1803 380 vocalem
1830 346 2006 390 habentia,
2032 360 2183 394 praepo-

241 395 299 426 sita
321 393 520 436 aspiratione
547 397 641 425 erunt
667 395 934 437 pronuncianda,
975 400 1009 428 ut
1035 395 1165 429 horror.

404 451 526 486 Omnia
558 454 692 485 nomina
720 453 851 488 Graeca
878 467 896 488 e
923 456 1075 489 vocalem
1107 457 1243 489 brevem
1277 455 1310 487 in
1344 454 1452 498 prima
1485 454 1611 498 syllaba
1638 456 1862 500 observantia,
1904 458 2011 491 statim
2034 470 2052 492 e
2075 459 2183 493 littera

241 503 405 546 veniente,
433 505 633 548 aspirantur,
661 509 697 537 ut
715 505 882 549 Helenus,
908 507 1083 550 Helymus.

241 560 273 587 et
294 555 417 597 Elissa,
455 561 488 588 et
513 555 652 600 elephas
678 556 832 590 similiter.

406 613 421 622 -r

1138 507 1311 551 Excipitur
1335 517 1454 538 unum:
1479 506 1565 549 Elis,
1591 507 1715 549 Elidis,
1743 509 1835 552 quod
1863 520 1986 543 nomen
2010 514 2058 543 est
2076 511 2183 550 urbis;

404 626 437 647 a.
491 615 614 648 Omnia
641 628 725 659 quae
751 628 787 650 es
813 618 866 650 vel
893 618 922 651 is
949 618 1003 650 vel
1030 629 1068 651 os
1094 617 1250 651 habentia
1277 613 1428 657 fuerim&
1466 622 1498 650 et
1524 621 1642 661 postea
1664 629 1692 663 11
1720 619 1863 652 litteram
1889 619 2116 662 subsecutam,
2144 630 2183 655 ea

239 677 316 700 cum
344 666 544 711 aspiratione
569 667 760 713 praeposita
786 665 1002 710 scribuntur⁵‚
1040 673 1074 702 ut
1096 670 1285 713 Hesperus,
1322 668 1475 713 hispidus
1501 668 1635 713 hospes.

403 725 524 759 Omnia
552 727 684 761 Graeca
710 730 860 770 nomina,
888 729 915 761 si
940 741 959 761 a
981 730 1087 763 littera
1114 730 1126 762 ἱ
1153 724 1294 763 fueriut⁶
1320 729 1527 773 incipientia,
1555 734 1588 761 et
1611 725 1649 761 εἷ
1669 729 1794 763 vocalis
1817 730 2007 772 subsecuta,
2034 743 2182 776 praepo—

240 778 297 810 sita
325 777 521 822 aspiratione
547 779 686 822 scribas,
718 779 809 814 ut*⁸
835 786 867 813 et
893 779 1011 813 Latina
1038 781 1197 822 similiter,
1234 785 1268 813 ut
1295 779 1409 815 hiems.

241 830 446 862 consonantis
472 830 538 862 vim
565 831 677 874 explet
701 832 733 865 in
759 832 821 865 isto
848 833 991 866 nomine.

1462 780 1682 825 Designatum
1708 786 1757 813 est
1782 776 1905 822 iecur⁹,
1947 781 2025 815 ideo
2052 783 2144 827 quod
2169 785 2182 817 i

403 888 437 924 6.
492 889 613 923 Omnia
640 902 725 934 quae
753 903 772 924 ο
798 892 950 925 vocalem
978 893 1011 924 in
1038 904 1096 925 suo
1124 892 1214 925 initio
1242 891 1431 931 habebunt,
1480 897 1512 924 et
1538 896 1655 936 postea
1678 903 1712 924 m
1735 889 2016 934 semivocalemm,
2054 893 2182 938 aspira-

239 941 362 973 tionem
388 942 614 985 praepositam
641 943 777 987 cupiunt
803 944 836 975 in
862 944 1040 988 scriptura,
1086 950 1121 976 ut
1146 944 1261 977 homo.

1314 943 1534 988 Designatum
1562 948 1609 976 est
1635 955 1744 976 omen.

403 1000 525 1034 Omnia
558 1013 643 1046 quae
675 1008 752 1047 post
779 1015 815 1044 o,
860 1015 882 1036 η
909 1004 1144 1038 semivocalem
1176 1005 1321 1045 habent,
1365 1003 1513 1036 similiter
1539 1004 1741 1048 aspirantur,
1782 1008 1818 1037 ut
1843 1003 2030 1045 Honorius,
2072 1004 2181 1039 honos

240 1050 456 1096 Designatum
483 1058 534 1086 est
560 1065 659 1096 onuS,
698 1051 742 1089 τό
769 1052 964 1101 φορτιόνῃ.

402 1111 523 1146 omnia
556 1124 642 1156 quae
673 1120 751 1158 post
777 1126 800 1147 a
826 1115 977 1148 vocalem
1004 1115 1036 1148 in
1062 1115 1227 1159 principio
1253 1115 1392 1148 nominis
1421 1115 1566 1148 locatam
1593 1125 1613 1146 r
1640 1125 1740 1147 unam
1765 1119 2000 1148 consonantem
2025 1115 2182 1150 habentia

239 1162 376 1203 fuerint,
419 1175 442 1197 α
465 1161 573 1197 eam¹²
596 1166 754 1210 aspirant,
798 1172 832 1199 ut
852 1166 994 1207 harena,
1040 1167 1215 1211 haruspex.

239 1214 357 1247 Aratus
369 1211 403 1250 ¹³.

1278 1167 1514 1211 Excipiuntur:
1555 1177 1629 1207 ara,
1662 1166 1777 1205 arista;
1819 1170 1852 1199 et
1873 1166 2023 1200 Graeca:
2064 1168 2179 1212 Arion,

402 1273 435 1309 7.
490 1274 612 1309 Omnia
638 1288 724 1320 qnae
750 1284 827 1321 post
850 1287 907 1318 or,
940 1281 954 1310 t
980 1283 1104 1310 mutam
1131 1278 1271 1320 habent,
1309 1276 1421 1310 dasian
1447 1277 1673 1321 praepositam
1700 1272 1880 1321 cupiunt¹⁴,
1914 1282 1950 1309 ut
1972 1277 2179 1319 Hortensius,

238 1323 364 1360 hortor.

417 1326 636 1371 Designatum
663 1334 710 1361 est
737 1334 842 1371 ortus,
878 1326 1083 1376 d2·arotvj¹⁵,
1119 1329 1321 1363 discretionis
1348 1341 1460 1364 caussa
1486 1334 1627 1374 propter
1653 1328 1786 1370 hortus,
1814 1326 1834 1363 ὁ
1856 1327 1972 1371 κῆπος.

403 1384 526 1419 Omnia
551 1389 686 1421 nomina
714 1389 845 1423 Graeca
872 1393 948 1433 post
969 1401 987 1422 e
1008 1389 1160 1422 vocalem
1181 1401 1200 1422 c
1224 1395 1349 1422 mutam
1375 1388 1532 1421 habentia
1560 1389 1761 1432 aspirantur,
1797 1392 1832 1420 ut
1854 1387 1993 1422 Hector.

402 1445 525 1479 Omnia
557 1449 689 1481 nomina
716 1449 835 1482 Latina
868 1454 947 1493 post
970 1450 981 1482 i
1004 1450 1153 1482 vocalem
1182 1449 1202 1481 b
1225 1454 1349 1481 mutam
1382 1449 1557 1489 habentia,
1597 1448 1794 1493 aspiratione
1818 1449 2011 1493 praeposita
2045 1446 2178 1495 [1724]

238 1494 466 1538 proferuntur,
495 1504 530 1531 ut
555 1499 728 1542 hibernus,
756 1501 899 1533 Hiberus
911 1497 943 1535 ¹⁶.

995 1501 1214 1545 Designatum
1241 1506 1289 1534 est
1315 1500 1379 1542 ibi,
1413 1501 1616 1533 adverbium.

402 1556 524 1591 Omnia
555 1570 641 1602 quae
668 1572 687 1593 a
712 1561 816 1594 verbo
852 1560 962 1593 habeo
974 1556 997 1576 ¹⁷
1023 1559 1228 1602 derivantur,
1278 1572 1317 1593 ea
1349 1572 1426 1594 cum
1460 1560 1658 1604 aspiratione
1685 1559 1875 1604 praeposita
1901 1559 2086 1593 scribuntur
2097 1554 2122 1576 ¹⁸
2143 1565 2179 1593 ut

240 1604 380 1640 habitus.
433 1610 589 1643 Similiter
615 1616 647 1644 et
673 1613 874 1657 composita:
904 1608 1117 1657 prohibeam.

401 1668 523 1702 Omnia
555 1683 642 1714 quae
672 1677 750 1716 post
776 1683 815 1705 er
841 1672 1003 1716 syllabam
1034 1671 1054 1704 b
1082 1676 1207 1705 mutam
1241 1676 1433 1714 sequentem
1467 1671 1608 1712 habent,
1652 1682 1690 1704 ea
1718 1682 1794 1704 cum
1820 1670 2018 1714 aspiratione
2044 1674 2177 1705 antece—

242 1714 337 1750 dente
363 1722 592 1765 proferuntur,
629 1728 664 1756 ut
684 1724 799 1757 herba.

259 1887 263 1892 ,
328 1850 352 1891 Ῑγ)
375 1863 409 1886 μ,
433 1860 459 1881 et
472 1866 489 1884 ν
506 1862 559 1883 aut
575 1865 591 1885 6
606 1857 708 1884 littera
724 1857 754 1886 P.
798 1856 875 1884 Male
898 1861 926 1885 et
947 1861 1050 1884 contra
1066 1860 1185 1884 senten-

243 1892 312 1935 tlau}
328 1891 524 1926 Grammatici.
569 1899 659 1928 Recte
679 1900 750 1927 Gu.:
780 1912 814 1937 μ,
845 1905 900 1926 aut
923 1911 939 1928 v
960 1904 1015 1926 aut
1040 1910 1054 1926 c
1072 1899 1090 1926 l.
1114 1908 1187 1936 quae

243 1929 320 1977 t—lcdl-
343 1947 383 1953 -
405 1935 432 1973 Ξ)
451 1938 589 1968 Graecam
607 1952 636 1971 v.
655 1953 691 1970 ex
708 1942 761 1970 Gu.
781 1941 883 1970 adieci.
910 1958 943 1961 —
970 1943 999 1977 3)
1026 1941 1187 1969 lneolzata

243 1982 282 1999 ιη
297 1971 376 2020 ‹illm-3
392 1976 420 2003 P.
444 1979 547 2009 Veram
564 1985 740 2022 scripturam
757 1988 785 2012 et
801 1984 955 2012 lectionem
970 1984 1118 2022 praestitit
1132 1984 1187 2011 Gu.

242 2030 283 2035 -
300 2020 326 2063 ¹3)
347 2016 471 2047 Fuerint
486 2023 618 2058 sillabas
635 2028 663 2054 P.
682 2027 828 2065 posterius
845 2037 871 2054 v.
887 2028 1002 2063 ignorat
1017 2027 1072 2055 Gn.
1095 2043 1137 2047 —-
1158 2029 1185 2060 5)

244 2058 428 2106 tS'erzbf‘ntur
446 2063 476 2090 P.
499 2080 539 2084 --
561 2067 590 2102 6)
615 2070 646 2094 St·
663 2070 673 2095 i
692 2070 780 2096 litera
797 2070 915 2105 fuerint
931 2070 961 2097 P.
987 2086 1026 2090 —-
1050 2072 1080 2102 7)
1107 2069 1188 2097 ffel&

245 2101 357 2149 ιὀσσζω·
372 2102 399 2130 Ρ.
415 2102 470 2132 Gu.
498 2106 606 2144 Scripsi
624 2115 647 2135 cl
665 2110 699 2138 de
713 2112 891 2140 coniectura,
906 2129 947 2132 —
963 2115 988 2145 8)
1006 2112 1186 2139 Asteriscum

245 2152 346 2180 posui,
376 2150 409 2173 ut
426 2146 560 2176 lacunam
578 2150 786 2188 significarem,
816 2164 890 2191 quae
907 2154 934 2181 in
951 2155 1022 2183 Cod.
1037 2155 1091 2182 Gu.
1108 2155 1186 2182 inte-

244 2194 325 2221 gram
353 2196 445 2226 paene
473 2189 579 2218 lineam
609 2192 728 2221 obtinet.
773 2196 919 2224 Credibile
946 2203 1006 2233 est,
1044 2197 1186 2235 scriptum

245 2227 348 2257 fuisse:
378 2234 413 2257 ut
430 2229 514 2270 Ἱερά
525 2244 655 2271 νυμος,
682 2235 892 2272 Ilietvnjnms.
930 2240 969 2266 El
984 2241 1102 2267 Lalc'nsz
1119 2241 1186 2267 sim.

245 2286 283 2291 —
306 2272 334 2305 9)
357 2271 437 2300 lecor
451 2274 505 2302 Gu.
544 2275 683 2314 Sequitur
699 2276 805 2304 iterum
822 2279 941 2314 lacuna,
970 2281 998 2308 in
1017 2284 1099 2309 cuius
1116 2292 1186 2320 spa-

246 2313 291 2340 cio
309 2315 449 2344 credibile
465 2320 508 2345 est
522 2318 666 2346 Graecum
683 2319 861 2347 vocabulum
879 2319 910 2349 τὸ
928 2318 1006 2359 ἧπαρ
1021 2323 1186 2352 exhibitum

246 2355 349 2392 fuisse,
379 2359 461 2387 cuius
476 2365 564 2388 restat
580 2361 737 2397 articulus3
767 2371 942 2398 quamquain
964 2363 1066 2391 lacuna
1084 2367 1185 2403 paullo

1230 1855 1351 1892 longior.
1395 1856 1469 1884 Tum
1490 1857 1517 1883 st
1541 1866 1618 1883 cons.
1643 1855 1699 1883 Gu.
1730 1870 1770 1877 —
1803 1857 1846 1888 10)
1876 1854 2048 1891 Sequuntur
2068 1855 2099 1882 in
2119 1855 2176 1885 Gu.

1229 1897 1313 1926 haec:
1344 1897 1453 1925 habent
1474 1899 1614 1925 similiter
1634 1899 1828 1936 aspirantur,
1857 1902 1891 1923 ut
1904 1896 2049 1924 honorius
2064 1897 2175 1933 lzonooj

1230 1940 1281 1968 sed
1305 1941 1471 1979 perscripta
1493 1946 1561 1969 sunt
1583 1946 1611 1969 et
1629 1941 1704 1969 infra
1725 1949 1778 1967 suo
1795 1939 1862 1967 loco
1875 1943 2043 1969 recurrunt.
2063 1955 2106 1961 --
2129 1942 2175 1977 11)

1230 1984 1375 2012 Graecum
1395 1993 1423 2012 v.
1441 1983 1588 2011 adiectum
1606 1994 1642 2011 ex
1657 1983 1728 2012 Cod.
1747 1982 1801 2010 Gn.
1822 1996 1863 2002 ——
1890 1985 1933 2016 12)
1955 1992 1971 2010 r
1986 1991 2052 2009 eam
2066 1991 2130 2020 asp.
2145 1981 2175 2010 Ρ.

1230 2026 1285 2056 Gu.
1325 2026 1435 2064 Scripsi
1460 2036 1478 2053 (ι
1500 2036 1562 2053 eam
1584 2036 1650 2064 asp.
1676 2026 1712 2054 de
1734 2024 1809 2053 coni.
1838 2041 1876 2045 —
1908 2026 1951 2057 13)
1978 2023 2097 2052 Arator
2118 2024 2174 2053 Gu.

1230 2067 1318 2096 Haud
1341 2068 1428 2097 dubie
1452 2068 1562 2096 Graece
1585 2069 1730 2107 scriptum
1752 2068 1817 2095 suit.
1839 2082 1882 2088 -—
1905 2065 1949 2103 14)
1976 2066 2123 2105 Cupiunt
2141 2065 2174 2096 P.

1229 2111 1344 2139 Diserte
1374 2112 1513 2149 cupiunt
1541 2111 1571 2139 in
1593 2112 1648 2140 Gu.
1687 2128 1724 2132 ——
1762 2110 1808 2146 15)
1836 2108 1948 2138 Graeca
1977 2119 2040 2138 vox
2061 2119 2078 2138 e
2101 2107 2172 2137 cod.

1231 2154 1286 2182 Gu.
1305 2153 1427 2182 adiecta.
1471 2154 1544 2182 Tum
1563 2154 1604 2182 sic
1621 2153 1718 2192 pergit
1735 2153 1779 2181 P.:
1808 2152 1828 2179 ll
1851 2151 2041 2180 discretionis
2063 2159 2173 2179 caussa

1230 2197 1344 2224 amitiit
1359 2202 1482 2234 propter
1505 2196 1535 2225 ln.
1582 2196 1688 2224 Veram
1716 2195 1874 2224 lectionem
1901 2194 2039 2233 praebuit
2059 2193 2114 2221 Gu.
2138 2190 2171 2219 in

1229 2248 1288 2277 quo
1312 2238 1398 2267 etiam
1415 2238 1432 2269 ό
1448 2241 1559 2277 κῆπος,
1590 2239 1669 2276 quod
1693 2248 1749 2266 om.
1772 2238 1802 2266 in
1817 2238 1846 2266 P.
1875 2251 1918 2259 -···
1945 2236 1992 2273 16)
2013 2232 2170 2273 hybernus]

1228 2281 1355 2319 hyberna·
1368 2281 1423 2310 Gu.
1453 2297 1494 2304 —·
1526 2281 1571 2318 17)
1594 2281 1725 2309 Aves-bo
1745 2280 1839 2308 habet
1861 2279 1918 2307 Gu.
1948 2292 1990 2299 -
2015 2275 2061 2312 18)
2084 2276 2170 2303 86Γί-

1229 2324 1347 2352 beatur
1361 2324 1392 2354 P.
1422 2340 1463 2345 —
1494 2326 1536 2361 19)
1560 2324 1706 2351 Similiter
1727 2329 1753 2350 et
1769 2321 1979 2360 compositum
1997 2317 2170 2355 prohibe-

1227 2372 1298 2393 tur.
1320 2366 1375 2395 Gu.
