2263 2668
235 170 309 205 706
657 162 1001 197 COMMENTARH
1026 164 1073 196 IN
1101 162 1246 197 PAULI
1271 162 1467 197 DIACONt
1492 163 1747 199 EXGERPTA

234 262 374 294 Maecien.
395 261 426 288 in
448 258 523 286 libro
547 255 582 282 de
605 264 678 282 asse.
699 254 788 284 Ant.
807 254 899 294 Aug.
935 255 1026 293 quue
1049 266 1064 282 a
1088 255 1190 284 Servio
1211 264 1279 293 rege
1302 266 1396 295 usqne
1419 256 1456 284 ad
1479 256 1608 295 primum
1630 257 1741 286 bellum
1765 256 1920 284 Punicum.
1951 257 1990 285 At
2013 268 2103 296 quum
2126 260 2175 288 de-

234 306 333 335 narius
355 301 478 332 sedecim
502 297 614 325 assibus
638 297 787 325 aestimari
809 302 934 336 coeptus
957 303 1001 326 est
1023 298 1101 326 bello
1127 299 1236 326 Punico
1266 300 1377 337 primu,
1416 304 1487 326 tunc
1515 300 1666 328 sestertius
1693 304 1821 338 quatuor
1843 299 1955 328 assibus
1978 305 2174 338 permutatus.

234 347 376 377 Deum-ius
400 344 482 381 prior
504 345 533 368 et
556 340 653 368 minor
676 340 734 368 suit
756 341 864 368 assium
888 342 1004 377 deceni,
1029 340 1086 368 hoc
1110 347 1151 369 est
1168 341 1386 370 Turonicorum
1410 341 1599 370 denariorum
1622 343 1751 371 duorum
1776 352 1864 380 supra
1887 342 2097 380 quadraginta,
2123 353 2177 373 seu

233 390 393 419 solidorum
421 389 590 412 nostrorum
619 384 708 411 trium
739 393 774 411 ac
802 383 943 420 semissis3
980 384 1132 412 sestertius
1160 384 1258 412 minor
1281 384 1502 412 denariolorum
1526 385 1744 413 Turonicorum
1767 385 1869 413 decem
1891 390 1920 412 et
1943 385 2023 414 oboli
2046 386 2176 415 circiter.

232 430 376 460 Denarius
406 437 478 455 vero
509 427 604 454 maior
632 430 660 453 et
690 425 837 463 posterior
865 426 921 454 suit
944 426 1052 454 assium
1076 426 1220 462 sedecim,
1256 426 1314 455 hoc
1338 433 1381 455 est
1403 428 1621 455 Turonicorum
1645 427 1865 456 denariolorum
1889 428 2041 465 sexaginta
2063 434 2176 467 septem

232 479 258 501 et
281 472 400 511 quintae
423 470 526 497 unius:
561 468 714 496 sestertius
737 468 831 496 maior
853 469 963 496 assium
987 473 1133 507 quatuor,
1162 469 1373 497 Francicorum
1397 469 1616 498 denariolorum
1638 470 1768 499 sedecim
1791 474 1820 498 et
1842 469 2013 508 quintarum
2035 475 2174 508 quatuor.

229 516 320 544 Dac.
350 513 393 541 Cf.
415 512 548 540 Gronov.
573 510 608 538 de
632 510 756 549 pecunia
782 516 880 539 vetere
903 521 967 549 pag,
982 512 1012 542 4.
1030 528 1063 532 —-
1085 512 1153 539 Post
1176 521 1203 540 v.
1218 511 1369 540 Sestertius
1392 512 1421 539 in
1445 512 1538 541 Paulli
1562 513 1696 551 Epitome
1719 517 1886 551 sequuntur
1908 512 1994 551 plura
2016 513 2174 551 vocabula,

230 567 305 595 quae
327 556 358 585 in
382 554 562 593 Fragmentis
584 553 661 581 Festi
684 553 907 588 desiderantum
930 555 1007 582 unde
1032 554 1222 591 intelligitur,
1247 555 1379 582 lacunam
1403 565 1465 583 esse
1489 555 1568 593 apud
1591 555 1708 584 Festum
1731 556 1793 584 fere
1816 555 1902 583 unius
1925 555 2071 593 plagulae.

392 597 466 626 Sex
488 595 658 625 millium.
704 596 847 624 Romulus
870 596 1014 633 legionem
1037 597 1166 625 instituit
1189 596 1341 625 hominum
1358 597 1473 632 MMM.;
1496 598 1614 635 regibus
1632 598 1732 627 eiectis
1749 598 1806 626 suit
1820 597 1965 633 MMMM„
1989 608 2051 626 eam
2072 603 2173 637 postea

227 641 339 671 Marius
369 650 435 668 cum
465 640 495 667 in
524 639 711 677 provinciam
736 638 901 667 Numidiam
931 639 1003 675 iret,
1039 649 1091 667 sex
1121 639 1246 668 millium
1277 645 1306 668 et
1334 640 1530 668 ducentorum
1561 640 1714 669 hominum
1738 640 1926 678 conscripsit.
1968 640 2003 668 In
2025 641 2174 669 veteribus

228 690 324 713 tamen
348 684 426 721 legas
450 688 514 710 ante
538 681 661 708 Marium
685 686 786 709 auctas
815 681 984 720 saepissime
1013 682 1160 719 legiones,
1199 682 1250 710 sed
1279 682 1310 710 id
1335 687 1398 710 tuni
1422 683 1660 712 extraordinarie
1683 684 1794 712 sactum
1817 683 1909 711 fuisse
1931 682 2097 721 putandum
2118 688 2174 719 est,

228 732 256 756 et
278 725 450 755 necessitate
474 723 571 762 aliqua
595 723 744 752 suadente.
770 723 856 755 Dae.
892 724 934 752 Cf.
961 722 1080 753 Creuzer
1103 725 1183 753 Autt·
1208 726 1291 756 Rom.
1315 727 1462 763 pag.282.
1486 727 1558 757 290.
1574 736 1633 765 seq.
1657 731 1685 755 et
1707 726 1749 754 ibi
1771 726 1876 754 citatos
1899 734 1948 755 vv.
1971 724 2022 756 dd.

391 765 509 795 Sibus.
556 766 628 794 Vide
650 765 793 795 Per-sibus.
837 766 926 796 Dae.

390 808 452 837 Sic
479 816 657 837 versantu
680 831 686 837 .
713 831 720 838 .
745 831 752 838 .
778 831 785 838 .
818 809 984 843 (Pertinent
1007 808 1081 837 haec
1104 809 1140 837 ad
1164 819 1229 839 voc.
1255 807 1383 845 Sucula,
1413 810 1450 838 ad
1473 812 1609 849 pp.243.
1635 816 1663 840 et
1687 812 1773 847 671.)
1802 811 1899 838 Locus
1928 809 2058 838 difficilis
2079 811 2174 839 inter-

225 856 338 891 pretem
361 851 518 879 desiderat.
547 851 632 879 Ant.
656 850 748 890 Aug.
791 851 878 879 Haud
904 851 994 879 dubie
1018 857 1061 879 est
1083 852 1280 890 fragmentum
1301 851 1337 880 de
1359 853 1484 888 sucula,
1523 854 1601 891 quod
1626 858 1669 882 est
1691 854 1803 891 lignum
1825 853 2072 881 transversarium
2095 857 2173 881 teres

224 895 365 932 utrinque
393 893 532 932 capitulis
562 892 723 922 cardinatis
752 894 781 921 in
811 894 870 921 duo
900 894 1060 922 arrectaria
1084 894 1265 930 immissum,
1302 895 1483 933 paxillisque
1506 901 1673 931 versatum,
1711 897 1790 924 cirea
1813 895 1894 933 quod
1918 895 2070 924 ductarius
2092 895 2173 924 funis

224 937 355 966 volvitur
378 936 414 964 ad
438 935 619 965 sustollenda
644 941 695 965 aut
718 936 865 964 molienda
889 947 991 972 onera,
1016 941 1049 965 ut
1070 937 1187 976 lapides
1211 942 1239 965 et
1261 937 1327 965 alia.
1372 938 1412 967 De
1435 938 1545 966 Sucula
1569 939 1656 967 etiam
1680 938 1752 966 alibi
1775 938 1918 976 loquitur.
1963 935 2066 966 Scal.

388 977 466 1007 Secl.
513 978 597 1006 Docti
625 979 682 1007 viri
711 980 868 1007 emendant
890 978 942 1016 Se,
981 979 1048 1017 quia
1076 980 1188 1008 scilicet
1215 978 1356 1008 videbant
1377 992 1406 1009 se
1429 979 1498 1009 dolo
1521 979 1601 1010 malo
1625 981 1693 1010 dici.
1740 981 1850 1010 Verum
1873 985 1968 1009 tamen
1990 984 2021 1008 et
2041 978 2094 1009 sed
2115 990 2172 1019 pro

222 1021 284 1050 sine
303 1025 418 1050 veteres
442 1020 588 1051 dicebant.
634 1021 724 1049 Cuius
751 1021 794 1049 rei
824 1021 912 1050 fidem
943 1022 1047 1050 fecerit
1076 1022 1271 1051 vetustissima
1301 1022 1366 1057 lex,
1404 1033 1478 1061 quae
1510 1028 1592 1052 extat
1617 1024 1648 1052 in
1670 1023 1854 1052 Bibliotheca
1879 1022 1982 1060 Regia:
2018 1021 2056 1051 Ei
2073 1023 2171 1062 primo

222 1074 334 1103 quoque
357 1062 403 1092 die
425 1071 602 1103 quaestorem
627 1063 735 1092 soluere
757 1063 870 1100 iubeto,
910 1072 1100 1104 quaestorque
1126 1076 1189 1093 eam
1217 1066 1373 1104 peqzmz'am
1404 1066 1444 1093 eis
1471 1064 1522 1094 sed
1542 1065 1658 1107 fraude
1684 1078 1738 1095 sua
1766 1064 1880 1095 solvito.
1927 1065 1999 1093 [tem
2028 1065 2056 1092 in
2086 1065 2172 1093 colu-

221 1116 289 1134 mna
315 1106 421 1134 Duillia
447 1116 562 1144 semper
585 1106 693 1143 legitur
714 1105 814 1142 aliod,
838 1105 951 1142 marid,
977 1105 1149 1136 dictatored.
1188 1107 1260 1135 Vide
1283 1107 1312 1135 in
1337 1107 1421 1136 Suad
1443 1107 1500 1136 ted.
1543 1109 1643 1144 Quare
1668 1108 1742 1137 nihil
1767 1108 1950 1137 mutandum.
1994 1107 2085 1136 Dae.

386 1147 536 1179 Sibina.
582 1149 684 1176 Melius
710 1148 827 1188 Sibyna.
868 1148 1010 1187 Hesych.:
1039 1149 1173 1188 Σιβύνη,
1197 1147 1291 1179 ὅπλον
1314 1148 1417 1189 δόρατι
1439 1148 1659 1188 παραπλήσιον.
1698 1152 1794 1180 Gloss.
1818 1150 1923 1188 Cyrilli
1947 1146 2062 1189 Σιβύνη
2085 1160 2171 1179 vena-

220 1189 338 1227 bulum,
369 1196 397 1219 et
421 1190 516 1220 Gloss,
543 1190 658 1218 Philox.
703 1190 902 1228 Vocabulum,
927 1189 1045 1230 σιβύνη.
1081 1192 1157 1220 Male
1180 1192 1248 1220 edit.
1272 1191 1398 1231 σηβήινη.
1422 1192 1510 1222 Dae.
1549 1192 1671 1233 Illyrici.
1710 1194 1799 1232 Lege:
1831 1191 1947 1231 lllyrici
1970 1198 2078 1221 restant
2100 1193 2171 1222 sicis

219 1232 384 1273 sibynisque
397 1231 553 1272 foclantes.
585 1233 657 1261 Vide
672 1232 794 1273 fodore.
816 1232 923 1262 Idem.
956 1235 1088 1262 Fortasse
1111 1235 1140 1262 id
1165 1235 1214 1262 teli
1238 1245 1344 1272 genus,
1369 1235 1450 1274 quod
1466 1236 1541 1265 Gell.
1557 1236 1594 1265 X.
1613 1247 1638 1265 c.
1651 1239 1701 1269 25.
1725 1235 1856 1266 scibones
1879 1239 2040 1273 nuncupat.
2064 1232 2169 1264 Goth.

383 1273 612 1304 Sediculum.
658 1276 682 1304 Α
706 1275 774 1304 sede
798 1272 1034 1314 ὑποκοριστικῶς
1057 1277 1231 1305 sediculum.
1276 1277 1364 1307 Dac-

383 1315 617 1347 Sudiculum.
664 1319 773 1346 Forsan
797 1318 1009 1347 diminutivum
1033 1330 1047 1347 a
1071 1318 1165 1348 sudes.
1210 1320 1287 1348 Male
1311 1321 1361 1357 qui
1382 1318 1562 1350 sedaculum.
1608 1319 1696 1350 Dac.

383 1359 581 1388 sectarius
603 1371 750 1390 vervex.
795 1361 888 1396 Quasi
912 1367 1009 1390 sectae
1033 1362 1186 1400 princeps,
1218 1362 1287 1400 quia
1310 1372 1424 1400 gregem
1448 1363 1539 1393 ducit.
1583 1363 1680 1391 Plaut.
1702 1364 1785 1401 Capt.
1808 1360 1879 1402 (IV,
1904 1365 1937 1398 2,
1960 1359 2044 1402 40.):

798 1402 856 1441 Qui
875 1405 991 1441 petroni
1013 1415 1117 1432 nomen
1140 1403 1264 1432 induunt
1286 1405 1396 1433 verveci
1417 1406 1552 1434 secter-io.

219 1442 303 1473 Dae.
337 1443 396 1474 Sed
419 1443 488 1473 vide
512 1447 640 1484 interpp.
664 1444 702 1473 ad
725 1445 819 1473 Plauti
843 1446 942 1475 locum
965 1457 989 1475 c.
1014 1447 1065 1485 qui
1089 1457 1241 1475 vervecem
1264 1447 1448 1485 intelligunt,
1471 1448 1519 1475 cui
1541 1447 1653 1476 exsecti
1674 1451 1746 1475 sunt
1768 1445 1907 1475 testiculi.

381 1486 626 1527 Secespitam.
672 1487 745 1515 Vide
768 1488 853 1516 infra.

381 1528 595 1559 Sicilicum.
641 1530 763 1558 Frustra
791 1531 819 1558 in
848 1531 1004 1569 peregrino
1034 1530 1127 1558 verbo
1151 1531 1282 1559 Latinam
1313 1531 1522 1570 etymologiam
1551 1531 1685 1560 rimatur.
1732 1531 1783 1558 Est
1810 1530 1887 1558 enim
1916 1530 2034 1568 Syrum.
2065 1527 2166 1559 Scal.

217 1569 332 1605 Quarta
356 1580 424 1610 pars
447 1573 560 1600 unciae.
597 1572 733 1600 Budaeus
756 1573 786 1600 in
809 1573 859 1602 lib.
884 1574 919 1601 de
943 1583 1022 1601 asse:
1047 1573 1115 1600 Post
1139 1572 1212 1601 haec
1235 1574 1369 1612 sequitur
1390 1573 1545 1611 drachma,
1569 1578 1674 1602 octava
1697 1583 1765 1611 pars
1786 1573 1907 1608 unciae,
1931 1581 2007 1610 quae
2028 1571 2095 1610 ipsa
2115 1581 2168 1609 ge-

216 1612 327 1641 minata
349 1614 498 1642 sicilicum
523 1614 621 1644 efficit.
668 1614 806 1643 Sicilicus
829 1615 864 1643 ab
888 1615 1020 1644 Hebraeo
1043 1614 1137 1655 secli-el
1157 1612 1261 1655 (Spin)
1284 1615 1383 1644 siclus.
1429 1615 1518 1646 Duc.

379 1655 632 1686 secessiones.
678 1659 795 1692 Secere,
830 1658 944 1686 dicere:
981 1658 1106 1694 Inseque
1129 1654 1213 1686 musa
1234 1654 1329 1687 ritum
1353 1663 1516 1689 versutum.
1562 1658 1662 1686 Livius
1686 1657 1874 1685 Andronicus
1897 1655 2043 1695 principio
2066 1655 2167 1694 Odys-

216 1705 289 1725 seae.
322 1696 417 1727 Scal.
464 1699 536 1728 Vide
560 1709 648 1737 supra
674 1698 804 1739 Inseque.
844 1700 955 1728 Glossis
978 1701 1094 1740 inseque
1117 1701 1195 1737 εἷ’πε,
1227 1706 1256 1729 et
1278 1701 1374 1730 inseco
1398 1712 1495 1730 narro.
1530 1699 1633 1730 Goth.
1677 1701 1842 1728 Numerosa
1871 1703 1914 1726 est
1936 1709 1970 1727 ac
1991 1708 2045 1737 per
2068 1708 2168 1727 omnes

217 1747 366 1768 sermones
388 1740 647 1779 Indogermanicos
671 1747 832 1780 propagata
856 1735 1015 1771 verborum
1038 1743 1196 1780 prosapia,
1220 1753 1296 1781 quae
1319 1743 1348 1773 h.
1368 1744 1386 1771 l.
1410 1755 1425 1771 a
1448 1744 1550 1772 Paullo
1573 1743 1714 1780 tangitur.
1757 1742 1867 1770 Subest
1889 1741 2024 1769 omnibus
2045 1740 2168 1779 reliquis

217 1780 363 1810 Sanscrita
387 1783 473 1812 radix
494 1784 535 1812 ἇῘι
558 1784 619 1812 sive
644 1783 690 1812 ἅΙι.
725 1784 768 1812 Ab
791 1795 824 1813 ea
848 1785 985 1824 proxime
1009 1785 1161 1813 descendit
1178 1786 1350 1814 Latinorum
1371 1787 1435 1821 aio,
1464 1796 1529 1815 cum
1554 1796 1613 1824 quo
1637 1790 1719 1814 arcte
1742 1784 1882 1813 cohaeret
1898 1783 2066 1812 Gothorum
2088 1781 2167 1819 aileu,

219 1822 298 1860 dico,
322 1826 369 1853 cui
393 1826 566 1864 proximum
590 1831 634 1855 est
659 1826 830 1855 Latinorum
853 1839 934 1863 seco,
958 1839 1079 1867 sequor,
1104 1829 1224 1866 quicum
1249 1829 1387 1857 convenit
1412 1830 1624 1857 Germanorum
1648 1839 1749 1867 sugeri,
1771 1838 1892 1866 zeggen3
1922 1825 2102 1855 conserenda
2124 1830 2168 1854 est

220 1864 302 1893 etiam
327 1868 495 1897 Latinorum
521 1868 611 1907 Saga.
658 1869 783 1897 Maxime
807 1876 953 1898 ren-notum
977 1875 1020 1898 est
1044 1871 1225 1899 Graecorum
1250 1871 1328 1906 ἒπω,
1362 1871 1447 1908 ebroe,-
1480 1871 1530 1899 sed
1555 1870 1802 1910 quemadmodum
1827 1873 1960 1905 constat,
1984 1869 2166 1897 Graecorum

219 1904 294 1941 ἕπω,
322 1908 426 1947 ἕπομαι
448 1912 466 1940 i.
487 1921 510 1940 e.
535 1909 713 1947 ἀκολουθοῖ,
745 1917 773 1940 et
796 1912 969 1941 Latinorum
991 1924 1096 1952 sequor
1118 1923 1179 1941 esse
1203 1914 1426 1950 cognatisshna,
1462 1914 1503 1942 ita
1528 1924 1582 1942 nec
1605 1913 1728 1941 dubium
1752 1923 1814 1941 esse
1836 1917 1935 1950 potest
1957 1911 2029 1942 ἒπω
2051 1915 2080 1940 et
2099 1921 2167 1940 seeo

220 1952 248 1974 et
269 1959 353 1988 sager:
377 1962 437 1981 esse
466 1954 553 1982 verba
584 1955 716 1982 eiusdem
745 1955 876 1990 originis.
924 1956 945 1983 Α
968 1965 1033 1983 seco
1057 1960 1099 1983 est
1120 1967 1272 1992 secessere,
1312 1956 1561 1993 desiderativum,
1598 1955 1679 1984 unde
1701 1956 1821 1984 secessio
1843 1955 1862 1984 i.
1883 1964 1911 1992 q.
1935 1954 2077 1984 narratio.
2119 1952 2165 1981 Cf.

219 1996 337 2027 praeter
361 1994 433 2022 alios
458 1996 488 2025 Α,
513 1996 640 2024 Gellium
664 1997 696 2025 N.
722 1997 755 2026 A.
779 1997 893 2032 XVIII,
917 2000 947 2028 9.
972 1997 1074 2035 ibique
1097 1998 1227 2036 interpp.

383 2034 577 2068 Sicilices.
622 2039 816 2068 scribendum
841 2039 946 2068 Siciles
968 2050 1006 2068 ex
1033 2041 1063 2070 A.
1091 2041 1165 2068 Gell.
1189 2041 1229 2068 lib
1252 2042 1289 2069 X.
1313 2051 1376 2079 cap,
1391 2043 1442 2071 20.
1466 2039 1569 2070 Fulv.
1595 2039 1674 2070 Urs.
1711 2039 1912 2067 Glossarium:
1936 2036 2045 2074 Sicula,
2067 2038 2165 2077 σμίλα,

219 2071 371 2121 defi-rihw-
409 2077 547 2115 Sit-ilum,
574 2079 663 2119 ξυρόν
688 2082 826 2116 σκυτέως.
861 2081 957 2111 Sicila
981 2083 1067 2121 σμίλα
1089 2081 1279 2122 χηρτοτόμι)ς.
1322 2084 1372 2111 Est
1395 2088 1492 2111 autem
1516 2093 1576 2111 vox
1601 2092 1721 2120 magnae
1744 2082 1899 2116 Graeciae,
1923 2090 1957 2109 eo
1981 2081 2099 2109 nomine
2121 2081 2165 2109 in-

219 2116 391 2153 telhgebunt
415 2119 554 2157 quicquid
578 2124 695 2152 secandi
719 2125 778 2153 vim
803 2125 903 2160 habet,
929 2125 997 2152 inde
1019 2125 1119 2153 Sicilia
1144 2125 1240 2159 dicta,
1266 2126 1336 2164 quia
1360 2126 1395 2152 ab
1417 2126 1500 2154 ltalia
1524 2126 1649 2153 absecta.
1695 2124 1766 2153 Inde
1790 2121 1909 2152 Sicilire
1926 2130 2033 2162 prata,
2055 2133 2164 2154 secare.

222 2156 319 2205 Spal.
359 2160 433 2188 Puto
458 2164 553 2198 potius
576 2175 637 2193 esse
661 2166 870 2196 diminutivum
894 2178 909 2195 a
932 2167 1011 2200 sica,
1047 2167 1153 2202 sicelet,
1190 2167 1295 2201 sicila,
1330 2167 1437 2203 sicilis,
1470 2167 1594 2204 sicilire,
1624 2167 1702 2206 quod
1728 2172 1772 2195 est
1792 2175 1894 2194 secare
1917 2165 1996 2203 apud
2020 2165 2165 2195 Servium.

221 2200 287 2227 Sica
311 2206 407 2230 autem
431 2202 529 2232 brevis
551 2206 666 2241 gladius
690 2214 719 2237 et
740 2210 900 2243 incurvus,
931 2220 1023 2247 quare
1045 2209 1132 2238 sicila
1155 2210 1253 2238 dictus
1278 2211 1373 2239 culter
1396 2211 1545 2247 euterius,
1567 2211 1649 2248 quod
1669 2211 1700 2238 in
1722 2209 1843 2238 modum
1865 2208 1945 2238 sicae
1964 2213 2043 2237 esset
2063 2208 2164 2237 incur-

221 2251 285 2272 vus.
331 2241 403 2273 {nde
423 2244 521 2274 siciles
543 2247 712 2285 eibynarum
736 2258 787 2280 aut
809 2253 977 2280 lancearum
1002 2252 1115 2289 spicula
1140 2253 1216 2281 dixit
1240 2253 1365 2281 Ennius:

244 2326 250 2331 .
333 2326 339 2332 ι
856 2292 967 2323 Incedit
990 2293 1063 2322 veles
1085 2294 1170 2334 volgo
1193 2294 1325 2324 sicilibns
1347 2294 1425 2324 latis.

221 2327 270 2354 Sic
294 2336 369 2355 enim
393 2328 491 2365 potius
513 2329 594 2366 lego,
618 2340 704 2367 quam
726 2333 900 2370 wilica-15,
924 2337 997 2363 ratio
1023 2342 1080 2373 est,
1106 2338 1183 2375 quod
1209 2339 1292 2376 pnior
1315 2338 1430 2375 syllaba
1453 2337 1483 2365 in
1506 2335 1667 2365 sicilie-ibus
1688 2336 1787 2364 brevis
1810 2339 1870 2371 est,
1895 2344 1971 2373 quae
1992 2334 2078 2372 longa
2101 2342 2162 2362 esse

222 2367 307 2397 debet
329 2380 344 2397 a
367 2370 437 2400 sicu.
476 2372 564 2408 Vide,
590 2382 664 2410 quae
686 2376 801 2402 notovit
824 2378 944 2404 Salmas.
969 2377 1036 2408 hist.
1062 2381 1182 2415 August.
1208 2385 1227 2409 t.
1243 2380 1279 2408 ΙΙ.
1318 2380 1402 2408 Ennii
1427 2388 1543 2408 versum
1565 2379 1686 2417 quidam
1710 2379 1753 2407 sie
1774 2378 1890 2416 legunt:
2074 2387 2078 2392 ’

859 2417 968 2447 Incidit
993 2419 1076 2448 miles
1097 2421 1214 2460 volgum
1236 2421 1398 2451 sicilieibus
1420 2420 1499 2451 latis.

221 2453 279 2481 Sed
300 2458 403 2483 contra
425 2454 505 2484 Festi
526 2456 740 2486 auctoritatem.
784 2457 841 2485 Da
852 2469 876 2487 c.
