2263 2668
517 138 582 172 DE
609 135 996 172 SIGNlFchTIONE
1022 136 1309 175 VERBORUM.
1361 138 1506 172 LIBER
1532 138 1623 173 XIV.
1968 142 2043 179 563

88 230 180 262 Dac.
211 233 314 270 Γραῦν
337 231 386 260 alii
407 228 536 272 γρᾶνην.
563 228 667 260 Gotlz.
705 228 856 259 Praetoris·
877 228 1025 265 auctoris,
1048 230 1097 258 alii
1118 238 1228 270 poetae.
1252 229 1363 260 Idem.
1399 231 1510 261 Verba:
1538 238 1565 260 et
1586 230 1696 261 nullius
1715 234 1860 272 praetoris
1881 235 1963 265 haud
1986 237 2045 268 du-

89 274 139 302 bie
159 274 282 312 legenda
306 279 392 303 sunt:
417 281 443 302 et
467 273 576 302 nullius
596 280 707 312 poetae.
751 273 789 301 Et
809 272 839 300 in
861 271 1062 309 superioribus
1086 284 1139 311 pro
1163 275 1236 302 risui
1258 281 1388 302 mor-tuus
1410 275 1473 313 lege
1497 275 1555 303 risu
1578 282 1734 303 emortuus.

254 317 374 347 Picta.
420 317 521 345 Livius
542 316 721 346 lib.XXX.;
744 314 908 343 Masinissa
931 321 999 353 toga
1019 315 1102 353 picta,
1124 323 1150 344 et
1171 315 1306 354 palmata
1329 317 1431 346 tunica
1454 316 1589 346 donatus.
1623 320 1661 346 At
1683 317 1733 348 lib.
1748 319 1876 349 XXXI.:
1901 320 2045 351 Masinis-

90 370 140 388 sae
162 357 241 388 (lona
265 360 371 396 missa,
394 370 465 388 vasa
488 369 592 395 aurea,
616 365 684 396 toga
704 367 865 396 purpurea,
889 363 915 385 et
934 355 1071 396 palmata
1095 359 1204 387 tunica.
1237 360 1315 396 Ergo
1338 360 1417 397 picta
1442 365 1470 388 et
1492 370 1642 399 purpurea
1664 360 1751 390 idem.
1785 362 1876 391 Addit
1892 364 1994 393 Livius
2018 369 2046 394 et

91 409 192 441 togam
212 409 400 442 praetextam
424 400 537 429 datam.
572 400 620 428 Sic
639 410 791 438 purpurea
809 404 852 427 est
867 396 1097 438 ὁλοπόρφυρος,
1123 406 1276 438 praetexta
1294 400 1541 441 περιπόρφυρος,
1565 404 1694 441 palmata
1719 409 1779 432 erat
1802 410 1918 434 tantum
1940 407 2046 435 trium-

91 443 198 483 phalis.
229 443 331 473 Scal.
375 445 449 480 Lege
472 444 564 471 infra:
602 443 662 471 cius
685 443 726 470 rei
748 449 946 481 argumentum
970 449 1010 470 est
1034 441 1147 480 duplex
1167 444 1292 481 pictura.
1338 444 1425 472 Putat
1451 444 1501 473 hic
1523 445 1644 480 Festus,
1682 450 1764 483 togas
1793 448 1888 485 pictas
1913 449 1984 477 olim
2008 460 2045 478 ex

91 496 166 525 pura
191 492 219 515 et
242 487 277 514 ab
301 487 383 515 omni
405 485 585 524 Phrygionio
609 486 759 522 pigmento
782 483 862 512 nuda
886 494 1020 523 purpura
1044 485 1227 522 constitisse,
1250 486 1391 524 illiusque
1414 497 1564 526 purpurae
1588 489 1715 516 nitorem
1737 493 1765 516 et
1789 491 1976 528 splendorem
1999 492 2045 531 pi-

93 534 197 558 cturae
218 530 316 558 locum
340 529 515 563 obtinuisse,
549 538 582 556 eo
605 528 700 556 fretus
724 531 913 564 argumento,
943 527 1026 565 quod
1048 527 1078 555 in
1103 527 1172 555 aede
1195 528 1350 557 Vertumni
1374 534 1403 557 et
1426 530 1513 558 Consi
1536 541 1703 570 purpureas
1728 531 1801 560 duas
1824 538 1907 570 togas
1929 540 2045 572 specta-

92 572 133 601 rit
154 572 236 600 nullo
260 572 382 600 alterius
406 571 545 599 materiae
568 569 716 608 pigmento
741 569 867 598 affectas.
911 570 969 598 Sed
999 568 1058 598 hoc
1088 571 1224 608 exemplo
1248 570 1320 599 nihil
1345 571 1449 610 probat
1474 573 1592 609 Festus,
1629 584 1696 601 nam
1720 573 1800 612 picta
1824 586 1958 614 purpura
1981 581 2045 606 erat

93 614 281 652 triumphalis
304 614 354 643 illa
377 613 515 652 quidem,
539 614 589 641 sed
613 623 700 651 quam
723 617 821 640 tamen
846 611 1015 641 omitterent
1038 612 1219 651 quicumque
1242 614 1368 650 vellent,
1392 615 1434 643 uti
1459 615 1622 644 omiserunt
1645 616 1794 654 plerique,
1817 617 1940 647 Fulvius
1964 619 2046 647 Flac-

94 667 162 693 cus,
189 657 324 695 Papirius
339 658 453 685 Cursor
476 660 504 684 et
527 655 592 692 alii,
615 665 767 694 purpurea
791 660 906 683 tantum
930 660 998 692 toga
1024 656 1166 683 contenti.
1195 656 1248 683 Cui
1272 656 1410 693 aliunde,
1434 668 1522 695 quam
1545 669 1581 686 ex
1598 658 1796 696 Phrygioniae
1820 670 1891 688 acus
1915 661 2045 699 pictura,

93 699 182 728 facile
205 699 345 738 splendor
368 698 589 733 accersebatur,
629 698 780 726 laticlavio
803 697 914 726 scilicet
936 697 1027 725 limbo
1052 702 1080 725 et
1102 698 1215 726 textilis
1238 700 1301 734 auri
1326 699 1452 737 plagulis
1476 701 1502 729 ei
1525 701 1732 738 circumiecto,
1767 702 1923 740 aliquoties
1947 708 2046 732 tamen

94 746 124 771 et
145 742 225 781 picta
247 747 315 780 toga
337 746 366 770 et
388 751 538 781 purpurea
560 750 617 779 pro
643 741 743 769 eadem
766 739 968 771 sumebantur.
1005 741 1052 768 Sic
1075 741 1175 768 Livius
1198 745 1296 778 togam
1320 742 1489 771 Masinissae
1513 743 1610 772 datam
1634 754 1714 772 nunc
1736 744 1784 772 lib.
1797 746 1894 774 XXX.
1917 755 1980 783 cap.
1996 747 2045 778 15.

91 785 205 825 pictam
226 791 341 824 togam,
364 794 443 813 nunc
464 783 513 812 lib.
526 783 637 812 XXXI.
655 794 720 822 cap.
734 785 782 814 11.
802 790 900 821 togam
920 793 1096 822 purpuream
1113 788 1214 819 vocat,
1239 783 1287 812 hic
1310 784 1519 823 splendidioris
1542 791 1657 814 tantum
1680 797 1847 825 purpurae,
1870 787 1933 815 illic
1951 787 2046 826 Phry-

94 827 187 865 gionii
209 827 353 866 pigmenti
375 827 475 856 habita
497 827 621 855 ratione.
655 825 730 855 Vide
753 826 863 854 Manut.
888 825 923 854 de
946 825 1034 853 rebus
1057 835 1110 863 per
1134 826 1288 864 epistolam
1314 827 1454 864 quaesitis
1476 827 1572 858 lib.ll.
1598 829 1649 867 Ep.
1666 831 1694 860 1.
1720 829 1806 858 Dac.
1843 829 1878 858 T.
1896 828 2046 869 Papirius.

94 871 126 899 L.
149 870 295 909 PapiriuS.
325 868 433 899 Goth.
481 869 595 897 Tunica
618 875 712 897 autem
734 867 879 907 palmata.
924 867 1083 903 Quomodo
1107 869 1232 906 palmata
1257 880 1272 897 a
1295 869 1452 899 latitudine
1476 871 1649 899 clavorum?
1679 871 1723 899 An
1747 876 1833 910 putat
1855 872 1959 900 Festus
1981 872 2048 911 pal-

95 917 203 941 matam
233 912 363 941 tunicam
387 923 402 941 a
425 911 575 941 laticlavia
602 911 703 940 tunica
733 921 793 939 non
824 910 967 939 differre?
1010 910 1200 948 Ridiculum,
1238 912 1322 950 quasi
1351 922 1421 940 vero
1452 912 1669 951 triumphantes
1698 914 1942 952 magnificentiori
1964 919 2048 944 veste

94 956 142 983 usi
164 965 224 983 non
246 955 388 991 fuissent,
424 964 513 994 quam
535 954 654 991 vulgari
675 954 736 982 lato
760 953 856 981 clavo.
900 952 1019 982 Scilicet
1048 964 1108 982 nou
1129 954 1303 983 meminerat
1326 955 1447 991 Festus,
1485 956 1601 994 palmea
1624 956 1694 984 folia
1718 961 1745 984 et
1768 957 1897 995 palmeas
1921 967 2048 985 coronas

94 1007 231 1036 germana
256 998 347 1026 fuisse
370 998 519 1027 Victoriae
541 997 693 1035 symbola,
716 994 901 1034 triumphum
924 997 1118 1031 exornantia,
1141 997 1236 1035 iisque
1260 1008 1295 1025 ex
1320 1008 1392 1026 auro
1416 998 1533 1026 tunicas
1557 999 1772 1036 elegantissime
1795 999 1959 1038 descriptas
1981 999 2049 1038 pal-

95 1045 187 1069 matas
210 1050 325 1078 semper
348 1041 439 1069 fuisse
460 1044 590 1069 vocatus.
634 1040 745 1067 Tamen
768 1039 879 1067 Manut.
902 1039 1000 1069 lib.11.
1024 1039 1060 1079 de
1083 1039 1144 1071 reb,
1168 1050 1222 1078 per
1246 1040 1331 1079 epist.
1357 1050 1455 1079 quaes,
1481 1051 1527 1080 ep.
1543 1041 1573 1071 4.
1599 1046 1724 1069 conatur
1747 1042 1922 1080 ostendere,
1955 1042 2049 1071 latum

95 1083 216 1112 clavum
239 1094 254 1111 a
280 1083 406 1120 palmata
432 1083 533 1111 tunica
555 1093 615 1110 non
639 1082 774 1117 differre,
799 1080 850 1109 sed
873 1081 993 1112 frustra.
1038 1081 1127 1110 Dac.

248 1124 411 1155 'Pietati
457 1126 526 1153 Eam
555 1125 657 1153 aedem
686 1124 769 1152 vovit
791 1123 905 1152 Manius
928 1124 1042 1153 Acilius
1067 1124 1204 1160 Glabrio,
1244 1125 1293 1162 qui
1320 1125 1498 1163 proconsule
1522 1125 1558 1153 de
1581 1135 1648 1163 rege
1672 1125 1820 1154 Antiocho
1843 1124 2050 1165 triumphavit,

96 1167 249 1197 dedicavit
277 1168 355 1196 filius
383 1168 413 1196 in
442 1168 507 1196 foro
537 1168 656 1195 olitorio
685 1172 714 1195 et
741 1167 803 1195 illic
832 1171 957 1195 statuam
989 1172 1122 1196 auratam
1151 1167 1259 1205 patriS,
1300 1177 1376 1205 quae
1398 1168 1493 1206 prima
1517 1169 1646 1197 omnium
1670 1168 1702 1195 in
1724 1169 1807 1197 Italia
1831 1174 1926 1197 statua
1950 1173 2051 1196 aurata

95 1211 169 1245 fuit,
192 1210 302 1249 posuit.
327 1211 388 1239 Liv.
404 1210 455 1239 lib.
470 1211 531 1240 XL.
556 1210 666 1247 (c.34.)
691 1209 727 1238 de
749 1209 825 1245 filia,
849 1219 925 1248 quae
945 1214 1086 1246 matrem,
1110 1214 1140 1238 et
1162 1209 1198 1238 de
1222 1210 1331 1245 altera,
1356 1220 1432 1248 quae
1455 1215 1571 1249 patrem
1593 1211 1622 1239 in
1647 1221 1765 1240 carcere
1789 1211 1870 1240 aluit.
1893 1211 1955 1240 val.
1972 1211 2051 1240 Max.

96 1253 149 1282 lib.
163 1253 199 1282 V.
224 1263 287 1292 cap.
302 1253 331 1284 4.
356 1253 433 1291 Hyg.
456 1253 599 1284 sab.254.
622 1252 712 1281 Ant.
735 1251 831 1290 Aug.
875 1252 938 1281 Liv.
962 1252 1014 1281 lib.
1028 1253 1089 1282 XL.
1113 1262 1176 1291 cap.
1190 1251 1240 1283 34.
1265 1252 1339 1282 Pub.
1364 1253 1470 1281 Victor
1491 1253 1521 1281 in
1546 1256 1594 1284 11.
1617 1254 1748 1291 regione.
1792 1254 1943 1282 Mulierem
1965 1253 2052 1281 Xan-

95 1296 203 1335 tippen
229 1300 319 1323 vocat
342 1295 476 1334 Hyginus
504 1300 533 1323 et
558 1300 673 1333 patrem
696 1294 871 1332 Myconem3
906 1294 956 1322 alii
980 1295 1132 1324 Cimonem
1157 1299 1271 1333 patrem
1296 1296 1411 1324 dicunt.
1455 1295 1574 1324 Solinus
1598 1295 1634 1324 de
1657 1302 1750 1324 matre
1774 1300 1802 1324 et
1823 1296 1882 1324 fllia
1905 1295 1981 1324 hanc
2002 1294 2053 1323 hi-

96 1339 218 1367 storiam
242 1343 345 1367 narrat
367 1341 481 1408 capi.z
497 1337 551 1366 Da
561 1348 585 1366 c.
618 1336 702 1365 Adde
725 1337 882 1365 Aelianum
905 1336 980 1377 (non
1001 1337 1122 1367 invenio
1145 1337 1278 1376 locum).
1303 1336 1411 1367 Goth.
1441 1336 1615 1378 Impunitas.
1639 1339 1814 1377 Impunitus.
1837 1336 1946 1368 Idem.
1977 1336 2053 1367 Con-

96 1391 186 1411 cessa.
218 1381 391 1411 Concessus.
488 1391 546 1407 em.

262 1430 438 1460 Pendere.
484 1430 559 1458 Vide
581 1429 812 1470 Dispensatores.
835 1430 926 1460 Ani.
949 1431 1043 1471 Aug.
1080 1453 1088 1460 .
1113 1452 1121 1461 .
1145 1441 1187 1460 oe.
1231 1429 1358 1459 Pendere
1377 1442 1489 1471 poenas
1512 1429 1546 1459 de
1568 1442 1599 1459 eo
1621 1432 1738 1470 proprie
1760 1429 1913 1467 dicebant,
1945 1431 1997 1471 qui
2018 1428 2054 1459 οό

98 1472 237 1502 delictum
259 1476 414 1512 pecuniam
437 1471 538 1510 solvit,
567 1473 638 1512 quia
658 1482 746 1511 penso
770 1483 835 1500 aere
857 1471 926 1501 olim
951 1473 1115 1503 utebantur.
1156 1473 1195 1501 Et
1217 1473 1256 1501 ita
1280 1479 1381 1512 postea
1406 1473 1545 1502 Schedae.
1584 1475 1729 1503 Glossar.:
1763 1472 1864 1502 Penclo
1884 1484 1993 1512 poenas
2015 1473 2055 1503 δί-

99 1528 156 1552 κας
177 1516 298 1546 τιννύω.
322 1516 410 1546 Dae.
452 1516 567 1543 Gloss.:
596 1516 694 1544 Τίνειν
716 1515 868 1552 τιμωρίας.
896 1513 1001 1546 Goth.
1041 1515 1185 1543 Nimirum
1209 1521 1277 1553 post
1301 1526 1329 1545 v.
1353 1514 1495 1553 Pendere,
1520 1517 1644 1555 eiusque
1668 1516 1896 1555 explicationem
1921 1515 2056 1554 sequitur

98 1559 175 1587 alius
204 1558 349 1587 articulus
377 1559 408 1586 in
433 1558 510 1586 Scal.
535 1558 608 1594 Aug.
634 1557 702 1586 Dae.
727 1556 924 1592 editionibus,
964 1558 1015 1595 qui
1043 1557 1073 1585 in
1104 1562 1206 1585 nostra
1234 1558 1312 1586 infra
1336 1558 1446 1596 legitur
1467 1563 1539 1598 post
1560 1569 1589 1588 v.
1612 1557 1775 1596 Portunus,
1813 1557 1865 1596 qui
1886 1558 1918 1586 in
1941 1556 2057 1586 schedis

99 1601 222 1630 mutilus
245 1605 305 1636 est,
330 1601 475 1638 cuiusque
498 1600 661 1636 fragmenta
685 1603 803 1627 exstant
826 1598 915 1627 haec:
946 1609 979 1628 oe
1001 1622 1008 1628 .
1032 1621 1038 1628 .
1063 1622 1069 1628 .
1093 1598 1130 1628 ob
1155 1622 1161 1627 .
1187 1621 1192 1627 .
1217 1621 1224 1628 .
1247 1607 1315 1628 ntur
1336 1622 1343 1629 .
1367 1622 1374 1629 .

265 1649 466 1679 Peneirale
493 1647 752 1689 sacrificium.
799 1649 917 1677 Larium
943 1650 1070 1679 Deorum
1099 1649 1294 1687 sacrificium,
1333 1655 1368 1678 ut
1397 1651 1517 1690 opinor,
1556 1662 1623 1680 nam
1652 1657 1680 1681 et
1708 1651 1767 1691 ipsi
1791 1648 1951 1691 penetrales
1974 1648 2055 1679 dieti.

101 1692 192 1722 Dac.
224 1693 308 1721 Adde
331 1703 420 1731 supra
444 1691 576 1721 Herceus
600 1690 717 1730 Iupiter.
757 1691 883 1720 Glossis:
908 1691 1077 1721 Penetralia
1100 1689 1251 1723 ἐνὸότατα.
1300 1691 1405 1722 Goth.

265 1742 448 1772 Peniculi.
493 1743 605 1773 Gloss:
635 1741 808 1778 Peniculus,
828 1741 999 1782 penicillus,
1025 1739 1164 1783 σπόγγος.
1211 1743 1293 1772 Aliae
1318 1743 1429 1773 Gloss.:
1454 1742 1641 1781 Peniculum,
1666 1746 1839 1784 σπογγεῖον,
1863 1740 2058 1783 σπογγᾶριον-

101 1785 192 1817 Duc.
232 1784 359 1815 Cunctae.
385 1785 493 1814 Codae.
528 1785 602 1814 Vide
625 1784 739 1815 Penem.
766 1783 871 1814 Goth..
909 1785 952 1814 Cf,
978 1785 1128 1816 {melei-lin.
1152 1787 1222 1824 Syn.
1246 1787 1308 1814 Lat.
1333 1790 1403 1814 tom.
1416 1786 1465 1815 IV.
1489 1796 1555 1825 pag.
1571 1787 1640 1818 149.

232 1835 482 1908 GPenetrare,
517 1836 672 1876 peni-tus
700 1836 859 1866 intrare.
904 1837 947 1865 Ac
970 1847 1024 1876 per
1043 1837 1113 1867 vim.
1154 1836 1228 1866 Vide
1251 1837 1371 1865 Festum
1394 1836 1425 1865 in
1447 1835 1609 1868 Penetrare.
1655 1836 1783 1866 Glossis:
1813 1836 1968 1871 Penetrat,
1991 1835 2058 1865 ‹51oe-

101 1880 186 1921 περᾷ.
268 1878 336 1908 οιΙι.

267 1928 470 1959 Pennatas.
514 1928 737 1968 Theophrastus
767 1929 880 1958 alicubi
908 1930 940 1958 in
967 1930 1036 1968 περὶ
1059 1930 1190 1969 ἱστορίας
1212 1931 1317 1968 φυτῶν
1340 1929 1380 1958 ait
1403 1940 1418 1958 a
1442 1928 1563 1958 rusticis
1585 1929 1748 1957 teneriores
1770 1928 1866 1968 spicas
1887 1925 1982 1965 ἄρνας
2002 1936 2058 1955 vo—

102 1972 173 2002 cari.
205 1970 304 2001 Scal.
347 1972 444 2011 Spicis
473 1981 587 2010 pennae
615 1971 798 2002 tribuuntur.
841 1972 922 2009 Agna
955 1978 1051 2002 autem
1079 1974 1209 2001 minores
1231 1972 1331 2011 spicae
1354 1973 1384 2000 in
1407 1972 1512 2000 saliari
1536 1971 1666 2000 carmine
1688 1971 1873 2000 vocabantur
1895 1969 2058 1998 imitatione

103 2016 302 2051 Graecorum,
334 2015 384 2052 qui
407 2013 500 2053 ε’ίρνας
523 2014 637 2043 dicunt.
681 2013 880 2054 Theophrast.
904 2015 954 2043 lib.
969 2015 1046 2044 Vlll.
1071 2026 1136 2054 cap.
1149 2018 1196 2047 7.:
1228 2015 1290 2046 Καὶ
1312 2015 1342 2045 οἴ
1363 2013 1484 2054 στάχυες
1506 2013 1607 2052 μικροὶ
1629 2013 1679 2044 καὶ
1701 2011 1840 2050 τούτους,
1872 2009 1927 2047 οὓς
1947 2013 2058 2042 καλοῦ·

103 2067 152 2088 σιν
176 2056 279 2096 ἄρνας.
324 2057 361 2085 At
383 2057 508 2085 Ioannes
530 2057 676 2093 Amanus,
712 2058 860 2086 referente
884 2058 1020 2086 Fruterio
1042 2058 1092 2086 lib.
1106 2058 1142 2086 ΙΙ.
1165 2068 1229 2096 cap.
1243 2059 1272 2089 8.
1297 2068 1391 2096 agnas
1419 2058 1514 2085 dietas
1536 2057 1654 2095 putavit
1675 2067 1690 2085 a
1715 2057 1829 2084 Graeco
1851 2052 1943 2094 ἄχνη,
1976 2065 2057 2089 acus,

103 2106 132 2129 et
155 2101 258 2139 paleae
280 2099 509 2128 minutissimum
531 2099 622 2135 illud,
653 2098 734 2137 quod
757 2100 909 2129 excutitur
928 2100 959 2128 in
982 2101 1108 2137 tritura,
1135 2099 1227 2139 ἄχνη,
1256 2112 1272 2139 χ
1296 2104 1410 2128 mutato
1431 2100 1461 2128 in
1483 2111 1517 2139 y,
1540 2097 1633 2139 ἅγνη,
1656 2109 1744 2138 agna.
1787 2098 1935 2127 Pennatae
1958 2102 2056 2126 autem

104 2153 210 2182 agnae,
235 2143 314 2181 quod
335 2152 459 2181 pennum
482 2147 603 2170 acutum
626 2146 742 2170 veteres
766 2142 913 2171 dicebant.
954 2143 1057 2171 Isidor.
1080 2143 1111 2171 in
1135 2143 1236 2180 gloss:
1265 2141 1394 2171 Pennum
1419 2142 1462 2171 bis
1483 2148 1611 2170 acutum.
1653 2140 1742 2170 Dae.

268 2184 421 2213 Penora.
469 2184 499 2212 ln
521 2184 577 2212 tine
600 2185 664 2221 lege
684 2185 845 2223 penarium.
877 2183 980 2214 Scal.
1030 2183 1073 2215 7⁷02
1097 2183 1173 2225 πρὸς
1194 2182 1247 2215 τὸν
1269 2186 1338 2223 βίον
1360 2183 1522 2224 ἐπιτήδεια.
1567 2184 1663 2212 Gloss.
1688 2188 1716 2211 et
1738 2182 1883 2212 Scaevola
1906 2181 2052 2210 iuriscon-

104 2227 217 2257 nultus:
258 2226 367 2262 Penus,
402 2225 482 2266 quod
507 2225 694 2265 poculentum
717 2234 743 2254 et
765 2226 940 2255 esculentum
968 2229 1129 2267 penarium.
1174 2227 1217 2256 Ita
1248 2227 1324 2255 enim
1349 2227 1524 2265 legendum,
1560 2236 1619 2254 non
1640 2227 1785 2265 penarius.
1830 2225 1911 2253 Cella
1934 2222 2052 2262 penaria

103 2269 322 2310 promptuaria.
352 2269 437 2298 Varr.
462 2269 621 2307 (pag.162.
646 2267 728 2307 Sp.):
752 2269 924 2306 Penarium,
948 2269 998 2298 ubi
1017 2281 1128 2309 penora
1151 2268 1363 2300 custodiuntur.
1394 2269 1549 2299 fenarium
1572 2268 1651 2297 idem
1674 2268 1756 2307 quod
1779 2266 1937 2298 cellarium.
1961 2264 2049 2292 Dac-

105 2313 216 2342 Gloss.:
243 2311 391 2341 Pomaria
411 2310 488 2341 cella
510 2319 536 2340 et
558 2310 794 2340 Promontorium
818 2311 991 2350 (legendum
1014 2311 1266 2351 Prompiuarium)
1289 2315 1419 2351 ταμεῖον.
1463 2312 1598 2340 Ceterum
1620 2321 1716 2350 penus
1738 2316 1767 2340 et
1789 2319 1895 2350 penum
1918 2307 1976 2335 dici
1999 2315 2050 2333 au-

104 2355 174 2385 thor
197 2359 241 2383 est
262 2355 374 2383 Nonius
398 2354 477 2392 (pag.
490 2356 563 2386 219.
585 2352 699 2392 Mera).
745 2354 882 2384 Glossae:
915 2353 1025 2384 Penum
1054 2353 1111 2386 ὅσα
1133 2355 1175 2392 εἰς
1197 2352 1287 2387 πόσιν
1308 2355 1358 2386 καὶ
1379 2356 1491 2396 βρῶσιν
1513 2355 1755 2395 συναθροίζεται.
1799 2352 1872 2382 Vide
1894 2349 1939 2379 tit.
1960 2347 1990 2376 ff.
2013 2347 2049 2376 de

104 2408 172 2438 pen.
194 2398 283 2435 legat.
307 2397 450 2434 Gelmv„
476 2401 504 2429 1.
552 2395 655 2426 Goth.

1454 2447 1645 2482 Bbbb*
