2263 2668
764 153 851 189 LIB.
878 154 904 188 1.

37 254 84 281 et:

246 297 323 344 Quo
336 297 446 343 sugis
454 324 462 339 ,
485 298 608 331 Aenea
616 295 649 334 ¹¹³.

964 154 1109 191 SEGM.
1137 155 1195 189 lv.

35 348 71 381 Ε
93 348 202 382 littera
221 350 361 382 vocativi
385 361 476 382 casus
497 351 600 393 longa
627 354 688 387 est,
716 349 838 383 Graeci
865 350 1035 385 dumtaxat
1060 351 1216 392 nominis,
1243 357 1293 385 ut:

246 400 400 444 Tydide,
424 412 522 434 mene
544 397 702 435 Iliacisw.

35 450 106 483 Nec
132 450 283 484 inmerito
309 452 413 497 longa
441 457 505 495 est,
533 451 642 496 quia²⁰
669 458 702 486 et
727 452 760 486 in
781 453 983 487 nominativo
1014 454 1171 499 singulari
1200 452 1407 497 producitur.

35 501 82 534 vis
107 507 175 544 est,
202 508 252 536 ut:

245 554 359 587 Turne
368 578 378 595 7
410 553 504 598 quod
527 555 662 599 optanti
670 551 693 572 ²¹
701 570 714 600 ,-

35 607 82 635 et:

238 655 348 688 Aeole
376 652 571 700 na711q1ae22.

33 704 56 737 1
69 705 175 740 littera
196 708 385 740 terminatus
408 708 576 740 vocativus
598 707 774 752 singularis
796 707 961 741 interdum
981 707 1117 739 brevem
1140 706 1255 748 habet,
1283 706 1448 739 interdum
1470 707 1619 751 longam.

248 758 354 803 Tybri
375 755 540 803 pater-²³,-

34 811 81 840 et:

243 859 276 894 Ο
303 859 457 894 crudelis
483 860 590 893 Alexi
597 856 641 904 ²⁴,-

34 914 80 943 et:

1460 452 1578 485 Latina
1606 462 1683 484 sane
1708 449 1732 482 si
1757 445 1866 488 fuerit,
1892 444 1971 478 bre-

1672 705 1816 737 Brevem
1839 703 1871 734 in
1888 700 1973 734 hoc:

240 960 406 1005 Daphni,
434 961 520 1006 quid
546 962 705 1007 tztztiquos
730 963 915 1008 signorum
940 958 1129 1008 suspicisffi.

34 1012 118 1045 Item
146 1023 271 1057 genere
301 1012 476 1053 feminino,
504 1017 556 1046 ut:

239 1063 309 1104 Iri,
338 1064 444 1096 decus
471 1060 598 1097 coeliffi.

33 1114 190 1160 Longam
215 1115 248 1147 in
275 1114 361 1155 hoc,
390 1112 470 1148 ut²⁷z

237 1165 339 1198 Anne
365 1166 465 1199 lacus
491 1169 606 1199 tantos
632 1169 681 1207 te,
709 1165 798 1198 Lari
825 1160 1012 1197 ηιιιητιήιεῖΘ

1021 1178 1033 1208 ἱ

33 1221 123 1249 recte
155 1215 212 1249 hic
245 1217 444 1261 producitur
478 1223 667 1262 postrema,
700 1218 777 1260 quia
812 1216 1031 1249 nominativus
1058 1216 1091 1248 ri
1118 1219 1151 1247 et
1175 1219 1294 1258 postea
1333 1225 1373 1246 us
1407 1213 1540 1257 syllabis
1577 1212 1774 1256 explicatur,
1810 1209 1879 1241 hoc
1915 1212 1972 1245 est.

32 1268 89 1301 hic
114 1267 261 1309 Larius,
289 1268 391 1302 huius
408 1269 520 1302 Lar-ii.
572 1269 669 1313 Ergo
698 1281 737 1301 ea
763 1269 896 1300 nomina
922 1261 1185 1312 producuntur²¹³
1219 1266 1230 1298 ἰ
1256 1267 1415 1306 litteram,
1450 1277 1534 1308 quae
1570 1265 1602 1296 in
1634 1263 1780 1308 genitivo
1817 1260 1973 1304 duplica-

32 1319 144 1353 verint.
196 1320 283 1352 Nam
309 1332 396 1363 quae
409 1317 434 1337 ³⁰
460 1321 489 1354 is
515 1321 676 1364 syllabam
702 1320 896 1362 habuerint,
924 1318 1045 1352 eodem
1072 1329 1149 1352 casu
1176 1318 1325 1362 genitivo
1354 1312 1575 1360 corripiunt³¹.

36 1387 68 1421 O
100 1388 208 1421 littera
240 1389 430 1422 terminatus
463 1390 633 1422 vocativus
669 1389 871 1422 nominativo
908 1388 1073 1433 congruit.
1101 1407 1150 1413 —
1190 1386 1227 1419 U
1248 1386 1355 1419 littera
1388 1385 1581 1418 terminatus
1616 1383 1754 1416 Graecis
1787 1379 1972 1413 nominibus

31 1439 168 1485 longam
194 1440 317 1481 habet,
342 1445 398 1473 ut:

241 1490 319 1537 Quo
341 1503 399 1525 res
425 1503 563 1525 summa
585 1492 676 1532 loco,
704 1487 902 1524 Panthu32?

31 1541 159 1574 Neutro
186 1553 265 1575 vero
287 1555 413 1588 genere
439 1544 642 1576 nominativo
669 1548 769 1586 atque
796 1542 983 1576 accusativo
1010 1536 1217 1585 respondit³³
1244 1538 1414 1572 nominum
1440 1537 1647 1569 Latinorum.

31 1608 212 1643 vocativus
243 1611 415 1655 singularis
447 1612 558 1645 Latini
589 1611 729 1645 nominis
762 1612 831 1644 sive
868 1610 1013 1651 Graeci,
1046 1620 1257 1653 quacumque
1284 1607 1383 1640 fuerit
1416 1611 1617 1638 consonante
1644 1598 1802 1642 finitus³⁴,
1836 1601 1973 1633 brevem

31 1659 171 1694 habebit
197 1666 233 1694 ut
258 1663 484 1698 nominativus.

194 1712 253 1745 23.
306 1715 478 1748 Ablativus
504 1714 678 1760 singularis
705 1714 854 1758 qualibet
878 1712 989 1746 vocali
1023 1712 1233 1750 terminatus,
1270 1709 1423 1740 ultimam
1456 1707 1617 1751 syllabam
1653 1705 1791 1748 longam
1825 1697 1973 1742 habet³⁵‚

30 1768 163 1807 praeter
190 1775 209 1797 e
234 1765 377 1798 litteram
405 1773 611 1811 correptam3
638 1766 725 1799 haec
753 1766 839 1798 enim
868 1765 939 1797 sola
964 1765 997 1796 in
1023 1764 1085 1796 isto
1114 1774 1191 1796 casu
1219 1761 1344 1803 duplex
1375 1763 1432 1792 est.

32 1815 126 1853 liter,
160 1815 184 1848 si
220 1818 438 1850 nominativus
473 1818 629 1851 habuerit
656 1829 692 1850 es
717 1818 879 1860 syllabam
906 1817 1044 1860 longam
1073 1819 1105 1846 et
1131 1813 1313 1858 genitivum
1347 1822 1441 1842 suum
1470 1821 1488 1842 e
1515 1816 1548 1842 et
1575 1810 1586 1841 ι’
1612 1807 1747 1852 syllabis

1492 1757 1693 1791 Producitur
1725 1765 1806 1787 vero
1840 1754 1972 1797 specia-

33 1866 244 1909 explicuerit,
271 1874 307 1900 ut
332 1870 482 1911 macies,
512 1871 656 1908 maciei,
681 1870 833 1914 specics,
856 1868 1002 1912 speciei,
1027 1872 1076 1898 ut:

239 1918 327 1954 Cum
353 1921 465 1955 subito
491 1932 510 1954 e
534 1917 662 1955 silvis36
687 1921 801 1953 macic
828 1913 1038 1965 confectam,-

31 1972 83 2001 ut:

32 2050 57 2072 et
74 2044 103 2072 P.
126 2059 168 2066 -
195 2044 243 2082 21)
264 2045 345 2084 Virg.
365 2046 437 2076 Aen.
457 2048 509 2085 IX,
524 2051 553 2080 6.
597 2049 635 2076 Ut
656 2052 724 2075 ante
740 2057 769 2075 v.
790 2047 885 2073 Turne
901 2043 982 2072 abest

32 2097 48 2114 a
68 2086 139 2116 cod.
162 2102 203 2109 -
245 2088 293 2125 22)
316 2089 397 2127 Virg.
427 2092 499 2120 Aen.
525 2091 554 2127 I,
578 2092 628 2122 65.
679 2089 746 2118 Tibi
773 2088 888 2116 addunt
909 2086 981 2114 cod.

33 2133 61 2157 et
82 2129 149 2157 Asc.
171 2145 210 2150 —
255 2130 302 2167 23)
334 2131 414 2169 Virg.
439 2134 512 2162 Aen.
539 2133 617 2168 Vlll,
644 2133 717 2164 540.
745 2146 786 2150 —
829 2129 876 2166 24)
900 2128 980 2166 Virg.

34 2171 144 2207 Ecl.11,
164 2174 192 2203 6.
216 2187 258 2192 —-
299 2172 348 2210 25)
370 2174 437 2203 Asc.
459 2180 487 2203 et
505 2176 536 2204 P.
575 2174 706 2212 Daphni
728 2171 808 2210 quid
827 2172 980 2209 antiquos,

32 2213 109 2242 nihil
128 2219 286 2252 praetcrea.
329 2216 367 2243 At
383 2216 413 2244 in
432 2217 503 2246 Cod.
524 2217 676 2245 adduntur
692 2215 767 2242 duae
788 2214 902 2242 litterae
922 2213 980 2241 ini-

33 2256 116 2285 tiales
138 2267 162 2286 ⁸.
185 2267 225 2292 13,
249 2256 371 2285 sortasse
396 2269 450 2296 pro
469 2271 494 2289 s.
514 2271 537 2289 s,
560 2269 627 2286 nam
654 2258 686 2285 iu
710 2256 767 2284 hoc
785 2256 857 2284 eod.
885 2267 900 2283 -9
920 2261 948 2284 et
964 2266 981 2283 r

33 2309 117 2337 saepe
138 2298 267 2326 discerni
283 2305 440 2336 nequeunt.
477 2301 540 2330 Nisi
558 2302 635 2329 sorte
648 2299 866 2328 Grammaticus
883 2298 982 2327 voluit

33 2343 192 2379 signorum
211 2342 350 2378 respicis,
375 2342 456 2380 quod
474 2348 570 2372 tamen
596 2342 693 2370 minus
711 2347 754 2370 est
771 2341 981 2380 probabile.—

33 2384 78 2422 26)
98 2383 177 2421 Virg-
198 2384 271 2411 Aen·
290 2383 340 2420 IX,
359 2386 406 2415 18.
425 2401 467 2406 —
482 2385 528 2423 27)
559 2386 596 2413 Ut
612 2385 692 2413 abest
717 2385 752 2412 ab
766 2385 833 2412 Asc.
855 2388 884 2412 et
901 2384 978 2412 P.—

35 2428 79 2461 28)
89 2426 168 2464 Virg.
182 2426 217 2455 G.
227 2426 264 2463 11,
276 2427 343 2459 159.
356 2442 389 2447 —
400 2425 447 2468 29)
457 2428 514 2456 sic.
523 2427 594 2457 eod.
607 2432 635 2457 et
647 2429 712 2457 Aac.
722 2425 900 2466 producunt
909 2427 982 2456 P.—

1024 2041 1073 2081 30)
1097 2042 1161 2070 Asc.
1184 2052 1287 2080 quum.
1311 2057 1350 2063 —
1394 2040 1442 2077 31)
1465 2039 1513 2068 Sic
1537 2048 1656 2073 omncs,
1686 2036 1774 2066 ctiam
1797 2036 1868 2066 Cod.
1912 2035 1969 2063 Sed

1023 2085 1177 2123 legendum
1200 2084 1334 2112 videtur:
1381 2083 1463 2111 IVam
1487 2093 1562 2120 quae
1582 2083 1609 2108 is
1635 2080 1785 2118 {illabata
1809 2078 1971 2107 [tabuerint

1023 2127 1121 2155 eodem
1142 2137 1227 2161 cara,
1249 2127 1389 2153 vaculino
1413 2126 1590 2163 corripiunt.
1611 2139 1651 2144 —-
1680 2121 1728 2159 32)
1747 2121 1825 2160 Virg,
1843 2122 1915 2149 Aen.
1932 2121 1966 2154 Il⁷

1022 2172 1092 2202 322.
1120 2186 1162 2190 —
1205 2172 1250 2204 33)
1276 2169 1318 2196 Ira
1343 2168 1413 2196 Cod.
1447 2172 1475 2195 et
1497 2169 1563 2196 Asc.
1597 2164 1751 2204 respondet
1778 2165 1807 2193 P.
1837 2179 1878 2185 —-
1921 2164 1969 2197 34)

1021 2212 1078 2241 Hic
1091 2212 1165 2241 ordo
1180 2212 1211 2240 in
1229 2211 1300 2239 cod.
1330 2212 1369 2238 At
1381 2211 1448 2238 Asc.
1462 2210 1490 2238 P.
1507 2219 1687 2248 quacunque
1701 2211 1881 2235 consonante
1889 2205 1968 2243 sini—

1024 2261 1074 2283 tus
1097 2256 1209 2292 suerit.
1232 2270 1275 2277 -·
1316 2252 1364 2292 35)
1388 2254 1510 2291 longum
1536 2251 1623 2279 hahet
1654 2251 1797 2278 ultimant
1820 2247 1968 2286 anllahum

1023 2298 1089 2327 Asc.
1111 2302 1138 2325 ct
1154 2297 1185 2327 P.
1208 2313 1250 2317 —
1292 2294 1337 2334 36)
1360 2296 1450 2323 silvis
1471 2295 1542 2323 haec
1562 2293 1710 2332 scriptura
1727 2292 1834 2329 ubique
1850 2291 1880 2317 in
1898 2288 1966 2316 cod.

1024 2341 1119 2378 silvi-s·
1138 2340 1169 2369 P.
1194 2339 1262 2367 Asc.
1283 2339 1378 2366 Locus
1403 2342 1447 2366 est
1470 2338 1551 2375 Virg.
1576 2336 1645 2366 Aen.
1671 2335 1721 2371 111,
1745 2336 1814 2366 590.
1836 2347 1876 2354 —-
1918 2332 1964 2363 37)

1026 2384 1162 2420 confecta
1190 2391 1332 2419 suprema
1355 2381 1384 2409 P.
1413 2381 1566 2417 confectus
1588 2379 1654 2407 Asc.
1683 2376 1787 2406 ultima
1814 2382 1886 2402 voce
1907 2371 1966 2400 des.

1026 2427 1106 2463 conf.
1130 2424 1199 2461 (aie)
1218 2424 1291 2453 cod.
1314 2423 1421 2452 omissa
1444 2423 1548 2452 ultima
1565 2431 1595 2450 v.
1619 2436 1661 2443 —
