2263 2668
228 131 304 166 190

905 124 1132 160 EUTYCHII
1167 127 1479 163 GRAMMATICI

452 221 618 268 Perfudit
643 218 800 265 gladiis,
828 222 1017 264 ereptaque
1033 220 1113 264 pila
1133 220 1277 266 liquavit
1293 219 1313 255 ¹.

231 274 358 308 Persius
370 284 379 306 ε

451 321 656 365 Phyllidas,
679 319 908 365 Hypsipylae,
930 324 1050 357 vatam
1079 326 1140 354 aut
1162 323 1339 367 plorabile
1368 323 1398 356 si
1416 323 1510 368 qaid,

454 373 616 416 Eliqaat,
644 383 688 405 ac
714 376 832 405 tenero
857 373 1062 417 sapplantat
1089 373 1198 407 verba
1222 375 1347 419 palato
1364 371 1384 407 ².

233 427 370 463 Ovidius
397 425 571 458 Fastorum
595 423 671 456 llll.
698 424 754 456 lib.
770 420 799 456 ³:

454 474 530 509 Nec
545 475 676 520 pigeat
702 475 822 508 tritum
847 474 944 507 niveo
972 485 1050 506 eam
1078 474 1170 508 laete
1189 487 1357 522 papaver

557 526 721 567 Sumere,
749 530 781 559 et
808 525 981 570 expressis
1006 526 1114 558 mella
1137 527 1272 572 liquata
1288 528 1400 573 savis.

230 580 315 614 Cum
341 589 420 611 vero
447 577 508 610 sint
534 589 553 609 a
579 578 783 618 nominibus,
810 582 887 610 tunc
909 577 978 609 iure
1006 578 1131 621 primae
1157 584 1229 612 sunt
1256 577 1506 623 coming-ationis,
1533 582 1568 610 ut
1589 589 1730 622 aequas,
1759 590 1879 624 aeque,
1907 592 2060 626 aequas3
2081 592 2170 627 pro-

226 632 393 677 pinquus,
415 629 622 674 propinquo,
650 641 710 669 as‚·
734 628 910 673 obliquus,
934 628 1084 673 obliquo,
1112 629 1288 676 obliquas;
1312 631 1490 675 antiquus,
1518 630 1676 674 antiquo,
1705 641 1766 668 (133
1795 642 1906 675 aqua,
1930 644 2058 678 aqaor,
2087 634 2169 667 aris.

232 683 392 727 Virgilius
418 682 450 713 in
477 681 551 713 libr.
577 677 675 713 ΗΠ.4
697 681 842 725 Georg.:

461 732 534 766 Sed
557 733 690 765 circum
714 736 785 765 tate
800 729 811 749 ⁵
837 730 900 764 sub
922 731 1099 764 moenibus
1120 731 1216 766 urbis
1242 736 1427 778 aquantur.

397 784 453 817 13.

454 886 594 932 RIagno
621 886 778 920 blateras
805 886 970 918 elamore.

233 941 344 983 Itero,
371 950 431 980 as,
458 935 566 971 idem⁹
592 939 647 972 lib.
673 938 698 972 Ι,
732 937 939 971 carminum:

458 989 561 1023 Ᾱίιηο
587 993 777 1023 retrorsum

461 1041 548 1074 Vela
574 1041 665 1074 dare
692 1045 795 1085 atque
820 1040 951 1073 iterare
974 1048 1094 1071 cursus

463 1093 583 1138 Cogor
616 1093 754 1125 relictos
769 1088 802 1123 ¹⁰.

507 784 545 816 In
570 795 610 817 ro
637 783 815 817 desinentia
847 794 865 815 e
891 783 1123 824 antecedente,
1159 785 1268 817 onmia
1294 784 1421 829 primae
1448 786 1520 815 sunt
1552 781 1793 826 coniugationis
1810 781 1832 825 ⁶,
1860 784 1986 829 libero,
2022 797 2080 829 as,
2114 786 2172 820 Ζα-

236 850 314 874 cero
330 835 352 878 ⁷,
380 835 562 876 desidero,
589 835 786 875 considero,
812 845 959 879 genero,
988 835 1138 879 impero,
1163 835 1306 870 blatero.

1359 835 1516 867 Horatius
1546 833 1630 866 libro
1655 834 1762 866 Serm.
1786 835 1828 867 11.
1846 832 1875 868 Β;

230 1147 448 1191 Excipiuntur
481 1156 589 1188 pauca
622 1144 804 1188 primitiva,
838 1145 870 1174 et
904 1152 988 1184 quae
1019 1140 1061 1172 ab
1096 1140 1140 1173 eis
1178 1140 1312 1185 singulis
1347 1144 1609 1184 componuntur,
1648 1141 1763 1174 tertiae
1784 1138 1806 1158 ¹¹
1843 1141 2102 1186 coniugationis,
2136 1147 2172 1176 ut

231 1210 337 1244 gero,
365 1198 430 1241 ris,
458 1196 604 1240 digero,
634 1206 798 1240 aggero,
825 1192 932 1225 unde:

457 1247 663 1292 Aggeritar
689 1251 808 1279 terrae
827 1244 981 1283 tumulo,-

231 1311 265 1342 in
296 1308 340 1340 11.
368 1307 424 1340 lib.
460 1307 628 1339 Aeneidos
662 1306 753 1350 apud
787 1305 965 1349 Virgilium
1000 1303 1141 1348 legimus
1159 1298 1194 1343 ¹²,
1235 1313 1274 1334 ex
1316 1312 1383 1344 quo
1427 1302 1531 1334 verbo
1568 1312 1689 1334 nomen
1729 1303 1766 1334 fit
1800 1313 1942 1347 agger,
1985 1307 2018 1336 et
2053 1304 2097 1336 ab
2132 1315 2173 1337 eo

230 1360 370 1392 verbum
412 1358 594 1392 derivatum
633 1368 793 1404 aggero,
834 1367 895 1400 as,-
937 1360 969 1387 et
1017 1362 1063 1387 est
1100 1355 1228 1399 primae
1266 1353 1524 1398 coniugationis,
1569 1358 1604 1385 ut
1641 1353 1731 1386 idem
1765 1354 1884 1398 virgil.
1925 1354 2025 1387 refert
2058 1355 2090 1386 in
2131 1355 2174 1387 li-

231 1412 293 1445 bro
326 1411 367 1444 X.
383 1406 425 1442 ¹³:

2026 1404 2173 1452 [2183]

462 1460 635 1506 Aggerat
659 1464 691 1493 et
718 1460 825 1504 longo
845 1457 1027 1503 praedam
1054 1456 1145 1489 iubet
1173 1456 1296 1489 ordine
1322 1455 1413 1488 duc-i.

236 1530 323 1563 Tero
355 1531 433 1563 item
460 1530 544 1562 teris
560 1526 593 1571 ¹⁴,
621 1529 757 1571 detero,
786 1530 932 1571 protero
941 1539 952 1569 ,-
986 1536 1063 1557 sero
1078 1521 1101 1541 ¹⁵
1133 1524 1212 1557 item
1238 1525 1344 1565 seris,
1376 1535 1415 1556 ex
1448 1534 1515 1567 quo
1550 1528 1796 1568 componuntur
1828 1524 1958 1566 insero,
1989 1524 2123 1558 dissero
2138 1522 2173 1568 ¹⁶,

230 1593 394 1626 prosero,
421 1581 544 1614 desero
553 1594 565 1624 5
595 1591 671 1613 nam
699 1578 836 1617 obsera,
866 1588 923 1618 as,
958 1577 1027 1608 iure
1054 1576 1179 1620 primae
1205 1575 1444 1620 coniugationis
1471 1587 1490 1608 a
1517 1575 1666 1616 nomine,
1695 1575 1730 1607 id
1758 1579 1805 1608 est
1830 1575 1917 1609 haec
1950 1587 2050 1618 sera,
2076 1576 2175 1609 huius

236 1644 347 1673 serae,
374 1633 595 1677 compositum
620 1627 707 1664 estu.

324 1748 352 1784 1)
376 1749 484 1777 Lucan.
507 1748 685 1784 Phars.VII‚
712 1748 781 1778 158-
811 1756 870 1785 seq·
899 1762 940 1767 —
967 1744 997 1785 2)
1025 1746 1103 1774 Pers·
1125 1746 1185 1774 Saf-

238 1792 268 1827 I,
292 1792 341 1822 34.
368 1801 424 1828 seq.
454 1807 494 1811 ——
525 1793 554 1825 3)
581 1790 670 1819 Ovid.
703 1790 864 1817 Fastorum
892 1788 942 1817 lib.
966 1789 1020 1816 ll'.
1051 1789 1129 1816 Cani.
1152 1788 1183 1816 P.

240 1834 403 1862 Fastorum
430 1832 499 1861 IIII.
521 1832 572 1861 lib.
597 1832 668 1860 cod.
692 1831 801 1859 Versus
829 1835 873 1859 est
900 1831 968 1861 151.
993 1841 1053 1868 seq.
1078 1830 1186 1858 Mirum

239 1880 297 1909 est,
318 1876 349 1903 in
373 1875 445 1904 Cod.
474 1874 546 1911 legi:
576 1876 663 1913 nigro
693 1883 759 1900 cum
783 1873 867 1902 lacte.
891 1888 933 1894 —
961 1875 988 1909 4)
1015 1874 1049 1901 In
1078 1878 1185 1911 quarto

241 1919 317 1946 libro
329 1928 411 1955 geor.
435 1917 483 1945 Sic
500 1917 570 1945 Cod.
598 1918 684 1954 J't'rg.
706 1915 774 1944 libr.
795 1915 848 1942 Ill.
869 1915 1084 1952 Georgicorum
1106 1916 1185 1942 Cam.

241 1961 275 1990 P.
299 1960 393 1988 Locus
421 1964 464 1987 est
490 1960 595 1997 Georg.
621 1959 671 1993 IV,
698 1959 766 1988 193.
788 1972 830 1978 —-
860 1956 889 1993 5)
919 1958 989 1984 Tale
1011 1958 1082 1986 cod.
1109 1958 1187 1985 Cam.

242 2008 338 2030 tatae
357 2003 388 2031 P.
407 2006 439 2030 ut
456 2002 534 2040 apud
553 2002 630 2039 Virg.
650 1999 760 2029 editur.
790 2015 828 2020 ——-
852 1997 879 2036 6)
908 1998 944 2025 Ut
967 2000 1093 2028 intrudit
1110 2000 1187 2028 Cam.

243 2050 272 2073 et
293 2045 323 2073 P.
345 2061 386 2065 —
407 2047 437 2079 7)
460 2046 573 2072 Lacero
593 2044 622 2073 h.
641 2044 661 2072 l.
685 2041 819 2070 additum
841 2051 856 2069 e
881 2040 950 2069 Cod.
973 2042 1048 2070 Tum
1068 2047 1138 2081 post
1160 2052 1188 2070 v.

243 2086 396 2115 considero
416 2086 447 2114 in
470 2087 548 2114 Cam.
562 2091 591 2114 et
611 2086 643 2115 P.
662 2089 827 2122 sequuntur
846 2082 935 2111 haec:
960 2094 1001 2110 as
1020 2085 1127 2121 lacero,
1145 2096 1188 2119 (cs,

245 2140 373 2168 aggero,
399 2139 451 2165 (IS,
476 2139 613 2163 numero,
644 2137 718 2166 quae
741 2126 847 2154 absunt
871 2135 887 2152 a
911 2125 982 2154 Cod.
1004 2142 1044 2147 —
1074 2129 1105 2163 ὃ)
1128 2127 1192 2155 Ho-

244 2177 298 2200 rat.
316 2173 374 2199 Sat.
390 2171 433 2208 II,
457 2173 492 2208 7,
515 2172 565 2202 35.
588 2186 629 2192 —
650 2168 679 2209 9)
704 2168 800 2197 Idem
821 2167 984 2214 emilam
1004 2168 1080 2196 Cam.
1102 2170 1133 2198 P.
1152 2186 1188 2190 ——-

246 2228 289 2257 10)
306 2224 408 2252 Horat.
428 2222 482 2252 Od.
508 2223 539 2259 I,
563 2223 621 2258 34,
647 2223 675 2252 3.
699 2232 781 2260 seqq.
807 2219 879 2250 Cod.
899 2231 933 2248 nc
958 2225 1126 2248 retrorsum.
1148 2238 1188 2243 —

246 2266 291 2306 11)
314 2267 426 2294 Tertiae
440 2270 510 2293 sunt
533 2265 564 2293 P.
581 2265 659 2292 Cam.
675 2270 746 2291 sunt
764 2274 821 2292 om.
841 2263 911 2291 Cod.
934 2278 974 2283 -—-
998 2263 1043 2298 12)
1062 2264 1103 2290 lin
1119 2264 1189 2292 Cod.

765 1628 903 1675 Qaeror
928 1628 1007 1660 item
1030 1623 1232 1671 deponensffl

1260 1632 1308 1660 est
1331 1631 1487 1671 correpta
1512 1627 1706 1671 penultima,
1734 1627 1900 1672 quereris.
1952 1627 2043 1661 Fero
2064 1629 2174 1669 etiam,

1228 1761 1268 1765 —
1292 1743 1335 1783 13)
1363 1745 1475 1783 Vir-gil.
1503 1746 1592 1782 refert
1614 1746 1645 1772 in
1675 1745 1751 1772 libro
1774 1746 1817 1774 X.
1847 1745 1889 1772 Ita
1912 1745 1983 1773 cod.
2007 1745 2119 1784 Virgil.
2141 1747 2175 1773 in

1228 1787 1304 1814 libro
1329 1788 1419 1823 refert
1440 1787 1497 1816 XI.
1520 1789 1549 1815 P.
1571 1789 1603 1815 in
1627 1787 1703 1815 libro
1728 1788 1817 1823 refert
1841 1788 1881 1815 X.
1907 1787 1986 1816 Cam.
2012 1788 2064 1816 Est
2090 1788 2174 1816 locus

1228 1829 1300 1858 Aen.
1314 1829 1372 1864 XI,
1393 1832 1443 1861 79.
1471 1831 1581 1868 Longa
1595 1829 1675 1868 apud
1693 1829 1723 1857 P.
1741 1839 1778 1857 ex
1793 1839 1891 1857 errore
1906 1834 1970 1868 typ.
1991 1846 2034 1852 —
2055 1829 2103 1867 14)
2124 1831 2175 1858 Te-

1228 1883 1261 1899 ro
1289 1873 1358 1899 item
1380 1873 1450 1899 teris
1475 1872 1543 1900 cod.
1568 1872 1641 1900 Item
1661 1877 1721 1899 tero
1745 1873 1772 1898 is
1798 1871 1876 1900 Cam.
1900 1872 1929 1900 P.
1957 1887 2000 1893 —
2030 1875 2077 1907 15)
2104 1873 2174 1901 Sero

1229 1915 1299 1941 item
1319 1918 1394 1942 seris
1417 1914 1488 1942 Cod.
1508 1915 1581 1942 Item
1602 1924 1665 1941 sero
1687 1915 1714 1941 is
1731 1913 1809 1943 Cam.
1832 1914 1862 1943 P.
1883 1930 1926 1936 —
1950 1916 1993 1948 16)
2016 1913 2089 1944 cod.
2107 1913 2176 1943 de-

1230 1967 1292 1984 sero
1323 1956 1374 1985 sed
1396 1966 1472 1986 corr.
1494 1956 1517 1984 d
1522 1959 1614 1984 mero.
1638 1955 1717 1984 Idem
1740 1960 1809 1995 post
1832 1966 1862 1984 v.
1882 1966 2003 1995 prosero
2026 1957 2112 1986 addit
2123 1956 2176 1985 de—

1230 2010 1305 2027 sero.
1334 1999 1499 2037 Utrumque
1528 1998 1640 2026 dissero
1663 2003 1691 2027 et
1711 1997 1811 2026 desero
1836 2009 1852 2026 a
1882 2000 1960 2027 Cam.
1982 2009 2039 2028 om.
2060 2015 2103 2021 ——
2127 1999 2175 2037 17)

1230 2042 1263 2069 A
1276 2043 1405 2076 nomine,
1430 2041 1465 2069 id
1484 2047 1525 2069 est
1547 2041 1621 2069 llaec
1639 2051 1724 2077 sera,
1746 2041 1841 2069 haias
1860 2052 1957 2078 serae,
1981 2043 2177 2080 compositum

1231 2089 1281 2111 est.
1303 2084 1346 2112 Ita
1363 2089 1442 2112 recte
1463 2084 1533 2113 Cod.
1550 2084 1584 2111 A
1595 2085 1713 2111 nomine
1730 2083 1813 2122 qaod
1833 2090 1874 2111 est
1887 2084 1961 2112 staec
1976 2094 2060 2120 Sera,
2080 2084 2177 2112 huius

1234 2137 1333 2161 serae,
1355 2132 1381 2153 et
1395 2126 1433 2154 ab
1455 2137 1485 2154 eo
1503 2127 1698 2164 compositam
1717 2132 1757 2153 est
1771 2137 1883 2162 resero,
1907 2137 1950 2156 as.
1974 2126 2055 2157 Cam,
2069 2126 2101 2156 P.
2117 2126 2177 2155 nisi

1234 2169 1314 2207 quod
1340 2169 1417 2198 Cam.
1442 2178 1489 2197 vv.
1514 2168 1598 2207 qaod
1614 2174 1656 2196 est
1678 2169 1798 2198 omittit.
1828 2185 1870 2190 —
1901 2166 1947 2208 18)
1975 2170 2088 2207 Querar
2106 2170 2177 2197 item

1233 2211 1378 2249 deponens
1397 2217 1439 2238 est
1461 2212 1532 2240 Cod.
1554 2211 1627 2239 Item
1642 2222 1749 2249 queror
1764 2210 1911 2249 deponens
1934 2214 2003 2245 (om.
2021 2216 2075 2247 est)
2096 2212 2175 2239 Cam.

1233 2254 1264 2284 P.
1285 2269 1327 2274 —
1349 2256 1397 2290 19)
1423 2253 1514 2291 Quod
1531 2253 1664 2282 additum
1686 2264 1701 2281 e
1721 2254 1793 2282 Cod.
1814 2258 1844 2282 et
1867 2254 1946 2282 Cam.
1967 2269 2010 2275 —-
2038 2253 2087 2292 20)
2102 2255 2176 2281 Per-

245 2309 303 2336 Sed
317 2309 348 2336 in
367 2309 448 2338 Cam.
467 2311 496 2336 et
511 2307 541 2335 P.
562 2305 640 2334 uncle
656 2306 824 2345 Aggeritar
842 2305 959 2333 tumulo
984 2305 1081 2340 tellus,
1105 2307 1134 2332 in
1153 2306 1189 2333 II.
1224 2297 1295 2333 f⁹''⁰
1317 2296 1348 2324 P·
1377 2296 1455 2325 Gam-
1472 2297 1612 2335 praefero
1634 2296 1705 2325 COd·
1734 2311 1776 2318 ·-·
1805 2295 1851 2336 21)
1876 2296 1989 2324 Autem
2005 2295 2138 2324 additum
2160 2304 2176 2323 θ

246 2351 298 2381 lto.
320 2350 468 2379 Aeneidos
498 2350 624 2387 Virgilii
649 2349 786 2387 legimus.
830 2348 882 2376 Est
899 2347 970 2376 Aen.
992 2347 1048 2382 ΙΙΙ,
1072 2349 1119 2379 63.
1141 2348 1191 2375 ubi

248 2393 363 2431 editur,
393 2392 472 2432 quod
493 2392 573 2431 apud
601 2392 632 2421 P.
653 2396 682 2421 et
706 2392 784 2420 Cam.
807 2390 930 2429 legitur:
953 2389 1069 2418 tumulo
1094 2390 1191 2420 tellus.

1235 2337 1305 2367 Cod.
1327 2342 1356 2365 ct
1377 2338 1458 2368 Cam.
1487 2356 1519 2360 -—
1542 2337 1589 2379 22)
1623 2338 1659 2366 Ut
1679 2339 1784 2366 tertiae
1802 2340 1878 2367 cont.
1904 2338 1984 2367 verb.
2003 2337 2176 2366 notavimus

1236 2379 1307 2410 cod.
1324 2381 1496 2409 notavimus
1519 2383 1624 2410 tertiae
1642 2382 1717 2410 coni.
1736 2381 1891 2410 verborum
1912 2380 1990 2408 Cam.
2012 2379 2042 2408 P.
2064 2395 2106 2401 —
2125 2381 2175 2415 23)
