2263 2668
440 160 504 193 DE
531 158 806 194 VERBORUM
832 158 1224 195 SIGMHCATIONE
1251 161 1563 199 FRAGROENTA.
1823 165 1899 200 187

127 252 151 304 Η
167 255 211 288 de
236 265 277 288 eo
301 260 464 295 sumatur,
493 254 587 298 quod
613 255 760 288 Romani
781 235 848 288 Ilio
870 260 944 288 sunt
965 254 1113 296 oriundi,
1133 260 1166 287 et
1191 254 1331 288 Troiani
1356 257 1401 289 ita
1422 258 1565 304 effigie'
1557 270 1590 292 ιιι
1621 259 1698 303 equi
1722 260 1784 292 sint
1811 259 1893 306 [29]

117 307 217 365 (aptit
270 305 386 339 Multis
413 312 524 339 autem
558 307 712 351 genubus
738 318 862 350 equum
891 306 1073 339 hostiarum
1098 318 1238 339 numero
1265 307 1384 340 haberi
1409 311 1594 344 testimonio
1621 317 1694 344 sunt
1719 311 1896 345 Lacedae-

116 358 238 398 monii,
265 359 322 401 qui
347 359 381 390 in
404 366 518 391 monte
538 358 696 403 Tavgeto
724 370 847 416 equum
872 358 975 391 ventis
1000 358 1192 391 immolant.
1219 358 1411 402 ibidemque
1431 362 1590 402 adolent.
1616 369 1652 396 ut
1676 375 1792 396 eorum
1813 364 1893 396 flatu

117 411 197 444 cinis
232 410 300 442 eius
331 421 394 453 per
428 410 500 442 finis
534 421 634 453 quam
668 410 822 443 latissime
849 409 1042 448 differatur3
1088 416 1122 442 et
1142 410 1335 450 Sallentini,
1383 413 1473 456 apud
1501 426 1584 457 quos
1612 415 1798 448 Menzanae
1824 415 1894 448 Iovi

118 462 246 495 dicatus
270 462 387 494 vivos*
411 461 572 494 conicitur
597 462 632 493 in
656 462 790 506 ignem3
833 468 866 494 et
890 461 1028 502 Rhodi,
1066 463 1124 504 qui
1150 461 1243 505 quod
1270 463 1384 495 annis
1387 465 1605 510 ⁸quadrigas
1632 467 1693 498 soli
1720 477 1894 500 coruscen-
1920 473 1958 497 'f.
1978 473 2051 498 virus

118 520 168 546 tas
193 514 227 545 in
253 525 344 546 mare
369 513 508 555 iaciunt,
556 513 650 556 quod
685 514 711 546 is
743 513 801 545 tali
833 513 997 546 curriculo
1030 512 1136 545 fertur
1167 513 1372 547 circumvehi
1403 516 1573 550 mundum.
1633 517 1893 551 Occidamus
1902 508 2068 567 ”hqd-Etan—

119 565 255 598 Plautus
281 565 374 609 ponit
405 575 468 608 pro
503 571 618 598 contra
651 564 825 602 cedamus;
869 575 946 598 cum
972 564 1136 609 plurimae
1163 565 1246 598 aliae
1272 568 1532 610 praepositiones
1560 569 1787 602 familiariores
1814 569 1894 603 huic

120 617 224 649 verbo
252 616 322 648 sint.
375 615 678 649 Occentassint
705 617 829 660 antiqui
856 616 1030 658 dicebant,
1075 616 1168 659 quod
1195 628 1299 657 nunc,
1339 620 1522 652 convicium
1550 620 1705 654 fecerint.
1743 621 1894 654 dicimus.

119 667 213 711 quod
240 667 275 699 id
303 667 412 709 clare,
452 672 484 700 et
510 679 587 701 cum
613 667 760 711 quodam
789 678 910 701 canore
936 668 990 709 fit,
1027 673 1062 699 ut
1082 668 1204 712 procul
1231 669 1380 702 exaudiri
1409 672 1521 714 possit.
1550 672 1641 715 quod
1664 679 1762 716 turpe
1788 672 1895 704 habe-

118 725 191 759 tur,
218 719 296 762 quia
323 730 390 751 non
415 719 483 752 sine
510 730 609 752 causa
635 719 708 752 fieri
733 725 876 763 putatur.
903 719 981 752 inde
1003 720 1201 752 cantilenam
1228 720 1313 761 dici,
1340 722 1417 764 quia
1444 723 1535 755 illam
1558 735 1624 756 non
1645 731 1757 756 cantus
1777 724 1895 757 iucun-

120 770 260 803 ditatem
292 777 386 814 puto,
448 770 606 804 Ocrem
641 771 782 815 antiqui,
830 777 866 803 ut
895 771 1009 804 Ateius
1039 770 1241 817 Philologus
1275 773 1308 804 in
1342 773 1428 806 libro
1465 775 1750 808 Glossematorum
1784 775 1895 813 refert,

122 828 269 855 montem
297 822 535 866 confragosum
558 823 740 863 vocabant,
778 829 814 854 ut
837 828 918 867 aput
940 823 1087 855 Livium:

225 873 307 906 Sed
334 873 405 917 qui
432 878 522 906 sunt
547 873 610 915 hi,
648 875 718 918 qui
746 874 981 908 ascendunt
1007 874 1139 908 altum
1166 874 1321 907 ocrim?

122 930 174 958 et:

223 975 456 1018 celsosque
483 976 612 1016 ocris,
648 987 833 1020 arvaque
854 977 1040 1021 putria⁸‚
1075 982 1115 1010 et
1138 988 1254 1010 mare
1278 988 1482 1022 magnum.
1917 987 2055 1021 ’spania-

225 1027 411 1071 Namque
436 1027 620 1060 Taenari
646 1028 786 1061 celsos
812 1030 931 1062 ocris.

123 1083 173 1113 et:

223 1130 325 1162 haut
351 1136 395 1163 ut
421 1141 541 1173 quem
569 1130 703 1163 Chiro
730 1131 770 1162 in
796 1131 915 1164 Pelio
943 1131 1096 1164 docuit
1124 1132 1231 1170 ocri3

123 1180 212 1214 unde
234 1182 371 1214 fortasse
399 1182 498 1214 etiam
524 1182 660 1216 ocriae¹
682 1182 743 1214 sint
769 1181 880 1216 dictae
905 1183 1122 1226 inaequaliter
1143 1183 1327 1217 tuberatae.
1382 1182 1563 1222 Occare.
1591 1187 1624 1215 et
1651 1190 1897 1215 occatorem
1917 1192 2056 1217 mamm

124 1233 259 1266 Verrius
284 1238 381 1276 putat
407 1233 532 1267 dictum
559 1235 602 1266 ab
630 1233 866 1275 occaedendo,
912 1235 1006 1278 quod
1040 1235 1159 1268 caedat
1191 1234 1328 1280 grandis
1353 1234 1478 1279 globos
1505 1240 1629 1272 terrae:
1675 1245 1751 1267 cum
1780 1233 1898 1268 Cicero

125 1285 353 1317 venustissime
385 1285 476 1318 dicat
509 1285 551 1317 ab
586 1285 800 1319 occaecando
833 1287 948 1331 fruges
982 1293 1077 1319 satas.
1141 1286 1269 1320 Ocius
1304 1286 1470 1320 secundae
1503 1285 1688 1319 collationis
1720 1291 1752 1318 et
1779 1285 1900 1318 deinde

124 1336 241 1370 tertiae
267 1336 437 1369 occi-ssime
463 1337 671 1380 frequentata
697 1343 780 1371 sunt.
833 1338 903 1371 Alii
929 1338 1034 1372 dictas
1058 1336 1212 1371 nostras3
1234 1345 1361 1371 tracta*
1386 1349 1426 1371 ex
1450 1337 1604 1377 Graeco,
1647 1337 1683 1369 id
1707 1344 1752 1369 est
1780 1328 2074 1389 ὦκέωᾳῶἳὲξζοοῗ

124 1387 217 1421 cuius
242 1388 352 1432 prima
378 1389 594 1432 significatio,
640 1401 681 1423 ex
707 1401 772 1433 qua
798 1389 985 1449 procedere
1011 1391 1044 1422 in
1071 1391 1356 1434 comparationem
1384 1389 1502 1425 debet.
1547 1389 1639 1432 apud
1665 1400 1724 1421 nos
1750 1399 1817 1420 non
1843 1394 1898 1421 est
1925 1404 1994 1427 stro,
2012 1396 2058 1421 sed

123 1439 240 1472 tertiae
266 1450 345 1472 vero
368 1441 625 1473 consolationis
627 1465 637 1479 ,
680 1443 772 1474 cuius
800 1442 926 1474 maiora
953 1442 1108 1487 exempla
1135 1449 1226 1477 sunt.
1266 1449 1382 1476 auctor
1409 1449 1456 1475 est
1475 1441 1610 1474 Plautus
1636 1441 1669 1472 in
1689 1440 1898 1473 Nervolaria:
1949 1438 2033 1457 “²⁶¹³

126 1491 326 1525 ocissime
353 1503 426 1525 nos
452 1490 625 1541 liuberi
652 1493 860 1537 possimus
888 1494 986 1526 fieri
1040 1521 1047 1528 .
1083 1520 1090 1526 .
1130 1519 1137 1526 .
1181 1519 1188 1526 .
1224 1520 1231 1527 .
1271 1520 1277 1526 .
1320 1520 1327 1526 .
1363 1521 1371 1527 .
1410 1519 1417 1526 .
1470 1493 1649 1536 quicquam
1675 1492 1790 1525 occissi
1818 1489 1898 1536 [3⁰]
1909 1465 2074 1526 mos-gano-

127 1568 502 1577 .......
563 1544 695 1578 Coelius
727 1544 939 1578 historiarum
973 1544 1062 1578 libro
1120 1573 1127 1579 .
1184 1574 1190 1580 .
1245 1571 1252 1577 .
1308 1573 1314 1579 .
1369 1572 1375 1577 .
1431 1572 1437 1577 .
1491 1571 1499 1576 .
1555 1545 1760 1577 concitantur
1795 1543 1901 1576 occis-

126 1594 207 1626 sime
267 1620 772 1629 .........
774 1597 883 1629 1ε1ἰιι3
914 1597 1033 1629 Lamia
1067 1596 1157 1641 apud
1215 1618 1899 1631 ............

128 1645 278 1677 Lamiam
307 1652 406 1688 oport
459 1670 1085 1680 ...........
1140 1646 1352 1687 Ocimum,
1390 1647 1576 1687 Graecum,
1612 1650 1646 1679 et
1671 1658 1695 1678 a
1722 1646 1902 1678 celeritate

129 1696 298 1728 nascendi
323 1700 374 1730 esi
400 1697 542 1730 dictum.
595 1696 834 1742 Occupaticius
862 1697 986 1744 (τέξει-ἕ
1011 1698 1197 1732 dicebatur
1224 1699 1270 1732 ab
1297 1699 1464 1743 antiquis,
1504 1698 1563 1742 qui
1589 1697 1720 1730 desitus
1746 1709 1766 1729 a
1792 1696 1903 1730 culto-

129 1746 220 1780 ribus
245 1747 457 1792 frequentari
482 1750 658 1794 propriis,
705 1749 751 1783 ab
778 1751 858 1784 aliis
885 1754 934 1783 est
961 1751 1125 1796 occupari
1151 1758 1300 1795 coeptus.
1329 1749 1421 1793 quod
1446 1750 1481 1782 in
1507 1760 1602 1794 agro
1632 1748 1817 1794 Campano
1833 1747 1903 1794 sa-

132 1801 223 1831 ctum
250 1802 329 1831 ests
367 1800 454 1832 Nam
482 1811 557 1833 cum
584 1801 777 1841 Hannibal,
826 1802 1031 1847 Capuanos.
1074 1803 1132 1846 qui
1159 1803 1204 1835 «ie
1231 1802 1369 1835 Punica
1397 1811 1470 1845 rep.
1503 1800 1590 1833 bene
1616 1801 1726 1833 meriti
1740 1799 1905 1845 fuerant,

132 1860 358 1883 remunerare
384 1852 503 1891 vellet,
541 1858 639 1895 atque
667 1864 783 1886 eorum
811 1865 928 1898 agros.
964 1855 1022 1898 qui
1049 1858 1159 1887 essent
1186 1853 1364 1898 occupati,
1400 1852 1642 1897 devastatique
1668 1858 1838 1895 tamquam
1865 1860 1906 1883 ex

131 1900 232 1934 hoste
258 1906 432 1947 receptos,
459 1904 640 1937 restituere
649 1916 661 1942 ,·
686 1905 907 1938 nominandos
934 1905 1072 1950 publice
1100 1905 1218 1937 edixit.
1245 1904 1310 1937 sed
1337 1915 1413 1936 cum
1441 1903 1621 1948 querelam
1649 1903 1783 1936 audiret
1809 1913 1905 1937 com—

133 1964 267 1986 munem
296 1964 432 1995 eorum,
459 1966 604 1999 quorum
632 1967 726 2001 ager
752 1960 943 2002 occupatus
969 1962 1016 1989 est
1037 1969 1056 1989 a
1076 1957 1229 2000 privatis,
1264 1955 1361 1988 iussit
1387 1955 1471 1988 dari
1497 1966 1625 2000 agros.
1651 1966 1718 1987 uon
1744 1965 1829 1999 quos
1854 1952 1906 1986 im·

132 2005 354 2048 accepissent.
398 2006 462 2039 sed
488 2008 730 2052 occupaticios.
794 2008 1002 2042 Orchitin
1029 2008 1182 2040 Λαίαν
1209 2006 1411 2051 Philologus
1443 2007 1476 2038 in
1510 2006 1731 2040 collectaneis
1756 2006 1807 2038 ait
1832 2015 1905 2038 esse
1924 2010 2061 2037 'Larcius

132 2067 247 2102 genus
274 2057 372 2090 oleae
398 2056 535 2091 ductum
561 2070 602 2092 ex
622 2059 756 2093 Graeco
784 2059 916 2106 ὄρχεις,
958 2059 1052 2104 quod
1079 2059 1315 2092 testiculorum
1342 2059 1386 2091 sit
1412 2058 1672 2103 magnitudinis,
1709 2057 1821 2100 itaque
1845 2067 1905 2088 vo-

134 2109 213 2141 cari
239 2119 283 2141 ex
310 2119 349 2141 eo
376 2109 523 2142 orchitin
575 2136 830 2145 .....
882 2116 918 2143 to
945 2110 1145 2156 grandiore:
1185 2109 1451 2150 Orchestra,
1485 2110 1581 2143 locus
1605 2110 1639 2142 in
1665 2119 1814 2147 scaena,
1840 2118 1905 2152 quo

134 2165 250 2204 antea,
280 2160 338 2203 qui
361 2171 448 2194 nunc
474 2161 679 2206 planipedes
706 2162 950 2207 appellantur,
990 2173 1057 2194 non
1084 2161 1342 2195 admittebantur
1369 2161 1568 2203 histriones,
1602 2161 1667 2194 nisi
1691 2163 1825 2193 tantum
1852 2158 1904 2190 ἱπ-

134 2212 230 2244 terim
256 2210 338 2244 dum
364 2211 501 2246 fabulae
527 2213 802 2258 explicarentur,
849 2224 940 2258 quae
964 2214 1038 2247 sine
1064 2214 1149 2259 ipsis
1175 2213 1333 2259 explicari
1358 2225 1425 2247 nou
1450 2216 1617 2258 poterant.
1669 2211 1811 2246 Ricinia
1839 2221 1904 2243 au-

134 2348 192 2377 pro
213 2338 341 2375 Milone,
371 2339 406 2368 In
429 2340 534 2376 Sacra,
561 2340 675 2378 inquit,
708 2339 754 2368 via
774 2344 816 2368 est
838 2340 919 2378 regia
942 2345 998 2370 etc.
1041 2340 1073 2378 4)
1098 2340 1314 2379 Occuponem
1329 2339 1428 2381 agen]
1451 2340 1493 2369 De
1508 2340 1585 2379 agris
1603 2337 1816 2378 occupant-jis,
1837 2335 1904 2365 Vide

143 2381 194 2409 [ἰν
203 2392 225 2409 ε.
254 2397 296 2403 -
325 2382 358 2420 3)
379 2383 476 2411 Dicta
499 2393 519 2411 a
541 2384 653 2411 nostris
679 2382 749 2412 Ven.
768 2383 814 2410 Sc.
840 2392 909 2411 cum
928 2389 997 2412 nota
1040 2385 1203 2423 scriptores
1222 2382 1260 2412 de
1281 2383 1424 2412 limitibus
1443 2393 1592 2422 agrorum.
1624 2383 1702 2411 [ἵνα.

138 2424 169 2451 in
206 2424 337 2462 margine
373 2424 475 2453 dictas
514 2431 634 2453 nostras
668 2435 730 2455 ease
760 2425 791 2454 in
826 2425 860 2453 V.
889 2425 920 2455 C.
950 2442 993 2448 —

1558 2477 1666 2509 Aa*
