2263 2668
229 181 305 217 390
658 172 1003 209 COMMENTARn
1027 174 1075 208 IN
1099 172 1243 209 PAULI
1267 172 1464 207 DIACONI
1489 174 1742 211 EXCERPTA

397 269 564 300 Calones.
609 267 803 296 scribendum
825 266 1057 307 περισπωμένως
1079 268 1170 302 κοῖλα,
1198 272 1233 296 ut
1255 265 1392 307 κάγκανα
1414 269 1499 297 κᾶλα.
1539 267 1741 297 Glossarium:
1775 267 1863 305 Calo,
1886 270 1996 305 δοῦλος
2017 269 2168 309 δημόσιος.

231 318 375 347 hjdorus:
411 311 548 347 Calones,
584 308 715 339 Galearii
735 308 871 338 militum.
903 308 1002 339 Scal.
1047 309 1172 338 Calones
1195 310 1289 346 servi,
1319 309 1369 347 qui
1392 309 1493 338 clavas
1514 310 1626 348 ligneas
1649 311 1804 349 gerebant,
1835 312 1913 349 ligna
1936 313 2113 350 colligebant
2135 324 2170 342 ac

231 361 298 388 foco
322 354 594 390 subministrabant,
625 362 641 380 a
664 353 778 381 Graeco
801 354 891 382 κᾶλον
913 350 1040 391 lignum,
1066 352 1128 389 vel,
1151 357 1184 380 ut
1205 352 1271 380 vult
1293 351 1430 389 Servius,
1454 363 1469 380 a
1493 353 1596 381 Latino
1621 352 1697 383 cala.
1744 354 1827 382 Calas
1851 353 1928 382 enim
1950 355 2086 385 dicebant
2108 366 2169 384 ma—

231 403 307 431 iores
329 398 422 428 nostri
445 397 554 431 fustes,
578 405 653 433 quos
676 395 832 433 portabant
855 395 933 423 servi
956 399 1113 433 sequentes
1135 395 1270 423 dominos
1293 394 1330 423 ad
1353 395 1509 433 proelium.
1554 395 1661 424 Verum
1685 406 1745 424 non
1766 401 1879 425 tantum
1903 397 1994 426 fustes
2016 397 2100 428 calos
2122 399 2168 427 di-

232 445 350 478 cebant,
381 439 432 468 sed
454 444 483 468 et
505 439 609 477 quavis
631 438 688 466 alia
709 438 798 476 ligna.
843 437 928 466 Unde
950 437 1098 467 Lucilius:

927 485 1036 517 Scimle
1055 499 1126 528 puer
1148 486 1244 517 calam
1267 495 1298 516 ut
1320 486 1428 517 calcas.

230 545 291 575 Etsi
313 544 355 572 ibi
377 540 474 571 calam
498 544 610 568 vectem
633 539 850 578 interpretatur
873 539 1012 577 Scaliger.
1049 538 1106 568 Sed
1130 538 1167 567 de
1189 539 1247 567 hoc
1270 539 1350 567 alias.
1372 538 1460 568 Dae.
1497 538 1571 567 Vide
1593 539 1670 569 infra
1691 537 1809 569 Metelli
1830 544 1859 568 et
1881 539 2008 568 Nonium
2031 541 2106 579 (pag.
2117 543 2168 574 62,

231 587 333 623 Mete.)
354 586 384 614 iu
410 582 561 613 Colonum.
608 580 712 614 Goth,

395 625 621 665 Consiptum.
666 625 723 654 Pro
746 631 912 664 conseptum
934 627 1050 652 veteres
1073 623 1176 652 dixere
1200 623 1391 663 consipitum‚
1429 622 1505 652 unde
1528 623 1708 662 consiptum,
1747 623 1828 662 quud
1851 629 1895 652 est
1917 625 1978 662 agri
2001 624 2078 652 circa
2099 630 2171 654 tem-

231 673 313 712 plum
336 670 462 709 spatium
486 669 541 697 deo
566 667 707 696 dicatum.
751 668 847 695 Varro
871 666 921 694 lib.
936 665 983 694 VI.
1007 665 1068 705 (De
1090 666 1122 695 L.
1140 667 1171 695 L.
1192 666 1259 702 VII,
1281 676 1311 704 p.
1325 668 1396 698 299.
1421 665 1508 705 Sp.):
1549 664 1708 706 Extemplo
1736 674 1776 695 est
1799 667 1950 704 continuo,
1989 665 2069 707 quod
2090 678 2173 696 omne

232 713 370 754 templum
395 710 475 740 debet
498 711 719 749 circumseptum
742 721 793 738 nec
813 707 882 749 plus
902 719 991 749 quam
1013 720 1101 736 unum
1124 709 1273 737 introitum
1296 707 1408 736 habere.
1453 707 1506 736 Ubi
1531 708 1658 736 Varroni
1681 709 1901 748 circumseptum
1926 713 1982 745 est,
2015 709 2096 747 quod
2117 710 2173 738 Fe‘

232 763 278 786 sto
302 761 483 792 conseptum,
521 754 697 792 περίβολος,
735 753 939 791 περίφραγμα.
983 750 1071 790 Apud
1092 751 1219 780 Ennium
1247 749 1322 779 haec
1349 760 1410 779 vox
1433 749 1525 779 hodie
1554 761 1613 779 non
1639 755 1728 780 extat.
1771 751 1845 780 Nam
1869 752 1950 790 quod
1972 752 2013 781 ait
2034 752 2171 791 Scaliger,

235 800 350 827 Festum
372 796 534 833 intelligere
556 805 594 823 ex
615 795 717 824 Medea
741 795 840 823 Ennii:

918 836 1040 873 Teneor,
1073 836 1206 875 consipta
1230 833 1357 876 undique
1377 846 1474 871 venor,

230 892 262 920 id
284 901 357 919 vero
380 889 509 928 probare
530 898 592 916 non
614 898 744 927 possum.
788 887 873 915 Ratio
895 891 952 923 est,
984 887 1063 925 quod
1085 896 1187 916 vocem
1209 886 1302 925 ipsam
1325 885 1517 921 produxisset
1540 886 1661 924 Festus,
1685 886 1729 914 uti
1753 896 1785 915 ea
1809 886 1889 925 apud
1911 886 2038 915 Ennium
2063 891 2091 916 et
2113 897 2172 915 non

230 938 344 963 mutato
367 942 482 971 genere.
520 931 593 959 Nam
616 931 657 959 ita
680 932 764 960 solet.
790 929 876 958 Duc.
914 928 1076 968 Reperitur.
1103 929 1263 958 invenitur.
1311 926 1416 957 Goth.
1878 925 1884 927 “

396 972 583 1003 Curionia
604 984 726 1003 sacra.
773 972 856 1008 Quae
879 971 909 999 in
933 971 1023 1000 curiis
1046 971 1192 1000 habebant
1214 982 1228 1000 a
1253 972 1374 999 curione
1397 981 1549 1000 sacrorum
1573 971 1730 1000 curialium
1753 971 1917 1010 praefecto,
1960 970 2046 1001 Dac.

397 1015 444 1045 Co
454 1014 650 1056 rpulentis.
695 1016 772 1044 Haec
799 1025 859 1043 vox
880 1015 911 1043 in
932 1014 1021 1043 Ennii
1043 1015 1215 1052 fragmentis
1238 1024 1299 1042 non
1323 1019 1456 1052 apparet.
1501 1013 1557 1042 Sed
1580 1014 1651 1043 inde
1673 1014 1703 1042 in
1726 1013 1846 1052 glossis:
1887 1012 2093 1053 Corpulentus,
2124 1026 2174 1052 με·

231 1057 411 1100 γαλόσωμος.
449 1059 551 1087 Postea
574 1056 758 1097 corpulentus
781 1057 840 1085 dici
861 1057 958 1095 coepit
980 1067 1035 1095 pro
1058 1058 1170 1096 pingui.
1202 1058 1317 1095 Corpus
1341 1056 1418 1084 enim
1441 1056 1598 1095 pinguedo.
1636 1057 1718 1086 Unde
1740 1067 1846 1096 corpus
1858 1055 1967 1098 facere
1986 1056 2059 1085 dixit
2083 1056 2174 1085 Phae-

231 1104 304 1131 drus
328 1101 399 1141 (111,
422 1105 457 1136 7,
481 1102 527 1138 5.)
550 1111 606 1139 pro
629 1101 838 1139 pinguescere,
867 1104 899 1128 ut
922 1104 1025 1128 contra
1050 1110 1154 1138 corpus
1177 1100 1308 1128 amittere
1329 1109 1383 1138 pro
1406 1099 1597 1129 macilentum
1620 1099 1693 1130 fieri.
1738 1098 1828 1134 Quod
1851 1099 1910 1128 iam
1932 1099 2004 1127 olim
2026 1099 2099 1128 viris
2123 1099 2176 1127 do-

232 1145 286 1174 ctis
309 1148 491 1174 annotatum.
534 1142 620 1172 Dac.

397 1184 676 1215 Conciliatriae.
722 1184 877 1213 Lucillius:
901 1183 1038 1213 Aetatem
1061 1192 1087 1213 et
1100 1184 1234 1226 faciem,
1256 1190 1288 1212 ut
1309 1194 1398 1223 saga,
1421 1191 1447 1212 et
1471 1182 1546 1213 bona
1571 1183 1773 1213 conciliatrix.
1802 1183 1938 1212 Glossae:
1964 1182 2174 1221 Conciliatrioe,

232 1226 437 1269 προξενήτρια.
462 1226 562 1256 Scal.
606 1230 629 1255 A
654 1227 746 1255 verbo
770 1225 944 1262 conciliare,
972 1227 1003 1255 id
1027 1232 1069 1255 est
1093 1227 1250 1265 copulare,
1281 1227 1362 1264 quod
1383 1231 1412 1254 et
1434 1227 1465 1254 in
1486 1226 1595 1255 bonam
1617 1231 1731 1266 partem
1755 1227 1898 1262 sumitur,
1922 1237 1977 1255 nec¹
2000 1236 2116 1266 semper
2138 1226 2176 1255 de

232 1272 388 1300 lenocinio.
433 1271 474 1298 De
497 1269 633 1308 legitimis
657 1270 767 1310 nuptiis
790 1270 884 1299 Plaut.
908 1269 1040 1299 Trinuni.
1057 1270 1100 1306 ΙΙ,
1123 1273 1159 1306 2,
1183 1269 1304 1308 (105.):

768 1320 842 1349 Tute
863 1317 905 1348 acl
926 1331 989 1348 eum
1012 1318 1120 1358 adeas,
1150 1326 1208 1348 tute
1231 1317 1386 1356 concilies,
1410 1326 1468 1347 tute
1488 1330 1602 1359 poscas.

233 1365 340 1394 Catull.
363 1364 435 1403 (68,
462 1364 563 1402 130.):

771 1404 809 1433 Ut
831 1403 919 1433 semel
939 1416 967 1433 es
989 1404 1083 1434 Flavo
1107 1402 1266 1434 conciliata
1288 1404 1360 1432 viro.

234 1449 324 1478 Dae.

400 1489 624 1519 Conventae.
669 1490 799 1518 Omnino
821 1489 992 1528 legendum:
1019 1487 1165 1519 Conventa
1189 1486 1328 1518 conditio.
1355 1487 1428 1516 Nam
1451 1492 1479 1515 et
1500 1486 1532 1515 id
1555 1486 1728 1526 simpliciter
1751 1486 1906 1516 dicebatur
1927 1487 2074 1525 conditio,
2099 1487 2177 1516 uude

235 1534 364 1562 formula
388 1533 520 1571 repudii:
546 1530 719 1561 Conditione
741 1540 791 1561 tua
814 1543 870 1561 non
893 1540 959 1560 utor
982 1529 1058 1571 (1.2.
1083 1533 1106 1568 §.
1120 1534 1150 1563 2.
1164 1531 1195 1561 ff.
1218 1530 1254 1558 de
1277 1530 1422 1559 divortiis.
1448 1527 1582 1568 Goth),
1608 1534 1638 1557 et
1661 1529 1744 1567 quod
1765 1529 1931 1567 dicebatur,
1951 1537 2084 1569 parentes
2106 1528 2176 1559 libe·

235 1577 275 1604 ris
298 1577 356 1604 suis
378 1574 558 1605 conditiones
581 1586 722 1615 quaerere.
747 1573 845 1604 Scal.
887 1574 1039 1611 conditio,
1062 1574 1095 1601 id
1118 1578 1163 1603 est
1186 1573 1358 1601 coniunctio
1379 1572 1429 1601 vel
1451 1572 1549 1610 pactio
1572 1572 1744 1611 nuptiarum
1767 1577 1795 1601 et
1817 1572 2046 1611 sponsaliorum.
2083 1572 2177 1601 Plaut.

236 1618 407 1654 Aulul.111,
430 1618 466 1654 5,
491 1616 564 1656 (1.):

853 1657 983 1686 Narravi
1005 1657 1110 1686 amicis
1132 1655 1233 1686 multis
1255 1654 1409 1685 consilium
1432 1667 1526 1685 meum

854 1700 899 1728 De
921 1698 1088 1730 conditione
1108 1698 1176 1729 Ιιαο.

238 1753 408 1782 Notandum
431 1753 520 1782 etiam
542 1750 673 1781 conditio
695 1751 846 1780 interdum
867 1761 930 1780 non
952 1750 988 1779 de
1010 1750 1140 1790 nuptiis,
1163 1749 1215 1779 sed
1239 1749 1274 1778 de
1295 1748 1409 1787 stupris
1430 1748 1562 1786 intelligi.
1606 1749 1727 1777 Sueton.
1751 1748 1824 1786 Aug.
1848 1749 1954 1780 c.69.:
1977 1747 2015 1778 Et
2034 1747 2178 1779 conditio-

240 1807 287 1823 nes
307 1797 454 1835 quaesitas
474 1807 525 1835 per
545 1795 666 1824 amicos.
710 1794 764 1823 Da
775 1806 799 1825 c.

403 1836 656 1877 Conceptivae
674 1837 819 1874 feriae.
864 1835 996 1871 Quarum
1026 1836 1157 1864 incertus
1186 1834 1265 1870 dies,
1303 1838 1333 1862 et
1359 1843 1432 1872 quas
1458 1837 1579 1872 praetor
1605 1834 1695 1863 certis
1718 1833 1815 1862 verbis
1837 1832 2024 1872 concipiebat
2046 1838 2075 1863 et
2095 1834 2179 1863 curio

243 1878 397 1909 indicebat.
441 1880 529 1909 Ovid.
549 1880 583 1908 ll.
606 1879 683 1908 Fast.
707 1877 819 1920 (527.):

817 1919 904 1950 Curio
926 1919 1063 1960 legitimis
1085 1930 1162 1948 nunc
1183 1917 1364 1948 Fornacalia
1386 1917 1480 1947 verbis

855 1964 1015 1991 Maximus
1037 1960 1158 1998 indicit,
1193 1973 1245 1991 nec
1267 1968 1347 1990 stata
1368 1971 1454 1990 sacra
1473 1958 1563 2000 facit.

247 2000 372 2039 Ideoque
400 2003 546 2034 indictitia
576 2007 649 2034 festa
680 2006 767 2035 etiam
796 2005 882 2035 dicta.
929 2004 1128 2043 Conceptims
1157 2004 1244 2033 ferias
1267 2008 1356 2032 vocat
1379 2003 1473 2033 Varro
1496 2000 1558 2042 (De
1580 2002 1613 2032 L.
1633 2002 1663 2031 L.
1688 2001 1743 2039 VI,
1765 2004 1837 2034 207.
1860 2003 1937 2041 Su).
1978 2001 2072 2040 Vulgo
2093 2000 2180 2030 Festa

248 2042 375 2073 mobilia.
400 2044 483 2074 Dae.
517 2047 703 2077 sementinae.
732 2049 939 2076 Sementiacae.
985 2045 1090 2076 Goth.

414 2084 608 2118 Coelibari
637 2090 753 2120 hasta.
799 2090 927 2118 Ovidius
951 2089 1005 2129 (H,
1028 2090 1130 2126 559.):

815 2132 878 2161 Nec
900 2131 953 2160 tibi
975 2143 1050 2172 quae
1071 2130 1196 2171 cupidae
1214 2138 1330 2160 matura
1352 2127 1483 2159 videbere
1503 2130 1593 2158 matri

280 2210 285 2216 ,
862 2172 968 2204 Comat
988 2175 1134 2214 virgineas
1155 2173 1243 2203 hasta
1266 2183 1386 2203 recurva
1408 2182 1516 2201 comas.

250 2209 325 2239 Vide
348 2209 497 2238 Plutarch.
520 2211 550 2238 in
573 2219 682 2248 quaest.
705 2216 802 2253 Rom.‚
829 2216 881 2254 qui
904 2214 1046 2256 δοράτιον
1068 2221 1166 2246 vocat.
1207 2216 1297 2245 Dac.

384 2293 389 2298 .
417 2251 585 2290 Cingulo.
628 2254 720 2284 Vairo
750 2256 1056 2297 γεροντοδιδασκᾶλωι
1093 2258 1194 2288 Novas
1223 2259 1345 2287 maritos
1373 2257 1480 2286 tacitus
1501 2256 1598 2285 taaeim
1621 2256 1726 2286 uxoris
1746 2253 1876 2286 solvebat
1897 2253 2056 2295 cingulum.
2097 2254 2177 2285 Idem

253 2294 338 2322 Zona
360 2293 523 2322 dicebatur.
568 2295 671 2324 Catull.
694 2297 741 2335 (2,
766 2300 844 2339 11‚);
1019 2291 1026 2301 ‘

900 2341 989 2380 Quod
1010 2343 1126 2372 Zonam
1148 2341 1238 2372 soluit
1260 2340 1311 2371 diu
1332 2340 1465 2380 ligatam.

255 2376 338 2405 Unde
362 2377 476 2406 Zonam
498 2376 605 2406 solvere
628 2389 681 2416 pro
705 2379 895 2418 devirginare.
920 2384 1010 2414 Dae.
1055 2383 1243 2414 Herculaneo
1265 2382 1351 2414 nodo.
1393 2383 1424 2412 [d
1447 2387 1491 2412 est
1512 2382 1688 2412 arctissimo.
1725 2381 1800 2411 Vide
1822 2381 1933 2410 Erasm.
1970 2379 2057 2408 Hunc
2078 2388 2178 2417 repre-

255 2424 370 2448 sentant
390 2420 421 2447 in
442 2420 581 2449 Mercurii
604 2421 687 2458 virga
709 2421 848 2452 dracones
870 2427 965 2454 media
989 2427 1122 2465 corporis
1142 2431 1228 2466 parte
1250 2431 1355 2455 mutuo
1378 2424 1530 2464 implicati.
1572 2425 1702 2456 Macrob.
1724 2424 1852 2464 (Satura.
1869 2423 1911 2459 Π,
1938 2423 2012 2458 19.):
2040 2418 2087 2449 Hi
2109 2418 2177 2450 dra-
