2263 2668
459 162 523 196 DE
558 162 832 198 VERBORUM
865 159 1255 197 SIGNIFICATIONE
1289 161 1601 199 FRAGMENTA.
1843 164 1917 198 203

141 268 208 300 que
229 255 450 302 profundum
505 283 875 293 .......
929 255 1072 290 Profesti
1099 255 1170 289 dies
1197 255 1298 296 dicti,
1336 256 1430 300 quod
1455 257 1521 290 sint
1544 258 1672 303 procul
1698 269 1722 291 a
1746 258 1920 304 religione

141 308 289 341 nominis
323 307 433 340 divini.
495 307 659 342 Caecilius
687 309 720 342 in
773 336 780 344 .
835 335 841 342 .
894 308 988 354 quod
1010 307 1173 353 facimus
1201 306 1379 352 profesto,
1409 307 1528 353 fecisti
1561 310 1754 343 tantundem
1785 310 1917 356 festivo

143 360 210 393 die.
248 360 329 392 item
361 358 537 404 Afranius
572 361 604 392 in
638 361 807 405 Privigno.
845 371 951 405 aeque
978 358 1156 405 profesto,
1202 362 1326 391 contra
1368 369 1447 392 cum
1483 361 1650 395 celebras.
1713 362 1920 395 Profusus

142 422 243 455 super
263 411 407 443 modum
428 415 648 456 sumptuosus
667 412 860 446 dicebatur.
906 410 1081 444 Terentius
1105 411 1137 443 in
1157 410 1330 455 Adelphis
1338 421 1350 447 ;
1372 411 1588 456 profundat,
1611 413 1764 458 perdat,
1785 418 1919 459 pereat,

143 462 227 495 nihil
256 462 298 494 ad
326 474 389 495 me.
428 463 521 495 alias
546 462 716 502 obiectus,
761 464 888 497 iacens.
925 468 957 496 et
982 462 1147 496 Pacuvius
1181 462 1214 494 in
1241 461 1400 495 Teucro:
1440 463 1636 509 profusus5
1661 465 1798 510 gemitu
1824 476 1921 498 mur-

143 524 261 554 mure,
291 514 488 546 occistians*
516 517 594 547 ruat
634 539 1188 549 ..........
1204 508 1225 562 ss
1243 539 1808 550 ..........
1836 515 1970 562 [39]*s.
1985 519 2095 546 oscitans

145 593 153 599 .
192 570 268 599 cant
321 591 1079 600 .............
1134 569 1192 597 rta.
1229 564 1353 598 Plauti
1380 565 1607 610 appellantur
1634 578 1748 609 canes,
1774 578 1919 613 quorum

146 627 251 649 aures
273 615 472 660 languidae
493 621 590 657 sunt,
618 628 662 650 ac
676 616 881 663 flaccidae,
911 621 946 650 ut
970 617 1076 650 latius
1094 617 1277 650 videantur
1296 619 1428 662 patere
1480 643 1918 653 ........

210 693 215 698 .
270 678 356 710 quac
416 693 1165 703 .............
1221 680 1239 700 e
1292 693 1919 704 ...........

273 747 279 753 ,
339 718 394 751 uni
454 744 1206 755 .............
1266 719 1298 751 vi
1357 743 1919 756 ..........

147 796 467 805 ......
521 771 577 804 cis.
630 771 784 804 Plantae
810 772 1039 816 appellantur
1063 771 1197 804 semina
1223 771 1375 811 olerum,
1402 770 1497 815 quod
1519 771 1653 816 planae
1674 777 1764 813 sunt,
1792 776 1830 805 ut
1853 783 1919 817 ap-

142 822 325 867 pellantur
353 821 505 866 plantae
530 825 725 855 nostrorum
750 823 882 868 pedum
917 835 961 856 er
993 834 1092 857 causa
1124 822 1239 856 simili.
1300 822 1504 856 Plancae
1537 822 1744 857 dicebantur
1776 823 1922 857 tabulae

142 873 296 918 planae,
339 872 381 906 ob
408 884 509 916 quam
537 884 682 907 causam
710 878 742 907 et
770 875 934 908 Planci
960 875 1205 920 appellantur,
1249 875 1307 919 qui
1332 884 1443 919 supra
1468 874 1611 907 modum
1632 876 1778 919 pedibus
1799 875 1921 921 planis

146 928 234 957 sunt.
287 924 544 958 Plaustrum
574 926 757 970 perculi
782 927 916 971 antiqui
942 927 1102 960 dicebant
1128 925 1174 959 ab
1203 937 1258 968 eo,
1298 926 1357 971 qui
1378 925 1476 971 pede
1502 929 1624 959 onusta
1650 927 1812 971 plaustra
1834 937 1922 972 per-

146 976 249 1010 culit:
290 976 329 1008 id
357 979 405 1009 est
433 977 568 1009 evertit:
612 978 706 1022 quod
729 982 855 1022 postea
883 977 969 1011 abiit
995 979 1029 1010 in
1051 977 1279 1023 proverbium
1305 977 1358 1018 id,
1395 977 1488 1021 quod
1516 989 1539 1010 a
1559 977 1689 1011 Plauto
1715 979 1748 1011 in
1769 978 1922 1023 Epidico

155 1028 347 1062 Comoedia
372 1028 526 1061 relatum
554 1032 622 1061 est.-
664 1029 830 1074 Epidicus
857 1030 943 1062 mihi
969 1030 1143 1075 magister
1159 1029 1256 1075 suit‚·
1290 1029 1403 1074 perii:
1442 1039 1536 1074 pene
1557 1029 1756 1074 plaustrum
1785 1029 1921 1074 perculi.

149 1079 202 1113 Pl
211 1078 380 1113 ebeium
411 1080 665 1125 magistratum
696 1082 865 1114 neminem
891 1082 970 1115 licet
996 1092 1139 1127 capere,
1183 1081 1250 1114 nisi
1275 1081 1334 1126 qui
1360 1091 1404 1113 ex
1424 1080 1532 1125 plebe
1558 1084 1626 1113 est:
1671 1081 1767 1114 cuius
1792 1081 1924 1126 generis

150 1135 197 1164 est
223 1131 332 1164 omnis
355 1131 609 1176 magistratus,
656 1133 715 1177 qui
749 1133 968 1178 appellaturi
1001 1134 1065 1166 isto
1100 1133 1242 1166 nomine.
1304 1132 1454 1166 P'lutei
1487 1132 1651 1166 dicuntur
1685 1136 1800 1166 crates
1832 1132 1925 1166 corio

149 1182 259 1216 crudo
286 1183 429 1215 intentae
442 1186 465 1223 *,
492 1194 583 1228 quae
608 1183 767 1217 solebant
794 1185 921 1230 opponi
947 1185 1112 1219 militibus
1139 1196 1223 1229 opus
1250 1184 1446 1218 facientibus
1475 1187 1507 1217 ct
1534 1183 1809 1229 appellabantur
1834 1183 1974 1216 mili-*L
1991 1187 2101 1213 intectae

149 1239 254 1268 lares.
282 1245 369 1267 nunc
395 1234 494 1267 etiam
521 1235 675 1277 tabulae,
707 1235 830 1280 quibus
856 1237 942 1281 quid
963 1237 1209 1282 praesepitur,
1245 1236 1366 1269 eodem
1394 1235 1525 1269 nomine
1553 1235 1719 1268 dicuntur.
1774 1235 1826 1269 Pl
1835 1234 1927 1268 ebei

148 1286 185 1319 A
194 1297 211 1319 e
223 1286 248 1318 d
255 1286 266 1319 ἱ
275 1284 365 1318 les6
393 1297 459 1318 non
486 1286 599 1320 minus
619 1286 840 1332 populique⁷
863 1288 977 1333 plebei
1004 1289 1107 1330 scito,
1135 1299 1226 1333 quae
1252 1288 1299 1322 de
1326 1299 1365 1321 eo
1388 1288 1605 1333 magistratu
1629 1287 1785 1320 creando
1807 1286 1928 1320 suffra-

149 1337 242 1383 gium
270 1337 362 1379 tulit,
391 1341 427 1370 ut
451 1339 566 1371 sacris
592 1339 742 1373 aedibus
756 1344 960 1385 praessent,
988 1345 1063 1374 sunt
1086 1340 1255 1375 constituti
1264 1352 1274 1373 .-
1301 1351 1386 1385 quos
1411 1339 1528 1374 Tribu.
1548 1339 1599 1384 pl.
1623 1339 1796 1372 ministros
1812 1338 1929 1384 fuisse

149 1390 285 1430 dicunt,
313 1389 369 1432 qui
398 1401 461 1422 uua
489 1401 565 1424 cum
592 1390 734 1425 Plebeis
756 1391 942 1425 Aedilibus
967 1396 1045 1426 sunt
1073 1392 1202 1435 creati,
1238 1392 1426 1425 dissidente
1453 1391 1556 1436 plebe
1582 1403 1601 1423 a
1628 1390 1796 1424 Patribus
1822 1391 1846 1424 ii
1872 1394 1928 1422 ta-

150 1440 277 1474 bernas
291 1440 480 1486 fecerunt,
515 1453 595 1487 quas
621 1454 722 1476 novas
748 1448 876 1479 vocant.
905 1456 964 1477 nos
991 1448 1108 1477 autem
1137 1444 1284 1489 quinque
1311 1444 1459 1477 dicimus
1487 1454 1541 1476 cas
1569 1454 1637 1475 esse
1664 1448 1696 1475 et
1723 1447 1850 1486 septem
1877 1441 1929 1474 fe-

150 1496 291 1531 runtur3
319 1497 350 1526 et
375 1492 536 1538 plebeias
561 1494 703 1539 quidem
731 1496 952 1541 appellamus
970 1508 986 1528 a
1004 1508 1128 1541 genere
1156 1508 1209 1529 ma
1226 1492 1247 1544 Η
1262 1496 1425 1539 gistratus.
1455 1506 1508 1527 eas
1537 1495 1624 1527 enim
1652 1493 1819 1527 faciendas
1848 1491 1928 1539 [40]

151 1550 348 1578 curaverunt
379 1545 424 1577 M.
448 1545 559 1578 Iunius
587 1547 720 1589 Brutus,
751 1548 793 1588 Q.
816 1546 948 1592 Oppius
976 1548 1111 1581 Aediles
1132 1549 1178 1592 pl.
1208 1548 1336 1580 Plexa
1361 1546 1520 1591 colligata
1544 1546 1707 1590 significat
1726 1556 1765 1578 ex
1786 1545 1930 1585 Graeco,

151 1596 205 1629 cui
231 1607 290 1628 nos
317 1597 416 1628 etiam
442 1597 724 1641 praepositionem
752 1599 930 1642 adicimus,
974 1610 1051 1632 cum
1078 1599 1218 1632 dicimus
1246 1598 1417 1643 perplexa.
1476 1597 1656 1630 Plentur
1682 1597 1806 1640 antiqui
1833 1596 1930 1629 etiam

151 1647 220 1680 sine
246 1647 548 1691 praepositionibus
575 1649 742 1684 dicebant.
795 1651 919 1684 Plcra
946 1650 1063 1683 dixisse
1090 1651 1259 1695 antiquos,
1303 1650 1391 1683 testis
1419 1653 1466 1682 est
1486 1649 1667 1687 Pacuvius,
1712 1659 1786 1682 cum
1815 1647 1875 1680 ait:

255 1698 376 1742 plera
404 1710 500 1743 pars
526 1701 833 1744 pessumdatur.

154 1749 390 1782 Ploximum
418 1751 582 1796 appellari
608 1753 652 1785 ait
676 1752 846 1793 Catullus,
877 1764 1014 1797 capsum
1042 1753 1073 1786 in
1102 1753 1201 1794 cisio,
1230 1755 1395 1797 capsave*
1420 1761 1496 1784 cum
1523 1749 1621 1782 dixit:
1965 1749 2082 1797 *neap-

256 1801 456 1846 giugivas
482 1813 581 1836 vero
609 1804 789 1848 ploximi
817 1805 947 1838 habet
974 1805 1142 1838 veteris.
1981 1792 2066 1809 eamve

155 1851 379 1893 Ploraress,
413 1854 512 1894 flere,
546 1855 725 1889 inclamare
751 1850 839 1890 nunc
864 1856 1047 1901 significat,
1084 1860 1116 1889 et
1143 1867 1218 1889 cum
1246 1852 1493 1899 praepositione
1520 1851 1720 1896 implorare,
1749 1851 1783 1883 id
1811 1855 1859 1883 est
1884 1850 1935 1882 in-

154 1914 293 1937 vocare:
330 1909 361 1936 et
387 1905 478 1949 apud
506 1907 656 1950 antiquos
683 1908 784 1952 plane
810 1908 999 1940 inclamare.
1028 1908 1060 1939 in
1087 1908 1177 1951 reg-is
1205 1905 1361 1944 Romuli,
1389 1908 1421 1936 et
1445 1903 1535 1936 Tatii
1562 1903 1713 1947 legibus:
1749 1902 1779 1935 si
1807 1911 1935 1935 nurus

156 1965 276 1988 sacra
304 1955 414 1988 divis
441 1964 661 2001 parentum
689 1959 817 1991 estod.
844 1959 877 1991 in
904 1959 975 1992 Ser.
997 1958 1109 1999 Tulli,
1136 1958 1223 1990 haec
1251 1961 1314 1989 est:
1349 1956 1382 1987 si
1409 1960 1628 1999 parentum
1657 1965 1764 1998 puer
1789 1953 1935 1986 verbe-

156 2007 228 2047 ῐῑῑ,
257 2006 418 2041 astolle,
444 2008 669 2052 plorassit,
697 2010 853 2055 (pareri.)
883 2022 987 2055 puer
1015 2009 1127 2042 divis
1154 2012 1377 2053 parentum
1405 2017 1523 2040 sacer
1550 2010 1677 2039 esto*.
1706 2005 1739 2037 id
1768 2008 1832 2045 est,
1862 2003 1982 2037 cla-*t
2003 2005 2084 2032 estod-

158 2058 270 2098 marit,
303 2057 359 2090 dix
413 2086 419 2092 .
475 2086 481 2092 .
537 2085 544 2092 .
597 2087 605 2095 .
657 2061 843 2095 Pedulla
870 2073 957 2105 quae
985 2061 1124 2094 dicimus
1151 2063 1237 2092 nea*
1291 2084 1298 2092 .
1354 2084 1361 2090 .
1415 2057 1566 2091 Graecos
1593 2056 1768 2101 appellare
1795 2055 2109 2119 mamfe'*f‘,„}¹g‡³iae⁸

157 2187 334 2223 stituerunt,
370 2186 422 2224 qui
450 2186 564 2215 Aediles
586 2187 731 2227 appellati
753 2193 832 2217 sunt.
877 2188 955 2217 Urs.
987 2204 1022 2210 —
1069 2187 1130 2216 basi
1152 2187 1306 2215 columnae
1326 2189 1471 2214 rostratae
1496 2183 1601 2219 Duilii,
1631 2184 1662 2211 in
1688 2192 1746 2221 qua
1773 2186 1825 2212 est.
1858 2181 1936 2210 AL-

156 2232 184 2265 7)
208 2228 309 2267 plebei
335 2230 411 2256 scito
432 2228 504 2258 Ven.
532 2230 580 2258 Sc.
620 2230 739 2258 Lacuna
770 2230 814 2258 sic
842 2230 940 2269 potius
968 2240 1027 2259 ex—
1071 2230 1173 2260 Tot).
1197 2227 1365 2264 MARID,
1389 2232 1435 2265 et,
1457 2225 1703 2256 PUGNANDOD.
1732 2229 1811 2254 totus
1837 2228 1936 2253 autem

157 2271 267 2310 plenda
296 2270 434 2300 videtur:
471 2271 587 2300 Plebeia'
618 2272 743 2300 Aediles
771 2271 935 2308 dicuntur,
973 2274 1028 2311 qui
1071 2272 1121 2301 hic
1135 2272 1221 2301 locus
1243 2271 1282 2300 ita
1299 2269 1449 2308 legendus.
1494 2267 1531 2298 In
1546 2270 1627 2307 regis
1646 2266 1795 2305 Romuli,
1823 2272 1849 2295 et
1868 2264 1936 2296 Ta-

153 2314 250 2352 plcbei
274 2315 366 2352 scito,
399 2325 477 2353 qaae
497 2319 552 2343 cet..
574 2331 608 2336 —
640 2314 671 2353 8)
693 2314 848 2353 Floram]
873 2314 972 2343 Estod
996 2316 1026 2344 in
1070 2317 1109 2343 m·
1133 2314 1256 2354 legibus.
1285 2314 1334 2342 Sei
1356 2318 1512 2351 parentem
1538 2323 1616 2351 puer
1642 2311 1782 2347 verbera,
1818 2315 1868 2338 ast
1891 2309 1936 2336 ole

158 2356 221 2394 tege
239 2356 351 2385 Numae
373 2356 463 2386 habet
488 2357 657 2396 exemplar:
689 2362 719 2386 et
737 2357 776 2386 ita
794 2358 931 2397 antiquos
947 2358 1025 2387 scri·-
1065 2358 1216 2397 plorasit,
1234 2366 1314 2395 puer
1336 2354 1417 2383 divis
1432 2361 1595 2394 parentam
1612 2365 1696 2383 sacer
1713 2352 1803 2382 estod.
1818 2352 1934 2389 reliqua

160 2399 251 2437 psisse
276 2399 368 2428 tradit
397 2399 619 2436 Quinctilium·
642 2399 770 2429 adducto
796 2400 965 2430 testimonio
989 2411 1025 2429 ex
1069 2401 1211 2430 videntur
1228 2398 1353 2430 adiecta.
1384 2399 1463 2427 Urs.
1484 2397 1527 2426 Cs.
1551 2397 1693 2435 Scaligeri
1714 2400 1800 2426 notas
1815 2395 1852 2424 ad
1868 2393 1898 2422 h·
1915 2393 1934 2420 l·

1579 2448 1685 2483 Cc*
