<?xml version="1.0" encoding="UTF-8"?>
<!DOCTYPE html PUBLIC "-//W3C//DTD XHTML 1.0 Transitional//EN"
    "http://www.w3.org/TR/xhtml1/DTD/xhtml1-transitional.dtd">
<html xmlns="http://www.w3.org/1999/xhtml" xml:lang="en" lang="en">
 <head>
  <title>
</title>
<meta http-equiv="Content-Type" content="text/html;charset=utf-8" />
  <meta name='ocr-system' content='tesseract 3.04.00' />
  <meta name='ocr-capabilities' content='ocr_page ocr_carea ocr_par ocr_line ocrx_word'/>
</head>
<body>
  <div class='ocr_page' id='page_1' title='image "./corpusgrammatico01linduoft_0923.png"; bbox 0 0 2263 2668; ppageno 0'>
   <div class='ocr_carea' id='block_1_1' title="bbox 528 176 2039 223">
    <p class='ocr_par' dir='ltr' id='par_1_1' title="bbox 528 176 2039 223">
     <span class='ocr_line' id='line_1_1' title="bbox 528 176 2039 223; baseline 0.001 -10"><span class='ocrx_word' id='word_1_1' title='bbox 528 179 592 213; x_wconf 89' lang='lat' dir='ltr'>DE</span> <span class='ocrx_word' id='word_1_2' title='bbox 618 176 1004 214; x_wconf 85' lang='lat' dir='ltr'>SIGNIFICATIONE</span> <span class='ocrx_word' id='word_1_3' title='bbox 1037 176 1319 212; x_wconf 83' lang='lat' dir='ltr'>VERBORUM.</span> <span class='ocrx_word' id='word_1_4' title='bbox 1381 180 1525 214; x_wconf 87' lang='lat' dir='ltr'>LIBER</span> <span class='ocrx_word' id='word_1_5' title='bbox 1551 180 1609 214; x_wconf 91' lang='lat' dir='ltr'>XI.</span> <span class='ocrx_word' id='word_1_6' title='bbox 1965 188 2039 223; x_wconf 74' lang='lat'>497</span> 
     </span>
    </p>
   </div>
   <div class='ocr_carea' id='block_1_2' title="bbox 86 269 2045 2479">
    <p class='ocr_par' dir='ltr' id='par_1_2' title="bbox 86 269 2040 524">
     <span class='ocr_line' id='line_1_2' title="bbox 86 269 2039 315; baseline 0.003 -13"><span class='ocrx_word' id='word_1_7' title='bbox 86 276 165 314; x_wconf 80' lang='lat' dir='ltr'>fiant</span> <span class='ocrx_word' id='word_1_8' title='bbox 188 272 335 309; x_wconf 82' lang='lat' dir='ltr'><em>solennes,</em></span> <span class='ocrx_word' id='word_1_9' title='bbox 359 283 398 300; x_wconf 86' lang='lat' dir='ltr'>an</span> <span class='ocrx_word' id='word_1_10' title='bbox 420 270 501 312; x_wconf 73' lang='lat' dir='ltr'>quod</span> <span class='ocrx_word' id='word_1_11' title='bbox 522 273 580 312; x_wconf 78' lang='lat' dir='ltr'>ipsi</span> <span class='ocrx_word' id='word_1_12' title='bbox 595 272 674 300; x_wconf 90' lang='lat' dir='ltr'>Deae</span> <span class='ocrx_word' id='word_1_13' title='bbox 695 273 727 301; x_wconf 84' lang='lat' dir='ltr'>in</span> <span class='ocrx_word' id='word_1_14' title='bbox 749 270 849 301; x_wconf 80' lang='lat' dir='ltr'>multis</span> <span class='ocrx_word' id='word_1_15' title='bbox 870 269 972 299; x_wconf 77' lang='lat' dir='ltr'>latinis</span> <span class='ocrx_word' id='word_1_16' title='bbox 996 269 1164 299; x_wconf 75' lang='lat' dir='ltr'>civitatibus</span> <span class='ocrx_word' id='word_1_17' title='bbox 1186 272 1335 311; x_wconf 66' lang='lat' dir='ltr'>sacrficia</span> <span class='ocrx_word' id='word_1_18' title='bbox 1346 271 1464 312; x_wconf 77' lang='lat' dir='ltr'>fiebant</span> <span class='ocrx_word' id='word_1_19' title='bbox 1487 275 1550 313; x_wconf 82' lang='lat' dir='ltr'>ipso</span> <span class='ocrx_word' id='word_1_20' title='bbox 1572 285 1674 303; x_wconf 85' lang='lat' dir='ltr'>mense.</span> <span class='ocrx_word' id='word_1_21' title='bbox 1708 273 1790 303; x_wconf 82' lang='lat' dir='ltr'>Nihil</span> <span class='ocrx_word' id='word_1_22' title='bbox 1807 277 1933 315; x_wconf 81' lang='lat' dir='ltr'>amplius</span> <span class='ocrx_word' id='word_1_23' title='bbox 1951 279 2039 309; x_wconf 84' lang='lat' dir='ltr'><strong>deest.</strong></span> 
     </span>
     <span class='ocr_line' id='line_1_3' title="bbox 92 310 2039 355; baseline 0.003 -10"><span class='ocrx_word' id='word_1_24' title='bbox 92 317 181 346; x_wconf 87' lang='lat' dir='ltr'>Dac.</span> <span class='ocrx_word' id='word_1_25' title='bbox 219 315 330 344; x_wconf 82' lang='lat' dir='ltr'>Iunius.</span> <span class='ocrx_word' id='word_1_26' title='bbox 373 315 446 343; x_wconf 89' lang='lat' dir='ltr'>Vide</span> <span class='ocrx_word' id='word_1_27' title='bbox 469 315 551 343; x_wconf 85' lang='lat' dir='ltr'>aliud</span> <span class='ocrx_word' id='word_1_28' title='bbox 575 320 696 353; x_wconf 84' lang='lat' dir='ltr'>etymon</span> <span class='ocrx_word' id='word_1_29' title='bbox 718 317 749 343; x_wconf 91' lang='lat' dir='ltr'>in</span> <span class='ocrx_word' id='word_1_30' title='bbox 772 325 799 343; x_wconf 87' lang='lat' dir='ltr'>v.</span> <span class='ocrx_word' id='word_1_31' title='bbox 823 313 947 342; x_wconf 82' lang='lat' dir='ltr'>Iunium.</span> <span class='ocrx_word' id='word_1_32' title='bbox 974 310 1080 341; x_wconf 72' lang='lat' dir='ltr'>Goth.</span> <span class='ocrx_word' id='word_1_33' title='bbox 1119 313 1223 342; x_wconf 79' lang='lat' dir='ltr'>Maius</span> <span class='ocrx_word' id='word_1_34' title='bbox 1246 324 1307 342; x_wconf 81' lang='lat' dir='ltr'>nou</span> <span class='ocrx_word' id='word_1_35' title='bbox 1331 314 1453 344; x_wconf 86' lang='lat' dir='ltr'>dubium</span> <span class='ocrx_word' id='word_1_36' title='bbox 1477 322 1536 352; x_wconf 83' lang='lat' dir='ltr'>est,</span> <span class='ocrx_word' id='word_1_37' title='bbox 1567 316 1640 355; x_wconf 90' lang='lat' dir='ltr'>quin</span> <span class='ocrx_word' id='word_1_38' title='bbox 1664 317 1827 347; x_wconf 86' lang='lat' dir='ltr'>descendat</span> <span class='ocrx_word' id='word_1_39' title='bbox 1848 330 1864 347; x_wconf 84' lang='lat' dir='ltr'>a</span> <span class='ocrx_word' id='word_1_40' title='bbox 1887 321 2039 351; x_wconf 86' lang='lat' dir='ltr'>Sanscrito</span> 
     </span>
     <span class='ocr_line' id='line_1_4' title="bbox 92 355 2039 404; baseline 0.003 -17"><span class='ocrx_word' id='word_1_41' title='bbox 92 358 210 395; x_wconf 71' lang='lat' dir='ltr'>mahat,</span> <span class='ocrx_word' id='word_1_42' title='bbox 236 359 334 387; x_wconf 83' lang='lat' dir='ltr'>Germ.</span> <span class='ocrx_word' id='word_1_43' title='bbox 359 357 437 394; x_wconf 74' lang='lat' dir='ltr'>meh,</span> <span class='ocrx_word' id='word_1_44' title='bbox 462 358 566 386; x_wconf 86' lang='lat' dir='ltr'>Graec.</span> <span class='ocrx_word' id='word_1_45' title='bbox 589 358 727 398; x_wconf 78' lang='grc' dir='ltr'><strong><em>μέγ-ας,</em></strong></span> <span class='ocrx_word' id='word_1_46' title='bbox 751 357 855 386; x_wconf 88' lang='lat' dir='ltr'>Latino</span> <span class='ocrx_word' id='word_1_47' title='bbox 878 356 986 395; x_wconf 74' lang='lat' dir='ltr'>magis,</span> <span class='ocrx_word' id='word_1_48' title='bbox 1011 355 1089 383; x_wconf 87' lang='lat' dir='ltr'>unde</span> <span class='ocrx_word' id='word_1_49' title='bbox 1112 357 1222 393; x_wconf 83' lang='lat' dir='ltr'>maior,</span> <span class='ocrx_word' id='word_1_50' title='bbox 1251 358 1422 395; x_wconf 79' lang='lat' dir='ltr'>maoeimus,·</span> <span class='ocrx_word' id='word_1_51' title='bbox 1452 364 1486 387; x_wconf 90' lang='lat' dir='ltr'>ut</span> <span class='ocrx_word' id='word_1_52' title='bbox 1509 358 1587 387; x_wconf 86' lang='lat' dir='ltr'>enim</span> <span class='ocrx_word' id='word_1_53' title='bbox 1609 360 1705 387; x_wconf 84' lang='lat' dir='ltr'>maior</span> <span class='ocrx_word' id='word_1_54' title='bbox 1726 370 1828 399; x_wconf 82' lang='lat' dir='ltr'>propr.</span> <span class='ocrx_word' id='word_1_55' title='bbox 1852 368 1893 390; x_wconf 82' lang='lat' dir='ltr'>est</span> <span class='ocrx_word' id='word_1_56' title='bbox 1915 366 2039 404; x_wconf 76' lang='lat' dir='ltr'>magior,</span> 
     </span>
     <span class='ocr_line' id='line_1_5' title="bbox 92 398 2040 445; baseline 0.007 -22"><span class='ocrx_word' id='word_1_57' title='bbox 92 402 244 430; x_wconf 67' lang='lat' dir='ltr'>maximus</span> <span class='ocrx_word' id='word_1_58' title='bbox 265 401 284 430; x_wconf 80' lang='lat' dir='ltr'>i,</span> <span class='ocrx_word' id='word_1_59' title='bbox 304 411 331 439; x_wconf 87' lang='lat' dir='ltr'>q.</span> <span class='ocrx_word' id='word_1_60' title='bbox 353 400 553 439; x_wconf 77' lang='lat' dir='ltr'>magissimus,</span> <span class='ocrx_word' id='word_1_61' title='bbox 585 410 659 438; x_wconf 83' lang='lat' dir='ltr'>quae</span> <span class='ocrx_word' id='word_1_62' title='bbox 683 401 806 429; x_wconf 78' lang='lat' dir='ltr'>sortasse</span> <span class='ocrx_word' id='word_1_63' title='bbox 830 400 952 427; x_wconf 83' lang='lat' dir='ltr'>fuerunt</span> <span class='ocrx_word' id='word_1_64' title='bbox 973 398 1086 426; x_wconf 80' lang='lat' dir='ltr'>formae</span> <span class='ocrx_word' id='word_1_65' title='bbox 1110 399 1347 437; x_wconf 76' lang='lat' dir='ltr'>antiquissimae3</span> <span class='ocrx_word' id='word_1_66' title='bbox 1378 400 1421 428; x_wconf 85' lang='lat' dir='ltr'>sic</span> <span class='ocrx_word' id='word_1_67' title='bbox 1444 401 1547 430; x_wconf 87' lang='lat' dir='ltr'>Maius</span> <span class='ocrx_word' id='word_1_68' title='bbox 1570 407 1613 430; x_wconf 85' lang='lat' dir='ltr'>est</span> <span class='ocrx_word' id='word_1_69' title='bbox 1635 401 1773 441; x_wconf 69' lang='lat' dir='ltr'>IVIagius,</span> <span class='ocrx_word' id='word_1_70' title='bbox 1799 404 1874 432; x_wconf 87' lang='lat' dir='ltr'>Osce</span> <span class='ocrx_word' id='word_1_71' title='bbox 1897 405 2040 445; x_wconf 85' lang='lat' dir='ltr'>Moesius,</span> 
     </span>
     <span class='ocr_line' id='line_1_6' title="bbox 94 440 2040 483; baseline 0 -11"><span class='ocrx_word' id='word_1_72' title='bbox 94 444 157 472; x_wconf 91' lang='lat' dir='ltr'>sive</span> <span class='ocrx_word' id='word_1_73' title='bbox 181 443 304 473; x_wconf 80' lang='lat' dir='ltr'>Il1esius.</span> <span class='ocrx_word' id='word_1_74' title='bbox 341 442 405 470; x_wconf 82' lang='lat' dir='ltr'>Erit</span> <span class='ocrx_word' id='word_1_75' title='bbox 426 442 516 480; x_wconf 84' lang='lat' dir='ltr'>igitur</span> <span class='ocrx_word' id='word_1_76' title='bbox 540 442 644 471; x_wconf 81' lang='lat' dir='ltr'>Maius</span> <span class='ocrx_word' id='word_1_77' title='bbox 667 443 717 481; x_wconf 89' lang='lat' dir='ltr'>qui</span> <span class='ocrx_word' id='word_1_78' title='bbox 740 443 847 481; x_wconf 75' lang='lat' dir='ltr'>mugit,</span> <span class='ocrx_word' id='word_1_79' title='bbox 870 440 900 471; x_wconf 93' lang='lat' dir='ltr'>h.</span> <span class='ocrx_word' id='word_1_80' title='bbox 920 451 943 469; x_wconf 89' lang='lat' dir='ltr'>e.</span> <span class='ocrx_word' id='word_1_81' title='bbox 967 450 1099 469; x_wconf 82' lang='lat' dir='ltr'>crescere</span> <span class='ocrx_word' id='word_1_82' title='bbox 1123 441 1193 469; x_wconf 81' lang='lat' dir='ltr'>facit</span> <span class='ocrx_word' id='word_1_83' title='bbox 1214 442 1323 478; x_wconf 80' lang='lat' dir='ltr'>fruges.</span> <span class='ocrx_word' id='word_1_84' title='bbox 1369 443 1477 472; x_wconf 84' lang='lat' dir='ltr'>Contra</span> <span class='ocrx_word' id='word_1_85' title='bbox 1502 443 1604 472; x_wconf 78' lang='lat' dir='ltr'>Iunius</span> <span class='ocrx_word' id='word_1_86' title='bbox 1627 455 1643 472; x_wconf 91' lang='lat' dir='ltr'>a</span> <span class='ocrx_word' id='word_1_87' title='bbox 1667 444 1827 483; x_wconf 77' lang='lat' dir='ltr'>splendore</span> <span class='ocrx_word' id='word_1_88' title='bbox 1850 447 1922 476; x_wconf 80' lang='lat' dir='ltr'>solis</span> <span class='ocrx_word' id='word_1_89' title='bbox 1944 449 2040 479; x_wconf 66' lang='lat' dir='ltr'>dictus</span> 
     </span>
     <span class='ocr_line' id='line_1_7' title="bbox 94 482 1602 524; baseline 0.001 -10"><span class='ocrx_word' id='word_1_90' title='bbox 94 491 153 522; x_wconf 89' lang='lat' dir='ltr'>est,</span> <span class='ocrx_word' id='word_1_91' title='bbox 177 487 227 524; x_wconf 90' lang='lat' dir='ltr'>qui</span> <span class='ocrx_word' id='word_1_92' title='bbox 251 486 303 513; x_wconf 86' lang='lat' dir='ltr'>illo</span> <span class='ocrx_word' id='word_1_93' title='bbox 327 495 425 513; x_wconf 79' lang='lat' dir='ltr'>mense</span> <span class='ocrx_word' id='word_1_94' title='bbox 448 495 511 513; x_wconf 91' lang='lat' dir='ltr'>esse</span> <span class='ocrx_word' id='word_1_95' title='bbox 534 485 691 513; x_wconf 83' lang='lat' dir='ltr'>videbatur</span> <span class='ocrx_word' id='word_1_96' title='bbox 713 495 854 515; x_wconf 85' lang='lat' dir='ltr'>summus.</span> <span class='ocrx_word' id='word_1_97' title='bbox 898 482 982 512; x_wconf 86' lang='lat' dir='ltr'><strong>Adde</strong></span> <span class='ocrx_word' id='word_1_98' title='bbox 1005 493 1080 521; x_wconf 78' lang='lat' dir='ltr'>quae.</span> <span class='ocrx_word' id='word_1_99' title='bbox 1102 493 1193 522; x_wconf 89' lang='lat' dir='ltr'>supra</span> <span class='ocrx_word' id='word_1_100' title='bbox 1216 484 1346 512; x_wconf 73' lang='lat' dir='ltr'>diximus</span> <span class='ocrx_word' id='word_1_101' title='bbox 1370 485 1406 513; x_wconf 85' lang='lat' dir='ltr'>ad</span> <span class='ocrx_word' id='word_1_102' title='bbox 1428 495 1456 514; x_wconf 89' lang='lat' dir='ltr'>v.</span> <span class='ocrx_word' id='word_1_103' title='bbox 1477 485 1602 515; x_wconf 76' lang='lat' dir='ltr'>Iunium.</span> 
     </span>
    </p>

    <p class='ocr_par' dir='ltr' id='par_1_3' title="bbox 259 526 2039 570">
     <span class='ocr_line' id='line_1_8' title="bbox 259 526 2039 570; baseline 0.003 -15"><span class='ocrx_word' id='word_1_104' title='bbox 259 527 458 557; x_wconf 79' lang='lat' dir='ltr'><em>Maiestas.</em></span> <span class='ocrx_word' id='word_1_105' title='bbox 505 527 549 555; x_wconf 84' lang='lat' dir='ltr'>Ab</span> <span class='ocrx_word' id='word_1_106' title='bbox 573 528 695 565; x_wconf 80' lang='lat' dir='ltr'>antiquo</span> <span class='ocrx_word' id='word_1_107' title='bbox 718 529 813 556; x_wconf 83' lang='lat' dir='ltr'>maius</span> <span class='ocrx_word' id='word_1_108' title='bbox 835 537 890 566; x_wconf 87' lang='lat' dir='ltr'>pro</span> <span class='ocrx_word' id='word_1_109' title='bbox 914 535 1050 564; x_wconf 66' lang='lat' dir='ltr'>magum,</span> <span class='ocrx_word' id='word_1_110' title='bbox 1073 526 1226 562; x_wconf 79' lang='lat' dir='ltr'>maiestas,</span> <span class='ocrx_word' id='word_1_111' title='bbox 1249 527 1432 564; x_wconf 74' lang='lat' dir='ltr'><strong>magnitudo,</strong></span> <span class='ocrx_word' id='word_1_112' title='bbox 1455 528 1542 558; x_wconf 90' lang='lat' dir='ltr'>Dac.</span> <span class='ocrx_word' id='word_1_113' title='bbox 1573 529 1684 557; x_wconf 81' lang='lat' dir='ltr'>Glossis</span> <span class='ocrx_word' id='word_1_114' title='bbox 1708 528 1907 570; x_wconf 81' lang='grc' dir='ltr'><em>μεγαλειότης.</em></span> <span class='ocrx_word' id='word_1_115' title='bbox 1935 531 2039 561; x_wconf 72' lang='lat' dir='ltr'>Goth.</span> 
     </span>
    </p>

    <p class='ocr_par' dir='ltr' id='par_1_4' title="bbox 95 566 2039 649">
     <span class='ocr_line' id='line_1_9' title="bbox 260 566 2039 613; baseline 0.004 -16"><span class='ocrx_word' id='word_1_116' title='bbox 260 569 389 598; x_wconf 70' lang='lat' dir='ltr'>luatur</span> <span class='ocrx_word' id='word_1_117' title='bbox 416 571 678 608; x_wconf 75' lang='lat' dir='ltr'><em>magistratus.</em></span> <span class='ocrx_word' id='word_1_118' title='bbox 723 570 827 598; x_wconf 86' lang='lat' dir='ltr'>Graeci</span> <span class='ocrx_word' id='word_1_119' title='bbox 849 574 958 598; x_wconf 82' lang='lat' dir='ltr'>vocant</span> <span class='ocrx_word' id='word_1_120' title='bbox 981 566 1097 598; x_wconf 75' lang='grc' dir='ltr'><em>ὕπατον</em></span> <span class='ocrx_word' id='word_1_121' title='bbox 1120 569 1205 606; x_wconf 81' lang='lat' dir='ltr'>quasi</span> <span class='ocrx_word' id='word_1_122' title='bbox 1228 569 1310 598; x_wconf 82' lang='lat' dir='ltr'>dicas</span> <span class='ocrx_word' id='word_1_123' title='bbox 1333 580 1490 600; x_wconf 85' lang='lat' dir='ltr'>summum.</span> <span class='ocrx_word' id='word_1_124' title='bbox 1528 571 1648 600; x_wconf 88' lang='lat' dir='ltr'>Nullum</span> <span class='ocrx_word' id='word_1_125' title='bbox 1671 573 1746 601; x_wconf 85' lang='lat' dir='ltr'>enim</span> <span class='ocrx_word' id='word_1_126' title='bbox 1770 574 1859 602; x_wconf 78' lang='lat' dir='ltr'>altius</span> <span class='ocrx_word' id='word_1_127' title='bbox 1881 574 2039 613; x_wconf 84' lang='lat' dir='ltr'>imperium</span> 
     </span>
     <span class='ocr_line' id='line_1_10' title="bbox 95 611 1128 649; baseline -0.002 -9"><span class='ocrx_word' id='word_1_128' title='bbox 95 613 206 641; x_wconf 84' lang='lat' dir='ltr'>Romae</span> <span class='ocrx_word' id='word_1_129' title='bbox 229 612 294 640; x_wconf 87' lang='lat' dir='ltr'>suit.</span> <span class='ocrx_word' id='word_1_130' title='bbox 339 611 429 641; x_wconf 84' lang='lat' dir='ltr'>Ovid.</span> <span class='ocrx_word' id='word_1_131' title='bbox 453 612 503 640; x_wconf 87' lang='lat' dir='ltr'>lib.</span> <span class='ocrx_word' id='word_1_132' title='bbox 517 612 566 640; x_wconf 89' lang='lat' dir='ltr'>IV.</span> <span class='ocrx_word' id='word_1_133' title='bbox 591 612 627 641; x_wconf 90' lang='lat' dir='ltr'>de</span> <span class='ocrx_word' id='word_1_134' title='bbox 649 613 756 643; x_wconf 77' lang='lat' dir='ltr'>Ponto.</span> <span class='ocrx_word' id='word_1_135' title='bbox 779 613 823 641; x_wconf 84' lang='lat' dir='ltr'>El.</span> <span class='ocrx_word' id='word_1_136' title='bbox 838 614 868 643; x_wconf 79' lang='lat'>2.</span> <span class='ocrx_word' id='word_1_137' title='bbox 893 613 944 649; x_wconf 91' lang='lat'>(9,</span> <span class='ocrx_word' id='word_1_138' title='bbox 966 613 1016 642; x_wconf 84' lang='lat'>65.</span> <span class='ocrx_word' id='word_1_139' title='bbox 1031 611 1128 648; x_wconf 84' lang='lat' dir='ltr'>seq.):</span> 
     </span>
    </p>

    <p class='ocr_par' dir='ltr' id='par_1_5' title="bbox 95 652 1386 768">
     <span class='ocr_line' id='line_1_11' title="bbox 737 652 1374 683; baseline 0.003 -2"><span class='ocrx_word' id='word_1_140' title='bbox 737 674 774 677; x_wconf 94' lang='lat'><strong>—</strong></span> <span class='ocrx_word' id='word_1_141' title='bbox 819 672 860 676; x_wconf 94' lang='lat'>—</span> <span class='ocrx_word' id='word_1_142' title='bbox 902 670 944 675; x_wconf 93' lang='lat'>—-</span> <span class='ocrx_word' id='word_1_143' title='bbox 987 652 1100 682; x_wconf 82' lang='lat' dir='ltr'>nullum</span> <span class='ocrx_word' id='word_1_144' title='bbox 1124 652 1240 682; x_wconf 75' lang='lat' dir='ltr'>Martia</span> <span class='ocrx_word' id='word_1_145' title='bbox 1262 665 1374 683; x_wconf 84' lang='lat' dir='ltr'>summo</span> 
     </span>
     <span class='ocr_line' id='line_1_12' title="bbox 738 694 1386 737; baseline -0.002 -11"><span class='ocrx_word' id='word_1_146' title='bbox 738 696 842 726; x_wconf 79' lang='lat' dir='ltr'>Altius</span> <span class='ocrx_word' id='word_1_147' title='bbox 863 696 1014 737; x_wconf 84' lang='lat' dir='ltr'>imperium</span> <span class='ocrx_word' id='word_1_148' title='bbox 1038 694 1156 725; x_wconf 83' lang='lat' dir='ltr'>consule</span> <span class='ocrx_word' id='word_1_149' title='bbox 1176 694 1276 725; x_wconf 88' lang='lat' dir='ltr'>Roma</span> <span class='ocrx_word' id='word_1_150' title='bbox 1297 695 1386 725; x_wconf 77' lang='lat' dir='ltr'>videt.</span> 
     </span>
     <span class='ocr_line' id='line_1_13' title="bbox 95 737 183 768; baseline 0 -1"><span class='ocrx_word' id='word_1_151' title='bbox 95 737 183 768; x_wconf 83' lang='lat' dir='ltr'>Doc.</span> 
     </span>
    </p>

    <p class='ocr_par' dir='ltr' id='par_1_6' title="bbox 94 779 2040 863">
     <span class='ocr_line' id='line_1_14' title="bbox 260 779 2040 821; baseline 0.002 -11"><span class='ocrx_word' id='word_1_152' title='bbox 260 781 483 810; x_wconf 78' lang='lat' dir='ltr'>Matertera.</span> <span class='ocrx_word' id='word_1_153' title='bbox 527 782 629 811; x_wconf 79' lang='lat' dir='ltr'>Matris</span> <span class='ocrx_word' id='word_1_154' title='bbox 652 794 754 820; x_wconf 88' lang='lat' dir='ltr'>soror,</span> <span class='ocrx_word' id='word_1_155' title='bbox 777 793 835 811; x_wconf 88' lang='lat' dir='ltr'>non</span> <span class='ocrx_word' id='word_1_156' title='bbox 859 781 943 821; x_wconf 85' lang='lat' dir='ltr'>quasi</span> <span class='ocrx_word' id='word_1_157' title='bbox 965 788 1056 810; x_wconf 84' lang='lat' dir='ltr'>mater</span> <span class='ocrx_word' id='word_1_158' title='bbox 1078 779 1187 817; x_wconf 82' lang='lat' dir='ltr'>altera,</span> <span class='ocrx_word' id='word_1_159' title='bbox 1212 786 1244 809; x_wconf 89' lang='lat' dir='ltr'>ut</span> <span class='ocrx_word' id='word_1_160' title='bbox 1268 786 1352 819; x_wconf 84' lang='lat' dir='ltr'>putat</span> <span class='ocrx_word' id='word_1_161' title='bbox 1376 781 1499 817; x_wconf 78' lang='lat' dir='ltr'>Paulus,</span> <span class='ocrx_word' id='word_1_162' title='bbox 1522 788 1565 811; x_wconf 87' lang='lat' dir='ltr'>est</span> <span class='ocrx_word' id='word_1_163' title='bbox 1589 784 1666 812; x_wconf 87' lang='lat' dir='ltr'>enim</span> <span class='ocrx_word' id='word_1_164' title='bbox 1690 794 1706 811; x_wconf 89' lang='lat' dir='ltr'>a</span> <span class='ocrx_word' id='word_1_165' title='bbox 1728 788 1822 812; x_wconf 83' lang='lat' dir='ltr'>matre</span> <span class='ocrx_word' id='word_1_166' title='bbox 1845 789 1978 819; x_wconf 68' lang='lat' dir='ltr'>tantum,</span> <span class='ocrx_word' id='word_1_167' title='bbox 2000 786 2040 814; x_wconf 90' lang='lat' dir='ltr'>ita</span> 
     </span>
     <span class='ocr_line' id='line_1_15' title="bbox 94 823 2040 863; baseline 0.003 -12"><span class='ocrx_word' id='word_1_168' title='bbox 94 828 129 851; x_wconf 88' lang='lat' dir='ltr'>ut</span> <span class='ocrx_word' id='word_1_169' title='bbox 150 830 212 852; x_wconf 84' lang='lat' dir='ltr'>tera</span> <span class='ocrx_word' id='word_1_170' title='bbox 234 825 272 852; x_wconf 84' lang='lat' dir='ltr'>sit</span> <span class='ocrx_word' id='word_1_171' title='bbox 294 825 377 852; x_wconf 86' lang='lat' dir='ltr'>vocis</span> <span class='ocrx_word' id='word_1_172' title='bbox 399 825 570 862; x_wconf 78' lang='lat' dir='ltr'>productio.</span> <span class='ocrx_word' id='word_1_173' title='bbox 593 825 678 856; x_wconf 91' lang='lat' dir='ltr'>Dac.</span> <span class='ocrx_word' id='word_1_174' title='bbox 706 826 738 854; x_wconf 92' lang='lat' dir='ltr'>L.</span> <span class='ocrx_word' id='word_1_175' title='bbox 754 828 800 856; x_wconf 88' lang='grc'>10.</span> <span class='ocrx_word' id='word_1_176' title='bbox 821 827 844 863; x_wconf 85' lang='lat'>§.</span> <span class='ocrx_word' id='word_1_177' title='bbox 860 826 906 856; x_wconf 81' lang='lat'>14.</span> <span class='ocrx_word' id='word_1_178' title='bbox 924 835 1000 854; x_wconf 88' lang='lat' dir='ltr'>vers.</span> <span class='ocrx_word' id='word_1_179' title='bbox 1017 828 1183 853; x_wconf 78' lang='lat' dir='ltr'>matertera.</span> <span class='ocrx_word' id='word_1_180' title='bbox 1201 823 1230 851; x_wconf 85' lang='lat' dir='ltr'>ff.</span> <span class='ocrx_word' id='word_1_181' title='bbox 1249 824 1284 852; x_wconf 91' lang='lat' dir='ltr'>de</span> <span class='ocrx_word' id='word_1_182' title='bbox 1300 824 1450 861; x_wconf 78' lang='lat' dir='ltr'>gradibus.</span> <span class='ocrx_word' id='word_1_183' title='bbox 1479 823 1580 853; x_wconf 77' lang='lat' dir='ltr'>Goth.</span> <span class='ocrx_word' id='word_1_184' title='bbox 1608 825 1716 855; x_wconf 81' lang='lat' dir='ltr'><em>Mater.</em></span> <span class='ocrx_word' id='word_1_185' title='bbox 1742 826 1908 857; x_wconf 80' lang='lat' dir='ltr'>Matertera.</span> <span class='ocrx_word' id='word_1_186' title='bbox 1932 826 2040 857; x_wconf 75' lang='lat' dir='ltr'>Idem.</span> 
     </span>
    </p>

    <p class='ocr_par' dir='ltr' id='par_1_7' title="bbox 93 865 2041 1032">
     <span class='ocr_line' id='line_1_16' title="bbox 261 865 2040 907; baseline 0.002 -13"><span class='ocrx_word' id='word_1_187' title='bbox 261 866 389 895; x_wconf 88' lang='lat' dir='ltr'>Maior</span> <span class='ocrx_word' id='word_1_188' title='bbox 409 874 581 906; x_wconf 77' lang='lat' dir='ltr'>patruus.</span> <span class='ocrx_word' id='word_1_189' title='bbox 626 868 749 907; x_wconf 82' lang='lat' dir='ltr'>Proprie</span> <span class='ocrx_word' id='word_1_190' title='bbox 773 869 821 896; x_wconf 81' lang='lat' dir='ltr'>avi</span> <span class='ocrx_word' id='word_1_191' title='bbox 843 878 901 896; x_wconf 84' lang='lat' dir='ltr'>non</span> <span class='ocrx_word' id='word_1_192' title='bbox 925 867 1007 896; x_wconf 85' lang='lat' dir='ltr'>aviae</span> <span class='ocrx_word' id='word_1_193' title='bbox 1028 871 1169 905; x_wconf 76' lang='lat' dir='ltr'>patruus,</span> <span class='ocrx_word' id='word_1_194' title='bbox 1198 865 1256 894; x_wconf 86' lang='lat' dir='ltr'>hoc</span> <span class='ocrx_word' id='word_1_195' title='bbox 1281 873 1325 895; x_wconf 86' lang='lat' dir='ltr'>est</span> <span class='ocrx_word' id='word_1_196' title='bbox 1348 867 1450 905; x_wconf 83' lang='lat' dir='ltr'>proavi</span> <span class='ocrx_word' id='word_1_197' title='bbox 1473 867 1580 903; x_wconf 79' lang='lat' dir='ltr'>frater,</span> <span class='ocrx_word' id='word_1_198' title='bbox 1609 873 1643 896; x_wconf 81' lang='lat' dir='ltr'>ut</span> <span class='ocrx_word' id='word_1_199' title='bbox 1664 868 1752 897; x_wconf 83' lang='lat' dir='ltr'>amita</span> <span class='ocrx_word' id='word_1_200' title='bbox 1776 869 1874 906; x_wconf 85' lang='lat' dir='ltr'>aviae,</span> <span class='ocrx_word' id='word_1_201' title='bbox 1899 880 1958 898; x_wconf 90' lang='lat' dir='ltr'>non</span> <span class='ocrx_word' id='word_1_202' title='bbox 1981 870 2040 907; x_wconf 89' lang='lat' dir='ltr'>avi,</span> 
     </span>
     <span class='ocr_line' id='line_1_17' title="bbox 96 907 2041 949; baseline 0.003 -14"><span class='ocrx_word' id='word_1_203' title='bbox 96 907 198 944; x_wconf 85' lang='lat' dir='ltr'>amita,</span> <span class='ocrx_word' id='word_1_204' title='bbox 232 907 292 936; x_wconf 85' lang='lat' dir='ltr'>hoc</span> <span class='ocrx_word' id='word_1_205' title='bbox 315 914 357 937; x_wconf 87' lang='lat' dir='ltr'>est</span> <span class='ocrx_word' id='word_1_206' title='bbox 379 910 520 948; x_wconf 85' lang='lat' dir='ltr'>proaviae</span> <span class='ocrx_word' id='word_1_207' title='bbox 542 920 637 939; x_wconf 75' lang='lat' dir='ltr'>soror.</span> <span class='ocrx_word' id='word_1_208' title='bbox 682 913 721 939; x_wconf 86' lang='lat' dir='ltr'>At</span> <span class='ocrx_word' id='word_1_209' title='bbox 743 912 836 939; x_wconf 81' lang='lat' dir='ltr'>maior</span> <span class='ocrx_word' id='word_1_210' title='bbox 859 910 1040 946; x_wconf 78' lang='lat' dir='ltr'>avunculus,</span> <span class='ocrx_word' id='word_1_211' title='bbox 1079 911 1176 945; x_wconf 81' lang='lat' dir='ltr'>aviae,</span> <span class='ocrx_word' id='word_1_212' title='bbox 1214 919 1273 937; x_wconf 90' lang='lat' dir='ltr'>non</span> <span class='ocrx_word' id='word_1_213' title='bbox 1303 910 1352 938; x_wconf 85' lang='lat' dir='ltr'>avi</span> <span class='ocrx_word' id='word_1_214' title='bbox 1383 910 1563 946; x_wconf 85' lang='lat' dir='ltr'>avunculus,</span> <span class='ocrx_word' id='word_1_215' title='bbox 1597 911 1737 948; x_wconf 84' lang='lat' dir='ltr'>proaviae</span> <span class='ocrx_word' id='word_1_216' title='bbox 1761 911 1869 949; x_wconf 63' lang='lat' dir='ltr'>frater-3</span> <span class='ocrx_word' id='word_1_217' title='bbox 1907 912 1959 941; x_wconf 86' lang='lat' dir='ltr'>sed</span> <span class='ocrx_word' id='word_1_218' title='bbox 1980 923 2041 941; x_wconf 88' lang='lat' dir='ltr'>non</span> 
     </span>
     <span class='ocr_line' id='line_1_18' title="bbox 94 951 2039 992; baseline 0.003 -14"><span class='ocrx_word' id='word_1_219' title='bbox 94 960 212 989; x_wconf 83' lang='lat' dir='ltr'>semper</span> <span class='ocrx_word' id='word_1_220' title='bbox 234 951 393 979; x_wconf 80' lang='lat' dir='ltr'>discrimen</span> <span class='ocrx_word' id='word_1_221' title='bbox 414 952 491 980; x_wconf 83' lang='lat' dir='ltr'>illud</span> <span class='ocrx_word' id='word_1_222' title='bbox 514 957 628 981; x_wconf 86' lang='lat' dir='ltr'>veteres</span> <span class='ocrx_word' id='word_1_223' title='bbox 651 953 855 983; x_wconf 81' lang='lat' dir='ltr'>observarunt.</span> <span class='ocrx_word' id='word_1_224' title='bbox 902 954 939 982; x_wconf 92' lang='lat' dir='ltr'>Ut</span> <span class='ocrx_word' id='word_1_225' title='bbox 961 952 1010 981; x_wconf 82' lang='lat' dir='ltr'>hic</span> <span class='ocrx_word' id='word_1_226' title='bbox 1032 962 1068 981; x_wconf 78' lang='lat' dir='ltr'>ex</span> <span class='ocrx_word' id='word_1_227' title='bbox 1090 952 1178 980; x_wconf 83' lang='lat' dir='ltr'>Festo</span> <span class='ocrx_word' id='word_1_228' title='bbox 1202 957 1229 981; x_wconf 88' lang='lat' dir='ltr'>et</span> <span class='ocrx_word' id='word_1_229' title='bbox 1253 952 1324 980; x_wconf 85' lang='lat' dir='ltr'>alibi</span> <span class='ocrx_word' id='word_1_230' title='bbox 1349 962 1386 981; x_wconf 84' lang='lat' dir='ltr'>ex</span> <span class='ocrx_word' id='word_1_231' title='bbox 1409 952 1474 980; x_wconf 86' lang='lat' dir='ltr'>aliis</span> <span class='ocrx_word' id='word_1_232' title='bbox 1498 957 1612 982; x_wconf 80' lang='lat' dir='ltr'>certum</span> <span class='ocrx_word' id='word_1_233' title='bbox 1635 958 1687 982; x_wconf 84' lang='lat' dir='ltr'>est.</span> <span class='ocrx_word' id='word_1_234' title='bbox 1709 953 1798 982; x_wconf 90' lang='lat' dir='ltr'>Dac.</span> <span class='ocrx_word' id='word_1_235' title='bbox 1832 954 1863 983; x_wconf 92' lang='lat' dir='ltr'>L.</span> <span class='ocrx_word' id='word_1_236' title='bbox 1879 956 1928 987; x_wconf 92' lang='lat'>10.</span> <span class='ocrx_word' id='word_1_237' title='bbox 1952 956 1975 992; x_wconf 86' lang='lat'>§.</span> <span class='ocrx_word' id='word_1_238' title='bbox 1990 958 2039 987; x_wconf 88' lang='lat'>16.</span> 
     </span>
     <span class='ocr_line' id='line_1_19' title="bbox 93 994 880 1032; baseline 0.006 -12"><span class='ocrx_word' id='word_1_239' title='bbox 93 1002 171 1021; x_wconf 82' lang='lat' dir='ltr'>vers.</span> <span class='ocrx_word' id='word_1_240' title='bbox 194 998 320 1031; x_wconf 81' lang='lat' dir='ltr'>patruus</span> <span class='ocrx_word' id='word_1_241' title='bbox 342 995 444 1023; x_wconf 85' lang='lat' dir='ltr'>maior.</span> <span class='ocrx_word' id='word_1_242' title='bbox 468 995 497 1023; x_wconf 79' lang='lat' dir='ltr'>ss&#39;.</span> <span class='ocrx_word' id='word_1_243' title='bbox 520 995 556 1023; x_wconf 88' lang='lat' dir='ltr'>de</span> <span class='ocrx_word' id='word_1_244' title='bbox 578 996 729 1032; x_wconf 82' lang='lat' dir='ltr'>gradibus.</span> <span class='ocrx_word' id='word_1_245' title='bbox 776 994 880 1026; x_wconf 76' lang='lat' dir='ltr'>Goth.</span> 
     </span>
    </p>

    <p class='ocr_par' dir='ltr' id='par_1_8' title="bbox 259 1035 1092 1068">
     <span class='ocr_line' id='line_1_20' title="bbox 259 1035 1092 1068; baseline 0.001 -4"><span class='ocrx_word' id='word_1_246' title='bbox 259 1035 392 1065; x_wconf 85' lang='lat' dir='ltr'>Maior</span> <span class='ocrx_word' id='word_1_247' title='bbox 413 1048 526 1066; x_wconf 80' lang='lat' dir='ltr'>socer.</span> <span class='ocrx_word' id='word_1_248' title='bbox 570 1038 644 1067; x_wconf 89' lang='lat' dir='ltr'>Vide</span> <span class='ocrx_word' id='word_1_249' title='bbox 667 1040 810 1067; x_wconf 79' lang='lat' dir='ltr'>maiorum</span> <span class='ocrx_word' id='word_1_250' title='bbox 834 1049 958 1068; x_wconf 81' lang='lat' dir='ltr'>socrum.</span> <span class='ocrx_word' id='word_1_251' title='bbox 1003 1037 1092 1066; x_wconf 82' lang='lat' dir='ltr'>Dae.</span> 
     </span>
    </p>

    <p class='ocr_par' dir='ltr' id='par_1_9' title="bbox 94 1077 2043 1289">
     <span class='ocr_line' id='line_1_21' title="bbox 258 1077 2040 1120; baseline 0.002 -14"><span class='ocrx_word' id='word_1_252' title='bbox 258 1077 519 1109; x_wconf 75' lang='lat' dir='ltr'>Maeandrum.</span> <span class='ocrx_word' id='word_1_253' title='bbox 564 1081 658 1109; x_wconf 83' lang='lat' dir='ltr'>Etiam</span> <span class='ocrx_word' id='word_1_254' title='bbox 687 1082 822 1120; x_wconf 74' lang='lat' dir='ltr'>picturae</span> <span class='ocrx_word' id='word_1_255' title='bbox 852 1082 881 1109; x_wconf 89' lang='lat' dir='ltr'>in</span> <span class='ocrx_word' id='word_1_256' title='bbox 911 1080 1100 1109; x_wconf 80' lang='lat' dir='ltr'>lacunaribus</span> <span class='ocrx_word' id='word_1_257' title='bbox 1131 1084 1291 1118; x_wconf 81' lang='lat' dir='ltr'>propterea</span> <span class='ocrx_word' id='word_1_258' title='bbox 1322 1080 1479 1117; x_wconf 81' lang='grc' dir='ltr'><em>μαίανδροι</em></span> <span class='ocrx_word' id='word_1_259' title='bbox 1510 1078 1660 1109; x_wconf 83' lang='lat' dir='ltr'>dicuntur.</span> <span class='ocrx_word' id='word_1_260' title='bbox 1706 1079 1777 1108; x_wconf 86' lang='lat' dir='ltr'>Inde</span> <span class='ocrx_word' id='word_1_261' title='bbox 1807 1080 2040 1110; x_wconf 75' lang='lat' dir='ltr'>Maeandratuin.</span> 
     </span>
     <span class='ocr_line' id='line_1_22' title="bbox 95 1117 2043 1163; baseline 0.004 -18"><span class='ocrx_word' id='word_1_262' title='bbox 95 1117 191 1146; x_wconf 82' lang='lat' dir='ltr'>varro</span> <span class='ocrx_word' id='word_1_263' title='bbox 213 1122 295 1161; x_wconf 81' lang='grc' dir='ltr'><strong><em>ταφῇ</em></strong></span> <span class='ocrx_word' id='word_1_264' title='bbox 319 1123 501 1158; x_wconf 74' lang='grc' dir='ltr'><strong><em>Μενίππου,</em></strong></span> <span class='ocrx_word' id='word_1_265' title='bbox 525 1120 546 1160; x_wconf 73' lang='grc' dir='ltr'><strong><em>ἦ</em></strong></span> <span class='ocrx_word' id='word_1_266' title='bbox 567 1124 703 1162; x_wconf 74' lang='grc' dir='ltr'><strong><em>περιέχον</em></strong></span> <span class='ocrx_word' id='word_1_267' title='bbox 725 1123 778 1159; x_wconf 71' lang='grc' dir='ltr'>τὰς</span> <span class='ocrx_word' id='word_1_268' title='bbox 800 1125 954 1162; x_wconf 68' lang='grc' dir='ltr'><strong><em>ταριχείας.</em></strong></span> <span class='ocrx_word' id='word_1_269' title='bbox 991 1122 1072 1151; x_wconf 76' lang='lat' dir='ltr'>Mihi</span> <span class='ocrx_word' id='word_1_270' title='bbox 1084 1121 1189 1163; x_wconf 83' lang='lat' dir='ltr'>facies</span> <span class='ocrx_word' id='word_1_271' title='bbox 1211 1120 1420 1159; x_wconf 73' lang='lat' dir='ltr'>maeandrum,</span> <span class='ocrx_word' id='word_1_272' title='bbox 1444 1129 1469 1149; x_wconf 91' lang='lat' dir='ltr'>et</span> <span class='ocrx_word' id='word_1_273' title='bbox 1492 1120 1698 1158; x_wconf 83' lang='lat' dir='ltr'>vermiculata,</span> <span class='ocrx_word' id='word_1_274' title='bbox 1721 1129 1808 1162; x_wconf 81' lang='lat' dir='ltr'>atque</span> <span class='ocrx_word' id='word_1_275' title='bbox 1829 1121 1903 1151; x_wconf 72' lang='lat' dir='ltr'>adeo</span> <span class='ocrx_word' id='word_1_276' title='bbox 1926 1124 2043 1162; x_wconf 76' lang='lat' dir='ltr'>cingens</span> 
     </span>
     <span class='ocr_line' id='line_1_23' title="bbox 95 1160 2043 1205; baseline 0.002 -16"><span class='ocrx_word' id='word_1_277' title='bbox 95 1160 192 1190; x_wconf 79' lang='lat' dir='ltr'>orbem</span> <span class='ocrx_word' id='word_1_278' title='bbox 215 1169 315 1192; x_wconf 80' lang='lat' dir='ltr'>terrae.</span> <span class='ocrx_word' id='word_1_279' title='bbox 347 1163 443 1194; x_wconf 79' lang='lat' dir='ltr'>Scal.</span> <span class='ocrx_word' id='word_1_280' title='bbox 487 1166 678 1194; x_wconf 71' lang='lat' dir='ltr'>Maeandrum</span> <span class='ocrx_word' id='word_1_281' title='bbox 708 1166 833 1195; x_wconf 85' lang='lat' dir='ltr'>fluvium</span> <span class='ocrx_word' id='word_1_282' title='bbox 856 1166 968 1205; x_wconf 68' lang='lat' dir='ltr'>Lydiae</span> <span class='ocrx_word' id='word_1_283' title='bbox 993 1165 1119 1194; x_wconf 78' lang='lat' dir='ltr'>maxime</span> <span class='ocrx_word' id='word_1_284' title='bbox 1141 1165 1309 1194; x_wconf 78' lang='lat' dir='ltr'>flexuosum</span> <span class='ocrx_word' id='word_1_285' title='bbox 1333 1165 1423 1193; x_wconf 82' lang='lat' dir='ltr'>fuisse</span> <span class='ocrx_word' id='word_1_286' title='bbox 1447 1174 1462 1192; x_wconf 93' lang='lat' dir='ltr'>e</span> <span class='ocrx_word' id='word_1_287' title='bbox 1484 1164 1633 1193; x_wconf 80' lang='lat' dir='ltr'>veteribus</span> <span class='ocrx_word' id='word_1_288' title='bbox 1657 1170 1771 1193; x_wconf 77' lang='lat' dir='ltr'>cerium</span> <span class='ocrx_word' id='word_1_289' title='bbox 1794 1170 1845 1193; x_wconf 89' lang='lat' dir='ltr'>est.</span> <span class='ocrx_word' id='word_1_290' title='bbox 1891 1165 1934 1193; x_wconf 78' lang='lat' dir='ltr'>Ab</span> <span class='ocrx_word' id='word_1_291' title='bbox 1957 1175 1989 1193; x_wconf 89' lang='lat' dir='ltr'>eo</span> <span class='ocrx_word' id='word_1_292' title='bbox 2012 1166 2043 1193; x_wconf 90' lang='lat' dir='ltr'>in</span> 
     </span>
     <span class='ocr_line' id='line_1_24' title="bbox 94 1204 2043 1247; baseline 0.003 -16"><span class='ocrx_word' id='word_1_293' title='bbox 94 1204 228 1232; x_wconf 73' lang='lat' dir='ltr'>vestibus</span> <span class='ocrx_word' id='word_1_294' title='bbox 252 1211 280 1233; x_wconf 85' lang='lat' dir='ltr'>et</span> <span class='ocrx_word' id='word_1_295' title='bbox 302 1207 333 1234; x_wconf 91' lang='lat' dir='ltr'>in</span> <span class='ocrx_word' id='word_1_296' title='bbox 355 1208 474 1245; x_wconf 79' lang='lat' dir='ltr'>pictura</span> <span class='ocrx_word' id='word_1_297' title='bbox 501 1209 677 1237; x_wconf 80' lang='lat' dir='ltr'>maeandros</span> <span class='ocrx_word' id='word_1_298' title='bbox 706 1209 848 1246; x_wconf 85' lang='lat' dir='ltr'>dicimus,</span> <span class='ocrx_word' id='word_1_299' title='bbox 885 1208 1030 1247; x_wconf 88' lang='lat' dir='ltr'>quidquid</span> <span class='ocrx_word' id='word_1_300' title='bbox 1058 1207 1189 1236; x_wconf 77' lang='lat' dir='ltr'>flexuose</span> <span class='ocrx_word' id='word_1_301' title='bbox 1218 1208 1256 1235; x_wconf 88' lang='lat' dir='ltr'>ad</span> <span class='ocrx_word' id='word_1_302' title='bbox 1276 1208 1369 1235; x_wconf 77' lang='lat' dir='ltr'>instar</span> <span class='ocrx_word' id='word_1_303' title='bbox 1392 1206 1543 1235; x_wconf 85' lang='lat' dir='ltr'>Maeandri</span> <span class='ocrx_word' id='word_1_304' title='bbox 1565 1207 1614 1235; x_wconf 91' lang='lat' dir='ltr'>vel</span> <span class='ocrx_word' id='word_1_305' title='bbox 1636 1208 1760 1246; x_wconf 86' lang='lat' dir='ltr'>ponitur</span> <span class='ocrx_word' id='word_1_306' title='bbox 1783 1208 1830 1236; x_wconf 89' lang='lat' dir='ltr'>vel</span> <span class='ocrx_word' id='word_1_307' title='bbox 1854 1207 1989 1246; x_wconf 83' lang='lat' dir='ltr'>pingitur</span> <span class='ocrx_word' id='word_1_308' title='bbox 2010 1213 2043 1237; x_wconf 88' lang='lat' dir='ltr'>ut</span> 
     </span>
     <span class='ocr_line' id='line_1_25' title="bbox 95 1249 1594 1289; baseline 0.003 -15"><span class='ocrx_word' id='word_1_309' title='bbox 95 1256 258 1286; x_wconf 81' lang='lat' dir='ltr'>purpuram</span> <span class='ocrx_word' id='word_1_310' title='bbox 280 1249 458 1286; x_wconf 74' lang='lat' dir='ltr'>flexuosam,</span> <span class='ocrx_word' id='word_1_311' title='bbox 483 1255 511 1279; x_wconf 86' lang='lat' dir='ltr'>et</span> <span class='ocrx_word' id='word_1_312' title='bbox 532 1252 562 1279; x_wconf 83' lang='lat' dir='ltr'>iu</span> <span class='ocrx_word' id='word_1_313' title='bbox 586 1262 616 1280; x_wconf 87' lang='lat' dir='ltr'>se</span> <span class='ocrx_word' id='word_1_314' title='bbox 639 1257 818 1280; x_wconf 80' lang='lat' dir='ltr'>remeantem</span> <span class='ocrx_word' id='word_1_315' title='bbox 840 1252 871 1279; x_wconf 90' lang='lat' dir='ltr'>in</span> <span class='ocrx_word' id='word_1_316' title='bbox 895 1251 1056 1289; x_wconf 84' lang='lat' dir='ltr'>Chlamyde</span> <span class='ocrx_word' id='word_1_317' title='bbox 1079 1250 1115 1279; x_wconf 86' lang='lat' dir='ltr'>de</span> <span class='ocrx_word' id='word_1_318' title='bbox 1139 1261 1196 1288; x_wconf 91' lang='lat' dir='ltr'>qua</span> <span class='ocrx_word' id='word_1_319' title='bbox 1219 1250 1299 1287; x_wconf 81' lang='lat' dir='ltr'>Virg.</span> <span class='ocrx_word' id='word_1_320' title='bbox 1325 1249 1409 1289; x_wconf 86' lang='lat' dir='ltr'>(Aen.</span> <span class='ocrx_word' id='word_1_321' title='bbox 1426 1250 1467 1285; x_wconf 87' lang='lat' dir='ltr'>V,</span> <span class='ocrx_word' id='word_1_322' title='bbox 1490 1249 1594 1288; x_wconf 82' lang='lat'>250.):</span> 
     </span>
    </p>

    <p class='ocr_par' dir='ltr' id='par_1_10' title="bbox 590 1291 1495 1333">
     <span class='ocr_line' id='line_1_26' title="bbox 590 1291 1495 1333; baseline -0.002 -11"><span class='ocrx_word' id='word_1_323' title='bbox 590 1293 709 1322; x_wconf 83' lang='lat' dir='ltr'>Victori</span> <span class='ocrx_word' id='word_1_324' title='bbox 730 1292 915 1333; x_wconf 74' lang='lat' dir='ltr'>chlamydem</span> <span class='ocrx_word' id='word_1_325' title='bbox 938 1300 1090 1329; x_wconf 87' lang='lat' dir='ltr'>auratam,</span> <span class='ocrx_word' id='word_1_326' title='bbox 1123 1304 1211 1332; x_wconf 77' lang='lat' dir='ltr'>quam</span> <span class='ocrx_word' id='word_1_327' title='bbox 1233 1291 1362 1332; x_wconf 83' lang='lat' dir='ltr'>plurima</span> <span class='ocrx_word' id='word_1_328' title='bbox 1385 1293 1495 1321; x_wconf 84' lang='lat' dir='ltr'>circum</span> 
     </span>
    </p>

    <p class='ocr_par' dir='ltr' id='par_1_11' title="bbox 94 1334 2044 1544">
     <span class='ocr_line' id='line_1_27' title="bbox 585 1334 1382 1376; baseline -0.001 -12"><span class='ocrx_word' id='word_1_329' title='bbox 585 1334 722 1376; x_wconf 85' lang='lat' dir='ltr'>Purpura</span> <span class='ocrx_word' id='word_1_330' title='bbox 744 1335 913 1365; x_wconf 77' lang='lat' dir='ltr'>Maeanclro</span> <span class='ocrx_word' id='word_1_331' title='bbox 937 1334 1050 1374; x_wconf 78' lang='lat' dir='ltr'>duplici</span> <span class='ocrx_word' id='word_1_332' title='bbox 1072 1334 1222 1364; x_wconf 72' lang='lat' dir='ltr'>IWeZiboea</span> <span class='ocrx_word' id='word_1_333' title='bbox 1246 1335 1382 1364; x_wconf 80' lang='lat' dir='ltr'>cucurrit.</span> 
     </span>
     <span class='ocr_line' id='line_1_28' title="bbox 96 1373 2043 1418; baseline 0.002 -18"><span class='ocrx_word' id='word_1_334' title='bbox 96 1373 151 1401; x_wconf 88' lang='lat' dir='ltr'>Ubi</span> <span class='ocrx_word' id='word_1_335' title='bbox 173 1374 310 1404; x_wconf 79' lang='lat' dir='ltr'>Servius:</span> <span class='ocrx_word' id='word_1_336' title='bbox 333 1375 405 1405; x_wconf 84' lang='lat' dir='ltr'>Erat</span> <span class='ocrx_word' id='word_1_337' title='bbox 428 1378 457 1406; x_wconf 86' lang='lat' dir='ltr'>in</span> <span class='ocrx_word' id='word_1_338' title='bbox 481 1376 635 1416; x_wconf 75' lang='lat' dir='ltr'>chlamyde</span> <span class='ocrx_word' id='word_1_339' title='bbox 645 1379 791 1418; x_wconf 67' lang='lat' dir='ltr'>flexuosa</span> <span class='ocrx_word' id='word_1_340' title='bbox 813 1386 839 1406; x_wconf 90' lang='lat' dir='ltr'>et</span> <span class='ocrx_word' id='word_1_341' title='bbox 861 1380 891 1407; x_wconf 82' lang='lat' dir='ltr'>in</span> <span class='ocrx_word' id='word_1_342' title='bbox 914 1390 943 1407; x_wconf 87' lang='lat' dir='ltr'>se</span> <span class='ocrx_word' id='word_1_343' title='bbox 965 1376 1129 1406; x_wconf 79' lang='lat' dir='ltr'>remeabilis</span> <span class='ocrx_word' id='word_1_344' title='bbox 1147 1389 1296 1417; x_wconf 83' lang='lat' dir='ltr'>purpura,</span> <span class='ocrx_word' id='word_1_345' title='bbox 1319 1378 1349 1406; x_wconf 83' lang='lat' dir='ltr'>in</span> <span class='ocrx_word' id='word_1_346' title='bbox 1372 1375 1491 1406; x_wconf 76' lang='lat' dir='ltr'>modum</span> <span class='ocrx_word' id='word_1_347' title='bbox 1514 1374 1677 1403; x_wconf 74' lang='lat' dir='ltr'>Maeandri</span> <span class='ocrx_word' id='word_1_348' title='bbox 1689 1376 1828 1416; x_wconf 76' lang='lat' dir='ltr'>fluminis</span> <span class='ocrx_word' id='word_1_349' title='bbox 1849 1373 1955 1404; x_wconf 85' lang='lat' dir='ltr'>Cariae</span> <span class='ocrx_word' id='word_1_350' title='bbox 1974 1385 2043 1414; x_wconf 87' lang='lat' dir='ltr'>pro-</span> 
     </span>
     <span class='ocr_line' id='line_1_29' title="bbox 94 1416 2043 1458; baseline 0.001 -15"><span class='ocrx_word' id='word_1_351' title='bbox 94 1416 220 1453; x_wconf 79' lang='lat' dir='ltr'>vinciae,</span> <span class='ocrx_word' id='word_1_352' title='bbox 256 1419 308 1457; x_wconf 82' lang='lat' dir='ltr'>qui</span> <span class='ocrx_word' id='word_1_353' title='bbox 329 1420 462 1450; x_wconf 80' lang='lat' dir='ltr'>sinuosus</span> <span class='ocrx_word' id='word_1_354' title='bbox 483 1427 533 1448; x_wconf 77' lang='lat' dir='ltr'>est.</span> <span class='ocrx_word' id='word_1_355' title='bbox 576 1421 622 1449; x_wconf 92' lang='lat' dir='ltr'>Ab</span> <span class='ocrx_word' id='word_1_356' title='bbox 646 1431 681 1449; x_wconf 87' lang='lat' dir='ltr'>eo</span> <span class='ocrx_word' id='word_1_357' title='bbox 705 1422 792 1449; x_wconf 86' lang='lat' dir='ltr'>etiam</span> <span class='ocrx_word' id='word_1_358' title='bbox 815 1421 967 1449; x_wconf 84' lang='lat' dir='ltr'>Maeandri</span> <span class='ocrx_word' id='word_1_359' title='bbox 996 1420 1137 1448; x_wconf 87' lang='lat' dir='ltr'>dicuntur</span> <span class='ocrx_word' id='word_1_360' title='bbox 1166 1421 1249 1448; x_wconf 83' lang='lat' dir='ltr'>vafra</span> <span class='ocrx_word' id='word_1_361' title='bbox 1273 1426 1301 1448; x_wconf 83' lang='lat' dir='ltr'>et</span> <span class='ocrx_word' id='word_1_362' title='bbox 1327 1420 1447 1458; x_wconf 87' lang='lat' dir='ltr'>obliqua</span> <span class='ocrx_word' id='word_1_363' title='bbox 1472 1418 1608 1454; x_wconf 79' lang='lat' dir='ltr'>consilia,</span> <span class='ocrx_word' id='word_1_364' title='bbox 1645 1416 1694 1446; x_wconf 78' lang='lat' dir='ltr'>des</span> <span class='ocrx_word' id='word_1_365' title='bbox 1718 1416 1843 1446; x_wconf 78' lang='lat' dir='ltr'>detours.</span> <span class='ocrx_word' id='word_1_366' title='bbox 1888 1418 1993 1446; x_wconf 87' lang='lat' dir='ltr'>Cicero</span> <span class='ocrx_word' id='word_1_367' title='bbox 2013 1417 2043 1444; x_wconf 83' lang='lat' dir='ltr'>in</span> 
     </span>
     <span class='ocr_line' id='line_1_30' title="bbox 94 1457 2044 1504; baseline -0.002 -13"><span class='ocrx_word' id='word_1_368' title='bbox 94 1457 193 1487; x_wconf 61' lang='lat' dir='ltr'>PiSOH·</span> <span class='ocrx_word' id='word_1_369' title='bbox 214 1461 302 1497; x_wconf 45' lang='lat' dir='ltr'>(22ss</span> <span class='ocrx_word' id='word_1_370' title='bbox 329 1460 410 1499; x_wconf 80' lang='lat' dir='ltr'>Quos</span> <span class='ocrx_word' id='word_1_371' title='bbox 431 1470 462 1491; x_wconf 81' lang='lat' dir='ltr'>tu</span> <span class='ocrx_word' id='word_1_372' title='bbox 476 1462 662 1492; x_wconf 78' lang='lat' dir='ltr'>Maeandros</span> <span class='ocrx_word' id='word_1_373' title='bbox 685 1471 710 1492; x_wconf 87' lang='lat' dir='ltr'>et</span> <span class='ocrx_word' id='word_1_374' title='bbox 733 1475 808 1504; x_wconf 86' lang='lat' dir='ltr'>quae</span> <span class='ocrx_word' id='word_1_375' title='bbox 830 1461 1004 1493; x_wconf 75' lang='lat' dir='ltr'>diverticula</span> <span class='ocrx_word' id='word_1_376' title='bbox 1017 1464 1225 1502; x_wconf 74' lang='lat' dir='ltr'>flexionesque</span> <span class='ocrx_word' id='word_1_377' title='bbox 1247 1463 1393 1502; x_wconf 80' lang='lat' dir='ltr'>quaesisti.</span> <span class='ocrx_word' id='word_1_378' title='bbox 1430 1462 1503 1490; x_wconf 87' lang='lat' dir='ltr'>Vide</span> <span class='ocrx_word' id='word_1_379' title='bbox 1526 1460 1730 1489; x_wconf 82' lang='lat' dir='ltr'>doctissimum</span> <span class='ocrx_word' id='word_1_380' title='bbox 1754 1459 2044 1498; x_wconf 74' lang='lat' dir='ltr'>paroimiographum</span> 
     </span>
     <span class='ocr_line' id='line_1_31' title="bbox 94 1499 2001 1544; baseline 0.001 -15"><span class='ocrx_word' id='word_1_381' title='bbox 94 1500 126 1528; x_wconf 83' lang='lat' dir='ltr'>in</span> <span class='ocrx_word' id='word_1_382' title='bbox 149 1511 222 1531; x_wconf 88' lang='lat' dir='ltr'>voce</span> <span class='ocrx_word' id='word_1_383' title='bbox 245 1503 436 1534; x_wconf 79' lang='lat' dir='ltr'>Maeandros.</span> <span class='ocrx_word' id='word_1_384' title='bbox 458 1504 545 1533; x_wconf 76' lang='lat' dir='ltr'>Dae.</span> <span class='ocrx_word' id='word_1_385' title='bbox 574 1504 743 1534; x_wconf 77' lang='lat' dir='ltr'>Maeander</span> <span class='ocrx_word' id='word_1_386' title='bbox 765 1507 861 1534; x_wconf 80' lang='lat' dir='ltr'>Nonio</span> <span class='ocrx_word' id='word_1_387' title='bbox 885 1508 964 1544; x_wconf 76' lang='lat' dir='ltr'>(pag.</span> <span class='ocrx_word' id='word_1_388' title='bbox 980 1509 1049 1536; x_wconf 83' lang='lat'>140.</span> <span class='ocrx_word' id='word_1_389' title='bbox 1073 1505 1195 1542; x_wconf 89' lang='lat' dir='ltr'>Merc.)‚</span> <span class='ocrx_word' id='word_1_390' title='bbox 1218 1505 1287 1533; x_wconf 87' lang='lat' dir='ltr'>inde</span> <span class='ocrx_word' id='word_1_391' title='bbox 1310 1505 1498 1543; x_wconf 77' lang='lat' dir='ltr'>maeandrata</span> <span class='ocrx_word' id='word_1_392' title='bbox 1521 1504 1611 1532; x_wconf 81' lang='lat' dir='ltr'>facies</span> <span class='ocrx_word' id='word_1_393' title='bbox 1635 1503 1715 1542; x_wconf 88' lang='lat' dir='ltr'>apud</span> <span class='ocrx_word' id='word_1_394' title='bbox 1738 1503 1872 1533; x_wconf 80' lang='lat' dir='ltr'>eundem.</span> <span class='ocrx_word' id='word_1_395' title='bbox 1899 1499 2001 1531; x_wconf 73' lang='lat' dir='ltr'>Goth.</span> 
     </span>
    </p>

    <p class='ocr_par' dir='ltr' id='par_1_12' title="bbox 94 1545 2044 1671">
     <span class='ocr_line' id='line_1_32' title="bbox 259 1545 2044 1586; baseline -0.001 -12"><span class='ocrx_word' id='word_1_396' title='bbox 259 1545 422 1576; x_wconf 77' lang='lat' dir='ltr'>Maecia.</span> <span class='ocrx_word' id='word_1_397' title='bbox 468 1547 563 1575; x_wconf 90' lang='lat' dir='ltr'>Huius</span> <span class='ocrx_word' id='word_1_398' title='bbox 586 1549 720 1577; x_wconf 80' lang='lat' dir='ltr'>meminit</span> <span class='ocrx_word' id='word_1_399' title='bbox 742 1549 842 1576; x_wconf 87' lang='lat' dir='ltr'>Livius</span> <span class='ocrx_word' id='word_1_400' title='bbox 865 1548 916 1577; x_wconf 87' lang='lat' dir='ltr'>lib.</span> <span class='ocrx_word' id='word_1_401' title='bbox 931 1548 1007 1577; x_wconf 83' lang='lat' dir='ltr'>VIII.</span> <span class='ocrx_word' id='word_1_402' title='bbox 1031 1547 1161 1586; x_wconf 90' lang='lat' dir='ltr'>(c.17.):</span> <span class='ocrx_word' id='word_1_403' title='bbox 1185 1546 1295 1576; x_wconf 76' lang='lat' dir='ltr'>Eodem</span> <span class='ocrx_word' id='word_1_404' title='bbox 1319 1558 1397 1576; x_wconf 81' lang='lat' dir='ltr'>anno</span> <span class='ocrx_word' id='word_1_405' title='bbox 1421 1558 1520 1576; x_wconf 80' lang='lat' dir='ltr'>census</span> <span class='ocrx_word' id='word_1_406' title='bbox 1542 1553 1635 1575; x_wconf 82' lang='lat' dir='ltr'>actus.</span> <span class='ocrx_word' id='word_1_407' title='bbox 1678 1545 1841 1585; x_wconf 77' lang='lat' dir='ltr'>Tribusque</span> <span class='ocrx_word' id='word_1_408' title='bbox 1859 1550 1976 1582; x_wconf 71' lang='lat' dir='ltr'>propter</span> <span class='ocrx_word' id='word_1_409' title='bbox 1997 1553 2044 1571; x_wconf 85' lang='lat' dir='ltr'>eos</span> 
     </span>
     <span class='ocr_line' id='line_1_33' title="bbox 94 1583 2044 1628; baseline 0.003 -16"><span class='ocrx_word' id='word_1_410' title='bbox 94 1583 216 1614; x_wconf 78' lang='lat' dir='ltr'>additae</span> <span class='ocrx_word' id='word_1_411' title='bbox 233 1586 354 1616; x_wconf 77' lang='lat' dir='ltr'>Maecia</span> <span class='ocrx_word' id='word_1_412' title='bbox 377 1597 402 1616; x_wconf 84' lang='lat' dir='ltr'>et</span> <span class='ocrx_word' id='word_1_413' title='bbox 425 1588 560 1627; x_wconf 78' lang='lat' dir='ltr'>Scaptia.</span> <span class='ocrx_word' id='word_1_414' title='bbox 592 1591 728 1618; x_wconf 83' lang='lat' dir='ltr'>Meminit</span> <span class='ocrx_word' id='word_1_415' title='bbox 751 1595 780 1619; x_wconf 87' lang='lat' dir='ltr'>et</span> <span class='ocrx_word' id='word_1_416' title='bbox 803 1591 905 1618; x_wconf 89' lang='lat' dir='ltr'>Cicero</span> <span class='ocrx_word' id='word_1_417' title='bbox 929 1590 966 1618; x_wconf 86' lang='lat' dir='ltr'>ad</span> <span class='ocrx_word' id='word_1_418' title='bbox 988 1589 1119 1617; x_wconf 81' lang='lat' dir='ltr'>Atticum</span> <span class='ocrx_word' id='word_1_419' title='bbox 1143 1587 1211 1628; x_wconf 90' lang='lat' dir='ltr'>(IV,</span> <span class='ocrx_word' id='word_1_420' title='bbox 1237 1587 1300 1626; x_wconf 78' lang='grc'>15.)</span> <span class='ocrx_word' id='word_1_421' title='bbox 1324 1594 1352 1618; x_wconf 89' lang='lat' dir='ltr'>et</span> <span class='ocrx_word' id='word_1_422' title='bbox 1373 1600 1428 1628; x_wconf 83' lang='lat' dir='ltr'>pro</span> <span class='ocrx_word' id='word_1_423' title='bbox 1452 1589 1575 1617; x_wconf 83' lang='lat' dir='ltr'>Plancio</span> <span class='ocrx_word' id='word_1_424' title='bbox 1599 1589 1637 1623; x_wconf 83' lang='lat' dir='ltr'>(e.</span> <span class='ocrx_word' id='word_1_425' title='bbox 1652 1589 1706 1624; x_wconf 85' lang='lat'>16,</span> <span class='ocrx_word' id='word_1_426' title='bbox 1731 1590 1803 1621; x_wconf 82' lang='lat'>38.).</span> <span class='ocrx_word' id='word_1_427' title='bbox 1838 1586 1924 1614; x_wconf 70' lang='lat' dir='ltr'>Dicta</span> <span class='ocrx_word' id='word_1_428' title='bbox 1946 1590 2044 1614; x_wconf 71' lang='lat' dir='ltr'>autem</span> 
     </span>
     <span class='ocr_line' id='line_1_34' title="bbox 94 1627 1236 1671; baseline 0.004 -16"><span class='ocrx_word' id='word_1_429' title='bbox 94 1627 204 1656; x_wconf 89' lang='lat' dir='ltr'>Maecia</span> <span class='ocrx_word' id='word_1_430' title='bbox 228 1640 243 1657; x_wconf 87' lang='lat' dir='ltr'>a</span> <span class='ocrx_word' id='word_1_431' title='bbox 267 1630 380 1658; x_wconf 86' lang='lat' dir='ltr'>Maecio</span> <span class='ocrx_word' id='word_1_432' title='bbox 404 1637 500 1659; x_wconf 80' lang='lat' dir='ltr'>castro</span> <span class='ocrx_word' id='word_1_433' title='bbox 524 1632 605 1669; x_wconf 86' lang='lat' dir='ltr'>quod</span> <span class='ocrx_word' id='word_1_434' title='bbox 629 1643 689 1660; x_wconf 88' lang='lat' dir='ltr'>non</span> <span class='ocrx_word' id='word_1_435' title='bbox 711 1633 820 1671; x_wconf 90' lang='lat' dir='ltr'>procul</span> <span class='ocrx_word' id='word_1_436' title='bbox 844 1644 860 1661; x_wconf 88' lang='lat' dir='ltr'>a</span> <span class='ocrx_word' id='word_1_437' title='bbox 883 1632 1016 1660; x_wconf 86' lang='lat' dir='ltr'>Lanuvio</span> <span class='ocrx_word' id='word_1_438' title='bbox 1040 1631 1105 1659; x_wconf 86' lang='lat' dir='ltr'>suit.</span> <span class='ocrx_word' id='word_1_439' title='bbox 1149 1630 1236 1660; x_wconf 78' lang='lat' dir='ltr'>Dac-</span> 
     </span>
    </p>

    <p class='ocr_par' dir='ltr' id='par_1_13' title="bbox 95 1668 2045 1754">
     <span class='ocr_line' id='line_1_35' title="bbox 259 1668 2045 1713; baseline 0 -14"><span class='ocrx_word' id='word_1_440' title='bbox 259 1671 518 1704; x_wconf 76' lang='lat' dir='ltr'>Mansucium.</span> <span class='ocrx_word' id='word_1_441' title='bbox 564 1674 608 1702; x_wconf 84' lang='lat' dir='ltr'>Al.</span> <span class='ocrx_word' id='word_1_442' title='bbox 631 1686 817 1711; x_wconf 81' lang='lat' dir='ltr'>mansueum,</span> <span class='ocrx_word' id='word_1_443' title='bbox 846 1685 901 1713; x_wconf 86' lang='lat' dir='ltr'>pro</span> <span class='ocrx_word' id='word_1_444' title='bbox 925 1673 1102 1703; x_wconf 75' lang='lat' dir='ltr'>marniacum</span> <span class='ocrx_word' id='word_1_445' title='bbox 1127 1672 1146 1700; x_wconf 76' lang='lat' dir='ltr'>d</span> <span class='ocrx_word' id='word_1_446' title='bbox 1170 1677 1282 1701; x_wconf 80' lang='lat' dir='ltr'>mutato</span> <span class='ocrx_word' id='word_1_447' title='bbox 1306 1673 1337 1701; x_wconf 86' lang='lat' dir='ltr'>in</span> <span class='ocrx_word' id='word_1_448' title='bbox 1359 1685 1390 1709; x_wconf 83' lang='lat' dir='ltr'>s,</span> <span class='ocrx_word' id='word_1_449' title='bbox 1415 1673 1495 1712; x_wconf 89' lang='lat' dir='ltr'>quod</span> <span class='ocrx_word' id='word_1_450' title='bbox 1519 1672 1701 1701; x_wconf 84' lang='lat' dir='ltr'>rarissimum</span> <span class='ocrx_word' id='word_1_451' title='bbox 1725 1674 1778 1699; x_wconf 88' lang='lat' dir='ltr'>est.</span> <span class='ocrx_word' id='word_1_452' title='bbox 1820 1668 1994 1699; x_wconf 80' lang='lat' dir='ltr'>Manducus</span> <span class='ocrx_word' id='word_1_453' title='bbox 2016 1675 2045 1698; x_wconf 87' lang='lat' dir='ltr'>et</span> 
     </span>
     <span class='ocr_line' id='line_1_36' title="bbox 95 1710 1362 1754; baseline 0.004 -15"><span class='ocrx_word' id='word_1_454' title='bbox 95 1710 258 1748; x_wconf 72' lang='lat' dir='ltr'>manduco,</span> <span class='ocrx_word' id='word_1_455' title='bbox 290 1715 381 1751; x_wconf 80' lang='lat' dir='ltr'>edax,</span> <span class='ocrx_word' id='word_1_456' title='bbox 415 1726 429 1743; x_wconf 88' lang='lat' dir='ltr'>a</span> <span class='ocrx_word' id='word_1_457' title='bbox 454 1715 620 1745; x_wconf 76' lang='lat' dir='ltr'>mandendo</span> <span class='ocrx_word' id='word_1_458' title='bbox 643 1717 690 1745; x_wconf 89' lang='lat' dir='ltr'>vel</span> <span class='ocrx_word' id='word_1_459' title='bbox 715 1717 932 1746; x_wconf 83' lang='lat' dir='ltr'>manducando.</span> <span class='ocrx_word' id='word_1_460' title='bbox 977 1717 1009 1744; x_wconf 89' lang='lat' dir='ltr'>ln</span> <span class='ocrx_word' id='word_1_461' title='bbox 1031 1716 1165 1744; x_wconf 76' lang='lat' dir='ltr'>Atellana</span> <span class='ocrx_word' id='word_1_462' title='bbox 1189 1716 1362 1754; x_wconf 83' lang='lat' dir='ltr'>Pomponii:</span> 
     </span>
    </p>

    <p class='ocr_par' dir='ltr' id='par_1_14' title="bbox 97 1757 1381 1842">
     <span class='ocr_line' id='line_1_37' title="bbox 714 1757 1381 1799; baseline -0.003 -11"><span class='ocrx_word' id='word_1_463' title='bbox 714 1759 848 1799; x_wconf 66' lang='lat' dir='ltr'>lislagnus</span> <span class='ocrx_word' id='word_1_464' title='bbox 869 1758 1032 1788; x_wconf 76' lang='lat' dir='ltr'>manducas</span> <span class='ocrx_word' id='word_1_465' title='bbox 1056 1757 1184 1787; x_wconf 82' lang='lat' dir='ltr'>camelus</span> <span class='ocrx_word' id='word_1_466' title='bbox 1207 1757 1381 1787; x_wconf 74' lang='lat' dir='ltr'>cantherius.</span> 
     </span>
     <span class='ocr_line' id='line_1_38' title="bbox 97 1794 1038 1842; baseline 0.007 -19"><span class='ocrx_word' id='word_1_467' title='bbox 97 1794 186 1825; x_wconf 79' lang='lat' dir='ltr'>Dae.</span> <span class='ocrx_word' id='word_1_468' title='bbox 231 1797 326 1826; x_wconf 83' lang='lat' dir='ltr'>Locus</span> <span class='ocrx_word' id='word_1_469' title='bbox 349 1799 503 1839; x_wconf 83' lang='lat' dir='ltr'>Pomponii</span> <span class='ocrx_word' id='word_1_470' title='bbox 526 1802 632 1840; x_wconf 80' lang='lat' dir='ltr'>legitur</span> <span class='ocrx_word' id='word_1_471' title='bbox 654 1803 735 1841; x_wconf 81' lang='lat' dir='ltr'>apud</span> <span class='ocrx_word' id='word_1_472' title='bbox 758 1803 886 1831; x_wconf 85' lang='lat' dir='ltr'>Nonium</span> <span class='ocrx_word' id='word_1_473' title='bbox 910 1812 976 1842; x_wconf 84' lang='lat' dir='ltr'>pag.</span> <span class='ocrx_word' id='word_1_474' title='bbox 992 1804 1038 1833; x_wconf 92' lang='lat'>17.</span> 
     </span>
    </p>

    <p class='ocr_par' dir='ltr' id='par_1_15' title="bbox 96 1836 2045 1925">
     <span class='ocr_line' id='line_1_39' title="bbox 262 1836 2045 1880; baseline -0.003 -10"><span class='ocrx_word' id='word_1_475' title='bbox 262 1840 443 1874; x_wconf 76' lang='lat' dir='ltr'>Mortuus.</span> <span class='ocrx_word' id='word_1_476' title='bbox 489 1844 647 1880; x_wconf 89' lang='lat' dir='ltr'>Quomodo</span> <span class='ocrx_word' id='word_1_477' title='bbox 671 1845 706 1873; x_wconf 87' lang='lat' dir='ltr'>ab</span> <span class='ocrx_word' id='word_1_478' title='bbox 731 1846 849 1873; x_wconf 84' lang='lat' dir='ltr'>emerita</span> <span class='ocrx_word' id='word_1_479' title='bbox 873 1845 956 1874; x_wconf 71' lang='lat' dir='ltr'>vita&#39;.)</span> <span class='ocrx_word' id='word_1_480' title='bbox 991 1855 1027 1872; x_wconf 81' lang='lat' dir='ltr'>an</span> <span class='ocrx_word' id='word_1_481' title='bbox 1051 1843 1183 1871; x_wconf 79' lang='lat' dir='ltr'>emeritus</span> <span class='ocrx_word' id='word_1_482' title='bbox 1205 1849 1340 1878; x_wconf 83' lang='lat' dir='ltr'>emertus,</span> <span class='ocrx_word' id='word_1_483' title='bbox 1379 1847 1519 1869; x_wconf 80' lang='lat' dir='ltr'>emertuus</span> <span class='ocrx_word' id='word_1_484' title='bbox 1542 1851 1556 1867; x_wconf 95' lang='lat' dir='ltr'>e</span> <span class='ocrx_word' id='word_1_485' title='bbox 1575 1839 1607 1867; x_wconf 86' lang='lat' dir='ltr'>in</span> <span class='ocrx_word' id='word_1_486' title='bbox 1631 1849 1665 1875; x_wconf 88' lang='lat' dir='ltr'>o,</span> <span class='ocrx_word' id='word_1_487' title='bbox 1698 1845 1859 1875; x_wconf 70' lang='lat' dir='ltr'>emortuus,</span> <span class='ocrx_word' id='word_1_488' title='bbox 1891 1836 2045 1866; x_wconf 79' lang='lat' dir='ltr'>mortuus?</span> 
     </span>
     <span class='ocr_line' id='line_1_40' title="bbox 96 1880 1188 1925; baseline 0.006 -17"><span class='ocrx_word' id='word_1_489' title='bbox 96 1880 212 1919; x_wconf 77' lang='lat' dir='ltr'>Nugae3</span> <span class='ocrx_word' id='word_1_490' title='bbox 239 1893 253 1910; x_wconf 74' lang='lat' dir='ltr'>a</span> <span class='ocrx_word' id='word_1_491' title='bbox 276 1885 400 1922; x_wconf 76' lang='lat' dir='ltr'>morior,</span> <span class='ocrx_word' id='word_1_492' title='bbox 423 1888 546 1915; x_wconf 82' lang='lat' dir='ltr'>moritus</span> <span class='ocrx_word' id='word_1_493' title='bbox 569 1887 671 1916; x_wconf 84' lang='lat' dir='ltr'>addito</span> <span class='ocrx_word' id='word_1_494' title='bbox 694 1900 713 1916; x_wconf 83' lang='lat' dir='ltr'>u</span> <span class='ocrx_word' id='word_1_495' title='bbox 735 1889 891 1925; x_wconf 68' lang='lat' dir='ltr'>moritum,</span> <span class='ocrx_word' id='word_1_496' title='bbox 914 1895 1054 1916; x_wconf 80' lang='lat' dir='ltr'>mortuus,</span> <span class='ocrx_word' id='word_1_497' title='bbox 1099 1885 1188 1915; x_wconf 88' lang='lat' dir='ltr'>Dac.</span> 
     </span>
    </p>

    <p class='ocr_par' dir='ltr' id='par_1_16' title="bbox 261 1925 2008 1966">
     <span class='ocr_line' id='line_1_41' title="bbox 261 1925 2008 1966; baseline 0.002 -12"><span class='ocrx_word' id='word_1_498' title='bbox 261 1925 467 1957; x_wconf 75' lang='lat' dir='ltr'>Maracias.</span> <span class='ocrx_word' id='word_1_499' title='bbox 512 1931 537 1958; x_wconf 88' lang='lat' dir='ltr'>A</span> <span class='ocrx_word' id='word_1_500' title='bbox 560 1941 642 1958; x_wconf 87' lang='lat' dir='ltr'>mora</span> <span class='ocrx_word' id='word_1_501' title='bbox 666 1930 780 1958; x_wconf 83' lang='lat' dir='ltr'>scilicet</span> <span class='ocrx_word' id='word_1_502' title='bbox 802 1940 876 1958; x_wconf 85' lang='lat' dir='ltr'>voce</span> <span class='ocrx_word' id='word_1_503' title='bbox 899 1930 1006 1960; x_wconf 78' lang='lat' dir='ltr'>efficta.</span> <span class='ocrx_word' id='word_1_504' title='bbox 1052 1928 1143 1957; x_wconf 84' lang='lat' dir='ltr'>Dac-</span> <span class='ocrx_word' id='word_1_505' title='bbox 2003 1961 2008 1966; x_wconf 40' lang='lat'><strong><em>¹</em></strong></span> 
     </span>
    </p>

    <p class='ocr_par' dir='ltr' id='par_1_17' title="bbox 98 1963 2045 2221">
     <span class='ocr_line' id='line_1_42' title="bbox 261 1963 2045 2010; baseline -0.004 -15"><span class='ocrx_word' id='word_1_506' title='bbox 261 1969 536 2000; x_wconf 79' lang='lat' dir='ltr'>Munimentum.</span> <span class='ocrx_word' id='word_1_507' title='bbox 582 1973 633 2001; x_wconf 82' lang='lat' dir='ltr'>Vel</span> <span class='ocrx_word' id='word_1_508' title='bbox 656 1980 887 2010; x_wconf 81' lang='lat' dir='ltr'>monumentum,</span> <span class='ocrx_word' id='word_1_509' title='bbox 923 1977 956 2000; x_wconf 89' lang='lat' dir='ltr'>ut</span> <span class='ocrx_word' id='word_1_510' title='bbox 980 1976 1094 2000; x_wconf 80' lang='lat' dir='ltr'>veteres</span> <span class='ocrx_word' id='word_1_511' title='bbox 1117 1969 1304 2003; x_wconf 76' lang='lat' dir='ltr'>scribebant,</span> <span class='ocrx_word' id='word_1_512' title='bbox 1342 1966 1489 2006; x_wconf 86' lang='lat' dir='ltr'>quidquid</span> <span class='ocrx_word' id='word_1_513' title='bbox 1512 1966 1658 2005; x_wconf 88' lang='lat' dir='ltr'>scriptum</span> <span class='ocrx_word' id='word_1_514' title='bbox 1683 1964 1732 1993; x_wconf 86' lang='lat' dir='ltr'>vel</span> <span class='ocrx_word' id='word_1_515' title='bbox 1755 1963 1866 2010; x_wconf 69' lang='lat' dir='ltr'>facturn</span> <span class='ocrx_word' id='word_1_516' title='bbox 1890 1970 2045 1990; x_wconf 81' lang='lat' dir='ltr'>memoriae</span> 
     </span>
     <span class='ocr_line' id='line_1_43' title="bbox 98 2005 2045 2051; baseline -0.007 -5"><span class='ocrx_word' id='word_1_517' title='bbox 98 2019 201 2045; x_wconf 65' lang='lat' dir='ltr'>causa,</span> <span class='ocrx_word' id='word_1_518' title='bbox 226 2016 254 2038; x_wconf 66' lang='lat'>01</span> <span class='ocrx_word' id='word_1_519' title='bbox 277 2013 398 2050; x_wconf 81' lang='lat' dir='ltr'>proprie</span> <span class='ocrx_word' id='word_1_520' title='bbox 420 2013 449 2041; x_wconf 88' lang='lat' dir='ltr'>in</span> <span class='ocrx_word' id='word_1_521' title='bbox 472 2014 681 2043; x_wconf 84' lang='lat' dir='ltr'>defunctorum</span> <span class='ocrx_word' id='word_1_522' title='bbox 704 2016 895 2051; x_wconf 84' lang='lat' dir='ltr'>memoriam,</span> <span class='ocrx_word' id='word_1_523' title='bbox 923 2015 986 2043; x_wconf 83' lang='lat' dir='ltr'>sive</span> <span class='ocrx_word' id='word_1_524' title='bbox 1010 2013 1137 2041; x_wconf 82' lang='lat' dir='ltr'>cadaver</span> <span class='ocrx_word' id='word_1_525' title='bbox 1159 2012 1326 2047; x_wconf 70' lang='lat' dir='ltr'>contineat,</span> <span class='ocrx_word' id='word_1_526' title='bbox 1356 2010 1417 2038; x_wconf 91' lang='lat' dir='ltr'>sive</span> <span class='ocrx_word' id='word_1_527' title='bbox 1441 2011 1478 2038; x_wconf 85' lang='lat' dir='ltr'>sit</span> <span class='ocrx_word' id='word_1_528' title='bbox 1500 2009 1603 2046; x_wconf 87' lang='lat' dir='ltr'>inane,</span> <span class='ocrx_word' id='word_1_529' title='bbox 1635 2007 1718 2046; x_wconf 86' lang='lat' dir='ltr'>quod</span> <span class='ocrx_word' id='word_1_530' title='bbox 1741 2005 1848 2035; x_wconf 76' lang='lat' dir='ltr'>Graecl</span> <span class='ocrx_word' id='word_1_531' title='bbox 1870 2008 1976 2034; x_wconf 73' lang='lat' dir='ltr'>vocant</span> <span class='ocrx_word' id='word_1_532' title='bbox 1997 2014 2045 2033; x_wconf 80' lang='grc' dir='ltr'>κε-</span> 
     </span>
     <span class='ocr_line' id='line_1_44' title="bbox 98 2048 2045 2096; baseline -0.01 -4"><span class='ocrx_word' id='word_1_533' title='bbox 98 2050 254 2091; x_wconf 62' lang='grc' dir='ltr'><em>νοτάφιον·</em></span> <span class='ocrx_word' id='word_1_534' title='bbox 297 2054 380 2083; x_wconf 64' lang='lat' dir='ltr'>van*-</span> <span class='ocrx_word' id='word_1_535' title='bbox 402 2056 454 2084; x_wconf 70' lang='lat' dir='ltr'>lib·</span> <span class='ocrx_word' id='word_1_536' title='bbox 468 2056 501 2084; x_wconf 78' lang='lat' dir='ltr'>V·</span> <span class='ocrx_word' id='word_1_537' title='bbox 526 2058 603 2096; x_wconf 76' lang='lat' dir='ltr'>(pag.</span> <span class='ocrx_word' id='word_1_538' title='bbox 617 2059 668 2089; x_wconf 82' lang='lat'>53.</span> <span class='ocrx_word' id='word_1_539' title='bbox 689 2058 734 2087; x_wconf 74' lang='lat' dir='ltr'>ed.</span> <span class='ocrx_word' id='word_1_540' title='bbox 754 2056 824 2095; x_wconf 76' lang='lat' dir='ltr'>St.):</span> <span class='ocrx_word' id='word_1_541' title='bbox 849 2056 901 2086; x_wconf 78' lang='lat' dir='ltr'>Sic</span> <span class='ocrx_word' id='word_1_542' title='bbox 924 2057 1100 2086; x_wconf 76' lang='lat' dir='ltr'>monimenta</span> <span class='ocrx_word' id='word_1_543' title='bbox 1124 2066 1197 2095; x_wconf 80' lang='lat' dir='ltr'>quae</span> <span class='ocrx_word' id='word_1_544' title='bbox 1221 2055 1250 2083; x_wconf 84' lang='lat' dir='ltr'>in</span> <span class='ocrx_word' id='word_1_545' title='bbox 1272 2051 1430 2093; x_wconf 75' lang='lat' dir='ltr'>sepulcris,</span> <span class='ocrx_word' id='word_1_546' title='bbox 1452 2059 1478 2080; x_wconf 85' lang='lat' dir='ltr'>et</span> <span class='ocrx_word' id='word_1_547' title='bbox 1502 2050 1568 2081; x_wconf 76' lang='lat' dir='ltr'>ideo</span> <span class='ocrx_word' id='word_1_548' title='bbox 1590 2048 1748 2080; x_wconf 80' lang='lat' dir='ltr'>secundum</span> <span class='ocrx_word' id='word_1_549' title='bbox 1770 2048 1860 2081; x_wconf 81' lang='lat' dir='ltr'>viam,</span> <span class='ocrx_word' id='word_1_550' title='bbox 1881 2056 1940 2094; x_wconf 65' lang='lat' dir='ltr'>quo</span> <span class='ocrx_word' id='word_1_551' title='bbox 1962 2057 2045 2084; x_wconf 83' lang='lat' dir='ltr'>prae-</span> 
     </span>
     <span class='ocr_line' id='line_1_45' title="bbox 98 2091 2044 2140; baseline -0.004 -16"><span class='ocrx_word' id='word_1_552' title='bbox 98 2103 235 2124; x_wconf 80' lang='lat' dir='ltr'>tereuntes</span> <span class='ocrx_word' id='word_1_553' title='bbox 258 2094 451 2134; x_wconf 76' lang='lat' dir='ltr'>admoneant,</span> <span class='ocrx_word' id='word_1_554' title='bbox 487 2107 513 2127; x_wconf 78' lang='lat' dir='ltr'>et</span> <span class='ocrx_word' id='word_1_555' title='bbox 535 2111 565 2128; x_wconf 80' lang='lat' dir='ltr'>se</span> <span class='ocrx_word' id='word_1_556' title='bbox 582 2099 683 2140; x_wconf 83' lang='lat' dir='ltr'>fuisse</span> <span class='ocrx_word' id='word_1_557' title='bbox 705 2107 730 2128; x_wconf 86' lang='lat' dir='ltr'>et</span> <span class='ocrx_word' id='word_1_558' title='bbox 752 2098 822 2129; x_wconf 80' lang='lat' dir='ltr'>illos</span> <span class='ocrx_word' id='word_1_559' title='bbox 845 2112 903 2128; x_wconf 85' lang='lat' dir='ltr'>esse</span> <span class='ocrx_word' id='word_1_560' title='bbox 924 2097 1079 2134; x_wconf 77' lang='lat' dir='ltr'>mortales,</span> <span class='ocrx_word' id='word_1_561' title='bbox 1118 2097 1156 2125; x_wconf 84' lang='lat' dir='ltr'>ab</span> <span class='ocrx_word' id='word_1_562' title='bbox 1179 2108 1211 2126; x_wconf 83' lang='lat' dir='ltr'>eo</span> <span class='ocrx_word' id='word_1_563' title='bbox 1235 2103 1347 2126; x_wconf 83' lang='lat' dir='ltr'>caetera</span> <span class='ocrx_word' id='word_1_564' title='bbox 1371 2106 1445 2135; x_wconf 86' lang='lat' dir='ltr'>quae</span> <span class='ocrx_word' id='word_1_565' title='bbox 1466 2095 1577 2134; x_wconf 83' lang='lat' dir='ltr'>scripta</span> <span class='ocrx_word' id='word_1_566' title='bbox 1601 2104 1638 2122; x_wconf 85' lang='lat' dir='ltr'>ac</span> <span class='ocrx_word' id='word_1_567' title='bbox 1650 2091 1745 2133; x_wconf 79' lang='lat' dir='ltr'>facta</span> <span class='ocrx_word' id='word_1_568' title='bbox 1767 2098 1922 2137; x_wconf 66' lang='lat' dir='ltr'>memor-tae</span> <span class='ocrx_word' id='word_1_569' title='bbox 1944 2098 2044 2125; x_wconf 77' lang='lat' dir='ltr'>causa,</span> 
     </span>
     <span class='ocr_line' id='line_1_46' title="bbox 98 2130 2045 2176; baseline 0 -10"><span class='ocrx_word' id='word_1_570' title='bbox 98 2139 275 2166; x_wconf 76' lang='lat' dir='ltr'>monimenta</span> <span class='ocrx_word' id='word_1_571' title='bbox 298 2137 385 2167; x_wconf 74' lang='lat' dir='ltr'>dicta.</span> <span class='ocrx_word' id='word_1_572' title='bbox 410 2139 498 2170; x_wconf 79' lang='lat' dir='ltr'>Dae.</span> <span class='ocrx_word' id='word_1_573' title='bbox 528 2141 753 2171; x_wconf 75' lang='lat' dir='ltr'>Monimemum.</span> <span class='ocrx_word' id='word_1_574' title='bbox 781 2142 970 2172; x_wconf 74' lang='lat' dir='ltr'>Momentum.</span> <span class='ocrx_word' id='word_1_575' title='bbox 1000 2141 1083 2169; x_wconf 81' lang='lat' dir='ltr'>Adde</span> <span class='ocrx_word' id='word_1_576' title='bbox 1100 2140 1228 2168; x_wconf 87' lang='lat' dir='ltr'>Nonium</span> <span class='ocrx_word' id='word_1_577' title='bbox 1251 2139 1281 2167; x_wconf 83' lang='lat' dir='ltr'>iu</span> <span class='ocrx_word' id='word_1_578' title='bbox 1297 2137 1492 2167; x_wconf 76' lang='lat' dir='ltr'>Monumenta</span> <span class='ocrx_word' id='word_1_579' title='bbox 1515 2138 1557 2176; x_wconf 85' lang='lat' dir='ltr'>(p.</span> <span class='ocrx_word' id='word_1_580' title='bbox 1571 2135 1653 2171; x_wconf 71' lang='lat'>462.)</span> <span class='ocrx_word' id='word_1_581' title='bbox 1676 2138 1706 2162; x_wconf 67' lang='lat' dir='ltr'>et</span> <span class='ocrx_word' id='word_1_582' title='bbox 1718 2132 1896 2158; x_wconf 57' lang='lat' dir='ltr'>*mommenn</span> <span class='ocrx_word' id='word_1_583' title='bbox 1918 2130 1959 2170; x_wconf 89' lang='lat' dir='ltr'>(P·</span> <span class='ocrx_word' id='word_1_584' title='bbox 1973 2132 2045 2168; x_wconf 81' lang='lat'><strong>33·)·</strong></span> 
     </span>
     <span class='ocr_line' id='line_1_47' title="bbox 98 2180 1999 2221; baseline 0.006 -12"><span class='ocrx_word' id='word_1_585' title='bbox 98 2180 182 2209; x_wconf 86' lang='lat' dir='ltr'>Adde</span> <span class='ocrx_word' id='word_1_586' title='bbox 203 2181 265 2212; x_wconf 80' lang='lat'>1.2.</span> <span class='ocrx_word' id='word_1_587' title='bbox 291 2182 314 2220; x_wconf 55' lang='grc' dir='ltr'>ᾗ</span> <span class='ocrx_word' id='word_1_588' title='bbox 327 2183 356 2212; x_wconf 91' lang='grc'>6.</span> <span class='ocrx_word' id='word_1_589' title='bbox 370 2182 399 2210; x_wconf 83' lang='lat' dir='ltr'>ss&#39;.</span> <span class='ocrx_word' id='word_1_590' title='bbox 423 2183 458 2212; x_wconf 89' lang='lat' dir='ltr'>de</span> <span class='ocrx_word' id='word_1_591' title='bbox 481 2184 634 2221; x_wconf 80' lang='lat' dir='ltr'>religiosis.</span> <span class='ocrx_word' id='word_1_592' title='bbox 683 2183 789 2213; x_wconf 77' lang='lat' dir='ltr'>Goth..</span> <span class='ocrx_word' id='word_1_593' title='bbox 1795 2213 1801 2219; x_wconf 90' lang='lat'>.</span> <span class='ocrx_word' id='word_1_594' title='bbox 1994 2214 1999 2220; x_wconf 94' lang='lat'>.</span> 
     </span>
    </p>

    <p class='ocr_par' dir='ltr' id='par_1_18' title="bbox 97 2213 2045 2352">
     <span class='ocr_line' id='line_1_48' title="bbox 263 2213 2045 2262; baseline 0 -9"><span class='ocrx_word' id='word_1_595' title='bbox 263 2223 485 2255; x_wconf 64' lang='lat' dir='ltr'>Iiffonitores.</span> <span class='ocrx_word' id='word_1_596' title='bbox 531 2228 590 2262; x_wconf 87' lang='lat' dir='ltr'>Qui</span> <span class='ocrx_word' id='word_1_597' title='bbox 615 2228 645 2255; x_wconf 83' lang='lat' dir='ltr'>in</span> <span class='ocrx_word' id='word_1_598' title='bbox 668 2237 755 2255; x_wconf 85' lang='lat' dir='ltr'>scena</span> <span class='ocrx_word' id='word_1_599' title='bbox 779 2232 901 2255; x_wconf 82' lang='lat' dir='ltr'>monent</span> <span class='ocrx_word' id='word_1_600' title='bbox 922 2225 1097 2261; x_wconf 82' lang='lat' dir='ltr'>histriones,</span> <span class='ocrx_word' id='word_1_601' title='bbox 1133 2224 1277 2252; x_wconf 87' lang='lat' dir='ltr'>dicuntur</span> <span class='ocrx_word' id='word_1_602' title='bbox 1299 2220 1478 2262; x_wconf 75' lang='grc' dir='ltr'><em>ὖποβολεῖς,</em></span> <span class='ocrx_word' id='word_1_603' title='bbox 1515 2225 1543 2249; x_wconf 81' lang='lat' dir='ltr'>et</span> <span class='ocrx_word' id='word_1_604' title='bbox 1568 2221 1650 2245; x_wconf 61' lang='lat' dir='ltr'>‘ecte</span> <span class='ocrx_word' id='word_1_605' title='bbox 1678 2215 1874 2262; x_wconf 65' lang='lat' dir='ltr'><strong>g¹⁰⁵⁸³¹&#39;¹¹}m{</strong></span> <span class='ocrx_word' id='word_1_606' title='bbox 1908 2213 2045 2262; x_wconf 54' lang='lat' dir='ltr'>M⁰&#39;¹„²¹⁰¹‘</span> 
     </span>
     <span class='ocr_line' id='line_1_49' title="bbox 97 2255 2041 2306; baseline -0.006 -10"><span class='ocrx_word' id='word_1_607' title='bbox 97 2263 274 2306; x_wconf 72' lang='grc' dir='ltr'><em>ὑποβολεὺς.</em></span> <span class='ocrx_word' id='word_1_608' title='bbox 320 2268 349 2295; x_wconf 84' lang='lat' dir='ltr'>in</span> <span class='ocrx_word' id='word_1_609' title='bbox 374 2267 550 2298; x_wconf 85' lang='lat' dir='ltr'>Phormione</span> <span class='ocrx_word' id='word_1_610' title='bbox 576 2268 649 2298; x_wconf 83' lang='lat' dir='ltr'>Geta</span> <span class='ocrx_word' id='word_1_611' title='bbox 672 2270 799 2298; x_wconf 74' lang='lat' dir='ltr'>monitor</span> <span class='ocrx_word' id='word_1_612' title='bbox 822 2270 946 2305; x_wconf 78' lang='lat' dir='ltr'>dicitur,</span> <span class='ocrx_word' id='word_1_613' title='bbox 969 2268 1027 2296; x_wconf 89' lang='lat' dir='ltr'>hoc</span> <span class='ocrx_word' id='word_1_614' title='bbox 1051 2272 1107 2304; x_wconf 87' lang='lat' dir='ltr'>est,</span> <span class='ocrx_word' id='word_1_615' title='bbox 1132 2267 1182 2305; x_wconf 88' lang='lat' dir='ltr'>qui</span> <span class='ocrx_word' id='word_1_616' title='bbox 1206 2265 1364 2296; x_wconf 82' lang='lat' dir='ltr'>consilium</span> <span class='ocrx_word' id='word_1_617' title='bbox 1387 2264 1522 2297; x_wconf 71' lang='lat' dir='ltr'>dederat,</span> <span class='ocrx_word' id='word_1_618' title='bbox 1552 2269 1640 2298; x_wconf 85' lang='lat' dir='ltr'>quem</span> <span class='ocrx_word' id='word_1_619' title='bbox 1663 2263 1692 2287; x_wconf 88' lang='lat' dir='ltr'>et</span> <span class='ocrx_word' id='word_1_620' title='bbox 1715 2257 1821 2286; x_wconf 80' lang='lat' dir='ltr'>Graeci</span> <span class='ocrx_word' id='word_1_621' title='bbox 1845 2255 1947 2285; x_wconf 77' lang='lat' dir='ltr'>dicunt</span> <span class='ocrx_word' id='word_1_622' title='bbox 1970 2267 2041 2285; x_wconf 81' lang='grc' dir='ltr'>υπο-</span> 
     </span>
     <span class='ocr_line' id='line_1_50' title="bbox 97 2303 1462 2352; baseline -0.004 -9"><span class='ocrx_word' id='word_1_623' title='bbox 97 2310 193 2348; x_wconf 72' lang='grc' dir='ltr'><em>βολέα·</em></span> <span class='ocrx_word' id='word_1_624' title='bbox 224 2308 324 2339; x_wconf 69' lang='lat' dir='ltr'>Scal-</span> <span class='ocrx_word' id='word_1_625' title='bbox 364 2308 538 2352; x_wconf 67' lang='grc' dir='ltr'>ΓΤποβολεῖς</span> <span class='ocrx_word' id='word_1_626' title='bbox 560 2312 644 2351; x_wconf 89' lang='lat' dir='ltr'>quasi</span> <span class='ocrx_word' id='word_1_627' title='bbox 667 2312 749 2341; x_wconf 89' lang='lat' dir='ltr'>dicas</span> <span class='ocrx_word' id='word_1_628' title='bbox 771 2311 953 2341; x_wconf 76' lang='lat' dir='ltr'>subiectores.</span> <span class='ocrx_word' id='word_1_629' title='bbox 998 2310 1114 2339; x_wconf 86' lang='lat' dir='ltr'>Phorm.</span> <span class='ocrx_word' id='word_1_630' title='bbox 1139 2308 1254 2339; x_wconf 78' lang='lat' dir='ltr'>Act.11.</span> <span class='ocrx_word' id='word_1_631' title='bbox 1279 2310 1369 2339; x_wconf 80' lang='lat' dir='ltr'>Sc,1.</span> <span class='ocrx_word' id='word_1_632' title='bbox 1393 2303 1462 2344; x_wconf 74' lang='lat'>(4-)²</span> 
     </span>
    </p>

    <p class='ocr_par' dir='ltr' id='par_1_19' title="bbox 99 2350 2041 2479">
     <span class='ocr_line' id='line_1_51' title="bbox 742 2350 1377 2396; baseline -0.011 -13"><span class='ocrx_word' id='word_1_633' title='bbox 742 2353 910 2396; x_wconf 83' lang='lat' dir='ltr'>Osacinus</span> <span class='ocrx_word' id='word_1_634' title='bbox 931 2351 1057 2382; x_wconf 65' lang='lat' dir='ltr'>audam!</span> <span class='ocrx_word' id='word_1_635' title='bbox 1095 2350 1121 2381; x_wconf 93' lang='grc' dir='ltr'>Ο</span> <span class='ocrx_word' id='word_1_636' title='bbox 1146 2350 1218 2380; x_wconf 75' lang='lat' dir='ltr'>Geia</span> <span class='ocrx_word' id='word_1_637' title='bbox 1241 2351 1377 2378; x_wconf 76' lang='lat' dir='ltr'>monitor.</span> 
     </span>
     <span class='ocr_line' id='line_1_52' title="bbox 99 2380 2041 2436; baseline -0.008 -14"><span class='ocrx_word' id='word_1_638' title='bbox 99 2392 188 2422; x_wconf 84' lang='lat' dir='ltr'>Dae.</span> <span class='ocrx_word' id='word_1_639' title='bbox 224 2392 398 2424; x_wconf 69' lang='lat' dir='ltr'>Monimres.</span> <span class='ocrx_word' id='word_1_640' title='bbox 432 2396 524 2426; x_wconf 84' lang='lat' dir='ltr'>Etiam</span> <span class='ocrx_word' id='word_1_641' title='bbox 547 2398 598 2436; x_wconf 92' lang='lat' dir='ltr'>qui</span> <span class='ocrx_word' id='word_1_642' title='bbox 627 2407 716 2436; x_wconf 84' lang='lat' dir='ltr'>opera</span> <span class='ocrx_word' id='word_1_643' title='bbox 740 2397 850 2425; x_wconf 80' lang='lat' dir='ltr'>rustica</span> <span class='ocrx_word' id='word_1_644' title='bbox 876 2396 1027 2434; x_wconf 85' lang='lat' dir='ltr'>urgebant.</span> <span class='ocrx_word' id='word_1_645' title='bbox 1065 2395 1096 2423; x_wconf 92' lang='lat' dir='ltr'>L.</span> <span class='ocrx_word' id='word_1_646' title='bbox 1109 2394 1180 2425; x_wconf 78' lang='lat' dir='ltr'>8.ff.</span> <span class='ocrx_word' id='word_1_647' title='bbox 1205 2392 1239 2421; x_wconf 85' lang='lat' dir='ltr'>de</span> <span class='ocrx_word' id='word_1_648' title='bbox 1261 2392 1468 2420; x_wconf 82' lang='lat' dir='ltr'>instrumento.</span> <span class='ocrx_word' id='word_1_649' title='bbox 1504 2386 1542 2415; x_wconf 91' lang='lat' dir='ltr'>Et</span> <span class='ocrx_word' id='word_1_650' title='bbox 1563 2384 1644 2433; x_wconf 79' lang='lat' dir='ltr'>apud</span> <span class='ocrx_word' id='word_1_651' title='bbox 1662 2384 1799 2413; x_wconf 81' lang='lat' dir='ltr'>Paullum</span> <span class='ocrx_word' id='word_1_652' title='bbox 1820 2383 1942 2410; x_wconf 78' lang='lat' dir='ltr'>sentent.</span> <span class='ocrx_word' id='word_1_653' title='bbox 1958 2380 1988 2409; x_wconf 90' lang='lat'>6.</span> <span class='ocrx_word' id='word_1_654' title='bbox 2011 2381 2041 2406; x_wconf 76' lang='lat' dir='ltr'>et</span> 
     </span>
     <span class='ocr_line' id='line_1_53' title="bbox 100 2418 2038 2479; baseline -0.006 -9"><span class='ocrx_word' id='word_1_655' title='bbox 100 2437 151 2475; x_wconf 79' lang='lat' dir='ltr'>qui</span> <span class='ocrx_word' id='word_1_656' title='bbox 174 2435 340 2464; x_wconf 62' lang='lat' dir='ltr'>dicentibus</span> <span class='ocrx_word' id='word_1_657' title='bbox 363 2439 529 2468; x_wconf 85' lang='lat' dir='ltr'>oratoribus</span> <span class='ocrx_word' id='word_1_658' title='bbox 552 2445 669 2479; x_wconf 79' lang='lat' dir='ltr'>praesto</span> <span class='ocrx_word' id='word_1_659' title='bbox 693 2439 816 2469; x_wconf 79' lang='lat' dir='ltr'>aderant</span> <span class='ocrx_word' id='word_1_660' title='bbox 839 2438 963 2468; x_wconf 82' lang='lat' dir='ltr'>subsidii</span> <span class='ocrx_word' id='word_1_661' title='bbox 985 2447 1083 2466; x_wconf 80' lang='lat' dir='ltr'>causa.</span> <span class='ocrx_word' id='word_1_662' title='bbox 1122 2435 1223 2464; x_wconf 89' lang='lat' dir='ltr'>Cicero</span> <span class='ocrx_word' id='word_1_663' title='bbox 1246 2435 1276 2463; x_wconf 91' lang='lat' dir='ltr'>in</span> <span class='ocrx_word' id='word_1_664' title='bbox 1299 2433 1358 2463; x_wconf 89' lang='lat' dir='ltr'>div.</span> <span class='ocrx_word' id='word_1_665' title='bbox 1382 2429 1457 2472; x_wconf 86' lang='lat'>(16.)</span> <span class='ocrx_word' id='word_1_666' title='bbox 1482 2429 1555 2460; x_wconf 82' lang='lat' dir='ltr'>Plin.</span> <span class='ocrx_word' id='word_1_667' title='bbox 1578 2439 1609 2457; x_wconf 84' lang='lat' dir='ltr'>m</span> <span class='ocrx_word' id='word_1_668' title='bbox 1632 2436 1737 2467; x_wconf 83' lang='lat' dir='ltr'>paneg.</span> <span class='ocrx_word' id='word_1_669' title='bbox 1761 2425 1828 2464; x_wconf 71' lang='lat'><strong>(23,</strong></span> <span class='ocrx_word' id='word_1_670' title='bbox 1853 2420 1903 2460; x_wconf 82' lang='grc'>1·)·</span> <span class='ocrx_word' id='word_1_671' title='bbox 1937 2418 2038 2450; x_wconf 55' lang='lat' dir='ltr'>GMb-</span> 
     </span>
    </p>
   </div>
   <div class='ocr_carea' id='block_1_3' title="bbox 147 2481 1631 2518">
    <p class='ocr_par' dir='ltr' id='par_1_20' title="bbox 147 2481 1631 2518">
     <span class='ocr_line' id='line_1_54' title="bbox 147 2481 1631 2518; baseline -0.001 -2"><span class='ocrx_word' id='word_1_672' title='bbox 147 2487 313 2517; x_wconf 52' lang='lat' dir='ltr'>Gummi-r.</span> <span class='ocrx_word' id='word_1_673' title='bbox 332 2499 400 2517; x_wconf 70' lang='lat' dir='ltr'>Lu.</span> <span class='ocrx_word' id='word_1_674' title='bbox 420 2488 456 2518; x_wconf 84' lang='lat' dir='ltr'>U.</span> <span class='ocrx_word' id='word_1_675' title='bbox 1538 2481 1572 2515; x_wconf 82' lang='lat' dir='ltr'>R</span> <span class='ocrx_word' id='word_1_676' title='bbox 1585 2492 1601 2514; x_wconf 90' lang='lat' dir='ltr'>r</span> <span class='ocrx_word' id='word_1_677' title='bbox 1614 2491 1631 2512; x_wconf 87' lang='lat'>1·</span> 
     </span>
    </p>
   </div>
  </div>
 </body>
</html>
