2263 2668
441 123 505 156 DE
533 122 806 158 VERBORUM
830 123 1217 159 SIGNlFICATIONE
1246 125 1556 162 FRAGMENTA.
1817 131 1889 165 177

113 224 178 252 est:
206 222 272 250 ast
299 217 336 250 ei
363 221 513 251 custos
539 216 647 251 nec⁷
683 219 796 252 escit.
826 220 922 261 item,
950 219 984 252 si
1013 218 1170 251 adorat
1202 219 1335 261 furto,
1368 222 1482 264 quod
1509 233 1588 257 nec
1616 224 1888 258 manifestum

112 270 200 303 erit.
221 274 253 302 et
279 269 370 313 apud
397 269 554 302 Plautum
580 269 614 301 in
635 269 807 304 Fasmate:

214 331 290 353 nec
316 326 432 354 recte
459 321 492 354 si
519 320 589 353 illi
617 321 789 355 dixeris.

113 378 146 405 et
172 372 364 416 Turpilium
391 373 423 405 in
448 372 638 405 Demetrio:

214 435 291 456 nec
318 430 438 457 recte
466 424 553 457 dici
582 424 704 466 mihi,
733 424 952 467 quodiam
981 423 1138 456 dudum
1168 424 1306 458 audio.

111 475 318 518 Necunqu
331 487 407 516 em,
436 486 644 518 necunquam
671 487 883 519 quemquam.
936 475 1166 518 Nequalia‚
1194 476 1399 508 detrimenta.
1453 479 1721 522 Nequinum,
1750 491 1811 524 pro
1831 492 1890 513 ne-

113 533 253 570 queunt,
282 533 317 559 ut
343 527 502 567 solinunt,
530 533 562 559 et
588 527 745 560 ferinunt:
772 538 835 571 pro
862 527 985 568 solent,
1013 531 1045 559 et
1072 526 1192 559 feriunt
1220 528 1376 560 dicebant
1400 529 1532 572 antiqui.
1587 531 1698 564 Livius
1724 532 1758 563 in
1787 532 1887 564 Odis-

113 579 168 611 sia.
205 578 358 622 partim
395 583 557 619 errant,
600 590 736 622 neque
769 579 902 612 nunc*
938 578 1163 611 Graeciam
1188 579 1342 612 redire.
1405 581 1639 624 Nequitum
1668 589 1700 615 et
1733 584 1887 626 nequitur

114 641 176 674 pro
204 641 270 662 non
298 640 393 673 posse
423 629 600 671 dicebant,
628 635 664 662 ut
690 631 870 670 Pacuvius,
898 641 973 664 cum
1002 630 1060 662 ait:

216 681 296 713 Sed
325 692 415 713 cum
443 681 647 714 contendi
682 683 918 726 nequitum,
947 682 1014 714 ut*
1042 681 1154 715 clam
1181 681 1397 714 tendenda
1425 688 1488 715 est
1514 684 1654 729 plaga.

112 733 249 766 Plautus
271 733 303 764 in
329 732 518 776 Satyrione:

217 784 385 816 retrahi
412 785 650 827 nequitum,
687 796 863 828 quoquo
899 794 1135 828 progressa
1164 788 1226 816 est
1251 786 1391 818 semel.

115 841 145 868 et
173 835 258 868 Cato
283 835 460 880 Originum
483 837 522 868 L.
552 837 577 868 Ι.
631 836 724 869 Fana
755 837 786 869 in
815 847 855 869 eo
883 836 960 870 loco
989 835 1165 880 complura
1191 835 1302 875 fuere3
1331 848 1369 869 ea
1398 838 1627 881 exauguravit,
1655 843 1890 881 praeterquam

114 887 206 930 quod
230 887 390 920 Termino
418 888 531 920 fanum
554 888 630 926 fuit3
657 888 692 921 id
714 888 884 931 nequitum
913 887 1121 932 exaugurari.
1149 887 1423 932 Nequiquam
1451 885 1672 937 significareu
1689 889 1779 922 idem
1808 888 1889 934 [13]

114 938 203 983 proS
231 938 367 979 frustra,
395 940 544 983 plurimis
572 944 744 973 auctorum
773 939 933 984 exemplis
956 939 1167 972 manifestum
1189 944 1245 972 est.
1300 941 1434 973 Necte
1446 952 1505 980 re,
1531 940 1636 984 ligare
1661 941 1835 985 significat,
1859 946 1891 972 et

116 996 164 1022 est
191 991 282 1034 apud
311 991 471 1035 plurimos
499 996 650 1025 auctores
677 992 848 1035 frequens,
879 991 957 1035 quin
982 991 1080 1024 etiam
1102 991 1134 1023 in
1160 992 1398 1024 commentario
1426 1002 1595 1025 sacrorum
1620 998 1796 1035 usurpatur
1822 991 1890 1024 hoc

115 1041 229 1074 modo.
283 1042 435 1075 Pontifex
470 1043 577 1076 minor
604 1055 643 1075 ex
678 1044 861 1076 stramentis
887 1043 1046 1075 naturas*
1073 1042 1213 1085 nectito,
1254 1043 1287 1075 id
1317 1048 1382 1084 est,
1423 1043 1588 1076 funiculos
1616 1044 1733 1079 facito,
1773 1044 1908 1086 quibus·

115 1105 187 1126 sues
221 1093 446 1127 adnectantur.
516 1095 673 1127 Nectar
710 1096 842 1128 Graece
881 1094 1045 1139 significat
1078 1095 1216 1127 deorum
1251 1095 1433 1139 potionem.
1492 1095 1594 1128 Unde
1630 1095 1796 1139 Vergilius
1830 1095 1891 1126 ait:

218 1145 396 1189 Stipant
422 1150 460 1178 et
487 1145 606 1179 dulci
637 1146 889 1179 distendunt
916 1151 1092 1179 nectare
1116 1147 1265 1185 cellas3

116 1197 195 1229 item
222 1197 395 1230 Lucretius
422 1198 460 1230 L.
485 1197 534 1230 ll:

217 1249 270 1281 Et
297 1249 419 1281 nardi
445 1249 622 1290 florem,
650 1254 799 1282 nectar
825 1250 898 1293 qui
925 1249 1143 1282 floribus*
1170 1249 1304 1282 halet.

115 1300 207 1332 Non
229 1300 415 1343 pridem,
443 1312 550 1344 aeque
572 1304 604 1332 et
620 1305 709 1334 recte
728 1305 759 1333 et
776 1301 968 1344 frequenter
995 1301 1125 1341 dicitur,
1146 1312 1185 1334 ac
1200 1300 1410 1344 iampridem,
1426 1300 1671 1345 quampridem.
1706 1300 1735 1332 N
1746 1310 1824 1342 equ
1835 1310 1893 1331 am

115 1362 258 1384 aurum
281 1355 357 1393 est,
386 1352 498 1384 auris
520 1352 632 1395 quod
651 1352 712 1385 vis
728 1353 1027 1386 vehementius
1050 1353 1199 1394 ambit,
1216 1352 1284 1385 hoc
1296 1352 1697 1397 versuLucilisignificari
1713 1350 1894 1383 aitSinnius

117 1402 259 1446 Capito,
293 1415 435 1446 nequam
469 1415 539 1436 esse
573 1416 690 1437 aurum
717 1405 809 1447 quod
837 1405 923 1437 auris
950 1404 1078 1443 laedat3
1113 1405 1167 1437 vel
1196 1404 1349 1449 pondere
1382 1404 1544 1437 inaurium
1555 1431 1563 1447 ‚
1601 1415 1676 1436 cum
1704 1402 1893 1435 mollissima

115 1465 191 1498 pars
218 1454 302 1487 auris
328 1455 499 1494 inciditur3
534 1456 586 1488 vel
614 1467 653 1488 ex
684 1467 765 1490 auro
799 1456 941 1501 intelligi
978 1457 1154 1500 pecuniam
1164 1480 1173 1497 ,
1215 1457 1306 1490 cuius
1341 1460 1497 1500 respectu
1525 1461 1557 1488 et
1586 1455 1686 1488 nimia
1713 1453 1894 1498 cupiditate

115 1505 267 1538 homines
295 1506 337 1538 ad
366 1507 577 1551 peccandum
605 1506 737 1541 adduci.
790 1509 878 1541 Nec
903 1509 1094 1550 mulieri,
1123 1519 1201 1541 nec
1229 1507 1393 1552 gremio
1416 1507 1537 1540 credi
1563 1511 1788 1551 oportere,
1811 1515 1894 1549 pro--

117 1557 266 1590 verbium
294 1563 359 1600 est,
386 1558 479 1601 quod
508 1564 540 1591 et
562 1559 618 1591 illa
645 1559 759 1592 incerti
787 1565 819 1592 et
845 1560 926 1592 levis
953 1560 1052 1592 animi
1080 1564 1146 1600 est,
1175 1565 1207 1592 et
1228 1560 1429 1603 plerumque
1452 1560 1486 1591 in
1513 1559 1643 1604 gremio
1670 1558 1776 1602 posita
1787 1581 1795 1597 ,
1820 1567 1894 1589 cum

116 1609 149 1641 in
176 1609 378 1642 oblivionem
407 1615 565 1642 venerunt
590 1612 682 1654 pro*
710 1611 972 1655 exsurgentium,
995 1611 1185 1655 procidunt.
1227 1612 1385 1644 Nexum
1410 1615 1488 1650 est,
1515 1615 1551 1642 ut
1569 1610 1613 1643 ait
1633 1610 1748 1643 Gallus
1766 1608 1911 1649 Aelius‚'

118 1661 343 1703 quodcunque
371 1672 432 1705 per
458 1673 513 1694 aes
536 1667 568 1693 et
589 1662 706 1695 libram
734 1663 859 1706 geritur
878 1663 979 1706 idque
1000 1663 1088 1696 necti
1112 1662 1240 1696 dicitur.
1267 1674 1335 1706 quo
1361 1662 1393 1694 in
1421 1673 1545 1705 genere
1571 1667 1645 1694 sunt
1664 1661 1767 1701 haec,
1791 1664 1892 1692 testa-

118 1711 220 1744 menti
247 1712 366 1753 factio,
407 1713 479 1745 nexi
506 1713 619 1745 dando
630 1714 658 1754 *,
685 1715 760 1746 nexi
786 1714 950 1747 liberanto
963 1715 1007 1749 **,
1062 1715 1242 1747 Nervum
1279 1713 1490 1758 appellamus
1519 1713 1615 1745 etiam
1649 1712 1794 1744 ferreum
1821 1711 1893 1743 vin-

119 1763 249 1804 culum,
276 1775 343 1806 quo
366 1763 470 1807 pedes
497 1765 740 1808 impediuntur,
769 1777 970 1809 quamquam
993 1766 1132 1798 Plautus
1160 1777 1200 1798 eo
1229 1766 1326 1798 etiam
1355 1765 1499 1798 cervices
1525 1765 1641 1798 vinciri
1667 1764 1727 1796 ait:

220 1815 466 1858 perfidiose
493 1821 646 1860 captus
681 1827 728 1849 eo
757 1818 889 1861 epol*
924 1828 1045 1850 nemo
1073 1818 1270 1850 cervices
1296 1816 1469 1860 probat.

119 1865 273 1898 Nexum
302 1878 373 1899 aes
400 1867 492 1910 apud
512 1869 663 1911 antiquos
691 1868 864 1902 dicebatur
892 1869 1044 1913 pecunia,
1072 1880 1157 1911 quae
1184 1880 1245 1912 per
1272 1879 1393 1901 nexum
1421 1867 1599 1912 obligatur.
1652 1866 1896 1911 Negumate

120 1918 150 1949 in
178 1917 322 1950 carmine
348 1917 426 1951 CN.
481 1919 589 1952 Marci
615 1920 714 1962 vatis,
741 1921 924 1965 significat,
951 1924 1091 1965 negate,
1118 1931 1194 1952 cum
1222 1920 1281 1952 ait:

220 1969 408 2012 quamvis
434 1971 692 2004 moventium
715 1971 893 2005 duonum
922 1976 1163 2016 negumate.

120 2020 304 2065 Negritu
332 2021 364 2053 in
389 2022 532 2065 auguriis
556 2023 722 2066 significat
748 2024 938 2069 aegritudo.
990 2023 1164 2056 Nebulo
1201 2021 1307 2054 dictus
1335 2025 1401 2062 est,
1436 2025 1471 2053 ut
1498 2021 1544 2053 ait
1570 2020 1681 2054 Aelius
1708 2017 1812 2058 Stilo,
1838 2016 1896 2059 qui

120 2083 186 2104 non
212 2072 317 2116 pluris
345 2077 409 2114 est,
432 2084 533 2116 quam
560 2075 699 2115 nebula,
726 2080 783 2108 aut
807 2072 935 2118 quam9
963 2085 1029 2107 non
1056 2074 1154 2107 facile
1174 2072 1321 2117 perspici
1335 2072 1450 2117 possit,
1477 2071 1584 2115 qualis
1601 2071 1650 2105 sit.
1687 2071 1894 2113 Nequam,

119 2195 189 2218 sunt
205 2191 266 2218 sine
282 2189 439 2227 dentibus,
463 2191 480 2220 i.
498 2191 549 2229 qui
571 2191 666 2220 sabam
685 2191 822 2220 frendere
839 2202 898 2221 non
915 2202 986 2230 pos·
1031 2190 1101 2219 ven.
1125 2190 1239 2228 legitur.
1266 2204 1302 2210 —
1333 2189 1362 2227 6)
1386 2188 1483 2229 νομοὶ
1510 2187 1612 2220 εἶναι
1642 2188 1681 2218 ἐν
1717 2185 1756 2216 αὗ
1775 2208 1782 2215 .
1808 2208 1812 2212 .
1839 2208 1844 2213 .

120 2237 196 2262 sunt.
239 2233 378 2262 Placidus
408 2233 439 2262 iu
464 2233 588 2263 Glossis.
637 2234 813 2263 Nefrendem
842 2235 985 2264 infantem
1030 2232 1104 2262 nihil
1126 2232 1272 2272 ampliu-«1,
1305 2232 1376 2260 Veu.
1401 2234 1446 2261 Sc.
1480 2247 1517 2256 -·-
1554 2230 1583 2271 7)
1603 2231 1686 2270 Nea]
1724 2231 1786 2259 Nec
1810 2229 1893 2264 escit,

119 2275 251 2304 nondum
267 2275 447 2312 dendatum,
472 2275 523 2314 qui
540 2275 676 2305 offendere
693 2276 791 2305 cibum
810 2287 870 2306 non
887 2281 986 2316 queat,
1031 2275 1218 2305 scribendum
1235 2285 1289 2314 pro
1312 2285 1365 2303 nec
1381 2277 1443 2304 esic.
1469 2284 1536 2304 nam
1557 2276 1646 2311 escit,
1669 2283 1726 2313 pro
1746 2274 1819 2308 erit,
1843 2280 1893 2299 an-

118 2319 307 2357 Lsrangere,
344 2318 423 2348 UrS
454 2336 490 2341 -
526 2317 554 2356 5)
573 2318 613 2349 ἐν
641 2318 755 2357 νέμεϊ
776 2329 884 2350 σκιε.
905 2341 934 2347 ..
955 2343 963 2352 ,
1031 2319 1107 2357 tiqui
1126 2318 1278 2354 dicebant,
1299 2323 1325 2346 et
1343 2318 1523 2357 superescit,
1547 2327 1604 2356 pro
1624 2317 1780 2356 supererit.
1813 2314 1890 2342 Urs

213 2362 316 2391 ,δων
347 2360 508 2390 dubium
538 2371 609 2389 non
633 2362 807 2391 ...Sic
831 2362 861 2391 in
885 2363 931 2392 Sc.
960 2366 988 2390 et
1034 2378 1069 2384 ——
1100 2361 1130 2399 8)
1149 2360 1228 2390 idem
1245 2359 1387 2399 quodsr.
1405 2361 1474 2390 Ven.
1492 2362 1541 2392 Sc.
1563 2376 1605 2383 —
1627 2361 1656 2397 9)
1682 2361 1735 2399 qui
1753 2358 1827 2387 Ven.
1844 2356 1891 2383 Sc

166 2413 331 2441 GnAMMAr.
357 2422 422 2439 rwr.
446 2411 479 2439 ll.
1628 2413 1654 2444 Z

1915 589 1943 613 ·f.
1954 589 2045 622 neqni-

1951 628 2012 649 nont

1931 692 1939 702 ⁸
1948 691 1966 717 f.
1976 695 2026 716 tum

1917 1054 1934 1078 f.
1954 1062 2063 1087 napuras

1903 1257 1911 1265 ⁸
1920 1255 1938 1280 f.
1954 1254 2055 1280 naribus

1920 1610 1938 1635 f.
1959 1617 2068 1644 propere

1930 1713 1938 1722 “
1947 1712 1964 1736 f.
1974 1711 2043 1736 datio

1920 1747 1940 1757 ’⁸
1953 1747 1972 1770 s.
1988 1746 2051 1785 libe—

1955 1785 2022 1805 ratio

1917 1815 1926 1826 ⁸
1935 1814 1954 1839 f.
1963 1814 2054 1848 edepol
