2263 2668
710 86 774 120 DE
801 83 1128 121 ASPIRATIONE.
1181 84 1326 122 SEGM.
1353 87 1395 121 11.
1949 90 2022 126 855

905 180 929 213 S
958 191 979 212 E
1006 191 1028 211 G
1056 191 1092 211 m.
1147 179 1196 212 ΙΙ.

618 265 681 298 De
707 262 877 306 Psita²⁰‚
928 265 974 297 id
1000 269 1082 303 est,
1132 264 1485 309 Inaspiratz‘one.

247 333 267 364 1
334 332 455 367 Omnia
483 332 616 367 nomina
642 345 729 379 quae
755 339 830 378 post
855 334 1005 368 vocalem
1033 333 1061 371 i,
1106 333 1119 365 l
1145 333 1287 366 litteram
1319 332 1460 374 habent,
1506 333 1620 368 dasian
1647 340 1788 380 negant,
1835 341 1869 368 ut
1895 337 1978 370 llion
1988 335 2022 380 ²¹,

81 385 156 418 ilex.
210 384 430 428 Excipiuntur
455 383 580 417 hilarus
607 389 640 417 et
665 385 816 418 Hilerda.

248 443 370 477 Omnia
403 455 489 486 quae
514 449 591 488 post
617 456 657 477 or
683 445 845 488 syllabam
869 444 896 477 d
918 448 1043 476 mutam
1077 442 1219 483 habent,
1260 442 1415 487 ignorant
1447 445 1696 489 aspirationem,
1742 451 1777 478 ut
1805 446 1899 479 ordo.
1954 446 2023 479 De-

84 497 249 540 signatum
278 499 325 527 est
350 494 516 528 hordeum
526 492 561 536 ²²,
597 493 642 531 τό
663 496 818 543 κριθιόν.

250 554 372 587 Omnia
398 566 484 598 quae
506 560 583 602 post
610 557 637 597 i,
676 568 700 590 a
726 551 879 590 fuerint²³
904 554 1078 595 habentia,
1117 558 1230 588 carent
1257 554 1471 599 aspiratione,
1513 561 1548 588 ut
1575 556 1680 589 Ianus.
1732 555 1949 601 Designatum
1978 563 2025 590 est

85 605 210 645 hiatus,
244 602 289 640 τό
314 602 472 651 χάσμαῊ

250 664 374 698 Omnia
407 666 552 700 similiter
583 669 698 712 posti
724 670 977 707 consonantem,
1024 677 1047 699 u
1073 665 1226 698 vocalem
1259 664 1433 708 habentia,
1476 665 1583 709 psilen
1615 672 1824 707 amaverunt,
1867 672 1902 700 ut
1932 668 2024 700 Iuno.

87 716 173 748 Nam
201 715 332 750 hiulcus
359 717 401 750 ab
428 728 469 750 eo
495 719 588 762 quod
617 715 697 753 est²⁵
719 719 845 759 hiatus,
886 717 928 751 de
950 728 1017 761 quo
1034 728 1144 762 'supra
1170 717 1297 750 dictum
1325 720 1389 759 est,
1432 716 1615 751 deducitur.

253 775 285 808 2.
340 775 464 810 Omnia
492 790 578 822 quae
605 791 653 812 au
679 775 966 824 diphthongum²⁶
991 779 1025 810 in
1056 777 1166 822 prima
1200 776 1327 820 syllaba
1358 776 1551 820 habebunt,
1593 777 1705 810 dasian
1737 781 1948 823 respuerunt,
1991 782 2027 811 ut

88 827 206 862 audax.
260 827 480 872 Designatum
508 835 556 863 est
580 830 683 864 haud.
735 830 838 864 Unde
863 829 1044 871 haudscio,
1083 829 1308 873 compositum
1332 824 1523 873 simplicis²⁷
1542 827 1680 861 habebit
1699 830 1910 874 scripturam3
1950 841 2026 862 nam

88 878 260 923 aspiratur.
327 880 533 914 Adverbium
568 887 677 916 autem
709 882 912 916 discretionis
946 877 1079 915 causa²³
1105 880 1219 913 dasian
1251 880 1355 913 habet
1389 880 1632 924 praepositam,
1678 885 1713 915 ut
1740 877 1814 914 ne²⁹
1841 881 2027 915 coniunctio

88 930 202 971 fuerit,
234 931 334 964 veluti
361 931 518 977 legimus:

665 993 737 1026 Aut
758 996 902 1038 portum
926 989 1062 1026 tenet³⁰.

255 1050 378 1084 Omnia
404 1061 490 1093 quae
515 1051 549 1084 in
574 1052 683 1096 prima
708 1053 836 1097 syllaba
862 1064 911 1086 eu
936 1051 1178 1097 diphthongon
1204 1051 1349 1084 locatam
1376 1050 1565 1090 habebunt,
1601 1054 1713 1083 carent
1738 1050 1953 1093 aspiratione,
1995 1053 2030 1082 ut

91 1100 275 1134 Euandrus.
328 1102 503 1147 Excipitur
528 1103 710 1138 interiectio
737 1104 807 1138 heu
833 1109 866 1138 et
891 1104 975 1137 heus
1001 1098 1269 1149 compositurnm.

256 1160 380 1195 Omnia
404 1173 492 1206 quae
518 1168 595 1208 post
621 1175 645 1197 α
671 1165 824 1199 vocalem
849 1176 885 1198 m
910 1164 1053 1204 habent,
1079 1163 1188 1207 psilen
1214 1162 1321 1194 solum
1345 1162 1377 1194 in
1404 1161 1565 1205 scriptura
1591 1160 1718 1193 habere
1741 1160 1862 1201 solent,
1889 1163 1925 1192 ut
1945 1157 2030 1191 ami-

96 1220 160 1244 cus.
213 1211 391 1257 Excipitux
416 1213 553 1254 hamus,
597 1212 643 1251 τό
668 1215 860 1264 ἄγκιστρον
869 1212 907 1259 ³²,
952 1220 985 1249 et
1009 1226 1132 1249 nomen
1158 1214 1334 1259 proprium
1359 1213 1497 1246 Hambo
1506 1208 1539 1245 ³³.

176 1346 222 1381 ΞΟ)
236 1346 285 1373 De
296 1346 383 1385 §Pila
395 1347 450 1378 Gu.
480 1348 583 1379 Cetera
600 1354 633 1378 ut
648 1349 679 1377 in
694 1349 727 1379 P.
738 1373 746 1387 ,
769 1359 844 1389 quae
857 1349 1043 1389 reliquimus.
1085 1350 1157 1378 scio.
1180 1364 1221 1370 -—
1243 1350 1290 1383 28)
1313 1345 1368 1375 Ad
1389 1345 1579 1374 discretionis
1603 1354 1728 1373 causam
1742 1343 1796 1373 Gu.
1834 1343 1971 1371 Fortasse
1985 1342 2031 1370 le-

94 1401 136 1408 -·
159 1389 203 1421 21)
228 1387 348 1417 Ilium
362 1390 393 1418 P.
420 1407 462 1412 —
490 1393 535 1426 22)
558 1392 766 1431 Designatum
788 1391 910 1420 lzordo
931 1403 971 1423 το
993 1403 1044 1422 ni·
1086 1390 1230 1431 gendum:
1264 1388 1342 1420 Adv.
1369 1394 1471 1417 autem
1489 1386 1595 1416 haud
1617 1385 1709 1415 discr.
1730 1396 1834 1414 causa.
1855 1401 1898 1409 --
1920 1387 1964 1419 29)
1995 1383 2032 1412 Ut

95 1440 197 1468 ριον,
225 1434 255 1459 et
272 1432 302 1460 in
320 1433 451 1471 margine
469 1444 510 1463 το
533 1431 678 1474 κύριον.
694 1435 749 1465 Gu.
783 1434 942 1464 Hordeum
957 1445 1044 1474 prae-
1086 1445 1151 1463 nec
1172 1434 1249 1462 coni.
1273 1433 1330 1461 Gu.
1352 1447 1394 1453 -
1415 1434 1460 1466 30)
1482 1431 1579 1461 Locus
1600 1434 1647 1459 est
1664 1429 1744 1467 Virg.
1758 1429 1829 1458 Aen.
1842 1427 1869 1463 Ι,
1897 1426 1968 1459 400.
1991 1442 2033 1449 —

95 1475 155 1499 stat
167 1472 198 1501 P.
235 1473 383 1504 Graecum
400 1486 467 1505 voc.
482 1477 638 1506 emendavi
654 1476 688 1508 τό
703 1479 842 1518 κριθίον,
865 1477 947 1517 quod
964 1478 1046 1507 abest
1086 1480 1135 1513 31)
1163 1474 1332 1514 Legendum
1358 1474 1477 1504 videtur
1498 1479 1526 1501 et
1546 1472 1663 1501 heuheu
1687 1472 1889 1510 compositum.
1919 1485 1968 1517 -·—.
1986 1471 2031 1516 32)

96 1523 113 1542 ³
128 1513 160 1543 Ρ·
182 1531 224 1538 '-
245 1515 292 1554 Ξ3)
316 1518 404 1556 Quae
425 1520 465 1546 ία
483 1521 602 1556 fuerint
623 1521 652 1551 P.
675 1537 717 1542 —
738 1521 785 1557 24)
809 1521 956 1550 Graecum
977 1530 1045 1551 voc.
1088 1520 1232 1548 Graecam
1247 1518 1522 1557 interpretationem
1538 1515 1632 1544 adieci
1645 1525 1680 1543 ex
1695 1515 1751 1544 Gu.
1774 1530 1816 1536 --
1837 1516 1884 1549 33)
1905 1512 1984 1540 let
1997 1511 2033 1539 h-

98 1555 194 1587 adieci
209 1568 246 1587 ex
261 1559 319 1588 Gu.
340 1576 383 1582 —
404 1562 449 1597 25)
474 1563 531 1590 Est
552 1562 700 1592 adiectum
716 1573 754 1592 ex
768 1563 839 1593 Cod.
857 1564 914 1593 Gu-
937 1579 974 1584 —
999 1566 1044 1597 26)
1087 1562 1184 1591 bellus
1197 1562 1229 1589 in
1244 1560 1315 1590 cod.
1334 1561 1389 1589 Gu.
1405 1558 1463 1587 hac
1475 1558 1708 1597 subscriptione:
1733 1559 1847 1592 τελος.
1870 1557 2034 1594 Γεοργος

99 1600 331 1640 Diphtlzongon
349 1603 381 1632 P.
403 1619 445 1626 ———
469 1607 514 1639 27)
545 1605 627 1634 Unde
647 1608 717 1634 auri
739 1607 904 1644 composita
923 1605 1045 1643 simpli·
1090 1607 1377 1644 Βαρατουσειος.
1416 1601 1619 1630 Οναηινηαίὶοί
1633 1598 1730 1628 Focae
1748 1597 1946 1638 ortographia
1955 1597 2034 1635 fini-

101 1653 162 1670 cem
177 1643 235 1672 Gu.
268 1643 351 1672 Unde
365 1645 490 1674 hauseio
507 1650 702 1687 compositum
721 1649 885 1688 simplicis,
911 1657 986 1687 quae
1002 1657 1047 1676 re-
1090 1652 1141 1676 tur
1153 1656 1208 1686 per
1217 1651 1348 1685 petrum.
1396 1644 1560 1672 Gratias·
1575 1643 1663 1671 Deo.
1691 1642 1814 1671 Amen.

101 1685 191 1722 tinui,
219 1686 276 1715 nisi
299 1687 379 1725 quod
400 1688 528 1718 bauscio
549 1688 619 1731 (sic)
640 1691 854 1721 emendandum
870 1691 929 1720 fuit
943 1689 1046 1719 haud-
