2263 2668
227 176 303 210 730
656 168 1001 202 COMMENTARH
1026 169 1073 202 IN
1100 167 1245 202 PAULI
1270 167 1466 202 DIACONI
1490 167 1743 204 EXCERPTA

226 277 293 297 cum
316 266 375 295 eius
396 264 517 304 pretium
541 267 682 296 laxasset,
706 258 748 287 ad
768 272 797 288 se
817 257 919 300 referri
940 261 1032 292 iussit.
1060 260 1094 288 In
1112 260 1225 289 Graeco
1244 257 1331 297 τάξας
1355 260 1385 290 δὲ
1407 258 1496 299 τιμήν
1518 259 1631 299 l’ayant
1653 260 1727 290 taxe'
1749 260 1768 289 α’.
1789 272 1828 290 un
1853 262 1962 291 certain
1981 263 2064 301 prix.
2083 264 2172 296 Dac.

226 308 263 337 1,²
285 307 385 338 ligibus
407 315 528 345 quoque.
568 302 658 339 Lege:
690 300 726 330 In
749 301 849 331 litibus
871 314 984 343 quoque
1005 302 1152 332 arbitrove
1174 314 1240 332 cum
1261 303 1469 343 proscribitur,
1493 302 1593 343 quoad
1615 304 1641 332 ei
1663 304 1747 333 iussit
1769 303 1925 334 statuendi.
1950 302 2060 336 Idem.
2101 306 2173 335 Ar-

227 350 344 380 bitrove.
376 346 554 376 Arbitrionc.
603 343 706 374 Goth.

390 388 570 417 Taaeatio.
613 386 693 415 Idem
718 386 916 425 lastinianus,
953 388 1004 426 qui
1027 388 1207 419 Novell.63.
1232 393 1261 417 et
1283 390 1334 419 82.
1364 386 1546 416 taxationem
1575 387 1676 417 definit
1702 386 1796 427 ῥητήν
1821 387 1974 427 ποσότητα
1997 387 2174 430 ὁριζομένην

225 431 306 472 παρά
329 433 384 461 τοῦ
406 427 586 465 δικάζοντος.
625 429 695 458 Inde
720 430 919 458 Glossarium:
951 431 1099 466 Taxatio,
1129 427 1268 469 ποσότης.
1292 431 1380 459 Dac.
1429 428 1487 467 Qui
1509 437 1664 460 taxatores
1687 430 1832 461 dicuntur.
1870 431 1926 460 Hic
1949 432 2037 461 etiam
2060 433 2173 463 frustra

224 481 268 505 est
290 475 410 510 Festus,
450 472 502 510 qui
529 479 681 501 taxatores
710 472 843 500 scenicos
872 472 967 501 dictos
996 477 1081 511 putat
1103 473 1186 511 quasi
1209 474 1288 502 inter
1311 483 1340 501 se
1364 472 1532 501 maledicos.
1579 472 1745 502 Taxatores
1765 474 1858 503 verbo
1882 475 2056 512 posterioris
2078 476 2173 505 seculi

223 528 258 546 ac
280 527 386 556 parum
410 515 530 549 Latino,
566 514 655 543 iidem
684 515 782 551 suere,
823 515 872 553 qui
901 514 1111 554 designatores,
1149 526 1165 544 a
1189 516 1331 544 comoedo
1355 526 1388 543 ac
1411 515 1552 552 tragoedo
1576 515 1717 544 destinati
1739 521 1768 545 et
1791 516 1916 545 adhibiti
1939 517 1976 546 ad
1998 518 2172 547 tribuendas

222 569 369 599 personas
393 562 528 586 actorum
553 557 674 585 cuilibet
697 567 752 596 pro
776 558 907 595 magistri
931 558 1074 594 arbitrio,
1098 562 1126 586 et
1149 568 1182 586 eo
1206 559 1327 597 quidem
1349 557 1485 594 delectu,
1508 562 1543 586 ut
1564 557 1716 587 interdum
1739 559 1900 588 nobiliores
1922 565 2021 598 partes
2044 561 2172 599 agendas

223 602 460 637 committerent,
488 610 549 628 non
572 599 686 628 eximiis
710 600 878 636 actoribus,
909 600 990 638 quod
1014 600 1156 637 dignitate
1180 607 1230 629 aut
1252 601 1388 639 corporis
1411 605 1462 628 aut
1484 600 1520 629 de
1541 610 1574 629 re
1597 602 1737 639 quapiam
1761 602 1943 630 excellerent
1964 614 2035 641 prae
2057 604 2172 642 princi-

221 645 309 684 pibus
338 643 502 680 actoribus3
542 643 650 680 quibus
680 643 892 671 lubentissimis
920 642 994 671 haec
1021 643 1124 672 fierent
1147 644 1255 672 omnia.
1300 644 1395 679 Quam
1419 645 1496 671 enim
1521 643 1711 672 concorditer
1734 649 1855 681 agerent
1877 644 1954 673 inter
1974 656 2021 681 se,
2057 646 2172 675 indicat

222 688 339 716 Tullius
362 686 456 725 prima
481 686 510 713 in
532 685 654 713 Verrem
676 685 787 722 (Divin.
812 685 843 713 in
867 686 974 714 Caecil.
999 695 1023 715 e.
1038 687 1099 724 15.)
1122 685 1168 715 his
1192 687 1305 715 verbis:
1346 693 1378 713 ut
1401 686 1431 714 in
1453 684 1603 714 actoribus
1616 687 1689 725 fieri
1710 685 1856 723 videmus,
1886 699 1969 727 saepe
1990 686 2091 726 illum,
2120 689 2172 729 qui

222 737 263 759 est
285 727 477 758 secundarum
500 734 551 755 aut
575 728 725 756 tertiarum
745 729 891 768 partium,
928 739 991 757 cum
1019 729 1112 767 possit
1137 728 1289 769 aliquanto
1313 726 1423 757 clarius
1446 726 1555 765 dicere,
1592 740 1680 767 quam
1703 729 1763 767 ipse
1782 730 1960 767 primarum,
1996 729 2120 760 multum
2142 742 2172 759 se

221 772 410 806 summittere,
442 777 472 798 ut
495 768 546 798 ille
565 770 700 809 princeps
722 781 810 810 quam
832 771 964 799 maxime
985 769 1125 799 excellat.
1171 772 1237 800 Non
1259 771 1351 809 igitur
1373 770 1556 799 maledicunt
1578 771 1694 799 Scenici
1716 772 1862 805 Scenicis,
1887 782 1954 801 cum
1978 783 2028 802 eos
2051 780 2172 809 taxant,

222 816 272 843 sed
296 824 346 842 eos
368 813 405 841 ad
427 822 531 840 scenae
554 823 675 841 munera
700 812 815 851 dignius
839 813 991 850 obeunda,
1030 818 1199 852 opportune
1228 824 1263 842 ac
1285 814 1412 842 scienter
1434 813 1588 851 designant
1609 818 1639 842 et
1661 813 1809 843 ordinant.
1853 815 1979 853 Paulus,
2017 817 2068 854 qui
2096 815 2172 844 haec

221 867 279 886 uon
299 855 496 891 intelligebat,
526 855 683 884 lectionem
707 855 840 884 mutavit.
886 855 973 885 Dae.

386 897 435 926 Ta
447 896 666 926 bernacula.
698 898 756 936 (Ad
781 896 905 937 p.273.)
938 897 1011 926 Vide
1033 898 1062 926 in
1085 897 1301 927 Adtubernalis
1324 902 1352 926 et
1377 896 1607 928 Contubernalis.
1634 896 1724 927 Dae.
1767 897 1855 936 Quod
1877 909 1917 928 ex·
1939 898 2058 928 tabulis.
2097 899 2171 928 Vide

219 941 324 972 l.182.
349 940 385 969 de
411 940 529 969 verbor.
555 940 652 978 signif.
701 939 804 969 Goth.

385 982 504 1021 Tagit.
552 983 672 1011 Veteres
695 990 763 1022 tago
786 982 939 1019 dicebant,
963 983 1043 1021 quod
1065 993 1118 1012 nos
1142 982 1265 1012 dicimus
1288 990 1395 1022 tango,
1417 982 1509 1021 idque
1532 993 1548 1012 a
1572 983 1687 1011 Graeco
1710 982 1798 1024 θίγω.
1835 983 1946 1012 Notum
1970 989 2024 1016 est.
2064 984 2169 1023 Itaque

219 1025 307 1062 abeo,
343 1035 411 1054 curn
435 1030 463 1053 te
486 1025 568 1064 prius
591 1035 750 1062 monuero,
786 1025 864 1054 infra
892 1025 982 1054 verba
1006 1026 1083 1054 Festi
1111 1027 1186 1055 male
1216 1036 1283 1054 cum
1306 1026 1428 1054 Pacuvii
1459 1025 1557 1054 verbis
1589 1025 1751 1063 coaluisse,
1791 1036 1866 1063 quae
1888 1026 1931 1055 sic
1953 1028 2116 1065 separanda
2140 1033 2169 1057 et

219 1067 426 1105 distinguenda
450 1072 533 1096 sunt:
560 1067 647 1108 Tagit
671 1067 818 1097 Pacuvius
839 1068 869 1096 in
889 1068 1016 1097 Teucro:
1040 1075 1071 1096 ut
1093 1080 1160 1108 ego,
1184 1069 1210 1097 si
1229 1069 1384 1109 quisquam
1407 1079 1451 1096 me
1473 1069 1555 1107 tagit.
1584 1067 1622 1096 Et
1644 1075 1762 1107 tagam,
1786 1067 1861 1097 idem
1884 1070 1914 1097 in
1931 1068 2097 1099 Hermiona
2114 1075 2169 1099 etc.

218 1110 256 1139 Et
281 1111 392 1150 Tagum
417 1110 506 1139 verba
529 1115 599 1139 sunt
622 1110 710 1140 Festi.
749 1110 784 1138 Et
807 1110 902 1147 idem,
925 1111 1040 1149 inquit,
1064 1111 1221 1140 Pacuvius.
1264 1111 1376 1150 Tagam
1400 1111 1478 1138 dixit
1499 1113 1530 1138 in
1551 1110 1721 1139 Hermiona.
1765 1110 1855 1142 Dae.

383 1151 595 1181 Tablinum.
640 1153 831 1191 Transposita
855 1153 906 1181 hic
927 1158 997 1181 sunt
1020 1154 1181 1192 quaedam,
1206 1163 1281 1192 quae
1303 1155 1343 1181 ita
1367 1163 1420 1182 suo
1445 1153 1544 1182 ordini
1566 1153 1690 1182 reddes:
1723 1152 1879 1182 Tablinum
1901 1154 2040 1191 proxime
2061 1155 2169 1184 atrium

217 1193 301 1224 locus
324 1193 434 1223 dicitur
455 1194 640 1233 publicarum
664 1196 809 1224 rationum
833 1207 923 1224 causa
937 1194 1055 1237 factus.
1089 1195 1176 1234 Quod
1199 1196 1314 1236 antiqui
1335 1196 1524 1234 magistratus
1546 1196 1576 1224 in
1599 1206 1651 1224 suo
1673 1195 1794 1234 imperio
1818 1193 1936 1224 tabulas
1959 1197 2105 1225 rationum
2127 1197 2171 1226 ibi

217 1236 371 1266 habebant.
410 1237 480 1266 Alii
502 1236 587 1265 aliud
609 1245 723 1278 etymon
746 1237 886 1275 reddunt,
910 1236 990 1278 quoti
1012 1237 1129 1267 tabulae
1146 1239 1329 1278 picturarum
1352 1238 1394 1267 ibi
1416 1237 1640 1277 reponebantur,
1664 1237 1740 1266 unde
1762 1245 1788 1266 et
1807 1236 2034 1277 pinacothecam
2057 1250 2170 1279 quoque

216 1278 371 1310 vocabant.
421 1279 520 1308 Varro
542 1279 640 1317 aliter,
672 1281 753 1309 cuius
776 1280 848 1310 haec
869 1280 955 1310 verba
977 1288 1043 1309 sunt
1066 1280 1141 1310 libro
1162 1282 1259 1320 primo
1283 1279 1318 1309 de
1339 1281 1398 1309 vita
1419 1279 1523 1320 populi
1544 1279 1695 1309 Romani.-
1730 1278 1787 1309 Ad
1798 1279 1909 1321 focum
1932 1279 2023 1309 hieme
2045 1292 2081 1310 ac
2094 1281 2170 1322 fri-

215 1320 336 1361 guribus
359 1321 561 1358 coenitabant,
584 1323 692 1351 aestivo
715 1330 842 1363 tempore
863 1323 892 1352 in
913 1322 1089 1362 propatulo;
1114 1335 1178 1352 rure
1200 1325 1230 1351 in
1253 1330 1345 1360 corte,-
1369 1323 1398 1351 in
1421 1322 1491 1351 urbe
1512 1323 1542 1351 in
1565 1322 1716 1360 tabulina,
1741 1321 1821 1363 quod
1844 1322 2040 1352 Maeuianum
2059 1335 2170 1363 possu-

216 1376 280 1393 mus
302 1364 462 1404 intelligere
484 1363 593 1393 tabulis
605 1364 807 1406 fabricatum.
839 1365 917 1393 Haec
934 1366 993 1394 ille.
1015 1364 1117 1395 Scal.
1150 1365 1282 1394 schedae
1304 1366 1477 1403 praeferunt
1499 1363 1618 1393 tabulas
1632 1375 1688 1404 pro
1703 1364 1828 1401 tabulis,
1853 1365 1903 1393 sed
1926 1365 2029 1394 relicta
2052 1367 2169 1396 lacuna.

218 1406 300 1441 Quae
323 1406 430 1436 desunt
452 1407 527 1435 male
551 1407 620 1435 hinc
645 1408 777 1445 divulsa,
808 1418 875 1436 cum
900 1408 980 1436 Pauli
1006 1408 1139 1447 Epitome
1160 1408 1304 1436 videntur
1327 1407 1509 1443 cohaesisse,
1539 1417 1631 1445 quare
1655 1407 1835 1445 Scaligerum
1859 1417 1986 1446 sequor,
2011 1409 2062 1446 qui
2083 1409 2168 1446 legit:

218 1447 375 1478 Tablinum
398 1450 535 1488 proxime
558 1451 665 1478 atrium
688 1449 771 1480 locus
791 1449 976 1489 publicarum
1006 1451 1151 1479 rationum
1182 1461 1288 1479 caussa
1313 1449 1433 1489 factus,
1468 1448 1548 1489 quod
1570 1450 1686 1489 antiqui
1708 1450 1899 1489 magistratus
1921 1450 1950 1478 in
1973 1461 2026 1479 suo
2048 1451 2168 1490 imperio

216 1490 334 1519 tabulas
358 1493 505 1520 rationum
528 1491 570 1520 ibi
592 1491 746 1521 habebant.
778 1493 849 1520 Inde
873 1493 945 1521 Plin.
969 1492 1020 1523 lib.
1033 1493 1157 1521 XXXV.
1181 1494 1217 1529 (c.
1231 1494 1289 1529 2.):
1315 1491 1443 1520 Tublina
1466 1490 1617 1521 codicibus
1639 1490 1835 1530 implebantur
1856 1498 1882 1520 et
1904 1494 2096 1522 monumentis
2117 1505 2169 1522 re-

216 1544 279 1561 rum
301 1534 331 1562 in
353 1535 527 1573 magistratu
546 1541 703 1574 gestarum.
740 1533 915 1563 Tabulinum
938 1545 1022 1572 ergo,
1045 1546 1099 1573 per
1122 1545 1274 1573 syncopen
1300 1533 1467 1571 Tablinum,
1491 1534 1575 1562 locus
1600 1534 1726 1572 privatis
1750 1534 1781 1561 in
1805 1533 1936 1570 aedibus,
1958 1534 2009 1563 ubi
2032 1535 2168 1574 publicas

214 1576 346 1605 rationes
369 1576 536 1612 servabant,
561 1581 590 1605 et
613 1587 647 1604 eo
672 1577 772 1605 differt
794 1588 810 1605 a
834 1576 999 1614 tabulario,
1023 1577 1102 1614 quod
1126 1577 1305 1606 tabularium
1332 1576 1470 1615 publicus
1492 1576 1577 1604 locus
1601 1577 1654 1613 sit,
1676 1577 1727 1604 ubi
1750 1576 1945 1604 instrumenta
1970 1582 1999 1606 et
2021 1582 2084 1606 acta
2107 1588 2168 1617 pu-

213 1618 293 1647 blica
315 1618 557 1657 disponebantur
584 1623 612 1647 et
640 1620 849 1648 servabantur.
895 1620 987 1648 Cicer.
1012 1620 1091 1657 Virg.
1117 1620 1229 1648 Gloss.:
1268 1618 1479 1655 Tabularium,
1511 1616 1710 1658 λογιστήριον.
1755 1618 1780 1646 A
1804 1619 1889 1647 Festo
1913 1618 2006 1648 Varro
2030 1620 2169 1650 dissentit

215 1671 303 1699 quem
325 1661 392 1689 vide
415 1671 505 1699 supra
528 1672 543 1689 a
567 1661 716 1698 Scaligero
740 1662 908 1690 excitatum.
953 1662 1012 1690 Alii
1032 1662 1176 1691 tablinum
1200 1674 1215 1691 a
1238 1661 1346 1691 tabulis
1369 1662 1571 1700 picturarum,
1607 1671 1682 1699 quae
1704 1661 1746 1689 ibi
1767 1660 2005 1699 reponebantur,
2037 1662 2118 1692 unde
2139 1668 2169 1692 et

213 1703 436 1741 pinacothecam
460 1714 578 1742 quoque
602 1704 763 1741 vocabant,
788 1704 839 1733 sed
859 1703 1070 1743 pinacothecas
1093 1717 1109 1733 a
1132 1704 1255 1734 tablinis
1277 1705 1387 1733 diserte
1410 1704 1567 1742 distinguit
1587 1703 1751 1733 Vitruvius.
1796 1703 1885 1733 Dac.

381 1753 507 1782 Tabes.
539 1754 604 1792 (Ad
627 1765 656 1793 p.
670 1756 761 1793 273.)
792 1755 917 1794 Proprie
940 1755 1130 1794 liquefactio,
1160 1755 1304 1785 tabescere
1327 1754 1480 1793 liquefieri.
1524 1755 1645 1792 Cicero,
1670 1755 1787 1784 Lucret.
1811 1754 1915 1783 Horat.
1940 1754 2020 1792 Virg.
2057 1756 2116 1785 Sed
2139 1760 2168 1785 et

216 1805 268 1833 per
290 1795 493 1835 metaphoram
518 1807 574 1835 pro
598 1802 679 1836 peste
703 1802 731 1826 et
753 1798 880 1837 pernitie
903 1803 1019 1827 veteres
1042 1804 1242 1838 usurparunt,
1274 1799 1316 1827 sic
1339 1803 1368 1826 et
1390 1798 1513 1826 Graecis
1535 1794 1632 1833 τάκω,
1656 1794 1787 1836 τήκομαι
1809 1802 1837 1826 et
1858 1797 2020 1836 liquefacio
2043 1802 2073 1826 et
2094 1808 2168 1827 con-

218 1847 309 1868 sumo.
329 1838 418 1869 Dac.
453 1837 603 1868 Corvinus.
634 1840 753 1869 Dubito.
782 1841 895 1869 Forsan
920 1841 1112 1878 Cornificius,
1137 1842 1222 1869 cuius
1244 1841 1274 1869 in
1297 1841 1343 1869 his
1365 1840 1449 1869 libris
1472 1851 1560 1880 saepe
1583 1840 1703 1869 mentio.
1721 1838 1833 1870 Idem.
1863 1840 1960 1869 Locus
1980 1840 2100 1870 Sallust.
2122 1846 2168 1870 est

218 1879 300 1908 Catil.
315 1883 365 1912 36.

381 1921 563 1953 Tabellis.
585 1923 645 1961 (Ad
668 1935 697 1963 p.
711 1924 798 1962 273.)
821 1924 1023 1963 Hieronymus
1046 1926 1095 1954 lib.
1109 1926 1131 1954 1.
1154 1925 1246 1964 Epist.
1265 1928 1309 1956 1.:
1339 1925 1421 1954 Ante
1442 1923 1575 1961 chartae,
1604 1925 1718 1964 inquit,
1743 1931 1794 1953 aut
1815 1923 2049 1954 membranarum
2070 1936 2165 1962 usum,

217 1968 270 1990 aut
292 1964 321 1991 in
345 1963 488 1994 dedolatis
510 1977 524 1994 e
545 1964 626 2005 ligno
650 1966 814 2003 codicillis,
851 1975 903 1996 aut
925 1968 954 1996 in
979 1967 1138 1997 corticibus
1160 1967 1298 1996 arborum
1320 1975 1420 1996 mutuo
1443 1966 1630 2006 epistolarum
1653 1966 1786 2008 alloquia
1809 1966 2013 2005 missitabant,
2043 1965 2120 1997 uncle
2141 1975 2168 1996 et

215 2005 370 2044 portitores
392 2018 487 2035 earum
511 2007 683 2039 tabellarios
705 2017 731 2038 et
753 2011 908 2049 scriptores
930 2021 949 2038 a
972 2009 1057 2039 libris
1079 2010 1181 2040 lzorum
1210 2009 1349 2040 librarios
1377 2020 1522 2039 vocavere.
1568 2010 1647 2039 Idem
1671 2015 1700 2038 et
1725 2008 1856 2039 Eustath.
1880 2009 1918 2038 ad
1940 2010 2061 2048 Dionys.
2093 2010 2167 2040 Cera

218 2052 317 2076 autem
340 2047 544 2079 oblinebantur
565 2051 638 2080 istae
661 2053 798 2088 tabulae,
822 2053 903 2082 unde
927 2063 1022 2082 ceram
1046 2054 1222 2092 simpliciter
1243 2063 1299 2092 pro
1323 2052 1432 2081 tabulis
1453 2051 1563 2091 passim
1585 2052 1727 2082 invenies.
1756 2052 1830 2081 Vide
1854 2053 1930 2081 Gell.
1952 2052 2004 2083 lib.
2016 2053 2112 2091 XVII,
2134 2054 2164 2085 9.

218 2088 306 2119 Dae.
345 2087 465 2119 Citrove.
499 2093 649 2132 Citroque.
699 2093 803 2124 Goth.

385 2139 520 2179 Tagax
541 2141 790 2183 furunculus.
836 2145 926 2183 Lege:
967 2145 1077 2184 Tagasr
1094 2144 1280 2187 furunculus
1302 2157 1320 2174 a
1344 2144 1487 2185 tagentlo‚
1524 2143 1558 2174 id
1584 2152 1625 2174 est
1654 2143 1810 2185 tangendo.
1853 2145 1906 2175 Est
1935 2145 2012 2174 enim
2034 2156 2051 2174 a
2071 2146 2166 2175 veteri

219 2188 304 2220 tago,
336 2191 394 2220 quo
420 2192 473 2219 pro
497 2184 587 2212 furari
612 2192 724 2216 veteres
748 2188 793 2216 usi
817 2193 893 2216 sunt.
933 2188 1027 2216 Plaut.
1050 2189 1141 2217 Cicer.
1166 2194 1220 2216 etc.
1256 2189 1341 2218 Dae.
1388 2188 1423 2216 Et
1446 2187 1584 2217 DIutonis
1606 2199 1735 2217 manum.
1773 2188 1859 2217 Hune
1881 2188 1989 2218 Lucilii
2011 2198 2128 2218 versum
2150 2197 2166 2217 e

219 2222 314 2262 Satyr.
337 2223 498 2254 hb.Xxx.
523 2226 643 2256 adducit
667 2230 777 2258 Nonius
800 2230 877 2269 (pag.
891 2231 963 2261 408.
989 2230 1091 2270 Merc.)
1114 2233 1145 2259 in
1168 2241 1244 2260 voce
1266 2238 1397 2270 tangere,
1425 2231 1476 2259 sed
1499 2231 1538 2259 ibi
1561 2241 1617 2270 pro
1639 2229 1777 2260 Minonis
1799 2230 1946 2271 scriptum
1969 2235 2013 2260 est
2034 2230 2166 2261 Museo-

221 2265 282 2301 nis,
305 2267 460 2304 mendose,
481 2272 516 2296 ut
537 2272 621 2306 puto.
664 2271 831 2309 Legendum
854 2273 1008 2311 suspicor:

792 2320 829 2349 Et
852 2331 967 2352 mutone
989 2335 1107 2352 manum
1127 2323 1296 2363 perscribere
1314 2334 1400 2363 posse
1421 2330 1564 2363 tagacem.

222 2365 264 2394 De
285 2365 394 2405 Priapo
417 2365 465 2396 hic
487 2378 585 2398 sermo
608 2373 668 2406 est,
692 2372 741 2407 qui
764 2371 880 2401 furibus
902 2379 1024 2403 mutone
1046 2375 1195 2410 minatur,
1217 2379 1250 2403 ut
1271 2374 1304 2403 in
1325 2375 1378 2404 illo
1401 2376 1544 2404 Scazonte
1566 2379 1671 2414 poetae
1693 2373 1902 2414 Ithyphallici:

795 2419 917 2460 Priape,
939 2422 1065 2462 furibus
1086 2425 1198 2453 minare
1219 2426 1341 2455 mutina.
