2263 2668
386 204 459 236 200
1012 199 1151 234 SEXTI
1179 200 1378 236 POMPEH
1405 202 1543 236 FESTI

384 300 411 332 P
421 311 438 331 e
449 309 493 341 rp
505 302 569 328 etr
579 307 597 327 a
607 300 620 327 t
635 293 659 337 1,
688 293 840 338 peragit,
868 293 1009 337 perficit.
1063 295 1225 330 Pacuvius
1253 298 1285 329 in
1311 296 1465 331 Teucro:

227 357 266 382 *fi
296 364 356 396 nge
486 348 630 390 Neque
657 349 914 390 perpetrare
941 346 1165 389 precibuS‚
1200 349 1379 393 imperia
1406 348 1477 392 qui
1504 347 1670 381 detinui
1697 350 1857 393 patris*

210 394 374 451 ‘Ei‘f‘effin
487 400 680 442 Spartam
707 400 959 441 reponare**
983 397 1134 441 instat,
1170 400 1213 432 id
1241 401 1273 432 si
1301 404 1532 444 perpetrat.

219 436 348 492 ¹Niptris:
384 450 461 491 Quo
486 451 586 483 etiam
608 450 677 482 sine
699 449 948 493 praepositione
971 450 1018 481 usi
1041 456 1130 492 sunt,
1159 452 1250 495 quod
1275 464 1398 485 conver
1413 448 1433 500 Η
1451 463 1522 484 sum
1546 452 1612 484 iam
1636 451 1670 484 in
1694 452 1975 485 consuetudinem
1999 458 2056 490 est.
2086 454 2164 502 [34]

221 495 362 552 '‘23‘'{1'2‘
383 501 612 547 Perpulit,
639 501 827 546 persuasit,
855 501 987 544 impulit
1023 530 1029 536 ,
1333 528 1340 535 .

382 579 388 585 .
444 580 449 586 .
693 553 824 585 scilicet
851 553 1016 597 compulit
1316 555 1563 595 Pei-lisam,
1592 566 1679 599 pro,
1709 558 1887 600 pertesum
1914 556 2077 589 dixerunt
2103 569 2166 590 an-

381 605 466 650 tiqui
903 605 960 646 qui
991 605 1072 649 paul
1506 606 1706 647 Persuasit,
1752 607 1898 652 impulit.
1961 607 2166 642 Puteum²

383 657 516 702 antiqui
543 656 709 689 dixerunt
743 655 836 688 unde
867 656 958 689 sumi
986 660 1119 701 potest.-
1166 658 1244 690 inde
1272 657 1472 699 Puticulos,
1521 658 1798 703 antiquissimum
1824 670 1939 704 genus
1964 660 2168 705 sepulturae

383 708 597 754 appellatos,
632 707 726 752 quod
753 707 801 740 ihi
827 707 862 740 in
884 707 1002 752 puteis
1027 710 1259 754 sepelirentur
1286 709 1459 743 homines:
1492 710 1603 754 qualis
1631 710 1729 743 fuerit
1756 711 1868 752 locus,
1896 722 1962 756 quo
1988 722 2078 745 nunc
2105 723 2167 745 ca-

382 761 521 794 davera
544 759 674 805 proiice*
699 759 808 792 solent
837 764 930 792 extra
957 764 1097 804 portam
1120 761 1369 805 Exquilinam:
1397 773 1488 806 quae
1515 762 1609 806 quod
1635 761 1683 795 ibi
1704 766 1928 807 patescerent
1953 763 2031 796 inde
2053 763 2168 808 potius

382 812 583 857 appellatos
612 811 787 844 existimat
818 811 992 856 puticulos
1015 813 1135 847 Aelius
1166 813 1312 846 Gallus.-
1360 811 1469 858 quia-⁰³
1497 813 1630 858 antiqui
1664 814 1771 846 moris
1794 813 1930 859 juisse,
1976 818 2013 847 ut
2042 819 2168 860 patres

381 864 523 896 familias
551 863 585 896 in
613 864 726 896 locum
749 863 931 908 publicum
960 868 1063 897 extra
1090 865 1233 910 opidum
1261 865 1439 910 mancipia
1462 865 1539 898 vilia
1562 865 1772 909 proicerent,
1801 869 1906 910 atque
1926 866 1976 898 ita
1995 867 2166 911 proiecta,

382 915 476 961 quod
503 914 550 948 ibi
579 926 618 948 ea
647 918 880 959 putescerent,
906 926 1030 949 nomen
1058 927 1130 949 esse
1147 916 1292 963 sactum
1314 916 1494 951 Puticulis.
1549 917 1705 950 Putum
1733 918 1886 960 antiquos
1905 928 1975 962 pro
1992 928 2088 963 puro
2111 918 2167 951 di-

207 967 474 1000 ⁴s.dee·=sum.risse
500 967 559 1001 ait.
587 966 669 1000 inde
691 970 840 1012 putatas
868 967 969 1008 vites,
1015 968 1137 1012 quibus
1172 969 1345 1002 decisum*
1374 974 1421 1001 est
1455 969 1509 1011 id,
1558 969 1651 1014 quod
1680 969 1928 1013 impedimento
1955 973 2049 1010 erat,
2096 969 2168 1003 dici

223 1017 372 1077 *rhoorni-
387 1018 572 1053 Cornifici*
598 1019 659 1060 ait,
687 1030 797 1062 neque
824 1019 928 1052 aliter
955 1021 1091 1065 accepit
1114 1020 1267 1061 Ennius,
1299 1031 1379 1053 cum
1406 1021 1497 1053 dixit
1524 1021 1557 1053 in
1579 1020 1794 1054 Alexandro:
1849 1047 1856 1054 .
1911 1047 1917 1054 .
1973 1047 1980 1053 .
2035 1046 2042 1053 .

206 1059 389 1112 *stdcjssisffiw
628 1070 777 1103 amidio*
807 1082 907 1115 purus
934 1076 1044 1116 putus.
1074 1076 1106 1105 et
1133 1072 1302 1106 Plautus.-
1345 1083 1486 1118 purus
1517 1076 1655 1117 putus
1689 1072 1763 1105 hic
1799 1072 2070 1117 sycophanta
2106 1078 2167 1105 est

382 1151 388 1157 .
444 1149 449 1154 .
506 1150 512 1154 .
568 1148 574 1155 .
631 1149 636 1154 .
692 1151 698 1156 .
754 1148 760 1154 .
818 1151 825 1158 .
945 1152 952 1158 .
1002 1135 1070 1166 quo
1092 1124 1212 1157 certior
1232 1136 1267 1156 se
1318 1150 1324 1156 .
1442 1151 1449 1157 .
1504 1150 1510 1156 .
1565 1151 1571 1157 .
1627 1152 1634 1158 .
1690 1152 1697 1158 .
1753 1149 1760 1156 .
1876 1152 1883 1158 .
1934 1135 2061 1157 aurum
2082 1134 2160 1169 quo-

381 1185 447 1219 que
473 1177 626 1217 putatum
654 1173 719 1207 dici
748 1174 849 1213 solet,
878 1175 971 1219 quod
998 1179 1066 1215 est,
1103 1180 1364 1220 expurgatum:
1402 1180 1435 1209 et
1462 1176 1553 1208 ratio
1572 1179 1719 1220 putata,
1747 1176 1782 1208 id
1811 1181 1858 1209 est
1885 1187 1970 1220 pura
1996 1176 2103 1216 facta,
2130 1179 2167 1208 ut

380 1254 386 1259 .
443 1254 449 1260 .
506 1253 512 1259 .
629 1252 636 1258 .
816 1225 998 1259 heredibus
1026 1228 1162 1263 rettulit,
1216 1225 1471 1260 Putitium4
1492 1228 1646 1261 Plautus
1674 1228 1763 1261 dixit
1790 1228 1953 1261 stultum:
1995 1227 2168 1261 Putitio

245 1283 283 1308 «s.
302 1283 334 1307 ab
379 1277 566 1310 stultior
609 1281 673 1310 est
706 1278 902 1312 barbaro.
972 1278 1020 1311 Id
1059 1283 1178 1312 autem
1211 1290 1255 1312 ex
1295 1279 1365 1312 hac
1407 1291 1529 1313 causa.
1596 1279 1746 1312 Potitius
1785 1290 1864 1312 cum
1905 1279 1973 1312 ad*
2018 1278 2168 1312 Hercule

379 1329 480 1362 ritum
507 1328 740 1375 sacrificandi
768 1330 977 1375 accepisset,
1010 1341 1088 1363 eum
1115 1331 1261 1363 millibus
1295 1331 1378 1363 aeris
1404 1331 1519 1375 gravis
1546 1331 1805 1376 quinquaginta
1833 1331 2012 1364 edocuisse
2038 1330 2168 1363 dicitur

207 1390 244 1415 ¹s.
255 1389 370 1422 publicos
380 1391 491 1413 servos
518 1380 697 1424 publicus*
723 1382 759 1414 P.
782 1382 824 1413 R.
850 1393 917 1426 quo
933 1381 1039 1426 sacto
1063 1383 1182 1415 Potitii
1209 1383 1304 1415 iutra
1331 1383 1426 1415 diem
1446 1382 1565 1417 XXX.
1594 1393 1669 1415 cum
1698 1382 1766 1415 eius
1792 1382 1945 1415 familiae
1966 1381 2054 1414 XII.
2067 1381 2165 1427 fuis-

1583 529 1589 536 .
1636 503 1784 536 dicendo
1808 515 1862 536 me
1882 505 2034 550 perpulit
2067 533 2074 540 .

380 1436 473 1473 sent,
511 1442 628 1466 omnes
654 1432 867 1466 interierunt.

380 1484 582 1518 contrarium
618 1489 667 1517 est
702 1484 870 1529 impubes.

380 1536 446 1569 dici
475 1535 568 1569 solet.

379 1587 501 1621 tudine
525 1591 712 1633 puteorum
738 1589 925 1621 earundem
954 1599 1131 1632 aquarum
1163 1589 1290 1634 gratia
1312 1588 1501 1634 factorum

880 1666 887 1671 .
936 1650 1013 1673 cuin
1040 1644 1150 1673 autem
1200 1666 1207 1673 .

382 1718 388 1723 .
444 1717 451 1723 .
506 1717 514 1724 .
570 1716 576 1722 .
631 1716 637 1723 .
693 1718 699 1723 .
755 1717 763 1724 .
1002 1691 1088 1724 illius
1121 1695 1180 1725 tra

383 1746 448 1785 est,
472 1742 698 1788 percussione
725 1742 848 1777 dictus.

922 1433 1082 1477 Pubes,
1118 1434 1329 1473 adulescens,
1366 1435 1425 1478 qui
1451 1434 1523 1467 iam
1551 1444 1731 1478 generare
1755 1437 1886 1478 potest,
1922 1437 2078 1475 vocatur,
2114 1433 2167 1467 cui

941 1484 1060 1518 Putes
1095 1486 1203 1519 etiam
1237 1489 1269 1518 et
1298 1482 1319 1534 Η
1346 1486 1504 1531 plurium
1537 1496 1702 1518 numerus
1733 1485 1887 1519 eiusdem
1923 1484 2051 1518 aetatis
2085 1483 2164 1530 [35]

624 1535 843 1570 Puteolos
871 1536 1011 1581 quidem
1039 1537 1152 1570 dictos
1178 1537 1275 1570 aiunt
1303 1536 1350 1570 ab
1378 1549 1494 1582 aquae
1521 1537 1643 1571 caldae
1669 1541 1803 1582 putore.
1830 1537 1977 1582 quidam
2003 1548 2028 1569 a
2049 1536 2167 1570 multi—

1925 1600 1982 1621 ver

1633 1666 1639 1673 .
1693 1667 1700 1674 .
1876 1665 1884 1672 .
1935 1640 1963 1673 is
1989 1640 2043 1673 vio

1607 1691 1797 1736 Pugnus
1830 1702 1853 1723 a
1884 1692 2086 1737 punctione,
2129 1690 2168 1723 id

901 1742 961 1776 Pe
968 1741 1156 1788 gasum5
1184 1754 1309 1788 equum
1337 1743 1461 1776 alatum
1478 1741 1597 1788 fuisse
1623 1743 1770 1776 tradunt
1791 1746 1941 1788 poetam,-
1968 1743 2066 1776 cuius
2091 1743 2168 1788 qui—

382 1794 463 1827 dem
487 1794 655 1839 ungulam
683 1795 867 1827 suscitasse
883 1793 1042 1839 sontem,
1085 1795 1144 1840 qui
1165 1795 1393 1840 Hippocrene
1419 1796 1534 1828 dictus
1561 1798 1629 1837 est,
1674 1794 1823 1828 traditur.
1859 1795 1920 1828 sed

757 1858 845 1879 ersus
877 1846 942 1879 alia

696 1898 848 1931 formon-
895 1924 901 1930 .

382 1947 516 1991 pabant
545 1949 679 1994 antiqui
705 1951 740 1982 in
767 1961 786 1983 e
813 1949 981 1983 declinata
1006 1953 1043 1982 ut
1067 1949 1303 1996 praefiscine,
1351 1953 1511 1983 extrema

472 2063 501 2102 l)
531 2066 717 2108 Pupi-tran]
756 2067 865 2097 Versus
894 2068 1020 2097 Pacuvii
1048 2068 1183 2107 legendi,
1221 2074 1255 2098 ut

388 2105 419 2132 in
455 2107 593 2143 margine.
664 2111 765 2148 IVeque
792 2117 968 2150 perpetrare
1004 2112 1165 2150 precibus,
1204 2123 1256 2140 nec

384 2148 486 2194 precio
515 2150 590 2186 quit.
621 2157 646 2178 et
678 2154 709 2180 ln
747 2154 877 2192 Niptris.
936 2156 1080 2193 Spartam
1114 2153 1256 2194 repedare

390 2193 514 2234 instatjr
547 2190 582 2217 id
609 2194 636 2219 si
668 2202 829 2232 perpetrat.
875 2197 952 2227 Urs.
999 2197 1056 2226 Sed
1090 2199 1127 2226 cf.
1159 2203 1254 2228 notas.

392 2246 428 2252 —
453 2230 483 2267 2)
502 2233 655 2279 Patrium]
686 2236 780 2266 Huius
798 2239 856 2267 loci
878 2240 1096 2270 restitutionem
1115 2240 1255 2269 debemus

390 2273 429 2302 Μ.
450 2272 596 2321 Varroni,
624 2276 675 2313 qui
697 2278 747 2307 lib.
769 2282 798 2311 4.
822 2281 858 2309 de
880 2282 961 2319 Ling.
988 2284 1053 2312 Lat.
1077 2283 1119 2311 sic
1139 2283 1254 2312 scribit.

391 2316 484 2345 Extra
509 2316 601 2355 opida
622 2328 637 2344 a
651 2321 749 2355 puteis
768 2323 933 2360 puticulae‚
959 2326 1039 2361 quod
1056 2325 1097 2354 ibi
1110 2326 1141 2354 in
1157 2326 1255 2365 puteis

391 2358 597 2388 obruebantur
610 2358 753 2390 homines.
774 2364 831 2392 nisi
845 2365 962 2403 potius,
975 2372 1010 2395 ut
1024 2367 1126 2397 Aelius
1141 2369 1254 2406 scribit,

391 2400 559 2439 puticulae,
607 2402 688 2440 quod
716 2403 757 2431 ibi
783 2411 974 2443 putescerent
1003 2410 1150 2439 cadavera
1179 2421 1254 2449 pro-

389 2443 482 2472 iecta:
505 2444 557 2482 qui
571 2444 657 2474 locus
676 2445 816 2484 publicus
832 2449 910 2477 ultra
928 2450 1090 2488 Exquilias.
1122 2453 1198 2480 Urs.
1216 2470 1251 2475 —

390 2484 419 2524 3)
445 2486 509 2522 Qui
530 2488 576 2515 ait
604 2488 652 2517 Pr.
681 2504 717 2510 --
756 2488 784 2528 4)
812 2491 992 2529 Pastinum]
1024 2493 1155 2531 Antiqua
1176 2495 1253 2522 scri-

1554 1846 1682 1879 Lucina
1708 1846 1791 1879 Iuno
1819 1857 1862 1879 sa
1912 1872 1920 1879 .

1515 1898 1682 1942 Prospera
1703 1897 1883 1943 quaedam
1902 1897 2044 1931 nomina
2065 1907 2168 1930 usur-

1540 1950 1716 1995 producta
1750 1950 1897 1993 syllaba,
1942 1949 2105 1982 videlieet
2131 1951 2168 1980 ut

1297 2066 1388 2098 bendi
1409 2069 1612 2105 consuetudo,
1635 2080 1690 2108 pro
1711 2070 1879 2106 Potitium,
1906 2073 1937 2097 ut
1965 2077 2088 2096 sumnus
2110 2076 2164 2105 pro

1297 2123 1439 2149 Somnus,
1467 2113 1514 2141 cui
1530 2113 1696 2148 contraria,
1722 2112 1851 2148 Orbius,
1875 2121 1931 2150 pro
1955 2111 2074 2139 {Ji-hius.
2097 2107 2166 2137 vide

1298 2165 1387 2194 supra
1411 2155 1441 2183 in
1470 2155 1584 2184 Orbius
1606 2155 1713 2183 oliva-5.
1737 2159 1766 2183 et
1786 2155 1865 2183 infra
1887 2155 1917 2182 in
1941 2155 2046 2182 Orcus.
2083 2150 2164 2179 Urs.

1296 2215 1339 2220 —
1362 2197 1390 2237 5)
1409 2197 1582 2237 Pegasum]
1608 2198 1682 2226 Vide
1698 2197 1775 2226 iufra
1792 2198 1823 2225 in
1843 2195 2018 2236 Pegasides.
2029 2194 2070 2223 ibi
2087 2193 2165 2222 enim

1297 2240 1405 2277 habes,
1428 2241 1571 2279 Pegasum
1593 2241 1720 2277 ungulae
1740 2240 1803 2269 ictu
1829 2239 2040 2278 Hippocrenen
2052 2237 2164 2265 fontem

1298 2284 1461 2323 aperuisse.
1480 2283 1563 2322 quod
1578 2294 1594 2312 a
1611 2283 1733 2312 Graecis
1748 2283 1846 2322 poetis
1860 2287 1988 2311 tractum
2003 2284 2054 2309 est.
2085 2277 2130 2306 Ur
2140 2288 2163 2305 s.

1297 2343 1332 2348 --
1358 2326 1389 2365 6)
1411 2328 1512 2355 Porca
1523 2325 1751 2366 prawndanem]
1777 2325 1887 2354 Verum
1905 2328 1949 2352 est
1969 2322 2049 2361 quod
2063 2320 2164 2349 Festus

1297 2370 1348 2407 ait,
1370 2368 1429 2398 hoc
1458 2379 1550 2408 genus
1579 2368 1694 2398 hostiae
1718 2366 1953 2407 praecidarium
1980 2362 2163 2410 appellatum

1298 2422 1371 2442 esse.
1395 2422 1464 2440 nam
1484 2417 1512 2442 et
1528 2412 1639 2441 Marius
1654 2410 1827 2441 Victorinus
1839 2406 2066 2448 praecidariam
2081 2404 2162 2453 legit,

1298 2459 1327 2482 et
1343 2465 1359 2482 a
1374 2459 1586 2492 praesentanea
1603 2453 1722 2482 differre
1741 2452 1823 2488 dicit,
1847 2451 1883 2479 de
1900 2448 2049 2495 qua-forte
2065 2452 2163 2485 agitur

1297 2495 1326 2523 in
1344 2496 1508 2533 fragmento
1520 2506 1649 2534 praesen
1671 2517 1678 2522 .
1694 2515 1700 2523 .
1724 2515 1731 2522 .
1751 2517 1757 2522 .
1777 2502 1860 2528 nam,
1882 2491 1997 2529 inquit,
2021 2500 2159 2529 praesen-
