2263 2668
263 112 312 146 38

368 219 387 239 a
409 205 546 247 Quirino
568 204 712 244 Quirites
741 205 903 239 dicuntur.
1125 206 1134 226 ¹

366 256 541 291 lentissima
568 255 769 288 Sabinorum
780 253 803 291 ²,

965 207 1110 249 Quidam

687 112 829 146 PAULI
854 114 977 148 DIAC.
1005 115 1260 150 EXCERPTA
1286 117 1348 150 EX
1374 117 1462 150 LIB.
1492 118 1636 153 POMP.
1663 120 1800 154 FESTI

1163 221 1237 242 eum
1273 210 1400 243 dictum
1427 215 1545 254 putant
1572 224 1590 245 a
1616 213 1774 251 Curibus.
1816 227 1903 258 quae
1929 217 1992 250 fuit
2019 219 2094 251 urbs
2123 231 2210 264 opu·

270 318 404 352 Cur-itin
431 317 590 348 lunonem
618 315 851 360 appellabant,
879 318 958 360 quia
985 319 1125 352 eandem
1152 320 1239 353 ferre
1266 320 1394 353 hastam
1424 322 1593 365 putabant.

272 369 432 403 Car-iales
458 366 605 399 eiusdem
633 367 760 410 curiae,
799 373 834 401 ut
860 369 995 403 tribules
1023 375 1055 403 et
1082 371 1273 416 municipes,

271 420 416 455 Carales
443 419 519 461 equi
546 418 770 463 quadrigales.

267 471 416 505 Curiata
443 469 577 503 comitia
603 482 623 502 a
647 470 743 505 curiis
770 476 844 504 suut
871 472 1042 516 appellata
1052 470 1074 506 ³.

268 521 497 556 Centurionus
523 526 633 563 antea,
677 522 735 565 qui
761 533 846 555 nuuc
870 525 1035 568 centurio,
1077 530 1109 557 et
1135 521 1310 557 curionus⁴
1339 531 1371 556 et
1398 523 1619 558 decurionus⁵
1645 527 1870 562 (licebantur‘¹.

266 568 455 608 Currules⁷
477 573 686 617 magistratus
712 572 895 618 appellatiS
921 580 1011 616 sunt,
1039 577 1115 619 quia
1143 587 1241 609 curru
1269 575 1486 609 vellebantur.

266 621 572 669 Curiati⁹ssma¹⁰
599 636 618 656 a
644 624 746 658 Curio
774 623 907 669 dicta¹¹,
943 628 1020 670 quia
1031 625 1055 644 ¹²
1082 639 1122 661 eo
1135 625 1158 644 ¹³⁵
1185 628 1262 660 loco
1292 628 1429 660 domum
1458 628 1629 661 habuerat.

267 676 364 711 Cura
393 675 483 708 dicta
512 680 576 717 est,
612 677 706 719 quasi
733 688 792 710 cor
819 677 914 718 edat,
948 680 1000 712 vel
1028 680 1106 722 quia
1134 676 1225 712 cor¹⁴
1248 684 1329 711 urat.

267 728 354 762 Cum
381 727 528 771 imperio
556 731 605 760 est
616 724 640 745 ¹⁵
666 728 838 762 dicebatur
865 731 957 774 apud
986 732 1153 774 antiquos,

1198 732 1250 764 cui
1264 727 1287 747 ¹⁶

1313 731 1504 763 nominatim
1529 743 1547 763 a
1571 729 1737 776 populo¹⁷
1760 734 1902 766 dabatur
1913 730 1936 750 ¹³
1961 735 2147 779 imperium.

265 780 352 813 Cum
374 782 547 823 potestate
574 776 657 812 θείω
678 780 854 814 dicebatur
880 781 923 814 de
951 794 1009 821 eo,
1049 783 1104 826 qui
1132 795 1150 815 a
1178 782 1309 826 populo
1337 782 1436 815 alicui
1462 784 1600 828 negotio
1628 781 1929 828 praeficiebaturffl.

270 839 476 874 Caniculam
503 839 537 871 id
566 844 614 872 est
639 840 789 874 foramen
816 841 876 873 sub
903 846 989 874 ten-a
1017 843 1184 876 occultum
1214 848 1268 874 aut
1295 843 1337 875 ab
1365 843 1515 884 animali,
1560 843 1651 886 quod
1682 845 1786 877 simile
1815 841 1896 878 est²¹
1916 845 2044 889 lepori,
2087 848 2207 892 appel-

361 891 465 931 latur,
500 887 589 924 cui²2
610 892 811 925 subterfossa
834 897 920 925 terra
931 890 956 910 ²³
981 894 1084 927 latere
1111 895 1338 937 est'solitum,
1367 891 1458 926 ειυίιἩ
1478 907 1498 926 τι
1524 905 1704 928 cuneorum
1733 896 1960 939 similitudine,
1989 898 2044 940 qui
2073 908 2206 932 omnem

362 942 533 974 materiam
561 940 713 976 intrent²⁵
739 944 879 977 fidentes
890 941 924 980 ²⁶.

263 1003 494 1036 Clunaculum
503 998 527 1019 ²⁷
549 1003 690 1036 cultrum
715 1004 960 1050 sanguinarium
982 1004 1107 1039 dictum
1118 1002 1143 1022 ²⁶³
1163 1005 1214 1037 vel
1238 1005 1314 1047 quia
1336 1005 1379 1037 ad
1408 1006 1521 1038 clunes
1549 1006 1734 1050 dependet.
1763 1007 1817 1039 vel
1840 1008 1917 1051 quia
1941 1008 2054 1041 clunes
2077 1007 2206 1042 hostia—

360 1065 433 1086 rum
462 1053 580 1086 dividit
588 1050 622 1085 ²⁹.

265 1115 451 1148 Cumcrum
478 1125 534 1146 vas
561 1114 707 1159 nuptiale
735 1127 753 1147 a
780 1116 992 1149 similitudine
1020 1127 1246 1154 cumerarum,
1279 1127 1364 1159 quae
1391 1113 1508 1149 fiunt3⁰
1534 1114 1720 1161 palmeae81
1749 1119 1801 1152 vel
1832 1115 2017 1162 sparteae³²
2040 1119 2082 1152 ad
2110 1131 2205 1153 usum

360 1166 582 1210 popularem,
617 1166 663 1199 sic
691 1167 898 1211 appellatum
910 1165 944 1202 ³³.

262 1226 417 1266 Culcita,
461 1224 553 1268 quod
580 1222 764 1259 tomento³⁴
789 1227 992 1268 inculcatur,
1036 1227 1206 1271 appellata
1217 1224 1241 1244 ³⁰

264 1285 440 1319 Culcz’tula
451 1282 476 1302 3⁶
502 1285 674 1320 fusticulus
685 1283 711 1303 ³⁷
736 1288 873 1330 quidam
900 1289 1030 1332 ligneus
1056 1288 1089 1320 in
1115 1287 1212 1321 sacris
1238 1287 1418 1321 dicebatur.

341 1402 368 1442 1)
395 1402 544 1443 Quidam]
565 1415 630 1433 vero
648 1405 715 1434 add.
730 1406 762 1435 B.
787 1422 828 1427 ——
849 1405 966 1443 2)fu15t
979 1406 1050 1434 urbs
1068 1417 1112 1444 op.
1127 1404 1209 1444 sab]

258 1446 304 1474 sic
322 1445 355 1475 B.
369 1445 406 1476 M.
425 1447 482 1477 Gu.
494 1449 520 1477 1.
531 1450 560 1478 2.
576 1458 621 1486 pr.
631 1449 658 1477 S.
683 1450 749 1485 fuit
765 1459 811 1486 op.
823 1448 893 1478 Sab.
909 1449 982 1476 urbs
994 1449 1024 1478 L.
1059 1448 1210 1486 urb-§fuit

258 1500 303 1526 op.
320 1489 390 1516 Sah.
403 1489 484 1527 vulg.
506 1506 547 1510 —
569 1491 599 1528 3)
623 1497 693 1519 Sunt
710 1492 877 1530 appellata]
901 1492 949 1519 Sic
963 1491 1000 1520 M.
1013 1492 1107 1523 Gu.2.
1152 1501 1209 1519 om.

256 1537 328 1559 sunt
342 1531 422 1569 vulg.
444 1548 487 1553 ——
508 1530 537 1570 4)
561 1538 586 1560 εί
603 1534 758 1572 curionus]
777 1534 876 1562 om.L.
899 1551 941 1555 —
961 1537 989 1568 5)
1014 1533 1206 1570 deam-ionas]

256 1574 304 1601 Sic
322 1573 354 1602 L.
370 1573 408 1602 M.
426 1575 483 1603 Gu.
499 1576 527 1603 1.
542 1577 570 1606 2.
587 1586 633 1614 pr.
650 1577 679 1605 S.
723 1576 895 1605 decuriones
910 1577 990 1615 vulg.
1015 1592 1052 1597 —
1074 1580 1103 1612 6)
1127 1576 1207 1603 dice-

257 1616 386 1655 bantur]
418 1615 576 1645 dicebatur
598 1619 629 1646 L.
657 1635 698 1640 —
725 1620 757 1657 7)
788 1618 948 1658 Currulcs]
980 1618 1027 1647 Sic
1044 1618 1082 1646 M.
1109 1619 1163 1647 Gu.
1178 1621 1206 1649 2.

1255 1403 1474 1443 Clunaculum]
1499 1405 1546 1432 Sic
1567 1404 1623 1433 GU.
1638 1407 1666 1435 2.
1715 1403 1897 1434 Clanaclum
1911 1405 1942 1435 L.
1957 1406 1996 1436 M.
2011 1407 2040 1436 S.
2087 1403 2204 1435 Glana-

1253 1447 1327 1476 dum
1341 1448 1421 1486 vulg.
1437 1463 1477 1468 —
1503 1451 1548 1481 23)
1563 1446 1690 1483 dictum]
1708 1449 1798 1476 aiunt
1812 1448 1881 1478 add.
1896 1449 1927 1477 L.
1945 1465 1988 1470 —
2008 1451 2053 1484 29)
2068 1449 2116 1477 vel
2128 1451 2204 1487 quia

1252 1490 1296 1519 ad
1309 1491 1410 1519 clunes
1426 1491 1494 1528 etc]
1518 1490 1581 1518 Hoc
1597 1490 1702 1519 ordine
1715 1491 1746 1519 L.
1764 1491 1818 1520 Gu.
1833 1494 1859 1522 1.
1873 1495 1903 1523 2.
1948 1491 1996 1519 vel
2011 1492 2086 1529 quia
2102 1492 2205 1519 clunes

1251 1534 1327 1563 host.
1343 1533 1419 1569 (litu,
1451 1534 1495 1560 vel
1514 1534 1589 1571 quia
1604 1532 1648 1560 ad
1661 1534 1741 1561 clun.
1758 1533 1823 1572 (lq).
1841 1534 1920 1571 vulg.
1966 1532 2105 1572 dependit
2124 1532 2205 1562 divi-
2262 1547 2263 1567 ᾗ

1253 1575 1299 1604 dit
1317 1577 1373 1605 Gu.
1391 1579 1419 1607 1.
1465 1575 1631 1604 hostiorum
1649 1576 1750 1603 clunes
1764 1575 1795 1604 B.
1840 1575 1979 1614 dependit
1996 1576 2052 1604 Gu.
2068 1578 2093 1607 1.
2108 1576 2147 1605 M.
2163 1592 2204 1598 —-
2261 1588 2263 1594 ·

1251 1621 1296 1652 30)
1310 1617 1415 1656 fiunt]
1439 1624 1508 1645 sunt
1525 1618 1556 1648 L.
1580 1634 1622 1639 —-
1645 1617 1690 1651 31)
1709 1618 1865 1657 palmcae]
1887 1619 1934 1647 Sic
1950 1617 1982 1647 B.
1996 1618 2035 1648 M.
2054 1618 2110 1649 Gu.
2125 1621 2153 1651 2.
2173 1619 2202 1646 S.

257 1657 383 1687 Carales
397 1660 477 1697 vulg.
500 1675 542 1681 ·-
565 1659 593 1701 8)
617 1667 689 1689 sunt
704 1662 861 1701 appellati]
878 1662 1049 1701 appellastis
1065 1667 1104 1688 eus-t
1120 1662 1152 1690 L.
1167 1678 1208 1683 —
1246 1662 1371 1698 palmae
1385 1661 1415 1688 L.
1435 1661 1489 1689 Gu.
1501 1663 1526 1691 1.
1543 1671 1587 1699 pr.
1628 1661 1738 1699 palma
1751 1661 1830 1699 vulg.
1852 1678 1894 1683 —-
1915 1664 1960 1696 32)
1983 1660 2132 1700 sparteae]
2155 1661 2204 1689 Sic

256 1701 286 1737 9)
306 1699 532 1742 Cariatifana]
550 1703 599 1731 Sic
612 1704 648 1733 M.
668 1705 724 1733 Gn.
740 1707 765 1736 1.
784 1707 812 1736 2.
828 1714 872 1743 pr.
912 1704 1055 1732 Cui-tatia
1073 1704 1104 1732 L.
1146 1702 1208 1733 Cn-

259 1744 341 1770 riata
355 1745 388 1772 B.
429 1743 517 1772 Curii
528 1746 608 1780 fana
621 1747 700 1784 vulg.
728 1747 804 1776 scal.
820 1748 886 1776 vult
900 1745 994 1776 Curia
1012 1748 1117 1783 tifztta.
1132 1746 1207 1775 Vide

259 1786 319 1812 eius
336 1792 443 1817 notam.
466 1803 508 1808 —
533 1793 575 1823 10)
596 1790 687 1825 fanu]
707 1791 799 1826 fama
816 1790 910 1821 Gu.1.
926 1800 970 1828 pr.
993 1806 1031 1811 —
1060 1788 1103 1828 11)
1126 1788 1208 1816 dicta

261 1826 313 1863 esi]
337 1829 383 1856 Sic
400 1829 432 1858 B.
452 1830 508 1859 Gu.
525 1833 552 1862 1.
565 1835 593 1863 2.
612 1843 658 1871 pr.
679 1849 718 1854 —
747 1831 789 1872 12)
813 1832 901 1871 quia]
927 1834 982 1871 qui
997 1832 1028 1861 L.
1045 1831 1100 1861 Gu.
1118 1834 1145 1862 1.
1164 1841 1209 1869 pr.

259 1884 296 1888 “““
323 1871 367 1906 ι3)
391 1871 440 1909 ‘’0]
465 1873 513 1900 Sic
529 1874 560 1902 L.
577 1873 614 1903 M.
638 1875 693 1905 Gu.
711 1877 738 1905 1.
755 1877 783 1906 2.
805 1885 850 1913 pr.
870 1877 896 1904 S.
942 1875 1022 1912 vulg.
1045 1876 1076 1902 in
1103 1885 1143 1902 eo.
1168 1890 1208 1895 —

261 1909 304 1947 14)
327 1912 394 1950 cor]
417 1924 472 1944 om.
491 1915 546 1944 Gu.
565 1919 591 1947 1.
615 1935 655 1939 --
682 1916 727 1957 15)
750 1917 810 1956 est]
835 1918 883 1946 Sic
898 1917 930 1946 L.
945 1917 982 1947 M.
1001 1917 1056 1946 Gu.
1074 1920 1100 1948 1.
1117 1919 1145 1947 2-
1163 1927 1208 1954 pl·-

259 1962 318 1979 esse
342 1954 421 1990 vulg.
444 1972 483 1976 —-
507 1957 550 1997 16)
574 1960 642 1999 cui]
665 1961 739 1999 quoi
760 1970 804 1998 pr.
827 1977 870 1982 —
894 1961 939 1997 17)
963 1959 1128 1998 apopulo]
1154 1969 1208 1987 om.

259 1994 290 2023 L.
315 2010 348 2015 —-·
382 1998 423 2031 18)
449 1996 597 2040 dabatur]
622 2013 676 2032 oni.
694 2013 740 2042 pr.
767 2019 809 2024 —
841 2001 887 2042 19)
910 2002 971 2042 est]
995 2003 1044 2030 Sic
1059 2002 1090 2030 L.
1105 2002 1137 2029 B.
1154 2002 1208 2030 Gn.

260 2040 288 2067 1·
303 2038 332 2067 2·
347 2047 394 2075 Ps-
439 2050 498 2066 6988
514 2043 591 2080 vulg.
612 2061 653 2066 -—-
677 2045 725 2083 ΞΟ)
742 2044 999 2083 praeficiebatur]
1019 2044 1208 2083 prae-’feveba—

259 2085 308 2106 tur
326 2079 357 2106 L·
375 2079 407 2108 3·
422 2079 461 2109 M-
477 2082 531 2109 Gu.
551 2087 575 2113 1.
589 2089 616 2117 2.
630 2097 675 2124 pr.
710 2088 926 2116 Lubentissime
943 2088 1100 2116 obsecutus
1117 2097 1207 2115 essem

258 2126 304 2149 tot
325 2121 416 2151 codd.
431 2127 607 2169 consensui,
636 2130 723 2158 modo
747 2131 890 2169 explicari
914 2135 1012 2169 posset
1035 2130 1088 2158 illa
1109 2129 1207 2158 lectio.

258 2163 346 2192 Haud
365 2164 454 2192 duble
475 2170 569 2194 tamen
589 2173 750 2199 communis
766 2173 929 2201 scribarum
948 2183 1049 2208 error,
1072 2177 1154 2200 ortus
1172 2182 1207 2201 ex

261 2215 318 2233 non
340 2206 493 2236 intellecto
516 2209 680 2247 scripturae
702 2216 886 2252 compendio.
917 2232 958 2237 —-
988 2216 1035 2253 21)
1059 2216 1128 2244 sim.
1147 2214 1206 2253 est]

258 2253 301 2275 est
326 2250 393 2278 Sim.
416 2250 446 2278 L.
475 2267 513 2271 -
544 2252 593 2290 22)
617 2252 682 2291 cui]
705 2257 757 2291 qni
778 2257 807 2283 B.
851 2257 932 2295 quod
952 2260 978 2287 S.
1001 2258 1070 2286 Dae.
1096 2273 1135 2278 -—-·
1159 2256 1206 2297 23)

257 2290 443 2328 .subterfossa
468 2293 564 2332 terra]
586 2294 642 2322 sub
666 2300 746 2322 terra
759 2298 852 2332 fossa
867 2299 898 2327 L.
921 2316 962 2321 -—
982 2299 1028 2338 94)
1052 2299 1125 2337 aut]
1149 2309 1205 2328 om.

259 2333 291 2361 Β.
311 2348 351 2355 —-
374 2335 421 2370 25)
445 2336 564 2374 intrent]
582 2337 629 2365 Sic
644 2337 699 2364 Gu.
710 2340 738 2368 2.
781 2339 897 2366 intrant
914 2341 993 2378 vulg.
1020 2358 1052 2364 -—-
1080 2344 1125 2377 26)
1141 2343 1205 2379 fin—

258 2374 373 2414 dente-v]
397 2377 445 2405 Sic
461 2377 490 2405 L.
510 2378 541 2407 B.
561 2379 598 2409 M.
619 2379 675 2408 Gu.
693 2382 720 2410 1.
736 2382 764 2410 2.
786 2380 815 2407 S.
851 2380 980 2416 fidentes
995 2384 1075 2420 vulg.
1096 2399 1135 2404 —
1158 2383 1204 2421 97)

1253 1704 1332 1732 Β.Μ.
1353 1704 1444 1734 Gu.2.
1461 1705 1490 1732 S.
1527 1705 1626 1741 sparti
1641 1714 1686 1742 pr.
1716 1710 1805 1742 parte
1820 1704 1914 1735 Gu.1.
1936 1709 2024 1742 porte
2035 1704 2068 1732 L.
2099 1709 2202 1742 sparto

1251 1746 1329 1784 vulg.
1353 1762 1394 1767 -—
1415 1745 1462 1786 33)
1486 1747 1687 1784 appellatum]
1711 1747 1884 1785 appellatur
1903 1747 1958 1775 Gu.
1979 1749 2004 1778 1.
2028 1762 2066 1768 —
2090 1749 2136 1781 34)
2159 1752 2202 1774 to-

1254 1790 1365 1823 mento]
1389 1794 1532 1816 tormento
1555 1789 1586 1816 B.
1607 1790 1663 1818 Gu.
1681 1792 1706 1819 1.
1729 1800 1775 1828 pr.
1820 1789 1877 1818 Pro
1897 1787 2031 1826 Culcita,
2061 1787 2143 1827 quod
2159 1793 2203 1817 est
2262 1812 2263 1817 ,

1252 1833 1284 1859 iu
1301 1831 1334 1860 B.
1350 1830 1389 1859 M.
1407 1831 1462 1859 Gu.
1475 1834 1500 1862 1.
1511 1834 1540 1862 2.
1555 1841 1599 1870 pr.
1615 1833 1660 1867 S.,
1681 1830 1771 1860 habet
1786 1832 1906 1869 vulgata
1925 1829 2071 1861 Gzclcitra.
2093 1847 2135 1853 --
2155 1829 2201 1869 35)

1253 1872 1426 1912 appellata]
1450 1884 1507 1902 om.
1525 1874 1554 1903 L.
1601 1875 1646 1902 sic
1667 1885 1734 1913 app.
1753 1874 1787 1902 B.
1833 1874 2008 1913 appellatur
2025 1874 2080 1902 Gu.
2098 1876 2125 1904 1.
2169 1872 2203 1902 In
2261 1900 2263 1902 .

1252 1917 1285 1946 Ι..
1309 1916 1442 1954 sequitur
1466 1915 1602 1952 Culcita,
1631 1927 1710 1955 quae
1731 1922 1876 1945 tormento
1897 1917 2066 1946 iaculatur.
2092 1932 2134 1957 “.
2148 1916 2200 1953 ’36)

1257 1957 1428 1997 Οιιῖείιιιία]
1456 1956 1612 1988 Callicula
1628 1959 1667 1988 M.
1689 1976 1731 1981 —
1753 1959 1801 1998 37)
1817 1959 2009 1998 fusticulus]
2023 1957 2202 1997 ficsciculzis

1253 2002 1308 2030 Gu.
1329 2004 1355 2032 1.
1378 2016 1421 2022 —
1441 2001 1489 2038 38)
1513 2002 1558 2029 im
1575 2012 1633 2030 om.
1648 2002 1679 2030 L.
1701 2019 1743 2024 —
1766 2001 1811 2040 39)
1835 2003 2016 2041 scilicetpro
2030 1998 2128 2040 ecia-⁹]
2143 2010 2199 2029 om.

1251 2045 1301 2081 L.,
1330 2044 1380 2082 qui
1403 2049 1429 2071 et
1452 2048 1519 2072 ante
1541 2045 1569 2071 Si
1585 2045 1631 2071 vis
1644 2044 1742 2073 habet.
1786 2046 1861 2073 scies
1875 2045 1907 2073 Β.
1921 2055 1968 2084 pr.
1990 2060 2032 2066 —
2053 2045 2100 2080 40)
2122 2043 2200 2070 viri-

1252 2085 1355 2124 dium]
1378 2085 1513 2114 viridum
1529 2087 1562 2115 B.
1585 2103 1625 2108 ·—
1648 2088 1696 2124 41)
1720 2087 1904 2122 callem-um]
1930 2087 1978 2115 Sic
1993 2086 2027 2116 B.
2041 2085 2080 2115 Μ.
2100 2085 2156 2115 Gu.
2170 2087 2198 2116 2.

1250 2139 1297 2167 pr.
1341 2129 1491 2157 sulcorum
1508 2129 1587 2167 vulg.
1609 2146 1650 2151 —
1673 2129 1719 2168 4⁶2)
1745 2129 1935 2169 Gumilirem]
1959 2127 2102 2159 Cusilm's
2115 2126 2200 2157 L.-
2236 2135 2237 2138 ’

1250 2170 1297 2212 43)
1317 2170 1454 2199 dicebant
1470 2172 1605 2211 antiqui]
1620 2171 1779 2201 dicebatur
1792 2171 1878 2211 apud
1893 2173 2037 2210 antiquos
2052 2171 2082 2200 L.
2097 2185 2139 2191 -
2152 2168 2195 2197 44)

1251 2215 1374 2242 comitia
1390 2214 1512 2253 vocare]
1532 2213 1576 2241 ad
1587 2217 1710 2243 comitia
1725 2215 1875 2244 advocare
1887 2215 1917 2243 L.
1960 2224 2032 2242 com.
2050 2210 2196 2240 advocare

1250 2257 1283 2286 B.
1307 2273 1349 2278 ·-—
1368 2255 1413 2295 45)
1436 2256 1505 2295 sed]
1526 2258 1555 2284 si·
1575 2257 1605 2285 L.
1629 2274 1668 2279 -—-
1692 2256 1737 2297 46)
1762 2259 1882 2286 etiamsi
1903 2256 1984 2295 dita]
2008 2257 2064 2284 etsi
2082 2255 2115 2281 in
2131 2249 2193 2281 dir.

1249 2299 1280 2328 L.
1303 2315 1343 2321 --
1369 2301 1416 2334 47)
1442 2297 1640 2338 Comi-nium]
1664 2301 1711 2329 sic
1727 2301 1758 2329 L.
1779 2301 1835 2330 Gu.
1851 2303 1877 2331 1.
1892 2300 1923 2329 B.
1941 2309 1988 2338 pr.
2002 2298 2032 2325 S.
2077 2294 2193 2322 Catur-

1248 2343 1334 2370 nium
1359 2342 1438 2380 vulg.
1466 2358 1507 2365 -
1534 2343 1579 2377 48.)
1603 2344 1652 2378 in]
1677 2353 1734 2372 om.
1757 2343 1813 2371 Gu.
1830 2346 1856 2373 1.
1879 2358 1919 2362 —
1941 2343 1989 2376 49)
2014 2337 2192 2374 Culigwm}

1249 2394 1306 2413 om.
1319 2384 1350 2413 Β.
1370 2400 1410 2406 —-
1433 2387 1481 2419 50)
1496 2384 1590 2423 feno]
1610 2385 1657 2413 Sic
1674 2385 1710 2413 M.
1733 2385 1788 2414 Gu.
1803 2387 1832 2415 2.
1867 2385 1962 2420 foeno
1982 2379 2059 2417 vulg.
2086 2395 2121 2399 —
2146 2375 2192 2418 51)

2259 1913 2263 1964 ι

2238 2023 2243 2106 5
